  <div class='ocr_page' id='page_1' title='image "/cluster/home/n/w/nwhite01/storage/ocr_20150623/14/mdp.39015052831362/638.png"; bbox 0 0 3692 6138; ppageno 0'>
   <div class='ocr_carea' id='block_1_1' title="bbox 88 311 213 368">
    <p class='ocr_par' dir='ltr' id='par_1_1' title="bbox 88 311 213 368">
     <span class='ocr_line' id='line_1_1' title="bbox 88 311 213 368; baseline -0.008 0"><span class='ocrx_word' id='word_1_1' title='bbox 88 311 213 368; x_wconf 80' lang='lat' dir='ltr'><strong>N09</strong></span> 
     </span>
    </p>
   </div>
   <div class='ocr_carea' id='block_1_2' title="bbox 86 426 1646 497">
    <p class='ocr_par' dir='ltr' id='par_1_2' title="bbox 86 426 1646 497">
     <span class='ocr_line' id='line_1_2' title="bbox 86 426 1646 497; baseline -0.002 -12"><span class='ocrx_word' id='word_1_2' title='bbox 86 440 220 485; x_wconf 90' lang='lat' dir='ltr'><strong>ctum</strong></span> <span class='ocrx_word' id='word_1_3' title='bbox 255 426 602 497; x_wconf 80' lang='lat' dir='ltr'><strong>protulimus,</strong></span> <span class='ocrx_word' id='word_1_4' title='bbox 629 441 697 480; x_wconf 84' lang='lat' dir='ltr'><strong>ex</strong></span> <span class='ocrx_word' id='word_1_5' title='bbox 729 434 1109 481; x_wconf 89' lang='lat' dir='ltr'><strong>momentaneo</strong></span> <span class='ocrx_word' id='word_1_6' title='bbox 1130 436 1179 482; x_wconf 90' lang='lat' dir='ltr'><strong>ct</strong></span> <span class='ocrx_word' id='word_1_7' title='bbox 1206 427 1305 483; x_wconf 84' lang='lat' dir='ltr'><strong>levi</strong></span> <span class='ocrx_word' id='word_1_8' title='bbox 1337 427 1646 482; x_wconf 89' lang='lat' dir='ltr'><strong>tribulatio-</strong></span> 
     </span>
    </p>
   </div>
   <div class='ocr_carea' id='block_1_3' title="bbox 85 518 1642 587">
    <p class='ocr_par' dir='ltr' id='par_1_3' title="bbox 85 518 1642 587">
     <span class='ocr_line' id='line_1_3' title="bbox 85 518 1642 587; baseline -0.002 -10"><span class='ocrx_word' id='word_1_9' title='bbox 85 535 202 577; x_wconf 85' lang='lat' dir='ltr'><strong>num</strong></span> <span class='ocrx_word' id='word_1_10' title='bbox 229 527 538 574; x_wconf 85' lang='lat' dir='ltr'><strong>noslrarum</strong></span> <span class='ocrx_word' id='word_1_11' title='bbox 579 518 768 572; x_wconf 85' lang='lat' dir='ltr'><strong>labore</strong></span> <span class='ocrx_word' id='word_1_12' title='bbox 811 518 855 548; x_wconf 83' lang='grc'><strong>⁸⁷</strong></span> <span class='ocrx_word' id='word_1_13' title='bbox 893 519 1098 572; x_wconf 82' lang='lat' dir='ltr'><strong>semina</strong></span> <span class='ocrx_word' id='word_1_14' title='bbox 1127 521 1372 587; x_wconf 76' lang='lat' dir='ltr'><strong>quaedam</strong></span> <span class='ocrx_word' id='word_1_15' title='bbox 1416 520 1642 574; x_wconf 84' lang='lat' dir='ltr'><strong>collecta</strong></span> 
     </span>
    </p>
   </div>
   <div class='ocr_carea' id='block_1_4' title="bbox 83 609 1645 682">
    <p class='ocr_par' dir='ltr' id='par_1_4' title="bbox 83 609 1645 682">
     <span class='ocr_line' id='line_1_4' title="bbox 83 609 1645 682; baseline -0.002 -15"><span class='ocrx_word' id='word_1_16' title='bbox 83 623 236 680; x_wconf 85' lang='lat' dir='ltr'><strong>supra</strong></span> <span class='ocrx_word' id='word_1_17' title='bbox 265 612 480 666; x_wconf 90' lang='lat' dir='ltr'><strong>modum</strong></span> <span class='ocrx_word' id='word_1_18' title='bbox 527 625 578 665; x_wconf 89' lang='lat' dir='ltr'><strong>tn</strong></span> <span class='ocrx_word' id='word_1_19' title='bbox 629 609 951 664; x_wconf 90' lang='lat' dir='ltr'><strong>immensum</strong></span> <span class='ocrx_word' id='word_1_20' title='bbox 1010 611 1168 665; x_wconf 90' lang='lat' dir='ltr'><strong>nobis</strong></span> <span class='ocrx_word' id='word_1_21' title='bbox 1194 619 1411 666; x_wconf 73' lang='lat' dir='ltr'><strong>aeterna:</strong></span> <span class='ocrx_word' id='word_1_22' title='bbox 1435 613 1645 682; x_wconf 90' lang='lat' dir='ltr'><strong>pondus</strong></span> 
     </span>
    </p>
   </div>
   <div class='ocr_carea' id='block_1_5' title="bbox 84 697 1640 774">
    <p class='ocr_par' dir='ltr' id='par_1_5' title="bbox 84 697 1640 774">
     <span class='ocr_line' id='line_1_5' title="bbox 84 697 1640 774; baseline 0.002 -20"><span class='ocrx_word' id='word_1_23' title='bbox 84 701 261 774; x_wconf 71' lang='lat' dir='ltr'><strong>gloria</strong></span> <span class='ocrx_word' id='word_1_24' title='bbox 289 699 400 768; x_wconf 84' lang='lat'><strong>(77)</strong></span> <span class='ocrx_word' id='word_1_25' title='bbox 433 699 834 769; x_wconf 76' lang='lat' dir='ltr'><strong>praeparabunt.</strong></span> <span class='ocrx_word' id='word_1_26' title='bbox 873 699 1024 767; x_wconf 88' lang='lat' dir='ltr'><strong>Quod</strong></span> <span class='ocrx_word' id='word_1_27' title='bbox 1059 715 1187 756; x_wconf 87' lang='lat' dir='ltr'><strong>vero</strong></span> <span class='ocrx_word' id='word_1_28' title='bbox 1217 697 1468 756; x_wconf 88' lang='lat' dir='ltr'><strong>etiamin</strong></span> <span class='ocrx_word' id='word_1_29' title='bbox 1503 717 1640 771; x_wconf 62' lang='lat' dir='ltr'><strong>pra:—</strong></span> 
     </span>
    </p>
   </div>
   <div class='ocr_carea' id='block_1_6' title="bbox 85 789 1641 860">
    <p class='ocr_par' dir='ltr' id='par_1_6' title="bbox 85 789 1641 860">
     <span class='ocr_line' id='line_1_6' title="bbox 85 789 1641 860; baseline -0.002 -13"><span class='ocrx_word' id='word_1_30' title='bbox 85 791 213 847; x_wconf 86' lang='lat' dir='ltr'><strong>senti</strong></span> <span class='ocrx_word' id='word_1_31' title='bbox 247 790 356 843; x_wconf 89' lang='lat' dir='ltr'><strong>vita</strong></span> <span class='ocrx_word' id='word_1_32' title='bbox 380 789 546 859; x_wconf 89' lang='lat' dir='ltr'><strong>justis</strong></span> <span class='ocrx_word' id='word_1_33' title='bbox 601 789 898 845; x_wconf 89' lang='lat' dir='ltr'><strong>secundum</strong></span> <span class='ocrx_word' id='word_1_34' title='bbox 952 805 1268 844; x_wconf 80' lang='lat' dir='ltr'><strong>mensuram</strong></span> <span class='ocrx_word' id='word_1_35' title='bbox 1327 791 1641 860; x_wconf 80' lang='lat' dir='ltr'><strong>passionum</strong></span> 
     </span>
    </p>
   </div>
   <div class='ocr_carea' id='block_1_7' title="bbox 83 880 1645 944">
    <p class='ocr_par' dir='ltr' id='par_1_7' title="bbox 83 880 1645 944">
     <span class='ocr_line' id='line_1_7' title="bbox 83 880 1645 944; baseline 0 -8"><span class='ocrx_word' id='word_1_36' title='bbox 83 895 288 936; x_wconf 87' lang='lat' dir='ltr'><strong>suarum</strong></span> <span class='ocrx_word' id='word_1_37' title='bbox 313 880 479 935; x_wconf 88' lang='lat' dir='ltr'><strong>etiam</strong></span> <span class='ocrx_word' id='word_1_38' title='bbox 502 880 803 935; x_wconf 80' lang='lat' dir='ltr'><strong>consolatio</strong></span> <span class='ocrx_word' id='word_1_39' title='bbox 826 880 1006 933; x_wconf 90' lang='lat' dir='ltr'><strong>divina</strong></span> <span class='ocrx_word' id='word_1_40' title='bbox 1034 881 1323 944; x_wconf 89' lang='lat' dir='ltr'><strong>tribuatur,</strong></span> <span class='ocrx_word' id='word_1_41' title='bbox 1354 881 1645 936; x_wconf 91' lang='lat' dir='ltr'><strong>conﬁrmat</strong></span> 
     </span>
    </p>
   </div>
   <div class='ocr_carea' id='block_1_8' title="bbox 89 970 1643 1041">
    <p class='ocr_par' dir='ltr' id='par_1_8' title="bbox 89 970 1643 1041">
     <span class='ocr_line' id='line_1_8' title="bbox 89 970 1643 1041; baseline -0.001 -15"><span class='ocrx_word' id='word_1_42' title='bbox 89 974 221 1027; x_wconf 84' lang='lat' dir='ltr'><strong>idem</strong></span> <span class='ocrx_word' id='word_1_43' title='bbox 277 971 571 1041; x_wconf 81' lang='lat' dir='ltr'><strong>Apostolus</strong></span> <span class='ocrx_word' id='word_1_44' title='bbox 620 971 674 1025; x_wconf 92' lang='lat' dir='ltr'><strong>in</strong></span> <span class='ocrx_word' id='word_1_45' title='bbox 733 970 968 1025; x_wconf 86' lang='lat' dir='ltr'><strong>secunda</strong></span> <span class='ocrx_word' id='word_1_46' title='bbox 1026 973 1090 1027; x_wconf 90' lang='lat' dir='ltr'><strong>ad</strong></span> <span class='ocrx_word' id='word_1_47' title='bbox 1135 972 1451 1026; x_wconf 67' lang='lat' dir='ltr'><strong>Corinthios</strong></span> <span class='ocrx_word' id='word_1_48' title='bbox 1507 974 1643 1026; x_wconf 91' lang='lat' dir='ltr'><strong>scri-</strong></span> 
     </span>
    </p>
   </div>
   <div class='ocr_carea' id='block_1_9' title="bbox 83 1062 1638 1133">
    <p class='ocr_par' dir='ltr' id='par_1_9' title="bbox 83 1062 1638 1133">
     <span class='ocr_line' id='line_1_9' title="bbox 83 1062 1638 1133; baseline -0.002 -12"><span class='ocrx_word' id='word_1_49' title='bbox 83 1065 207 1121; x_wconf 88' lang='lat' dir='ltr'><strong>bens</strong></span> <span class='ocrx_word' id='word_1_50' title='bbox 227 1062 272 1095; x_wconf 82' lang='grc'><strong>⁸⁸</strong></span> <span class='ocrx_word' id='word_1_51' title='bbox 303 1081 318 1118; x_wconf 83' lang='lat'><strong>:</strong></span> <span class='ocrx_word' id='word_1_52' title='bbox 357 1082 376 1116; x_wconf 70' lang='grc' dir='ltr'><strong>ι</strong></span> <span class='ocrx_word' id='word_1_53' title='bbox 413 1063 552 1131; x_wconf 86' lang='lat' dir='ltr'><strong>Quia</strong></span> <span class='ocrx_word' id='word_1_54' title='bbox 577 1064 714 1119; x_wconf 91' lang='lat' dir='ltr'><strong>sicut</strong></span> <span class='ocrx_word' id='word_1_55' title='bbox 737 1065 1020 1118; x_wconf 89' lang='lat' dir='ltr'><strong>abundant</strong></span> <span class='ocrx_word' id='word_1_56' title='bbox 1044 1067 1327 1133; x_wconf 84' lang='lat' dir='ltr'><strong>passiones</strong></span> <span class='ocrx_word' id='word_1_57' title='bbox 1355 1065 1560 1121; x_wconf 88' lang='lat' dir='ltr'><strong>Christi</strong></span> <span class='ocrx_word' id='word_1_58' title='bbox 1588 1067 1638 1119; x_wconf 92' lang='lat' dir='ltr'><strong>in</strong></span> 
     </span>
    </p>
   </div>
   <div class='ocr_carea' id='block_1_10' title="bbox 84 1155 1637 1220">
    <p class='ocr_par' dir='ltr' id='par_1_10' title="bbox 84 1155 1637 1220">
     <span class='ocr_line' id='line_1_10' title="bbox 84 1155 1637 1220; baseline 0 -10"><span class='ocrx_word' id='word_1_59' title='bbox 84 1155 250 1220; x_wconf 81' lang='lat' dir='ltr'><strong>nobis,</strong></span> <span class='ocrx_word' id='word_1_60' title='bbox 277 1155 353 1209; x_wconf 88' lang='lat' dir='ltr'><strong>ita</strong></span> <span class='ocrx_word' id='word_1_61' title='bbox 401 1155 643 1210; x_wconf 85' lang='lat' dir='ltr'><strong>abundat</strong></span> <span class='ocrx_word' id='word_1_62' title='bbox 674 1165 730 1211; x_wconf 88' lang='lat' dir='ltr'><strong>et</strong></span> <span class='ocrx_word' id='word_1_63' title='bbox 759 1158 1064 1212; x_wconf 85' lang='lat' dir='ltr'><strong>consolatio</strong></span> <span class='ocrx_word' id='word_1_64' title='bbox 1114 1166 1319 1214; x_wconf 86' lang='lat' dir='ltr'><strong>nostra.</strong></span> <span class='ocrx_word' id='word_1_65' title='bbox 1361 1178 1379 1210; x_wconf 74' lang='grc' dir='ltr'><strong>ι</strong></span> <span class='ocrx_word' id='word_1_66' title='bbox 1439 1158 1504 1211; x_wconf 86' lang='lat' dir='ltr'><strong>Et</strong></span> <span class='ocrx_word' id='word_1_67' title='bbox 1533 1173 1637 1210; x_wconf 90' lang='lat' dir='ltr'><strong>non</strong></span> 
     </span>
    </p>
   </div>
   <div class='ocr_carea' id='block_1_11' title="bbox 83 1245 1636 1317">
    <p class='ocr_par' dir='ltr' id='par_1_11' title="bbox 83 1245 1636 1317">
     <span class='ocr_line' id='line_1_11' title="bbox 83 1245 1636 1317; baseline -0.002 -15"><span class='ocrx_word' id='word_1_68' title='bbox 83 1246 235 1302; x_wconf 79' lang='lat' dir='ltr'><strong>dixit:</strong></span> <span class='ocrx_word' id='word_1_69' title='bbox 256 1245 429 1312; x_wconf 89' lang='lat' dir='ltr'><strong>Supra</strong></span> <span class='ocrx_word' id='word_1_70' title='bbox 453 1247 668 1300; x_wconf 89' lang='lat' dir='ltr'><strong>modum</strong></span> <span class='ocrx_word' id='word_1_71' title='bbox 689 1248 946 1312; x_wconf 80' lang='lat' dir='ltr'><strong>abundat,</strong></span> <span class='ocrx_word' id='word_1_72' title='bbox 968 1259 1060 1303; x_wconf 90' lang='lat' dir='ltr'><strong>aut</strong></span> <span class='ocrx_word' id='word_1_73' title='bbox 1084 1249 1138 1302; x_wconf 93' lang='lat' dir='ltr'><strong>in</strong></span> <span class='ocrx_word' id='word_1_74' title='bbox 1158 1249 1481 1302; x_wconf 88' lang='lat' dir='ltr'><strong>immensum</strong></span> <span class='ocrx_word' id='word_1_75' title='bbox 1501 1247 1636 1317; x_wconf 86' lang='lat'><strong>(78);</strong></span> 
     </span>
    </p>
   </div>
   <div class='ocr_carea' id='block_1_12' title="bbox 85 1339 1637 1410">
    <p class='ocr_par' dir='ltr' id='par_1_12' title="bbox 85 1339 1637 1410">
     <span class='ocr_line' id='line_1_12' title="bbox 85 1339 1637 1410; baseline -0.001 -17"><span class='ocrx_word' id='word_1_76' title='bbox 85 1340 168 1394; x_wconf 90' lang='lat' dir='ltr'><strong>sed</strong></span> <span class='ocrx_word' id='word_1_77' title='bbox 200 1349 460 1409; x_wconf 89' lang='lat' dir='ltr'><strong>quantum</strong></span> <span class='ocrx_word' id='word_1_78' title='bbox 493 1341 772 1410; x_wconf 90' lang='lat' dir='ltr'><strong>passiones</strong></span> <span class='ocrx_word' id='word_1_79' title='bbox 814 1350 959 1407; x_wconf 90' lang='lat' dir='ltr'><strong>sunt,</strong></span> <span class='ocrx_word' id='word_1_80' title='bbox 988 1349 1195 1395; x_wconf 82' lang='lat' dir='ltr'><strong>tantum</strong></span> <span class='ocrx_word' id='word_1_81' title='bbox 1219 1350 1274 1395; x_wconf 88' lang='lat' dir='ltr'><strong>et</strong></span> <span class='ocrx_word' id='word_1_82' title='bbox 1306 1339 1637 1395; x_wconf 91' lang='lat' dir='ltr'><strong>consolatio-</strong></span> 
     </span>
    </p>
   </div>
   <div class='ocr_carea' id='block_1_13' title="bbox 85 1427 1638 1498">
    <p class='ocr_par' dir='ltr' id='par_1_13' title="bbox 85 1427 1638 1498">
     <span class='ocr_line' id='line_1_13' title="bbox 85 1427 1638 1498; baseline 0.001 -18"><span class='ocrx_word' id='word_1_83' title='bbox 85 1441 189 1482; x_wconf 87' lang='lat' dir='ltr'><strong>nes.</strong></span> <span class='ocrx_word' id='word_1_84' title='bbox 220 1427 368 1493; x_wconf 87' lang='lat' dir='ltr'><strong>Quod</strong></span> <span class='ocrx_word' id='word_1_85' title='bbox 399 1437 582 1484; x_wconf 90' lang='lat' dir='ltr'><strong>autem</strong></span> <span class='ocrx_word' id='word_1_86' title='bbox 616 1428 764 1492; x_wconf 87' lang='lat' dir='ltr'><strong>dicit,</strong></span> <span class='ocrx_word' id='word_1_87' title='bbox 809 1447 827 1480; x_wconf 80' lang='grc' dir='ltr'><strong>ι</strong></span> <span class='ocrx_word' id='word_1_88' title='bbox 860 1429 942 1482; x_wconf 86' lang='lat' dir='ltr'><strong>Ad</strong></span> <span class='ocrx_word' id='word_1_89' title='bbox 968 1428 1207 1483; x_wconf 85' lang='lat' dir='ltr'><strong>futuram</strong></span> <span class='ocrx_word' id='word_1_90' title='bbox 1245 1428 1492 1498; x_wconf 75' lang='lat' dir='ltr'><strong>gloriam,</strong></span> <span class='ocrx_word' id='word_1_91' title='bbox 1519 1442 1638 1497; x_wconf 77' lang='lat' dir='ltr'><strong>quae</strong></span> 
     </span>
    </p>
   </div>
   <div class='ocr_carea' id='block_1_14' title="bbox 87 1515 1636 1588">
    <p class='ocr_par' dir='ltr' id='par_1_14' title="bbox 87 1515 1636 1588">
     <span class='ocr_line' id='line_1_14' title="bbox 87 1515 1636 1588; baseline 0.001 -19"><span class='ocrx_word' id='word_1_92' title='bbox 87 1515 399 1572; x_wconf 76' lang='lat' dir='ltr'><strong>revelabitur</strong></span> <span class='ocrx_word' id='word_1_93' title='bbox 430 1518 487 1570; x_wconf 94' lang='lat' dir='ltr'><strong>in</strong></span> <span class='ocrx_word' id='word_1_94' title='bbox 532 1517 688 1573; x_wconf 91' lang='lat' dir='ltr'><strong>nobis</strong></span> <span class='ocrx_word' id='word_1_95' title='bbox 713 1518 782 1584; x_wconf 78' lang='grc'><strong>⁸³,</strong></span> <span class='ocrx_word' id='word_1_96' title='bbox 815 1537 834 1570; x_wconf 75' lang='grc' dir='ltr'><strong>ι</strong></span> <span class='ocrx_word' id='word_1_97' title='bbox 866 1533 1027 1588; x_wconf 90' lang='lat' dir='ltr'><strong>supra</strong></span> <span class='ocrx_word' id='word_1_98' title='bbox 1053 1517 1164 1586; x_wconf 92' lang='lat' dir='ltr'><strong>jam</strong></span> <span class='ocrx_word' id='word_1_99' title='bbox 1192 1528 1322 1588; x_wconf 92' lang='lat' dir='ltr'><strong>puto</strong></span> <span class='ocrx_word' id='word_1_100' title='bbox 1353 1519 1494 1587; x_wconf 92' lang='lat' dir='ltr'><strong>quod</strong></span> <span class='ocrx_word' id='word_1_101' title='bbox 1521 1517 1636 1571; x_wconf 77' lang='lat' dir='ltr'><strong>suf-</strong></span> 
     </span>
    </p>
   </div>
   <div class='ocr_carea' id='block_1_15' title="bbox 85 1605 1637 1678">
    <p class='ocr_par' dir='ltr' id='par_1_15' title="bbox 85 1605 1637 1678">
     <span class='ocr_line' id='line_1_15' title="bbox 85 1605 1637 1678; baseline 0.002 -18"><span class='ocrx_word' id='word_1_102' title='bbox 85 1605 314 1662; x_wconf 85' lang='lat' dir='ltr'><strong>ﬁcienter</strong></span> <span class='ocrx_word' id='word_1_103' title='bbox 334 1609 673 1664; x_wconf 85' lang='lat' dir='ltr'><strong>ostendimus</strong></span> <span class='ocrx_word' id='word_1_104' title='bbox 699 1611 763 1664; x_wconf 91' lang='lat' dir='ltr'><strong>de</strong></span> <span class='ocrx_word' id='word_1_105' title='bbox 805 1608 1112 1665; x_wconf 71' lang='lat' dir='ltr'><strong>differentia</strong></span> <span class='ocrx_word' id='word_1_106' title='bbox 1164 1609 1486 1677; x_wconf 81' lang='lat' dir='ltr'><strong>gloriarum,</strong></span> <span class='ocrx_word' id='word_1_107' title='bbox 1519 1624 1637 1678; x_wconf 76' lang='lat' dir='ltr'><strong>quze</strong></span> 
     </span>
    </p>
   </div>
   <div class='ocr_carea' id='block_1_16' title="bbox 87 1698 1632 1776">
    <p class='ocr_par' dir='ltr' id='par_1_16' title="bbox 87 1698 1632 1776">
     <span class='ocr_line' id='line_1_16' title="bbox 87 1698 1632 1776; baseline 0.002 -24"><span class='ocrx_word' id='word_1_108' title='bbox 87 1699 150 1752; x_wconf 87' lang='lat' dir='ltr'><strong>sit</strong></span> <span class='ocrx_word' id='word_1_109' title='bbox 175 1698 338 1776; x_wconf 78' lang='lat' dir='ltr'><strong>glpria</strong></span> <span class='ocrx_word' id='word_1_110' title='bbox 361 1715 480 1768; x_wconf 68' lang='lat' dir='ltr'><strong>qua:</strong></span> <span class='ocrx_word' id='word_1_111' title='bbox 519 1701 631 1770; x_wconf 87' lang='lat' dir='ltr'><strong>jam</strong></span> <span class='ocrx_word' id='word_1_112' title='bbox 666 1701 902 1756; x_wconf 89' lang='lat' dir='ltr'><strong>revelata</strong></span> <span class='ocrx_word' id='word_1_113' title='bbox 933 1710 1035 1765; x_wconf 93' lang='lat' dir='ltr'><strong>est,</strong></span> <span class='ocrx_word' id='word_1_114' title='bbox 1061 1711 1115 1755; x_wconf 92' lang='lat' dir='ltr'><strong>et</strong></span> <span class='ocrx_word' id='word_1_115' title='bbox 1149 1716 1269 1770; x_wconf 70' lang='lat' dir='ltr'><strong>qua:</strong></span> <span class='ocrx_word' id='word_1_116' title='bbox 1302 1702 1372 1755; x_wconf 90' lang='lat' dir='ltr'><strong>sit</strong></span> <span class='ocrx_word' id='word_1_117' title='bbox 1400 1716 1520 1770; x_wconf 59' lang='lat' dir='ltr'><strong>qua:</strong></span> <span class='ocrx_word' id='word_1_118' title='bbox 1548 1718 1632 1755; x_wconf 91' lang='lat' dir='ltr'><strong>re-</strong></span> 
     </span>
    </p>
   </div>
   <div class='ocr_carea' id='block_1_17' title="bbox 1023 306 2370 365">
    <p class='ocr_par' dir='ltr' id='par_1_17' title="bbox 1023 306 2370 365">
     <span class='ocr_line' id='line_1_17' title="bbox 1023 306 2370 365; baseline -0.002 0"><span class='ocrx_word' id='word_1_119' title='bbox 1023 308 1379 365; x_wconf 81' lang='lat' dir='ltr'><strong>COMMENT.</strong></span> <span class='ocrx_word' id='word_1_120' title='bbox 1403 308 1474 364; x_wconf 83' lang='lat' dir='ltr'><strong>IN</strong></span> <span class='ocrx_word' id='word_1_121' title='bbox 1511 306 1727 365; x_wconf 87' lang='lat' dir='ltr'><strong>EPIST.</strong></span> <span class='ocrx_word' id='word_1_122' title='bbox 1771 309 1861 364; x_wconf 88' lang='lat' dir='ltr'><strong>AD</strong></span> <span class='ocrx_word' id='word_1_123' title='bbox 1899 308 2063 364; x_wconf 85' lang='lat' dir='ltr'><strong>ROM.</strong></span> <span class='ocrx_word' id='word_1_124' title='bbox 2095 307 2223 362; x_wconf 86' lang='lat' dir='ltr'><strong>LIB.</strong></span> <span class='ocrx_word' id='word_1_125' title='bbox 2254 307 2370 364; x_wconf 79' lang='lat' dir='ltr'><strong>Vlf.</strong></span> 
     </span>
    </p>
   </div>
   <div class='ocr_carea' id='block_1_18' title="bbox 3184 299 3321 365">
    <p class='ocr_par' dir='ltr' id='par_1_18' title="bbox 3184 299 3321 365">
     <span class='ocr_line' id='line_1_18' title="bbox 3184 299 3321 365; baseline 0.022 -3"><span class='ocrx_word' id='word_1_126' title='bbox 3184 299 3321 365; x_wconf 74' lang='grc' dir='ltr'><strong>111ο</strong></span> 
     </span>
    </p>
   </div>
   <div class='ocr_carea' id='block_1_19' title="bbox 1760 412 3323 496">
    <p class='ocr_par' dir='ltr' id='par_1_19' title="bbox 1760 412 3323 496">
     <span class='ocr_line' id='line_1_19' title="bbox 1760 412 3323 496; baseline -0.003 -13"><span class='ocrx_word' id='word_1_127' title='bbox 1760 415 1884 484; x_wconf 82' lang='lat' dir='ltr'><strong>aliis</strong></span> <span class='ocrx_word' id='word_1_128' title='bbox 1919 429 2150 483; x_wconf 85' lang='lat' dir='ltr'><strong>habetur</strong></span> <span class='ocrx_word' id='word_1_129' title='bbox 2173 412 2587 496; x_wconf 78' lang='lat' dir='ltr'><strong>exemplaribus,</strong></span> <span class='ocrx_word' id='word_1_130' title='bbox 2625 443 2644 476; x_wconf 71' lang='grc' dir='ltr'><strong>ι</strong></span> <span class='ocrx_word' id='word_1_131' title='bbox 2679 423 3027 494; x_wconf 90' lang='lat' dir='ltr'><strong>congemiscit</strong></span> <span class='ocrx_word' id='word_1_132' title='bbox 3055 433 3109 479; x_wconf 92' lang='lat' dir='ltr'><strong>et</strong></span> <span class='ocrx_word' id='word_1_133' title='bbox 3138 435 3323 494; x_wconf 85' lang='lat' dir='ltr'><strong>partu-</strong></span> 
     </span>
    </p>
   </div>
   <div class='ocr_carea' id='block_1_20' title="bbox 1763 517 3322 587">
    <p class='ocr_par' dir='ltr' id='par_1_20' title="bbox 1763 517 3322 587">
     <span class='ocr_line' id='line_1_20' title="bbox 1763 517 3322 587; baseline -0.002 -13"><span class='ocrx_word' id='word_1_134' title='bbox 1763 521 1830 574; x_wconf 89' lang='lat' dir='ltr'><strong>rit</strong></span> <span class='ocrx_word' id='word_1_135' title='bbox 1867 535 2037 587; x_wconf 81' lang='lat' dir='ltr'><strong>usque</strong></span> <span class='ocrx_word' id='word_1_136' title='bbox 2087 519 2285 573; x_wconf 90' lang='lat' dir='ltr'><strong>adhuc.</strong></span> <span class='ocrx_word' id='word_1_137' title='bbox 2333 537 2350 569; x_wconf 66' lang='grc' dir='ltr'><strong>ι</strong></span> <span class='ocrx_word' id='word_1_138' title='bbox 2388 517 2799 585; x_wconf 76' lang='lat' dir='ltr'><strong>Congcmiscere</strong></span> <span class='ocrx_word' id='word_1_139' title='bbox 2828 525 3006 570; x_wconf 89' lang='lat' dir='ltr'><strong>autem</strong></span> <span class='ocrx_word' id='word_1_140' title='bbox 3039 525 3091 571; x_wconf 89' lang='lat' dir='ltr'><strong>et</strong></span> <span class='ocrx_word' id='word_1_141' title='bbox 3119 517 3322 571; x_wconf 57' lang='lat' dir='ltr'><strong>condo.</strong></span> 
     </span>
    </p>
   </div>
   <div class='ocr_carea' id='block_1_21' title="bbox 1746 610 3317 680">
    <p class='ocr_par' dir='ltr' id='par_1_21' title="bbox 1746 610 3317 680">
     <span class='ocr_line' id='line_1_21' title="bbox 1746 610 3317 680; baseline -0.003 -14"><span class='ocrx_word' id='word_1_142' title='bbox 1746 612 1858 667; x_wconf 92' lang='lat' dir='ltr'><strong>lere</strong></span> <span class='ocrx_word' id='word_1_143' title='bbox 1881 622 1963 669; x_wconf 90' lang='lat' dir='ltr'><strong>est</strong></span> <span class='ocrx_word' id='word_1_144' title='bbox 1984 628 2103 667; x_wconf 88' lang='lat' dir='ltr'><strong>cum</strong></span> <span class='ocrx_word' id='word_1_145' title='bbox 2131 612 2236 666; x_wconf 89' lang='lat' dir='ltr'><strong>alio</strong></span> <span class='ocrx_word' id='word_1_146' title='bbox 2259 611 2474 665; x_wconf 89' lang='lat' dir='ltr'><strong>dolente</strong></span> <span class='ocrx_word' id='word_1_147' title='bbox 2500 611 2578 665; x_wconf 89' lang='lat' dir='ltr'><strong>vel</strong></span> <span class='ocrx_word' id='word_1_148' title='bbox 2607 620 2853 679; x_wconf 85' lang='lat' dir='ltr'><strong>gemente</strong></span> <span class='ocrx_word' id='word_1_149' title='bbox 2876 625 3089 680; x_wconf 85' lang='lat' dir='ltr'><strong>gemere</strong></span> <span class='ocrx_word' id='word_1_150' title='bbox 3113 611 3194 664; x_wconf 85' lang='lat' dir='ltr'><strong>vel</strong></span> <span class='ocrx_word' id='word_1_151' title='bbox 3219 610 3317 664; x_wconf 85' lang='lat' dir='ltr'><strong>do-</strong></span> 
     </span>
    </p>
   </div>
   <div class='ocr_carea' id='block_1_22' title="bbox 1743 703 3313 772">
    <p class='ocr_par' dir='ltr' id='par_1_22' title="bbox 1743 703 3313 772">
     <span class='ocr_line' id='line_1_22' title="bbox 1743 703 3313 772; baseline -0.001 -14"><span class='ocrx_word' id='word_1_152' title='bbox 1743 703 1877 771; x_wconf 89' lang='lat' dir='ltr'><strong>lere,</strong></span> <span class='ocrx_word' id='word_1_153' title='bbox 1931 706 2035 760; x_wconf 92' lang='lat' dir='ltr'><strong>hoc</strong></span> <span class='ocrx_word' id='word_1_154' title='bbox 2069 713 2188 768; x_wconf 90' lang='lat' dir='ltr'><strong>est,</strong></span> <span class='ocrx_word' id='word_1_155' title='bbox 2220 718 2340 756; x_wconf 90' lang='lat' dir='ltr'><strong>cum</strong></span> <span class='ocrx_word' id='word_1_156' title='bbox 2378 705 2492 772; x_wconf 91' lang='lat' dir='ltr'><strong>ipse</strong></span> <span class='ocrx_word' id='word_1_157' title='bbox 2532 704 2745 772; x_wconf 87' lang='lat' dir='ltr'><strong>quidem</strong></span> <span class='ocrx_word' id='word_1_158' title='bbox 2799 718 3014 756; x_wconf 86' lang='lat' dir='ltr'><strong>causam</strong></span> <span class='ocrx_word' id='word_1_159' title='bbox 3066 703 3313 772; x_wconf 79' lang='lat' dir='ltr'><strong>gemendi</strong></span> 
     </span>
    </p>
   </div>
   <div class='ocr_carea' id='block_1_23' title="bbox 1747 775 3322 861">
    <p class='ocr_par' dir='ltr' id='par_1_23' title="bbox 1747 775 3322 861">
     <span class='ocr_line' id='line_1_23' title="bbox 1747 775 3322 861; baseline 0 -15"><span class='ocrx_word' id='word_1_160' title='bbox 1747 807 1849 846; x_wconf 90' lang='lat' dir='ltr'><strong>non</strong></span> <span class='ocrx_word' id='word_1_161' title='bbox 1876 792 2075 846; x_wconf 88' lang='lat' dir='ltr'><strong>habeat</strong></span> <span class='ocrx_word' id='word_1_162' title='bbox 2130 791 2214 845; x_wconf 91' lang='lat' dir='ltr'><strong>vel</strong></span> <span class='ocrx_word' id='word_1_163' title='bbox 2274 791 2511 857; x_wconf 85' lang='lat' dir='ltr'><strong>dolendi,</strong></span> <span class='ocrx_word' id='word_1_164' title='bbox 2570 775 2739 860; x_wconf 77' lang='lat' dir='ltr'><strong>gemit</strong></span> <span class='ocrx_word' id='word_1_165' title='bbox 2771 801 2947 844; x_wconf 91' lang='lat' dir='ltr'><strong>tamen</strong></span> <span class='ocrx_word' id='word_1_166' title='bbox 2976 806 3076 861; x_wconf 87' lang='lat' dir='ltr'><strong>pro</strong></span> <span class='ocrx_word' id='word_1_167' title='bbox 3125 806 3189 846; x_wconf 87' lang='lat' dir='ltr'><strong>eo</strong></span> <span class='ocrx_word' id='word_1_168' title='bbox 3217 792 3322 860; x_wconf 71' lang='lat' dir='ltr'><strong>qui</strong></span> 
     </span>
    </p>
   </div>
   <div class='ocr_carea' id='block_1_24' title="bbox 1745 881 3312 952">
    <p class='ocr_par' dir='ltr' id='par_1_24' title="bbox 1745 881 3312 952">
     <span class='ocr_line' id='line_1_24' title="bbox 1745 881 3312 952; baseline 0.001 -17"><span class='ocrx_word' id='word_1_169' title='bbox 1745 897 1967 936; x_wconf 87' lang='lat' dir='ltr'><strong>causam</strong></span> <span class='ocrx_word' id='word_1_170' title='bbox 2001 883 2166 938; x_wconf 84' lang='lat' dir='ltr'><strong>habet</strong></span> <span class='ocrx_word' id='word_1_171' title='bbox 2203 883 2450 952; x_wconf 76' lang='lat' dir='ltr'><strong>gemendi</strong></span> <span class='ocrx_word' id='word_1_172' title='bbox 2485 883 2569 938; x_wconf 88' lang='lat' dir='ltr'><strong>vel</strong></span> <span class='ocrx_word' id='word_1_173' title='bbox 2603 882 2842 937; x_wconf 91' lang='lat' dir='ltr'><strong>dolendi.</strong></span> <span class='ocrx_word' id='word_1_174' title='bbox 2875 881 2990 936; x_wconf 85' lang='lat' dir='ltr'><strong>Hoc</strong></span> <span class='ocrx_word' id='word_1_175' title='bbox 3017 891 3196 937; x_wconf 89' lang='lat' dir='ltr'><strong>autem</strong></span> <span class='ocrx_word' id='word_1_176' title='bbox 3225 881 3312 936; x_wconf 91' lang='lat' dir='ltr'><strong>di-</strong></span> 
     </span>
    </p>
   </div>
   <div class='ocr_carea' id='block_1_25' title="bbox 1745 973 3329 1044">
    <p class='ocr_par' dir='ltr' id='par_1_25' title="bbox 1745 973 3329 1044">
     <span class='ocr_line' id='line_1_25' title="bbox 1745 973 3329 1044; baseline -0.001 -15"><span class='ocrx_word' id='word_1_177' title='bbox 1745 975 1819 1029; x_wconf 91' lang='lat' dir='ltr'><strong>cit</strong></span> <span class='ocrx_word' id='word_1_178' title='bbox 1850 974 2033 1028; x_wconf 89' lang='lat' dir='ltr'><strong>l&#39;acere</strong></span> <span class='ocrx_word' id='word_1_179' title='bbox 2059 985 2367 1029; x_wconf 89' lang='lat' dir='ltr'><strong>creaturam</strong></span> <span class='ocrx_word' id='word_1_180' title='bbox 2398 991 2496 1044; x_wconf 88' lang='lat' dir='ltr'><strong>pro</strong></span> <span class='ocrx_word' id='word_1_181' title='bbox 2523 989 2587 1029; x_wconf 92' lang='lat' dir='ltr'><strong>eo</strong></span> <span class='ocrx_word' id='word_1_182' title='bbox 2620 974 2761 1042; x_wconf 86' lang='lat' dir='ltr'><strong>quod</strong></span> <span class='ocrx_word' id='word_1_183' title='bbox 2796 973 3026 1027; x_wconf 81' lang='lat' dir='ltr'><strong>vanitati</strong></span> <span class='ocrx_word' id='word_1_184' title='bbox 3065 974 3329 1041; x_wconf 53' lang='lat' dir='ltr'><strong>subjecta.</strong></span> 
     </span>
    </p>
   </div>
   <div class='ocr_carea' id='block_1_26' title="bbox 1741 1063 3309 1135">
    <p class='ocr_par' dir='ltr' id='par_1_26' title="bbox 1741 1063 3309 1135">
     <span class='ocr_line' id='line_1_26' title="bbox 1741 1063 3309 1135; baseline 0.001 -18"><span class='ocrx_word' id='word_1_185' title='bbox 1741 1074 1842 1131; x_wconf 90' lang='lat' dir='ltr'><strong>est,</strong></span> <span class='ocrx_word' id='word_1_186' title='bbox 1877 1074 1930 1118; x_wconf 90' lang='lat' dir='ltr'><strong>et</strong></span> <span class='ocrx_word' id='word_1_187' title='bbox 1968 1065 2023 1118; x_wconf 90' lang='lat' dir='ltr'><strong>in</strong></span> <span class='ocrx_word' id='word_1_188' title='bbox 2086 1067 2348 1120; x_wconf 80' lang='lat' dir='ltr'><strong>servitute</strong></span> <span class='ocrx_word' id='word_1_189' title='bbox 2397 1066 2764 1134; x_wconf 88' lang='lat' dir='ltr'><strong>corruptionis</strong></span> <span class='ocrx_word' id='word_1_190' title='bbox 2792 1067 2965 1135; x_wconf 88' lang='lat' dir='ltr'><strong>posita</strong></span> <span class='ocrx_word' id='word_1_191' title='bbox 3001 1073 3102 1122; x_wconf 90' lang='lat' dir='ltr'><strong>est.</strong></span> <span class='ocrx_word' id='word_1_192' title='bbox 3142 1063 3266 1119; x_wconf 65' lang='lat' dir='ltr'><strong>Haec</strong></span> <span class='ocrx_word' id='word_1_193' title='bbox 3293 1103 3309 1126; x_wconf 88' lang='lat'><strong>.</strong></span> 
     </span>
    </p>
   </div>
   <div class='ocr_carea' id='block_1_27' title="bbox 1741 1156 3309 1227">
    <p class='ocr_par' dir='ltr' id='par_1_27' title="bbox 1741 1156 3309 1227">
     <span class='ocr_line' id='line_1_27' title="bbox 1741 1156 3309 1227; baseline 0.003 -22"><span class='ocrx_word' id='word_1_194' title='bbox 1741 1165 2003 1225; x_wconf 85' lang='lat' dir='ltr'><strong>quantum</strong></span> <span class='ocrx_word' id='word_1_195' title='bbox 2025 1156 2088 1209; x_wconf 89' lang='lat' dir='ltr'><strong>ad</strong></span> <span class='ocrx_word' id='word_1_196' title='bbox 2111 1157 2278 1227; x_wconf 90' lang='lat' dir='ltr'><strong>ipsius</strong></span> <span class='ocrx_word' id='word_1_197' title='bbox 2299 1157 2578 1226; x_wconf 82' lang='lat' dir='ltr'><strong>apostolici</strong></span> <span class='ocrx_word' id='word_1_198' title='bbox 2602 1158 2869 1212; x_wconf 87' lang='lat' dir='ltr'><strong>sermonis</strong></span> <span class='ocrx_word' id='word_1_199' title='bbox 2883 1157 3127 1213; x_wconf 88' lang='lat' dir='ltr'><strong>ordinem</strong></span> <span class='ocrx_word' id='word_1_200' title='bbox 3147 1158 3309 1226; x_wconf 90' lang='lat' dir='ltr'><strong>perti-</strong></span> 
     </span>
    </p>
   </div>
   <div class='ocr_carea' id='block_1_28' title="bbox 1741 1238 3314 1318">
    <p class='ocr_par' dir='ltr' id='par_1_28' title="bbox 1741 1238 3314 1318">
     <span class='ocr_line' id='line_1_28' title="bbox 1741 1238 3314 1318; baseline 0.001 -18"><span class='ocrx_word' id='word_1_201' title='bbox 1741 1257 1852 1311; x_wconf 90' lang='lat' dir='ltr'><strong>net,</strong></span> <span class='ocrx_word' id='word_1_202' title='bbox 1883 1247 2164 1314; x_wconf 82' lang='lat' dir='ltr'><strong>explanata</strong></span> <span class='ocrx_word' id='word_1_203' title='bbox 2191 1249 2321 1303; x_wconf 89' lang='lat' dir='ltr'><strong>sint.</strong></span> <span class='ocrx_word' id='word_1_204' title='bbox 2349 1238 2502 1302; x_wconf 63' lang='lat' dir='ltr'><strong>hunc</strong></span> <span class='ocrx_word' id='word_1_205' title='bbox 2522 1261 2832 1318; x_wconf 84' lang='lat' dir='ltr'><strong>repetentes</strong></span> <span class='ocrx_word' id='word_1_206' title='bbox 2852 1250 3214 1304; x_wconf 90' lang='lat' dir='ltr'><strong>discutiamus</strong></span> <span class='ocrx_word' id='word_1_207' title='bbox 3235 1249 3314 1302; x_wconf 88' lang='lat' dir='ltr'><strong>in-</strong></span> 
     </span>
    </p>
   </div>
   <div class='ocr_carea' id='block_1_29' title="bbox 1741 1323 3318 1407">
    <p class='ocr_par' dir='ltr' id='par_1_29' title="bbox 1741 1323 3318 1407">
     <span class='ocr_line' id='line_1_29' title="bbox 1741 1323 3318 1407; baseline 0.003 -17"><span class='ocrx_word' id='word_1_208' title='bbox 1741 1337 1939 1393; x_wconf 89' lang='lat' dir='ltr'><strong>tentius</strong></span> <span class='ocrx_word' id='word_1_209' title='bbox 1964 1354 2083 1407; x_wconf 70' lang='lat' dir='ltr'><strong>quae</strong></span> <span class='ocrx_word' id='word_1_210' title='bbox 2109 1350 2191 1394; x_wconf 89' lang='lat' dir='ltr'><strong>est</strong></span> <span class='ocrx_word' id='word_1_211' title='bbox 2220 1341 2319 1396; x_wconf 91' lang='lat' dir='ltr'><strong>ista</strong></span> <span class='ocrx_word' id='word_1_212' title='bbox 2346 1323 2570 1396; x_wconf 49' lang='lat' dir='ltr'><strong>v‘anitas.</strong></span> <span class='ocrx_word' id='word_1_213' title='bbox 2592 1344 2680 1397; x_wconf 94' lang='lat' dir='ltr'><strong>cui</strong></span> <span class='ocrx_word' id='word_1_214' title='bbox 2709 1352 2959 1398; x_wconf 89' lang='lat' dir='ltr'><strong>creatura</strong></span> <span class='ocrx_word' id='word_1_215' title='bbox 2979 1341 3318 1395; x_wconf 80' lang='lat' dir='ltr'><strong>dicituresse</strong></span> 
     </span>
    </p>
   </div>
   <div class='ocr_carea' id='block_1_30' title="bbox 1739 1428 3311 1504">
    <p class='ocr_par' dir='ltr' id='par_1_30' title="bbox 1739 1428 3311 1504">
     <span class='ocr_line' id='line_1_30' title="bbox 1739 1428 3311 1504; baseline 0.001 -22"><span class='ocrx_word' id='word_1_216' title='bbox 1739 1428 2003 1498; x_wconf 82' lang='lat' dir='ltr'><strong>subjecta,</strong></span> <span class='ocrx_word' id='word_1_217' title='bbox 2035 1439 2219 1501; x_wconf 69' lang='lat' dir='ltr'><strong>etquae</strong></span> <span class='ocrx_word' id='word_1_218' title='bbox 2248 1441 2330 1486; x_wconf 90' lang='lat' dir='ltr'><strong>est</strong></span> <span class='ocrx_word' id='word_1_219' title='bbox 2361 1433 2462 1487; x_wconf 88' lang='lat' dir='ltr'><strong>ista</strong></span> <span class='ocrx_word' id='word_1_220' title='bbox 2483 1434 2759 1504; x_wconf 89' lang='lat' dir='ltr'><strong>corruptio</strong></span> <span class='ocrx_word' id='word_1_221' title='bbox 2786 1434 2852 1487; x_wconf 84' lang='lat' dir='ltr'><strong>(le</strong></span> <span class='ocrx_word' id='word_1_222' title='bbox 2875 1431 3029 1503; x_wconf 84' lang='lat' dir='ltr'><strong>cujus</strong></span> <span class='ocrx_word' id='word_1_223' title='bbox 3046 1432 3311 1486; x_wconf 87' lang='lat' dir='ltr'><strong>servitute</strong></span> 
     </span>
    </p>
   </div>
   <div class='ocr_carea' id='block_1_31' title="bbox 1739 1519 3315 1596">
    <p class='ocr_par' dir='ltr' id='par_1_31' title="bbox 1739 1519 3315 1596">
     <span class='ocr_line' id='line_1_31' title="bbox 1739 1519 3315 1596; baseline 0.004 -24"><span class='ocrx_word' id='word_1_224' title='bbox 1739 1519 2070 1576; x_wconf 86' lang='lat' dir='ltr'><strong>liberandam</strong></span> <span class='ocrx_word' id='word_1_225' title='bbox 2095 1538 2153 1577; x_wconf 91' lang='lat' dir='ltr'><strong>se</strong></span> <span class='ocrx_word' id='word_1_226' title='bbox 2173 1522 2332 1595; x_wconf 81' lang='lat'><strong>597</strong></span> <span class='ocrx_word' id='word_1_227' title='bbox 2352 1535 2554 1596; x_wconf 91' lang='lat' dir='ltr'><strong>sperat.</strong></span> <span class='ocrx_word' id='word_1_228' title='bbox 2570 1525 2696 1580; x_wconf 79' lang='lat' dir='ltr'><strong>Mihi</strong></span> <span class='ocrx_word' id='word_1_229' title='bbox 2723 1525 2931 1580; x_wconf 87' lang='lat' dir='ltr'><strong>videtur</strong></span> <span class='ocrx_word' id='word_1_230' title='bbox 2954 1525 3097 1594; x_wconf 86' lang='lat' dir='ltr'><strong>quod</strong></span> <span class='ocrx_word' id='word_1_231' title='bbox 3117 1524 3185 1578; x_wconf 91' lang='lat' dir='ltr'><strong>de</strong></span> <span class='ocrx_word' id='word_1_232' title='bbox 3209 1525 3315 1579; x_wconf 85' lang='lat' dir='ltr'><strong>hae</strong></span> 
     </span>
    </p>
   </div>
   <div class='ocr_carea' id='block_1_32' title="bbox 1738 1615 3307 1688">
    <p class='ocr_par' dir='ltr' id='par_1_32' title="bbox 1738 1615 3307 1688">
     <span class='ocr_line' id='line_1_32' title="bbox 1738 1615 3307 1688; baseline 0.003 -22"><span class='ocrx_word' id='word_1_233' title='bbox 1738 1615 2002 1668; x_wconf 86' lang='lat' dir='ltr'><strong>materiali</strong></span> <span class='ocrx_word' id='word_1_234' title='bbox 2028 1623 2082 1668; x_wconf 88' lang='lat' dir='ltr'><strong>et</strong></span> <span class='ocrx_word' id='word_1_235' title='bbox 2108 1618 2442 1686; x_wconf 79' lang='lat' dir='ltr'><strong>cerruptibili</strong></span> <span class='ocrx_word' id='word_1_236' title='bbox 2473 1619 2722 1688; x_wconf 90' lang='lat' dir='ltr'><strong>corporis</strong></span> <span class='ocrx_word' id='word_1_237' title='bbox 2765 1618 3071 1673; x_wconf 87' lang='lat' dir='ltr'><strong>substantia</strong></span> <span class='ocrx_word' id='word_1_238' title='bbox 3096 1619 3194 1672; x_wconf 89' lang='lat' dir='ltr'><strong>ista</strong></span> <span class='ocrx_word' id='word_1_239' title='bbox 3219 1617 3307 1670; x_wconf 90' lang='lat' dir='ltr'><strong>di-</strong></span> 
     </span>
    </p>
   </div>
   <div class='ocr_carea' id='block_1_33' title="bbox 1737 1705 3306 1780">
    <p class='ocr_par' dir='ltr' id='par_1_33' title="bbox 1737 1705 3306 1780">
     <span class='ocr_line' id='line_1_33' title="bbox 1737 1705 3306 1780; baseline 0.003 -22"><span class='ocrx_word' id='word_1_240' title='bbox 1737 1715 1952 1759; x_wconf 87' lang='lat' dir='ltr'><strong>cantur.</strong></span> <span class='ocrx_word' id='word_1_241' title='bbox 1978 1705 2165 1776; x_wconf 84' lang='lat' dir='ltr'><strong>Neque</strong></span> <span class='ocrx_word' id='word_1_242' title='bbox 2199 1710 2341 1762; x_wconf 88' lang='lat' dir='ltr'><strong>enim</strong></span> <span class='ocrx_word' id='word_1_243' title='bbox 2375 1711 2648 1780; x_wconf 88' lang='lat' dir='ltr'><strong>corruptio</strong></span> <span class='ocrx_word' id='word_1_244' title='bbox 2677 1710 2769 1764; x_wconf 88' lang='lat' dir='ltr'><strong>alii</strong></span> <span class='ocrx_word' id='word_1_245' title='bbox 2788 1713 3040 1780; x_wconf 88' lang='lat' dir='ltr'><strong>cuiquam</strong></span> <span class='ocrx_word' id='word_1_246' title='bbox 3067 1708 3178 1780; x_wconf 77' lang='lat'><strong>(82)</strong></span> <span class='ocrx_word' id='word_1_247' title='bbox 3203 1710 3306 1763; x_wconf 85' lang='lat' dir='ltr'><strong>nisi</strong></span> 
     </span>
    </p>
   </div>
   <div class='ocr_carea' id='block_1_34' title="bbox 82 1792 3322 1870">
    <p class='ocr_par' dir='ltr' id='par_1_34' title="bbox 82 1792 3322 1870">
     <span class='ocr_line' id='line_1_34' title="bbox 82 1792 3322 1870; baseline 0.003 -25"><span class='ocrx_word' id='word_1_248' title='bbox 82 1792 287 1846; x_wconf 82' lang='lat' dir='ltr'><strong>velanda</strong></span> <span class='ocrx_word' id='word_1_249' title='bbox 331 1793 437 1860; x_wconf 84' lang='lat' dir='ltr'><strong>sit;</strong></span> <span class='ocrx_word' id='word_1_250' title='bbox 468 1803 523 1848; x_wconf 90' lang='lat' dir='ltr'><strong>et</strong></span> <span class='ocrx_word' id='word_1_251' title='bbox 544 1794 812 1863; x_wconf 87' lang='lat' dir='ltr'><strong>qumnodo</strong></span> <span class='ocrx_word' id='word_1_252' title='bbox 833 1809 953 1864; x_wconf 71' lang='lat' dir='ltr'><strong>qua:</strong></span> <span class='ocrx_word' id='word_1_253' title='bbox 987 1808 1133 1848; x_wconf 92' lang='lat' dir='ltr'><strong>nunc</strong></span> <span class='ocrx_word' id='word_1_254' title='bbox 1164 1794 1410 1849; x_wconf 89' lang='lat' dir='ltr'><strong>videmus</strong></span> <span class='ocrx_word' id='word_1_255' title='bbox 1436 1835 1452 1861; x_wconf 91' lang='lat'><strong>,</strong></span> <span class='ocrx_word' id='word_1_256' title='bbox 1485 1812 1504 1845; x_wconf 77' lang='grc' dir='ltr'><strong>ι</strong></span> <span class='ocrx_word' id='word_1_257' title='bbox 1539 1808 1634 1863; x_wconf 90' lang='lat' dir='ltr'><strong>per</strong></span> <span class='ocrx_word' id='word_1_258' title='bbox 1664 1812 1706 1866; x_wconf 77' lang='lat' dir='ltr'><strong>B</strong></span> <span class='ocrx_word' id='word_1_259' title='bbox 1735 1797 1946 1865; x_wconf 87' lang='lat' dir='ltr'><strong>corpori</strong></span> <span class='ocrx_word' id='word_1_260' title='bbox 1965 1797 2293 1852; x_wconf 89' lang='lat' dir='ltr'><strong>dominatur.</strong></span> <span class='ocrx_word' id='word_1_261' title='bbox 2316 1797 2446 1852; x_wconf 86' lang='lat' dir='ltr'><strong>Nam</strong></span> <span class='ocrx_word' id='word_1_262' title='bbox 2468 1800 2556 1854; x_wconf 92' lang='lat' dir='ltr'><strong>ille</strong></span> <span class='ocrx_word' id='word_1_263' title='bbox 2579 1800 2807 1856; x_wconf 89' lang='lat' dir='ltr'><strong>interior</strong></span> <span class='ocrx_word' id='word_1_264' title='bbox 2825 1801 2985 1855; x_wconf 90' lang='lat' dir='ltr'><strong>homo</strong></span> <span class='ocrx_word' id='word_1_265' title='bbox 3003 1801 3093 1870; x_wconf 86' lang='lat' dir='ltr'><strong>qui</strong></span> <span class='ocrx_word' id='word_1_266' title='bbox 3113 1816 3322 1855; x_wconf 78' lang='lat' dir='ltr'><strong>securi--</strong></span> 
     </span>
    </p>
   </div>
   <div class='ocr_carea' id='block_1_35' title="bbox 83 1884 1636 1955">
    <p class='ocr_par' dir='ltr' id='par_1_35' title="bbox 83 1884 1636 1955">
     <span class='ocr_line' id='line_1_35' title="bbox 83 1884 1636 1955; baseline -0.001 -15"><span class='ocrx_word' id='word_1_267' title='bbox 83 1885 338 1955; x_wconf 84' lang='lat' dir='ltr'><strong>speculum</strong></span> <span class='ocrx_word' id='word_1_268' title='bbox 356 1884 609 1942; x_wconf 88' lang='lat' dir='ltr'><strong>videmus</strong></span> <span class='ocrx_word' id='word_1_269' title='bbox 625 1895 679 1940; x_wconf 93' lang='lat' dir='ltr'><strong>et</strong></span> <span class='ocrx_word' id='word_1_270' title='bbox 705 1885 756 1941; x_wconf 91' lang='lat' dir='ltr'><strong>in</strong></span> <span class='ocrx_word' id='word_1_271' title='bbox 782 1887 1089 1954; x_wconf 63' lang='lat' dir='ltr'><strong>aenigmate,</strong></span> <span class='ocrx_word' id='word_1_272' title='bbox 1108 1896 1234 1941; x_wconf 91' lang='lat' dir='ltr'><strong>tunc</strong></span> <span class='ocrx_word' id='word_1_273' title='bbox 1252 1897 1456 1954; x_wconf 90' lang='lat' dir='ltr'><strong>autem,</strong></span> <span class='ocrx_word' id='word_1_274' title='bbox 1470 1907 1488 1938; x_wconf 75' lang='grc' dir='ltr'><strong>ι</strong></span> <span class='ocrx_word' id='word_1_275' title='bbox 1511 1901 1636 1941; x_wconf 89' lang='lat' dir='ltr'><strong>eum</strong></span> 
     </span>
    </p>
   </div>
   <div class='ocr_carea' id='block_1_36' title="bbox 82 1975 1636 2046">
    <p class='ocr_par' dir='ltr' id='par_1_36' title="bbox 82 1975 1636 2046">
     <span class='ocr_line' id='line_1_36' title="bbox 82 1975 1636 2046; baseline -0.001 -18"><span class='ocrx_word' id='word_1_276' title='bbox 82 1976 276 2031; x_wconf 73' lang='lat' dir='ltr'><strong>venerit</strong></span> <span class='ocrx_word' id='word_1_277' title='bbox 299 1975 470 2031; x_wconf 86' lang='lat' dir='ltr'><strong>Filius</strong></span> <span class='ocrx_word' id='word_1_278' title='bbox 495 1977 733 2031; x_wconf 90' lang='lat' dir='ltr'><strong>hominis</strong></span> <span class='ocrx_word' id='word_1_279' title='bbox 763 1976 814 2029; x_wconf 93' lang='lat' dir='ltr'><strong>in</strong></span> <span class='ocrx_word' id='word_1_280' title='bbox 849 1975 1017 2046; x_wconf 86' lang='lat' dir='ltr'><strong>gloria</strong></span> <span class='ocrx_word' id='word_1_281' title='bbox 1040 1975 1214 2031; x_wconf 88' lang='lat' dir='ltr'><strong>Patris</strong></span> <span class='ocrx_word' id='word_1_282' title='bbox 1240 1987 1294 2031; x_wconf 90' lang='lat' dir='ltr'><strong>et</strong></span> <span class='ocrx_word' id='word_1_283' title='bbox 1323 1987 1636 2032; x_wconf 87' lang='lat' dir='ltr'><strong>sanctorum</strong></span> 
     </span>
    </p>
   </div>
   <div class='ocr_carea' id='block_1_37' title="bbox 82 2059 1640 2135">
    <p class='ocr_par' dir='ltr' id='par_1_37' title="bbox 82 2059 1640 2135">
     <span class='ocr_line' id='line_1_37' title="bbox 82 2059 1640 2135; baseline 0.002 -18"><span class='ocrx_word' id='word_1_284' title='bbox 82 2063 745 2135; x_wconf 67' lang='lat' dir='ltr'><strong>angelorum,videbimn5r</strong></span> <span class='ocrx_word' id='word_1_285' title='bbox 768 2067 910 2121; x_wconf 79' lang='lat' dir='ltr'><strong>facie</strong></span> <span class='ocrx_word' id='word_1_286' title='bbox 937 2066 1003 2120; x_wconf 91' lang='lat' dir='ltr'><strong>ad</strong></span> <span class='ocrx_word' id='word_1_287' title='bbox 1033 2066 1226 2121; x_wconf 83' lang='lat' dir='ltr'><strong>faciem</strong></span> <span class='ocrx_word' id='word_1_288' title='bbox 1252 2067 1318 2131; x_wconf 72' lang='grc'><strong>⁸⁸,</strong></span> <span class='ocrx_word' id='word_1_289' title='bbox 1356 2059 1381 2120; x_wconf 60' lang='lat' dir='ltr'><strong>t</strong></span> <span class='ocrx_word' id='word_1_290' title='bbox 1419 2069 1556 2123; x_wconf 89' lang='lat' dir='ltr'><strong>sicut</strong></span> <span class='ocrx_word' id='word_1_291' title='bbox 1586 2077 1640 2121; x_wconf 90' lang='lat' dir='ltr'><strong>et</strong></span> 
     </span>
    </p>
   </div>
   <div class='ocr_carea' id='block_1_38' title="bbox 81 2153 1624 2222">
    <p class='ocr_par' dir='ltr' id='par_1_38' title="bbox 81 2153 1624 2222">
     <span class='ocr_line' id='line_1_38' title="bbox 81 2153 1624 2222; baseline -0.001 -14"><span class='ocrx_word' id='word_1_292' title='bbox 81 2153 300 2210; x_wconf 67' lang='lat' dir='ltr'><strong>Joannes</strong></span> <span class='ocrx_word' id='word_1_293' title='bbox 325 2155 462 2210; x_wconf 81' lang='lat' dir='ltr'><strong>dixit</strong></span> <span class='ocrx_word' id='word_1_294' title='bbox 493 2173 509 2210; x_wconf 90' lang='lat'><strong>:</strong></span> <span class='ocrx_word' id='word_1_295' title='bbox 551 2174 570 2207; x_wconf 76' lang='grc' dir='ltr'><strong>ι</strong></span> <span class='ocrx_word' id='word_1_296' title='bbox 604 2155 740 2222; x_wconf 83' lang='lat' dir='ltr'><strong>Quia</strong></span> <span class='ocrx_word' id='word_1_297' title='bbox 771 2156 1072 2211; x_wconf 86' lang='lat' dir='ltr'><strong>videbimus</strong></span> <span class='ocrx_word' id='word_1_298' title='bbox 1095 2172 1215 2211; x_wconf 90' lang='lat' dir='ltr'><strong>eum</strong></span> <span class='ocrx_word' id='word_1_299' title='bbox 1239 2157 1397 2211; x_wconf 90' lang='lat' dir='ltr'><strong>sicuti</strong></span> <span class='ocrx_word' id='word_1_300' title='bbox 1431 2159 1624 2212; x_wconf 60' lang='lat' dir='ltr'><strong>estﬂ.»</strong></span> 
     </span>
    </p>
   </div>
   <div class='ocr_carea' id='block_1_39' title="bbox 81 2244 1634 2317">
    <p class='ocr_par' dir='ltr' id='par_1_39' title="bbox 81 2244 1634 2317">
     <span class='ocr_line' id='line_1_39' title="bbox 81 2244 1634 2317; baseline 0 -19"><span class='ocrx_word' id='word_1_301' title='bbox 81 2246 173 2298; x_wconf 90' lang='lat' dir='ltr'><strong>Sed</strong></span> <span class='ocrx_word' id='word_1_302' title='bbox 194 2255 243 2299; x_wconf 94' lang='lat' dir='ltr'><strong>et</strong></span> <span class='ocrx_word' id='word_1_303' title='bbox 259 2245 344 2299; x_wconf 90' lang='lat' dir='ltr'><strong>illa</strong></span> <span class='ocrx_word' id='word_1_304' title='bbox 363 2256 546 2314; x_wconf 89' lang='lat' dir='ltr'><strong>potest</strong></span> <span class='ocrx_word' id='word_1_305' title='bbox 562 2246 736 2300; x_wconf 87' lang='lat' dir='ltr'><strong>videri</strong></span> <span class='ocrx_word' id='word_1_306' title='bbox 755 2244 869 2317; x_wconf 79' lang='lat'><strong>(79)</strong></span> <span class='ocrx_word' id='word_1_307' title='bbox 885 2245 1057 2315; x_wconf 82' lang='lat' dir='ltr'><strong>gloria</strong></span> <span class='ocrx_word' id='word_1_308' title='bbox 1073 2260 1193 2314; x_wconf 64' lang='lat' dir='ltr'><strong>qua:</strong></span> <span class='ocrx_word' id='word_1_309' title='bbox 1213 2245 1497 2300; x_wconf 89' lang='lat' dir='ltr'><strong>revelanda</strong></span> <span class='ocrx_word' id='word_1_310' title='bbox 1528 2255 1634 2309; x_wconf 84' lang='lat' dir='ltr'><strong>est,</strong></span> 
     </span>
    </p>
   </div>
   <div class='ocr_carea' id='block_1_40' title="bbox 78 2335 1634 2405">
    <p class='ocr_par' dir='ltr' id='par_1_40' title="bbox 78 2335 1634 2405">
     <span class='ocr_line' id='line_1_40' title="bbox 78 2335 1634 2405; baseline 0.002 -19"><span class='ocrx_word' id='word_1_311' title='bbox 78 2351 186 2388; x_wconf 85' lang='lat' dir='ltr'><strong>cum</strong></span> <span class='ocrx_word' id='word_1_312' title='bbox 209 2336 272 2389; x_wconf 92' lang='lat' dir='ltr'><strong>de</strong></span> <span class='ocrx_word' id='word_1_313' title='bbox 297 2335 533 2405; x_wconf 89' lang='lat' dir='ltr'><strong>singulis</strong></span> <span class='ocrx_word' id='word_1_314' title='bbox 552 2335 855 2405; x_wconf 88' lang='lat' dir='ltr'><strong>quibusque</strong></span> <span class='ocrx_word' id='word_1_315' title='bbox 875 2336 1175 2389; x_wconf 89' lang='lat' dir='ltr'><strong>rationibus</strong></span> <span class='ocrx_word' id='word_1_316' title='bbox 1191 2337 1398 2401; x_wconf 92' lang='lat' dir='ltr'><strong>mundi,</strong></span> <span class='ocrx_word' id='word_1_317' title='bbox 1429 2336 1510 2390; x_wconf 88' lang='lat' dir='ltr'><strong>vel</strong></span> <span class='ocrx_word' id='word_1_318' title='bbox 1541 2352 1634 2392; x_wconf 85' lang='lat' dir='ltr'><strong>eo—</strong></span> 
     </span>
    </p>
   </div>
   <div class='ocr_carea' id='block_1_41' title="bbox 80 2427 1637 2499">
    <p class='ocr_par' dir='ltr' id='par_1_41' title="bbox 80 2427 1637 2499">
     <span class='ocr_line' id='line_1_41' title="bbox 80 2427 1637 2499; baseline 0.003 -21"><span class='ocrx_word' id='word_1_319' title='bbox 80 2441 186 2480; x_wconf 80' lang='lat' dir='ltr'><strong>rum</strong></span> <span class='ocrx_word' id='word_1_320' title='bbox 200 2443 311 2495; x_wconf 66' lang='lat' dir='ltr'><strong>quae</strong></span> <span class='ocrx_word' id='word_1_321' title='bbox 329 2443 492 2498; x_wconf 89' lang='lat' dir='ltr'><strong>supra</strong></span> <span class='ocrx_word' id='word_1_322' title='bbox 512 2427 766 2481; x_wconf 90' lang='lat' dir='ltr'><strong>mundum</strong></span> <span class='ocrx_word' id='word_1_323' title='bbox 784 2437 933 2493; x_wconf 89' lang='lat' dir='ltr'><strong>sunt,</strong></span> <span class='ocrx_word' id='word_1_324' title='bbox 947 2429 1426 2498; x_wconf 88' lang='lat' dir='ltr'><strong>coeperitdoctrina</strong></span> <span class='ocrx_word' id='word_1_325' title='bbox 1443 2443 1637 2499; x_wconf 83' lang='lat' dir='ltr'><strong>cogno-</strong></span> 
     </span>
    </p>
   </div>
   <div class='ocr_carea' id='block_1_42' title="bbox 78 2517 1632 2586">
    <p class='ocr_par' dir='ltr' id='par_1_42' title="bbox 78 2517 1632 2586">
     <span class='ocr_line' id='line_1_42' title="bbox 78 2517 1632 2586; baseline 0.001 -16"><span class='ocrx_word' id='word_1_326' title='bbox 78 2517 164 2581; x_wconf 89' lang='lat' dir='ltr'><strong>sci,</strong></span> <span class='ocrx_word' id='word_1_327' title='bbox 185 2526 234 2572; x_wconf 92' lang='lat' dir='ltr'><strong>et</strong></span> <span class='ocrx_word' id='word_1_328' title='bbox 258 2517 496 2573; x_wconf 89' lang='lat' dir='ltr'><strong>thesauri</strong></span> <span class='ocrx_word' id='word_1_329' title='bbox 528 2518 800 2586; x_wconf 63' lang='lat' dir='ltr'><strong>sapientiae</strong></span> <span class='ocrx_word' id='word_1_330' title='bbox 818 2518 932 2586; x_wconf 88' lang='lat' dir='ltr'><strong>ejus</strong></span> <span class='ocrx_word' id='word_1_331' title='bbox 952 2535 1014 2572; x_wconf 90' lang='lat' dir='ltr'><strong>ac</strong></span> <span class='ocrx_word' id='word_1_332' title='bbox 1046 2519 1288 2574; x_wconf 75' lang='lat' dir='ltr'><strong>scientiae</strong></span> <span class='ocrx_word' id='word_1_333' title='bbox 1314 2518 1542 2573; x_wconf 88' lang='lat' dir='ltr'><strong>revelari</strong></span> <span class='ocrx_word' id='word_1_334' title='bbox 1565 2519 1632 2571; x_wconf 72' lang='grc' dir='ltr'><strong>θ’.</strong></span> 
     </span>
    </p>
   </div>
   <div class='ocr_carea' id='block_1_43' title="bbox 79 2606 1635 2680">
    <p class='ocr_par' dir='ltr' id='par_1_43' title="bbox 79 2606 1635 2680">
     <span class='ocr_line' id='line_1_43' title="bbox 79 2606 1635 2680; baseline 0.001 -20"><span class='ocrx_word' id='word_1_335' title='bbox 79 2606 317 2664; x_wconf 59' lang='lat' dir='ltr'><strong>Posthac</strong></span> <span class='ocrx_word' id='word_1_336' title='bbox 342 2608 515 2664; x_wconf 88' lang='lat' dir='ltr'><strong>dicit:</strong></span> <span class='ocrx_word' id='word_1_337' title='bbox 550 2628 576 2660; x_wconf 43' lang='grc' dir='ltr'><strong>«ν</strong></span> <span class='ocrx_word' id='word_1_338' title='bbox 606 2609 736 2662; x_wconf 83' lang='lat' dir='ltr'><strong>Nam</strong></span> <span class='ocrx_word' id='word_1_339' title='bbox 771 2611 1109 2680; x_wconf 82' lang='lat' dir='ltr'><strong>exspectatio</strong></span> <span class='ocrx_word' id='word_1_340' title='bbox 1143 2617 1410 2665; x_wconf 74' lang='lat' dir='ltr'><strong>creaturae</strong></span> <span class='ocrx_word' id='word_1_341' title='bbox 1428 2609 1635 2663; x_wconf 86' lang='lat' dir='ltr'><strong>revela-</strong></span> 
     </span>
    </p>
   </div>
   <div class='ocr_carea' id='block_1_44' title="bbox 78 2700 1634 2772">
    <p class='ocr_par' dir='ltr' id='par_1_44' title="bbox 78 2700 1634 2772">
     <span class='ocr_line' id='line_1_44' title="bbox 78 2700 1634 2772; baseline 0.003 -20"><span class='ocrx_word' id='word_1_342' title='bbox 78 2700 258 2755; x_wconf 90' lang='lat' dir='ltr'><strong>tionem</strong></span> <span class='ocrx_word' id='word_1_343' title='bbox 275 2700 510 2757; x_wconf 89' lang='lat' dir='ltr'><strong>ﬁliorum</strong></span> <span class='ocrx_word' id='word_1_344' title='bbox 533 2703 620 2756; x_wconf 91' lang='lat' dir='ltr'><strong>Dei</strong></span> <span class='ocrx_word' id='word_1_345' title='bbox 643 2711 944 2771; x_wconf 77' lang='lat' dir='ltr'><strong>exspectat.</strong></span> <span class='ocrx_word' id='word_1_346' title='bbox 957 2722 975 2753; x_wconf 76' lang='grc' dir='ltr'><strong>ι</strong></span> <span class='ocrx_word' id='word_1_347' title='bbox 989 2701 1182 2757; x_wconf 82' lang='lat' dir='ltr'><strong>Volens</strong></span> <span class='ocrx_word' id='word_1_348' title='bbox 1195 2702 1478 2756; x_wconf 91' lang='lat' dir='ltr'><strong>ostendere</strong></span> <span class='ocrx_word' id='word_1_349' title='bbox 1497 2701 1634 2772; x_wconf 83' lang='lat' dir='ltr'><strong>Apo-</strong></span> 
     </span>
    </p>
   </div>
   <div class='ocr_carea' id='block_1_45' title="bbox 79 2793 1633 2865">
    <p class='ocr_par' dir='ltr' id='par_1_45' title="bbox 79 2793 1633 2865">
     <span class='ocr_line' id='line_1_45' title="bbox 79 2793 1633 2865; baseline 0.003 -21"><span class='ocrx_word' id='word_1_350' title='bbox 79 2793 232 2847; x_wconf 90' lang='lat' dir='ltr'><strong>stolus</strong></span> <span class='ocrx_word' id='word_1_351' title='bbox 247 2803 440 2863; x_wconf 89' lang='lat' dir='ltr'><strong>quanta</strong></span> <span class='ocrx_word' id='word_1_352' title='bbox 475 2794 762 2865; x_wconf 84' lang='lat' dir='ltr'><strong>qualisque</strong></span> <span class='ocrx_word' id='word_1_353' title='bbox 782 2795 854 2848; x_wconf 91' lang='lat' dir='ltr'><strong>sit</strong></span> <span class='ocrx_word' id='word_1_354' title='bbox 880 2795 1050 2864; x_wconf 80' lang='lat' dir='ltr'><strong>gloria</strong></span> <span class='ocrx_word' id='word_1_355' title='bbox 1085 2811 1204 2864; x_wconf 74' lang='lat' dir='ltr'><strong>qua:</strong></span> <span class='ocrx_word' id='word_1_356' title='bbox 1232 2793 1520 2850; x_wconf 86' lang='lat' dir='ltr'><strong>revelanda</strong></span> <span class='ocrx_word' id='word_1_357' title='bbox 1549 2804 1633 2850; x_wconf 90' lang='lat' dir='ltr'><strong>est</strong></span> 
     </span>
    </p>
   </div>
   <div class='ocr_carea' id='block_1_46' title="bbox 78 2883 1630 2957">
    <p class='ocr_par' dir='ltr' id='par_1_46' title="bbox 78 2883 1630 2957">
     <span class='ocr_line' id='line_1_46' title="bbox 78 2883 1630 2957; baseline 0.003 -22"><span class='ocrx_word' id='word_1_358' title='bbox 78 2883 123 2935; x_wconf 88' lang='lat' dir='ltr'><strong>in</strong></span> <span class='ocrx_word' id='word_1_359' title='bbox 145 2885 265 2953; x_wconf 81' lang='lat' dir='ltr'><strong>ipso,</strong></span> <span class='ocrx_word' id='word_1_360' title='bbox 293 2885 377 2940; x_wconf 89' lang='lat' dir='ltr'><strong>vel</strong></span> <span class='ocrx_word' id='word_1_361' title='bbox 401 2885 455 2940; x_wconf 89' lang='lat' dir='ltr'><strong>in</strong></span> <span class='ocrx_word' id='word_1_362' title='bbox 489 2887 573 2940; x_wconf 90' lang='lat' dir='ltr'><strong>bis</strong></span> <span class='ocrx_word' id='word_1_363' title='bbox 599 2887 690 2956; x_wconf 90' lang='lat' dir='ltr'><strong>qui</strong></span> <span class='ocrx_word' id='word_1_364' title='bbox 709 2900 910 2957; x_wconf 81' lang='lat' dir='ltr'><strong>agones</strong></span> <span class='ocrx_word' id='word_1_365' title='bbox 938 2885 1139 2940; x_wconf 88' lang='lat' dir='ltr'><strong>Christi</strong></span> <span class='ocrx_word' id='word_1_366' title='bbox 1160 2887 1371 2954; x_wconf 82' lang='lat' dir='ltr'><strong>integre</strong></span> <span class='ocrx_word' id='word_1_367' title='bbox 1396 2887 1630 2942; x_wconf 48' lang='lat' dir='ltr'><strong>desuda.</strong></span> 
     </span>
    </p>
   </div>
   <div class='ocr_carea' id='block_1_47' title="bbox 81 2978 1624 3048">
    <p class='ocr_par' dir='ltr' id='par_1_47' title="bbox 81 2978 1624 3048">
     <span class='ocr_line' id='line_1_47' title="bbox 81 2978 1624 3048; baseline 0.003 -22"><span class='ocrx_word' id='word_1_368' title='bbox 81 2978 259 3044; x_wconf 89' lang='lat' dir='ltr'><strong>verint,</strong></span> <span class='ocrx_word' id='word_1_369' title='bbox 289 2978 364 3032; x_wconf 89' lang='lat' dir='ltr'><strong>ait</strong></span> <span class='ocrx_word' id='word_1_370' title='bbox 388 2980 555 3035; x_wconf 88' lang='lat' dir='ltr'><strong>etiam</strong></span> <span class='ocrx_word' id='word_1_371' title='bbox 594 2990 927 3042; x_wconf 86' lang='lat' dir='ltr'><strong>creaturam,</strong></span> <span class='ocrx_word' id='word_1_372' title='bbox 971 2989 1156 3048; x_wconf 89' lang='lat' dir='ltr'><strong>utpote</strong></span> <span class='ocrx_word' id='word_1_373' title='bbox 1193 2978 1574 3034; x_wconf 87' lang='lat' dir='ltr'><strong>rationabilem</strong></span> <span class='ocrx_word' id='word_1_374' title='bbox 1608 3017 1624 3042; x_wconf 92' lang='lat'><strong>,</strong></span> 
     </span>
    </p>
   </div>
   <div class='ocr_carea' id='block_1_48' title="bbox 79 3066 1628 3142">
    <p class='ocr_par' dir='ltr' id='par_1_48' title="bbox 79 3066 1628 3142">
     <span class='ocr_line' id='line_1_48' title="bbox 79 3066 1628 3142; baseline 0.003 -21"><span class='ocrx_word' id='word_1_375' title='bbox 79 3066 257 3124; x_wconf 87' lang='lat' dir='ltr'><strong>habere</strong></span> <span class='ocrx_word' id='word_1_376' title='bbox 284 3072 749 3141; x_wconf 79' lang='lat' dir='ltr'><strong>exspectationem</strong></span> <span class='ocrx_word' id='word_1_377' title='bbox 801 3073 1133 3142; x_wconf 86' lang='lat' dir='ltr'><strong>quamdam,</strong></span> <span class='ocrx_word' id='word_1_378' title='bbox 1166 3082 1220 3124; x_wconf 91' lang='lat' dir='ltr'><strong>et</strong></span> <span class='ocrx_word' id='word_1_379' title='bbox 1255 3085 1404 3140; x_wconf 89' lang='lat' dir='ltr'><strong>spem</strong></span> <span class='ocrx_word' id='word_1_380' title='bbox 1440 3085 1628 3139; x_wconf 89' lang='lat' dir='ltr'><strong>gerere</strong></span> 
     </span>
    </p>
   </div>
   <div class='ocr_carea' id='block_1_49' title="bbox 1742 1889 3309 1962">
    <p class='ocr_par' dir='ltr' id='par_1_49' title="bbox 1742 1889 3309 1962">
     <span class='ocr_line' id='line_1_49' title="bbox 1742 1889 3309 1962; baseline 0.002 -18"><span class='ocrx_word' id='word_1_381' title='bbox 1742 1890 1868 1944; x_wconf 91' lang='lat' dir='ltr'><strong>dum</strong></span> <span class='ocrx_word' id='word_1_382' title='bbox 1901 1889 2069 1943; x_wconf 92' lang='lat' dir='ltr'><strong>Deum</strong></span> <span class='ocrx_word' id='word_1_383' title='bbox 2105 1900 2323 1944; x_wconf 88' lang='lat' dir='ltr'><strong>creatus</strong></span> <span class='ocrx_word' id='word_1_384' title='bbox 2349 1899 2451 1956; x_wconf 92' lang='lat' dir='ltr'><strong>est,</strong></span> <span class='ocrx_word' id='word_1_385' title='bbox 2480 1903 2537 1946; x_wconf 93' lang='lat' dir='ltr'><strong>et</strong></span> <span class='ocrx_word' id='word_1_386' title='bbox 2560 1892 2626 1945; x_wconf 88' lang='lat' dir='ltr'><strong>ad</strong></span> <span class='ocrx_word' id='word_1_387' title='bbox 2659 1893 2944 1962; x_wconf 85' lang='lat' dir='ltr'><strong>imaginem</strong></span> <span class='ocrx_word' id='word_1_388' title='bbox 2978 1892 3068 1947; x_wconf 86' lang='lat' dir='ltr'><strong>Dei</strong></span> <span class='ocrx_word' id='word_1_389' title='bbox 3109 1892 3309 1957; x_wconf 79' lang='lat' dir='ltr'><strong>factus,</strong></span> 
     </span>
    </p>
   </div>
   <div class='ocr_carea' id='block_1_50' title="bbox 1741 1979 3310 2054">
    <p class='ocr_par' dir='ltr' id='par_1_50' title="bbox 1741 1979 3310 2054">
     <span class='ocr_line' id='line_1_50' title="bbox 1741 1979 3310 2054; baseline 0.003 -20"><span class='ocrx_word' id='word_1_390' title='bbox 1741 1979 2170 2049; x_wconf 89' lang='lat' dir='ltr'><strong>incorruptibilis</strong></span> <span class='ocrx_word' id='word_1_391' title='bbox 2216 1989 2300 2037; x_wconf 89' lang='lat' dir='ltr'><strong>est</strong></span> <span class='ocrx_word' id='word_1_392' title='bbox 2328 1993 2382 2037; x_wconf 93' lang='lat' dir='ltr'><strong>et</strong></span> <span class='ocrx_word' id='word_1_393' title='bbox 2414 1983 2702 2038; x_wconf 90' lang='lat' dir='ltr'><strong>invisibilis</strong></span> <span class='ocrx_word' id='word_1_394' title='bbox 2728 2023 2744 2048; x_wconf 93' lang='lat'><strong>,</strong></span> <span class='ocrx_word' id='word_1_395' title='bbox 2771 1992 2825 2038; x_wconf 90' lang='lat' dir='ltr'><strong>et</strong></span> <span class='ocrx_word' id='word_1_396' title='bbox 2851 1985 3148 2038; x_wconf 88' lang='lat' dir='ltr'><strong>secundum</strong></span> <span class='ocrx_word' id='word_1_397' title='bbox 3183 1999 3310 2054; x_wconf 83' lang='lat' dir='ltr'><strong>pro-</strong></span> 
     </span>
    </p>
   </div>
   <div class='ocr_carea' id='block_1_51' title="bbox 1738 2071 3307 2146">
    <p class='ocr_par' dir='ltr' id='par_1_51' title="bbox 1738 2071 3307 2146">
     <span class='ocr_line' id='line_1_51' title="bbox 1738 2071 3307 2146; baseline 0.001 -20"><span class='ocrx_word' id='word_1_398' title='bbox 1738 2073 1911 2138; x_wconf 88' lang='lat' dir='ltr'><strong>priam</strong></span> <span class='ocrx_word' id='word_1_399' title='bbox 1938 2073 2019 2127; x_wconf 90' lang='lat' dir='ltr'><strong>sui</strong></span> <span class='ocrx_word' id='word_1_400' title='bbox 2047 2073 2313 2128; x_wconf 89' lang='lat' dir='ltr'><strong>rationem</strong></span> <span class='ocrx_word' id='word_1_401' title='bbox 2345 2071 2454 2143; x_wconf 77' lang='lat'><strong>(83)</strong></span> <span class='ocrx_word' id='word_1_402' title='bbox 2484 2073 2648 2128; x_wconf 89' lang='lat' dir='ltr'><strong>etiam</strong></span> <span class='ocrx_word' id='word_1_403' title='bbox 2682 2074 3037 2146; x_wconf 83' lang='lat' dir='ltr'><strong>incorporeus</strong></span> <span class='ocrx_word' id='word_1_404' title='bbox 3071 2075 3177 2130; x_wconf 91' lang='lat' dir='ltr'><strong>dici</strong></span> <span class='ocrx_word' id='word_1_405' title='bbox 3206 2088 3307 2143; x_wconf 89' lang='lat' dir='ltr'><strong>po-</strong></span> 
     </span>
    </p>
   </div>
   <div class='ocr_carea' id='block_1_52' title="bbox 1741 2167 3304 2240">
    <p class='ocr_par' dir='ltr' id='par_1_52' title="bbox 1741 2167 3304 2240">
     <span class='ocr_line' id='line_1_52' title="bbox 1741 2167 3304 2240; baseline 0.002 -20"><span class='ocrx_word' id='word_1_406' title='bbox 1741 2177 1865 2221; x_wconf 88' lang='lat' dir='ltr'><strong>test.</strong></span> <span class='ocrx_word' id='word_1_407' title='bbox 1895 2167 2147 2223; x_wconf 81' lang='lat' dir='ltr'><strong>Exterior</strong></span> <span class='ocrx_word' id='word_1_408' title='bbox 2171 2183 2302 2223; x_wconf 91' lang='lat' dir='ltr'><strong>vero</strong></span> <span class='ocrx_word' id='word_1_409' title='bbox 2332 2170 2496 2223; x_wconf 91' lang='lat' dir='ltr'><strong>homo</strong></span> <span class='ocrx_word' id='word_1_410' title='bbox 2530 2179 2585 2224; x_wconf 92' lang='lat' dir='ltr'><strong>et</strong></span> <span class='ocrx_word' id='word_1_411' title='bbox 2625 2183 2918 2240; x_wconf 90' lang='lat' dir='ltr'><strong>corporeus</strong></span> <span class='ocrx_word' id='word_1_412' title='bbox 2951 2179 3006 2224; x_wconf 90' lang='lat' dir='ltr'><strong>et</strong></span> <span class='ocrx_word' id='word_1_413' title='bbox 3032 2169 3304 2239; x_wconf 89' lang='lat' dir='ltr'><strong>corrupti-</strong></span> 
     </span>
    </p>
   </div>
   <div class='ocr_carea' id='block_1_53' title="bbox 1737 2258 3302 2332">
    <p class='ocr_par' dir='ltr' id='par_1_53' title="bbox 1737 2258 3302 2332">
     <span class='ocr_line' id='line_1_53' title="bbox 1737 2258 3302 2332; baseline 0.004 -19"><span class='ocrx_word' id='word_1_414' title='bbox 1737 2259 1860 2313; x_wconf 87' lang='lat' dir='ltr'><strong>bilis</strong></span> <span class='ocrx_word' id='word_1_415' title='bbox 1911 2258 2021 2332; x_wconf 69' lang='grc'>(84)</span> <span class='ocrx_word' id='word_1_416' title='bbox 2072 2261 2308 2326; x_wconf 89' lang='lat' dir='ltr'><strong>dicitur;</strong></span> <span class='ocrx_word' id='word_1_417' title='bbox 2360 2271 2582 2332; x_wconf 87' lang='lat' dir='ltr'><strong>propter</strong></span> <span class='ocrx_word' id='word_1_418' title='bbox 2614 2263 2757 2332; x_wconf 91' lang='lat' dir='ltr'><strong>quod</strong></span> <span class='ocrx_word' id='word_1_419' title='bbox 2805 2272 2859 2317; x_wconf 87' lang='lat' dir='ltr'><strong>et</strong></span> <span class='ocrx_word' id='word_1_420' title='bbox 2907 2261 3106 2317; x_wconf 88' lang='lat' dir='ltr'><strong>Paulus</strong></span> <span class='ocrx_word' id='word_1_421' title='bbox 3156 2265 3302 2319; x_wconf 86' lang='lat' dir='ltr'><strong>dice-</strong></span> 
     </span>
    </p>
   </div>
   <div class='ocr_carea' id='block_1_54' title="bbox 1738 2349 3306 2422">
    <p class='ocr_par' dir='ltr' id='par_1_54' title="bbox 1738 2349 3306 2422">
     <span class='ocr_line' id='line_1_54' title="bbox 1738 2349 3306 2422; baseline 0.004 -20"><span class='ocrx_word' id='word_1_422' title='bbox 1738 2350 1827 2403; x_wconf 88' lang='lat' dir='ltr'><strong>bat</strong></span> <span class='ocrx_word' id='word_1_423' title='bbox 1849 2351 1895 2381; x_wconf 71' lang='lat'><strong>”</strong></span> <span class='ocrx_word' id='word_1_424' title='bbox 1929 2368 1941 2404; x_wconf 90' lang='lat'>:</span> <span class='ocrx_word' id='word_1_425' title='bbox 1975 2369 1993 2401; x_wconf 75' lang='grc' dir='ltr'><strong>ι</strong></span> <span class='ocrx_word' id='word_1_426' title='bbox 2025 2349 2160 2404; x_wconf 86' lang='lat' dir='ltr'><strong>Nam</strong></span> <span class='ocrx_word' id='word_1_427' title='bbox 2189 2361 2242 2406; x_wconf 87' lang='lat' dir='ltr'><strong>et</strong></span> <span class='ocrx_word' id='word_1_428' title='bbox 2281 2353 2324 2406; x_wconf 92' lang='lat' dir='ltr'><strong>si</strong></span> <span class='ocrx_word' id='word_1_429' title='bbox 2360 2353 2403 2406; x_wconf 90' lang='lat' dir='ltr'><strong>is</strong></span> <span class='ocrx_word' id='word_1_430' title='bbox 2435 2354 2524 2422; x_wconf 89' lang='lat' dir='ltr'><strong>qui</strong></span> <span class='ocrx_word' id='word_1_431' title='bbox 2557 2353 2763 2408; x_wconf 79' lang='lat' dir='ltr'><strong>deforis</strong></span> <span class='ocrx_word' id='word_1_432' title='bbox 2813 2364 2894 2408; x_wconf 88' lang='lat' dir='ltr'><strong>est</strong></span> <span class='ocrx_word' id='word_1_433' title='bbox 2923 2355 3086 2409; x_wconf 91' lang='lat' dir='ltr'><strong>homo</strong></span> <span class='ocrx_word' id='word_1_434' title='bbox 3120 2363 3306 2409; x_wconf 86' lang='lat' dir='ltr'><strong>noster</strong></span> 
     </span>
    </p>
   </div>
   <div class='ocr_carea' id='block_1_55' title="bbox 1737 2445 3305 2516">
    <p class='ocr_par' dir='ltr' id='par_1_55' title="bbox 1737 2445 3305 2516">
     <span class='ocr_line' id='line_1_55' title="bbox 1737 2445 3305 2516; baseline 0.003 -19"><span class='ocrx_word' id='word_1_435' title='bbox 1737 2445 2102 2513; x_wconf 88' lang='lat' dir='ltr'><strong>corrumpitur</strong></span> <span class='ocrx_word' id='word_1_436' title='bbox 2129 2485 2144 2511; x_wconf 93' lang='lat'><strong>,</strong></span> <span class='ocrx_word' id='word_1_437' title='bbox 2176 2447 2270 2500; x_wconf 90' lang='lat' dir='ltr'><strong>sed</strong></span> <span class='ocrx_word' id='word_1_438' title='bbox 2299 2449 2388 2516; x_wconf 92' lang='lat' dir='ltr'><strong>qui</strong></span> <span class='ocrx_word' id='word_1_439' title='bbox 2421 2448 2568 2503; x_wconf 91' lang='lat' dir='ltr'><strong>intus</strong></span> <span class='ocrx_word' id='word_1_440' title='bbox 2603 2456 2686 2502; x_wconf 91' lang='lat' dir='ltr'><strong>est</strong></span> <span class='ocrx_word' id='word_1_441' title='bbox 2733 2459 3057 2502; x_wconf 91' lang='lat' dir='ltr'><strong>renovatur.</strong></span> <span class='ocrx_word' id='word_1_442' title='bbox 3100 2467 3120 2500; x_wconf 71' lang='grc' dir='ltr'><strong>ι</strong></span> <span class='ocrx_word' id='word_1_443' title='bbox 3159 2447 3305 2502; x_wconf 89' lang='lat' dir='ltr'><strong>lnte-</strong></span> 
     </span>
    </p>
   </div>
   <div class='ocr_carea' id='block_1_56' title="bbox 1741 2538 3304 2614">
    <p class='ocr_par' dir='ltr' id='par_1_56' title="bbox 1741 2538 3304 2614">
     <span class='ocr_line' id='line_1_56' title="bbox 1741 2538 3304 2614; baseline 0.004 -25"><span class='ocrx_word' id='word_1_444' title='bbox 1741 2538 1897 2592; x_wconf 81' lang='lat' dir='ltr'><strong>rioris</strong></span> <span class='ocrx_word' id='word_1_445' title='bbox 1952 2549 2132 2592; x_wconf 90' lang='lat' dir='ltr'><strong>autem</strong></span> <span class='ocrx_word' id='word_1_446' title='bbox 2182 2539 2418 2594; x_wconf 89' lang='lat' dir='ltr'><strong>hominis</strong></span> <span class='ocrx_word' id='word_1_447' title='bbox 2461 2541 2743 2598; x_wconf 88' lang='lat' dir='ltr'><strong>renovatio</strong></span> <span class='ocrx_word' id='word_1_448' title='bbox 2772 2540 2883 2614; x_wconf 80' lang='lat'><strong>(85)</strong></span> <span class='ocrx_word' id='word_1_449' title='bbox 2910 2581 2926 2606; x_wconf 89' lang='lat'><strong>,</strong></span> <span class='ocrx_word' id='word_1_450' title='bbox 2963 2549 3153 2607; x_wconf 89' lang='lat' dir='ltr'><strong>utpote</strong></span> <span class='ocrx_word' id='word_1_451' title='bbox 3207 2540 3304 2611; x_wconf 87' lang='lat' dir='ltr'><strong>qui</strong></span> 
     </span>
    </p>
   </div>
   <div class='ocr_carea' id='block_1_57' title="bbox 1735 2629 3318 2703">
    <p class='ocr_par' dir='ltr' id='par_1_57' title="bbox 1735 2629 3318 2703">
     <span class='ocr_line' id='line_1_57' title="bbox 1735 2629 3318 2703; baseline 0.004 -22"><span class='ocrx_word' id='word_1_452' title='bbox 1735 2640 1817 2682; x_wconf 90' lang='lat' dir='ltr'><strong>est</strong></span> <span class='ocrx_word' id='word_1_453' title='bbox 1848 2629 2183 2684; x_wconf 88' lang='lat' dir='ltr'><strong>rationabilis</strong></span> <span class='ocrx_word' id='word_1_454' title='bbox 2231 2641 2284 2685; x_wconf 89' lang='lat' dir='ltr'><strong>et</strong></span> <span class='ocrx_word' id='word_1_455' title='bbox 2316 2631 2428 2701; x_wconf 85' lang='lat'><strong>(86)</strong></span> <span class='ocrx_word' id='word_1_456' title='bbox 2473 2646 2627 2688; x_wconf 90' lang='lat' dir='ltr'><strong>mens</strong></span> <span class='ocrx_word' id='word_1_457' title='bbox 2651 2674 2668 2701; x_wconf 88' lang='lat'><strong>,</strong></span> <span class='ocrx_word' id='word_1_458' title='bbox 2719 2633 2773 2688; x_wconf 88' lang='lat' dir='ltr'><strong>in</strong></span> <span class='ocrx_word' id='word_1_459' title='bbox 2815 2633 3094 2703; x_wconf 88' lang='lat' dir='ltr'><strong>agnitione</strong></span> <span class='ocrx_word' id='word_1_460' title='bbox 3121 2634 3215 2688; x_wconf 89' lang='lat' dir='ltr'><strong>Dei</strong></span> <span class='ocrx_word' id='word_1_461' title='bbox 3246 2639 3318 2687; x_wconf 82' lang='lat' dir='ltr'><strong>et-</strong></span> 
     </span>
    </p>
   </div>
   <div class='ocr_carea' id='block_1_58' title="bbox 1734 2721 3301 2796">
    <p class='ocr_par' dir='ltr' id='par_1_58' title="bbox 1734 2721 3301 2796">
     <span class='ocr_line' id='line_1_58' title="bbox 1734 2721 3301 2796; baseline 0.005 -23"><span class='ocrx_word' id='word_1_462' title='bbox 1734 2721 2034 2788; x_wconf 85' lang='lat' dir='ltr'><strong>cupacitate</strong></span> <span class='ocrx_word' id='word_1_463' title='bbox 2065 2724 2238 2777; x_wconf 89' lang='lat' dir='ltr'><strong>sancti</strong></span> <span class='ocrx_word' id='word_1_464' title='bbox 2269 2722 2503 2792; x_wconf 90' lang='lat' dir='ltr'><strong>Spiritus</strong></span> <span class='ocrx_word' id='word_1_465' title='bbox 2533 2733 2766 2778; x_wconf 88' lang='lat' dir='ltr'><strong>constat.</strong></span> <span class='ocrx_word' id='word_1_466' title='bbox 2791 2723 2992 2780; x_wconf 82' lang='lat' dir='ltr'><strong>Verum</strong></span> <span class='ocrx_word' id='word_1_467' title='bbox 3028 2735 3089 2779; x_wconf 92' lang='lat' dir='ltr'><strong>ut</strong></span> <span class='ocrx_word' id='word_1_468' title='bbox 3119 2725 3301 2796; x_wconf 77' lang='lat' dir='ltr'><strong>aliqua</strong></span> 
     </span>
    </p>
   </div>
   <div class='ocr_carea' id='block_1_59' title="bbox 1735 2811 3302 2886">
    <p class='ocr_par' dir='ltr' id='par_1_59' title="bbox 1735 2811 3302 2886">
     <span class='ocr_line' id='line_1_59' title="bbox 1735 2811 3302 2886; baseline 0.002 -22"><span class='ocrx_word' id='word_1_469' title='bbox 1735 2811 1802 2864; x_wconf 89' lang='lat' dir='ltr'><strong>de</strong></span> <span class='ocrx_word' id='word_1_470' title='bbox 1857 2819 1965 2864; x_wconf 87' lang='lat' dir='ltr'><strong>tam</strong></span> <span class='ocrx_word' id='word_1_471' title='bbox 2022 2812 2308 2882; x_wconf 75' lang='lat' dir='ltr'><strong>profundis</strong></span> <span class='ocrx_word' id='word_1_472' title='bbox 2343 2813 2504 2868; x_wconf 90' lang='lat' dir='ltr'><strong>rebus</strong></span> <span class='ocrx_word' id='word_1_473' title='bbox 2548 2814 2789 2869; x_wconf 88' lang='lat' dir='ltr'><strong>breviter</strong></span> <span class='ocrx_word' id='word_1_474' title='bbox 2815 2829 2880 2867; x_wconf 91' lang='lat' dir='ltr'><strong>ac</strong></span> <span class='ocrx_word' id='word_1_475' title='bbox 2918 2815 3149 2870; x_wconf 91' lang='lat' dir='ltr'><strong>strictim</strong></span> <span class='ocrx_word' id='word_1_476' title='bbox 3187 2814 3302 2886; x_wconf 87' lang='lat'><strong>(87)</strong></span> 
     </span>
    </p>
   </div>
   <div class='ocr_carea' id='block_1_60' title="bbox 1732 2903 3311 2978">
    <p class='ocr_par' dir='ltr' id='par_1_60' title="bbox 1732 2903 3311 2978">
     <span class='ocr_line' id='line_1_60' title="bbox 1732 2903 3311 2978; baseline 0.006 -23"><span class='ocrx_word' id='word_1_477' title='bbox 1732 2903 1895 2956; x_wconf 86' lang='lat' dir='ltr'><strong>etiam</strong></span> <span class='ocrx_word' id='word_1_478' title='bbox 1940 2903 2204 2959; x_wconf 87' lang='lat' dir='ltr'><strong>chartulis</strong></span> <span class='ocrx_word' id='word_1_479' title='bbox 2249 2906 2656 2961; x_wconf 83' lang='lat' dir='ltr'><strong>committamus</strong></span> <span class='ocrx_word' id='word_1_480' title='bbox 2683 2945 2700 2971; x_wconf 91' lang='lat'><strong>,</strong></span> <span class='ocrx_word' id='word_1_481' title='bbox 2733 2922 2802 2961; x_wconf 75' lang='lat' dir='ltr'><strong>ex</strong></span> <span class='ocrx_word' id='word_1_482' title='bbox 2852 2909 2967 2978; x_wconf 90' lang='lat' dir='ltr'><strong>ipsa</strong></span> <span class='ocrx_word' id='word_1_483' title='bbox 3021 2908 3311 2964; x_wconf 52' lang='lat' dir='ltr'><strong>interioris.</strong></span> 
     </span>
    </p>
   </div>
   <div class='ocr_carea' id='block_1_61' title="bbox 1733 2994 3307 3067">
    <p class='ocr_par' dir='ltr' id='par_1_61' title="bbox 1733 2994 3307 3067">
     <span class='ocr_line' id='line_1_61' title="bbox 1733 2994 3307 3067; baseline 0.006 -21"><span class='ocrx_word' id='word_1_484' title='bbox 1733 2994 1988 3061; x_wconf 90' lang='lat' dir='ltr'><strong>hominis,</strong></span> <span class='ocrx_word' id='word_1_485' title='bbox 2017 2994 2119 3048; x_wconf 92' lang='lat' dir='ltr'><strong>hoc</strong></span> <span class='ocrx_word' id='word_1_486' title='bbox 2156 3004 2261 3057; x_wconf 89' lang='lat' dir='ltr'><strong>est,</strong></span> <span class='ocrx_word' id='word_1_487' title='bbox 2299 2995 2493 3051; x_wconf 69' lang='lat' dir='ltr'><strong>animae</strong></span> <span class='ocrx_word' id='word_1_488' title='bbox 2521 2997 2834 3067; x_wconf 90' lang='lat' dir='ltr'><strong>mentisque</strong></span> <span class='ocrx_word' id='word_1_489' title='bbox 2863 2999 3164 3055; x_wconf 87' lang='lat' dir='ltr'><strong>substantia</strong></span> <span class='ocrx_word' id='word_1_490' title='bbox 3185 3001 3307 3055; x_wconf 84' lang='lat' dir='ltr'><strong>col-</strong></span> 
     </span>
    </p>
   </div>
   <div class='ocr_carea' id='block_1_62' title="bbox 1731 3086 3306 3158">
    <p class='ocr_par' dir='ltr' id='par_1_62' title="bbox 1731 3086 3306 3158">
     <span class='ocr_line' id='line_1_62' title="bbox 1731 3086 3306 3158; baseline 0.006 -20"><span class='ocrx_word' id='word_1_491' title='bbox 1731 3086 1962 3156; x_wconf 84' lang='lat' dir='ltr'><strong>ligamus</strong></span> <span class='ocrx_word' id='word_1_492' title='bbox 2014 3087 2302 3158; x_wconf 82' lang='lat' dir='ltr'><strong>imaginem</strong></span> <span class='ocrx_word' id='word_1_493' title='bbox 2336 3127 2352 3152; x_wconf 93' lang='lat'><strong>,</strong></span> <span class='ocrx_word' id='word_1_494' title='bbox 2404 3089 2676 3157; x_wconf 90' lang='lat' dir='ltr'><strong>quomodo</strong></span> <span class='ocrx_word' id='word_1_495' title='bbox 2709 3107 2728 3140; x_wconf 84' lang='grc'><strong><em>‹</em></strong></span> <span class='ocrx_word' id='word_1_496' title='bbox 2766 3091 2993 3145; x_wconf 87' lang='lat' dir='ltr'><strong>vanitati</strong></span> <span class='ocrx_word' id='word_1_497' title='bbox 3041 3103 3306 3147; x_wconf 84' lang='lat' dir='ltr'><strong>creatura</strong></span> 
     </span>
    </p>
   </div>
   <div class='ocr_carea' id='block_1_63' title="bbox 77 3160 1619 3252">
    <p class='ocr_par' dir='ltr' id='par_1_63' title="bbox 77 3160 1614 3232">
     <span class='ocr_line' id='line_1_63' title="bbox 77 3160 1614 3232; baseline 0.005 -24"><span class='ocrx_word' id='word_1_498' title='bbox 77 3161 308 3228; x_wconf 85' lang='lat' dir='ltr'><strong>temporis</strong></span> <span class='ocrx_word' id='word_1_499' title='bbox 325 3161 467 3216; x_wconf 87' lang='lat' dir='ltr'><strong>illius</strong></span> <span class='ocrx_word' id='word_1_500' title='bbox 493 3177 600 3230; x_wconf 91' lang='lat' dir='ltr'><strong>quo</strong></span> <span class='ocrx_word' id='word_1_501' title='bbox 622 3160 910 3216; x_wconf 88' lang='lat' dir='ltr'><strong>revelanda</strong></span> <span class='ocrx_word' id='word_1_502' title='bbox 935 3172 1016 3215; x_wconf 90' lang='lat' dir='ltr'><strong>est</strong></span> <span class='ocrx_word' id='word_1_503' title='bbox 1045 3162 1213 3232; x_wconf 86' lang='lat' dir='ltr'><strong>gloria</strong></span> <span class='ocrx_word' id='word_1_504' title='bbox 1245 3163 1476 3216; x_wconf 90' lang='lat' dir='ltr'><strong>ﬁliorum</strong></span> <span class='ocrx_word' id='word_1_505' title='bbox 1497 3161 1614 3228; x_wconf 89' lang='lat' dir='ltr'><strong>Dei,</strong></span> 
     </span>
    </p>
   </div>
   <div class='ocr_carea' id='block_1_64' title="bbox 1790 3160 3304 3252">
    <p class='ocr_par' dir='ltr' id='par_1_64' title="bbox 1796 3175 3304 3252">
     <span class='ocr_line' id='line_1_64' title="bbox 1796 3175 3304 3252; baseline 0.006 -23"><span class='ocrx_word' id='word_1_506' title='bbox 1796 3175 1965 3243; x_wconf 88' lang='lat' dir='ltr'><strong>bjecta</strong></span> <span class='ocrx_word' id='word_1_507' title='bbox 1998 3188 2084 3230; x_wconf 89' lang='lat' dir='ltr'><strong>est-</strong></span> <span class='ocrx_word' id='word_1_508' title='bbox 2115 3195 2220 3231; x_wconf 91' lang='lat' dir='ltr'><strong>non</strong></span> <span class='ocrx_word' id='word_1_509' title='bbox 2245 3178 2453 3246; x_wconf 87' lang='lat' dir='ltr'><strong>volens,</strong></span> <span class='ocrx_word' id='word_1_510' title='bbox 2480 3181 2570 3234; x_wconf 90' lang='lat' dir='ltr'><strong>sed</strong></span> <span class='ocrx_word' id='word_1_511' title='bbox 2601 3189 2819 3250; x_wconf 87' lang='lat' dir='ltr'><strong>propter</strong></span> <span class='ocrx_word' id='word_1_512' title='bbox 2851 3195 2972 3236; x_wconf 91' lang='lat' dir='ltr'><strong>eum</strong></span> <span class='ocrx_word' id='word_1_513' title='bbox 3004 3183 3097 3251; x_wconf 90' lang='lat' dir='ltr'><strong>qui</strong></span> <span class='ocrx_word' id='word_1_514' title='bbox 3121 3183 3304 3252; x_wconf 88' lang='lat' dir='ltr'><strong>subje-</strong></span> 
     </span>
    </p>
   </div>
   <div class='ocr_carea' id='block_1_65' title="bbox 79 3249 1619 3328">
    <p class='ocr_par' dir='ltr' id='par_1_65' title="bbox 79 3249 1619 3328">
     <span class='ocr_line' id='line_1_65' title="bbox 79 3249 1619 3328; baseline 0.007 -26"><span class='ocrx_word' id='word_1_515' title='bbox 79 3249 168 3306; x_wconf 88' lang='lat' dir='ltr'><strong>hoc</strong></span> <span class='ocrx_word' id='word_1_516' title='bbox 198 3264 292 3318; x_wconf 90' lang='lat' dir='ltr'><strong>est,</strong></span> <span class='ocrx_word' id='word_1_517' title='bbox 320 3271 440 3310; x_wconf 91' lang='lat' dir='ltr'><strong>cum</strong></span> <span class='ocrx_word' id='word_1_518' title='bbox 497 3256 886 3312; x_wconf 83' lang='lat' dir='ltr'><strong>revelabuntur</strong></span> <span class='ocrx_word' id='word_1_519' title='bbox 918 3273 978 3314; x_wconf 87' lang='lat' dir='ltr'><strong>ea</strong></span> <span class='ocrx_word' id='word_1_520' title='bbox 1010 3272 1126 3325; x_wconf 78' lang='lat' dir='ltr'><strong>qua:</strong></span> <span class='ocrx_word' id='word_1_521' title='bbox 1155 3267 1454 3328; x_wconf 67' lang='lat' dir='ltr'><strong>praaparata</strong></span> <span class='ocrx_word' id='word_1_522' title='bbox 1493 3268 1619 3313; x_wconf 92' lang='lat' dir='ltr'><strong>sunt</strong></span> 
     </span>
    </p>
   </div>
   <div class='ocr_carea' id='block_1_66' title="bbox 77 3343 1618 3421">
    <p class='ocr_par' dir='ltr' id='par_1_66' title="bbox 77 3343 1618 3421">
     <span class='ocr_line' id='line_1_66' title="bbox 77 3343 1618 3421; baseline 0.008 -27"><span class='ocrx_word' id='word_1_523' title='bbox 77 3343 149 3398; x_wconf 86' lang='lat' dir='ltr'><strong>his</strong></span> <span class='ocrx_word' id='word_1_524' title='bbox 170 3345 252 3414; x_wconf 90' lang='lat' dir='ltr'><strong>qui</strong></span> <span class='ocrx_word' id='word_1_525' title='bbox 285 3348 376 3403; x_wconf 90' lang='lat' dir='ltr'><strong>ﬁlii</strong></span> <span class='ocrx_word' id='word_1_526' title='bbox 402 3350 498 3404; x_wconf 91' lang='lat' dir='ltr'><strong>Dei</strong></span> <span class='ocrx_word' id='word_1_527' title='bbox 529 3365 650 3405; x_wconf 87' lang='lat' dir='ltr'><strong>esse</strong></span> <span class='ocrx_word' id='word_1_528' title='bbox 683 3351 1036 3406; x_wconf 90' lang='lat' dir='ltr'><strong>merebuntur</strong></span> <span class='ocrx_word' id='word_1_529' title='bbox 1064 3349 1198 3421; x_wconf 89' lang='lat'><strong>(80),</strong></span> <span class='ocrx_word' id='word_1_530' title='bbox 1221 3360 1311 3404; x_wconf 89' lang='lat' dir='ltr'><strong>aut</strong></span> <span class='ocrx_word' id='word_1_531' title='bbox 1331 3361 1478 3405; x_wconf 91' lang='lat' dir='ltr'><strong>certe</strong></span> <span class='ocrx_word' id='word_1_532' title='bbox 1497 3367 1618 3407; x_wconf 86' lang='lat' dir='ltr'><strong>cum</strong></span> 
     </span>
    </p>
   </div>
   <div class='ocr_carea' id='block_1_67' title="bbox 78 3434 1614 3514">
    <p class='ocr_par' dir='ltr' id='par_1_67' title="bbox 78 3434 1614 3514">
     <span class='ocr_line' id='line_1_67' title="bbox 78 3434 1614 3514; baseline 0.008 -29"><span class='ocrx_word' id='word_1_533' title='bbox 78 3434 237 3491; x_wconf 83' lang='lat' dir='ltr'><strong>ablato</strong></span> <span class='ocrx_word' id='word_1_534' title='bbox 265 3440 329 3492; x_wconf 90' lang='lat' dir='ltr'><strong>ab</strong></span> <span class='ocrx_word' id='word_1_535' title='bbox 355 3440 440 3496; x_wconf 92' lang='lat' dir='ltr'><strong>his</strong></span> <span class='ocrx_word' id='word_1_536' title='bbox 468 3441 739 3496; x_wconf 85' lang='lat' dir='ltr'><strong>velamine</strong></span> <span class='ocrx_word' id='word_1_537' title='bbox 773 3459 879 3510; x_wconf 93' lang='lat' dir='ltr'><strong>quo</strong></span> <span class='ocrx_word' id='word_1_538' title='bbox 900 3443 1247 3514; x_wconf 80' lang='lat' dir='ltr'><strong>obtegnntur,</strong></span> <span class='ocrx_word' id='word_1_539' title='bbox 1279 3443 1614 3498; x_wconf 84' lang='lat' dir='ltr'><strong>manifestati</strong></span> 
     </span>
    </p>
   </div>
   <div class='ocr_carea' id='block_1_68' title="bbox 75 3525 1619 3603">
    <p class='ocr_par' dir='ltr' id='par_1_68' title="bbox 75 3525 1619 3603">
     <span class='ocr_line' id='line_1_68' title="bbox 75 3525 1619 3603; baseline 0.006 -25"><span class='ocrx_word' id='word_1_540' title='bbox 75 3525 254 3583; x_wconf 78' lang='lat' dir='ltr'><strong>fuerint</strong></span> <span class='ocrx_word' id='word_1_541' title='bbox 283 3530 377 3600; x_wconf 89' lang='lat' dir='ltr'><strong>ipsi</strong></span> <span class='ocrx_word' id='word_1_542' title='bbox 412 3534 540 3603; x_wconf 90' lang='lat' dir='ltr'><strong>quia</strong></span> <span class='ocrx_word' id='word_1_543' title='bbox 571 3533 664 3587; x_wconf 90' lang='lat' dir='ltr'><strong>lilii</strong></span> <span class='ocrx_word' id='word_1_544' title='bbox 696 3534 786 3588; x_wconf 90' lang='lat' dir='ltr'><strong>Dei</strong></span> <span class='ocrx_word' id='word_1_545' title='bbox 811 3545 954 3588; x_wconf 88' lang='lat' dir='ltr'><strong>sunt.</strong></span> <span class='ocrx_word' id='word_1_546' title='bbox 981 3533 1110 3600; x_wconf 75' lang='lat' dir='ltr'><strong>Quze</strong></span> <span class='ocrx_word' id='word_1_547' title='bbox 1137 3545 1316 3588; x_wconf 88' lang='lat' dir='ltr'><strong>autem</strong></span> <span class='ocrx_word' id='word_1_548' title='bbox 1347 3544 1431 3588; x_wconf 91' lang='lat' dir='ltr'><strong>est</strong></span> <span class='ocrx_word' id='word_1_549' title='bbox 1468 3550 1619 3590; x_wconf 87' lang='lat' dir='ltr'><strong>crea-</strong></span> 
     </span>
    </p>
   </div>
   <div class='ocr_carea' id='block_1_69' title="bbox 77 3620 1614 3692">
    <p class='ocr_par' dir='ltr' id='par_1_69' title="bbox 77 3620 1614 3692">
     <span class='ocr_line' id='line_1_69' title="bbox 77 3620 1614 3692; baseline 0.009 -29"><span class='ocrx_word' id='word_1_550' title='bbox 77 3624 178 3666; x_wconf 85' lang='lat' dir='ltr'><strong>tura</strong></span> <span class='ocrx_word' id='word_1_551' title='bbox 204 3634 314 3686; x_wconf 67' lang='lat' dir='ltr'><strong>qute</strong></span> <span class='ocrx_word' id='word_1_552' title='bbox 350 3638 368 3671; x_wconf 77' lang='grc' dir='ltr'><strong>ι</strong></span> <span class='ocrx_word' id='word_1_553' title='bbox 399 3620 787 3676; x_wconf 85' lang='lat' dir='ltr'><strong>revelationetn</strong></span> <span class='ocrx_word' id='word_1_554' title='bbox 844 3623 1076 3676; x_wconf 89' lang='lat' dir='ltr'><strong>liliornm</strong></span> <span class='ocrx_word' id='word_1_555' title='bbox 1109 3623 1198 3677; x_wconf 91' lang='lat' dir='ltr'><strong>Dei</strong></span> <span class='ocrx_word' id='word_1_556' title='bbox 1227 3627 1556 3692; x_wconf 82' lang='lat' dir='ltr'><strong>exspectat?</strong></span> <span class='ocrx_word' id='word_1_557' title='bbox 1595 3645 1614 3677; x_wconf 74' lang='grc' dir='ltr'><strong>ι</strong></span> 
     </span>
    </p>
   </div>
   <div class='ocr_carea' id='block_1_70' title="bbox 76 3702 1613 3782">
    <p class='ocr_par' dir='ltr' id='par_1_70' title="bbox 76 3702 1613 3782">
     <span class='ocr_line' id='line_1_70' title="bbox 76 3702 1613 3782; baseline 0.007 -24"><span class='ocrx_word' id='word_1_558' title='bbox 76 3702 200 3772; x_wconf 66' lang='lat' dir='ltr'><strong>llaec,</strong></span> <span class='ocrx_word' id='word_1_559' title='bbox 235 3707 444 3780; x_wconf 91' lang='lat' dir='ltr'><strong>inquit,</strong></span> <span class='ocrx_word' id='word_1_560' title='bbox 502 3727 622 3782; x_wconf 70' lang='lat' dir='ltr'><strong>qua:</strong></span> <span class='ocrx_word' id='word_1_561' title='bbox 659 3729 799 3768; x_wconf 91' lang='lat' dir='ltr'><strong>nunc</strong></span> <span class='ocrx_word' id='word_1_562' title='bbox 829 3731 848 3765; x_wconf 82' lang='lat' dir='ltr'><strong>t</strong></span> <span class='ocrx_word' id='word_1_563' title='bbox 885 3715 1113 3769; x_wconf 89' lang='lat' dir='ltr'><strong>vanitati</strong></span> <span class='ocrx_word' id='word_1_564' title='bbox 1146 3713 1386 3782; x_wconf 89' lang='lat' dir='ltr'><strong>subjecta</strong></span> <span class='ocrx_word' id='word_1_565' title='bbox 1418 3725 1500 3770; x_wconf 92' lang='lat' dir='ltr'><strong>est</strong></span> <span class='ocrx_word' id='word_1_566' title='bbox 1529 3733 1543 3769; x_wconf 88' lang='lat'><strong>:</strong></span> <span class='ocrx_word' id='word_1_567' title='bbox 1594 3735 1613 3767; x_wconf 75' lang='grc' dir='ltr'><strong>ι</strong></span> 
     </span>
    </p>
   </div>
   <div class='ocr_carea' id='block_1_71' title="bbox 73 3794 1616 3876">
    <p class='ocr_par' dir='ltr' id='par_1_71' title="bbox 73 3794 1616 3876">
     <span class='ocr_line' id='line_1_71' title="bbox 73 3794 1616 3876; baseline 0.017 -32"><span class='ocrx_word' id='word_1_568' title='bbox 73 3794 293 3864; x_wconf 89' lang='lat' dir='ltr'><strong>subjecta</strong></span> <span class='ocrx_word' id='word_1_569' title='bbox 321 3810 501 3857; x_wconf 90' lang='lat' dir='ltr'><strong>autem</strong></span> <span class='ocrx_word' id='word_1_570' title='bbox 538 3821 556 3853; x_wconf 73' lang='grc' dir='ltr'><strong>ι</strong></span> <span class='ocrx_word' id='word_1_571' title='bbox 593 3819 696 3859; x_wconf 91' lang='lat' dir='ltr'><strong>non</strong></span> <span class='ocrx_word' id='word_1_572' title='bbox 722 3803 926 3869; x_wconf 79' lang='lat' dir='ltr'><strong>volettS,</strong></span> <span class='ocrx_word' id='word_1_573' title='bbox 962 3823 981 3855; x_wconf 70' lang='grc' dir='ltr'><strong>ι</strong></span> <span class='ocrx_word' id='word_1_574' title='bbox 1013 3819 1114 3860; x_wconf 72' lang='lat' dir='ltr'><strong>nec</strong></span> <span class='ocrx_word' id='word_1_575' title='bbox 1150 3815 1348 3874; x_wconf 74' lang='grc' dir='ltr'><strong>εροηιθ</strong></span> <span class='ocrx_word' id='word_1_576' title='bbox 1376 3807 1616 3876; x_wconf 65' lang='lat' dir='ltr'><strong>Propria.</strong></span> 
     </span>
    </p>
   </div>
   <div class='ocr_carea' id='block_1_72' title="bbox 73 3890 1618 3968">
    <p class='ocr_par' dir='ltr' id='par_1_72' title="bbox 73 3890 1618 3968">
     <span class='ocr_line' id='line_1_72' title="bbox 73 3890 1618 3968; baseline 0.009 -29"><span class='ocrx_word' id='word_1_577' title='bbox 73 3890 154 3941; x_wconf 88' lang='lat' dir='ltr'><strong>sed</strong></span> <span class='ocrx_word' id='word_1_578' title='bbox 185 3891 458 3949; x_wconf 87' lang='lat' dir='ltr'><strong>voluntate</strong></span> <span class='ocrx_word' id='word_1_579' title='bbox 485 3896 602 3966; x_wconf 89' lang='lat' dir='ltr'><strong>ejus</strong></span> <span class='ocrx_word' id='word_1_580' title='bbox 643 3898 734 3967; x_wconf 85' lang='lat' dir='ltr'><strong>qui</strong></span> <span class='ocrx_word' id='word_1_581' title='bbox 764 3897 1041 3966; x_wconf 89' lang='lat' dir='ltr'><strong>dispensat</strong></span> <span class='ocrx_word' id='word_1_582' title='bbox 1081 3897 1360 3951; x_wconf 88' lang='lat' dir='ltr'><strong>universa.</strong></span> <span class='ocrx_word' id='word_1_583' title='bbox 1389 3896 1618 3968; x_wconf 91' lang='lat' dir='ltr'><strong>Propter</strong></span> 
     </span>
    </p>
   </div>
   <div class='ocr_carea' id='block_1_73' title="bbox 73 3980 1614 4058">
    <p class='ocr_par' dir='ltr' id='par_1_73' title="bbox 73 3980 1614 4058">
     <span class='ocr_line' id='line_1_73' title="bbox 73 3980 1614 4058; baseline 0.008 -27"><span class='ocrx_word' id='word_1_584' title='bbox 73 3980 226 4048; x_wconf 88' lang='lat' dir='ltr'><strong>ipsum</strong></span> <span class='ocrx_word' id='word_1_585' title='bbox 257 4000 382 4056; x_wconf 86' lang='lat' dir='ltr'><strong>ergo</strong></span> <span class='ocrx_word' id='word_1_586' title='bbox 415 3987 530 4057; x_wconf 91' lang='grc'>(81)</span> <span class='ocrx_word' id='word_1_587' title='bbox 571 3987 812 4056; x_wconf 86' lang='lat' dir='ltr'><strong>subjecta</strong></span> <span class='ocrx_word' id='word_1_588' title='bbox 842 3998 958 4052; x_wconf 90' lang='lat' dir='ltr'><strong>est;</strong></span> <span class='ocrx_word' id='word_1_589' title='bbox 1013 3987 1252 4058; x_wconf 90' lang='lat' dir='ltr'><strong>subjecta</strong></span> <span class='ocrx_word' id='word_1_590' title='bbox 1302 3998 1479 4042; x_wconf 88' lang='lat' dir='ltr'><strong>autem</strong></span> <span class='ocrx_word' id='word_1_591' title='bbox 1510 4007 1614 4044; x_wconf 92' lang='lat' dir='ltr'><strong>non</strong></span> 
     </span>
    </p>
   </div>
   <div class='ocr_carea' id='block_1_74' title="bbox 76 4075 1613 4150">
    <p class='ocr_par' dir='ltr' id='par_1_74' title="bbox 76 4075 1613 4150">
     <span class='ocr_line' id='line_1_74' title="bbox 76 4075 1613 4150; baseline 0.007 -24"><span class='ocrx_word' id='word_1_592' title='bbox 76 4083 130 4121; x_wconf 84' lang='lat' dir='ltr'><strong>ca</strong></span> <span class='ocrx_word' id='word_1_593' title='bbox 153 4075 450 4132; x_wconf 88' lang='lat' dir='ltr'><strong>conditione</strong></span> <span class='ocrx_word' id='word_1_594' title='bbox 486 4085 544 4131; x_wconf 91' lang='lat' dir='ltr'><strong>ut</strong></span> <span class='ocrx_word' id='word_1_595' title='bbox 579 4087 797 4132; x_wconf 88' lang='lat' dir='ltr'><strong>maneat</strong></span> <span class='ocrx_word' id='word_1_596' title='bbox 832 4094 1047 4148; x_wconf 90' lang='lat' dir='ltr'><strong>semper</strong></span> <span class='ocrx_word' id='word_1_597' title='bbox 1071 4079 1312 4150; x_wconf 84' lang='lat' dir='ltr'><strong>subjecta</strong></span> <span class='ocrx_word' id='word_1_598' title='bbox 1347 4083 1572 4136; x_wconf 88' lang='lat' dir='ltr'><strong>vanitati</strong></span> <span class='ocrx_word' id='word_1_599' title='bbox 1598 4122 1613 4148; x_wconf 88' lang='lat'><strong>,</strong></span> 
     </span>
    </p>
   </div>
   <div class='ocr_carea' id='block_1_75' title="bbox 73 4161 1614 4240">
    <p class='ocr_par' dir='ltr' id='par_1_75' title="bbox 73 4161 1614 4240">
     <span class='ocr_line' id='line_1_75' title="bbox 73 4161 1614 4240; baseline 0.006 -28"><span class='ocrx_word' id='word_1_600' title='bbox 73 4161 153 4214; x_wconf 89' lang='lat' dir='ltr'><strong>sed</strong></span> <span class='ocrx_word' id='word_1_601' title='bbox 197 4178 312 4219; x_wconf 89' lang='lat' dir='ltr'><strong>cum</strong></span> <span class='ocrx_word' id='word_1_602' title='bbox 357 4168 596 4236; x_wconf 87' lang='lat' dir='ltr'><strong>quadam</strong></span> <span class='ocrx_word' id='word_1_603' title='bbox 648 4184 762 4237; x_wconf 85' lang='lat' dir='ltr'><strong>spe.</strong></span> <span class='ocrx_word' id='word_1_604' title='bbox 804 4169 933 4235; x_wconf 64' lang='lat' dir='ltr'><strong>Quae</strong></span> <span class='ocrx_word' id='word_1_605' title='bbox 966 4179 1148 4223; x_wconf 90' lang='lat' dir='ltr'><strong>autem</strong></span> <span class='ocrx_word' id='word_1_606' title='bbox 1198 4170 1268 4223; x_wconf 92' lang='lat' dir='ltr'><strong>sit</strong></span> <span class='ocrx_word' id='word_1_607' title='bbox 1307 4185 1436 4240; x_wconf 89' lang='lat' dir='ltr'><strong>spes</strong></span> <span class='ocrx_word' id='word_1_608' title='bbox 1466 4173 1566 4226; x_wconf 88' lang='lat' dir='ltr'><strong>ista</strong></span> <span class='ocrx_word' id='word_1_609' title='bbox 1601 4211 1614 4236; x_wconf 92' lang='lat'><strong>,</strong></span> 
     </span>
    </p>
   </div>
   <div class='ocr_carea' id='block_1_76' title="bbox 73 4259 1611 4334">
    <p class='ocr_par' dir='ltr' id='par_1_76' title="bbox 73 4259 1611 4334">
     <span class='ocr_line' id='line_1_76' title="bbox 73 4259 1611 4334; baseline 0.007 -28"><span class='ocrx_word' id='word_1_610' title='bbox 73 4267 457 4324; x_wconf 88' lang='lat' dir='ltr'><strong>commemorat,</strong></span> <span class='ocrx_word' id='word_1_611' title='bbox 487 4259 715 4314; x_wconf 86' lang='lat' dir='ltr'><strong>dicens:</strong></span> <span class='ocrx_word' id='word_1_612' title='bbox 754 4279 773 4311; x_wconf 87' lang='grc'><strong><em>‹</em></strong></span> <span class='ocrx_word' id='word_1_613' title='bbox 810 4260 1073 4327; x_wconf 89' lang='lat' dir='ltr'><strong>Quoniam</strong></span> <span class='ocrx_word' id='word_1_614' title='bbox 1104 4273 1158 4318; x_wconf 91' lang='lat' dir='ltr'><strong>et</strong></span> <span class='ocrx_word' id='word_1_615' title='bbox 1187 4264 1330 4333; x_wconf 86' lang='lat' dir='ltr'><strong>ipsa,</strong></span> <span class='ocrx_word' id='word_1_616' title='bbox 1364 4281 1382 4314; x_wconf 69' lang='grc' dir='ltr'><strong>ι</strong></span> <span class='ocrx_word' id='word_1_617' title='bbox 1416 4264 1611 4334; x_wconf 88' lang='lat' dir='ltr'><strong>inquit,</strong></span> 
     </span>
    </p>
   </div>
   <div class='ocr_carea' id='block_1_77' title="bbox 77 4353 1628 4425">
    <p class='ocr_par' dir='ltr' id='par_1_77' title="bbox 77 4353 1628 4425">
     <span class='ocr_line' id='line_1_77' title="bbox 77 4353 1628 4425; baseline 0.006 -25"><span class='ocrx_word' id='word_1_618' title='bbox 77 4362 94 4394; x_wconf 74' lang='grc' dir='ltr'><strong>ι</strong></span> <span class='ocrx_word' id='word_1_619' title='bbox 129 4359 361 4406; x_wconf 89' lang='lat' dir='ltr'><strong>creatura</strong></span> <span class='ocrx_word' id='word_1_620' title='bbox 391 4353 709 4407; x_wconf 86' lang='lat' dir='ltr'><strong>liberabitur</strong></span> <span class='ocrx_word' id='word_1_621' title='bbox 751 4370 779 4406; x_wconf 93' lang='lat' dir='ltr'><strong>a</strong></span> <span class='ocrx_word' id='word_1_622' title='bbox 815 4355 1078 4408; x_wconf 89' lang='lat' dir='ltr'><strong>servitute</strong></span> <span class='ocrx_word' id='word_1_623' title='bbox 1131 4355 1528 4425; x_wconf 89' lang='lat' dir='ltr'><strong>corruptionis,</strong></span> <span class='ocrx_word' id='word_1_624' title='bbox 1561 4357 1628 4410; x_wconf 85' lang='lat' dir='ltr'><strong>in-</strong></span> 
     </span>
    </p>
   </div>
   <div class='ocr_carea' id='block_1_78' title="bbox 74 4437 1616 4517">
    <p class='ocr_par' dir='ltr' id='par_1_78' title="bbox 74 4437 1616 4517">
     <span class='ocr_line' id='line_1_78' title="bbox 74 4437 1616 4517; baseline 0.008 -27"><span class='ocrx_word' id='word_1_625' title='bbox 74 4437 349 4514; x_wconf 78' lang='lat' dir='ltr'><strong>libertatem</strong></span> <span class='ocrx_word' id='word_1_626' title='bbox 377 4446 564 4517; x_wconf 65' lang='lat' dir='ltr'><strong>gloria:</strong></span> <span class='ocrx_word' id='word_1_627' title='bbox 604 4448 841 4502; x_wconf 88' lang='lat' dir='ltr'><strong>ﬁliorum</strong></span> <span class='ocrx_word' id='word_1_628' title='bbox 874 4447 989 4502; x_wconf 90' lang='lat' dir='ltr'><strong>Dei.</strong></span> <span class='ocrx_word' id='word_1_629' title='bbox 1021 4467 1040 4498; x_wconf 74' lang='grc' dir='ltr'><strong>ι</strong></span> <span class='ocrx_word' id='word_1_630' title='bbox 1077 4448 1166 4502; x_wconf 86' lang='lat' dir='ltr'><strong>Ait</strong></span> <span class='ocrx_word' id='word_1_631' title='bbox 1200 4459 1380 4505; x_wconf 89' lang='lat' dir='ltr'><strong>autem</strong></span> <span class='ocrx_word' id='word_1_632' title='bbox 1415 4447 1616 4503; x_wconf 86' lang='lat' dir='ltr'><strong>Paulus</strong></span> 
     </span>
    </p>
   </div>
   <div class='ocr_carea' id='block_1_79' title="bbox 1728 3269 3293 3343">
    <p class='ocr_par' dir='ltr' id='par_1_79' title="bbox 1728 3269 3293 3343">
     <span class='ocr_line' id='line_1_79' title="bbox 1728 3269 3293 3343; baseline 0.007 -22"><span class='ocrx_word' id='word_1_633' title='bbox 1728 3269 1805 3321; x_wconf 88' lang='lat' dir='ltr'><strong>cit</strong></span> <span class='ocrx_word' id='word_1_634' title='bbox 1831 3283 1947 3323; x_wconf 92' lang='lat' dir='ltr'><strong>eam</strong></span> <span class='ocrx_word' id='word_1_635' title='bbox 1994 3269 2047 3322; x_wconf 92' lang='lat' dir='ltr'><strong>in</strong></span> <span class='ocrx_word' id='word_1_636' title='bbox 2079 3285 2174 3340; x_wconf 86' lang='lat' dir='ltr'><strong>spe</strong></span> <span class='ocrx_word' id='word_1_637' title='bbox 2196 3270 2279 3335; x_wconf 64' lang='grc'><strong>1³⁸;</strong></span> <span class='ocrx_word' id='word_1_638' title='bbox 2319 3291 2338 3322; x_wconf 76' lang='grc' dir='ltr'><strong>ι</strong></span> <span class='ocrx_word' id='word_1_639' title='bbox 2378 3281 2433 3326; x_wconf 92' lang='lat' dir='ltr'><strong>et</strong></span> <span class='ocrx_word' id='word_1_640' title='bbox 2475 3273 2673 3340; x_wconf 90' lang='lat' dir='ltr'><strong>ipsum,</strong></span> <span class='ocrx_word' id='word_1_641' title='bbox 2720 3273 2767 3328; x_wconf 92' lang='lat' dir='ltr'><strong>si</strong></span> <span class='ocrx_word' id='word_1_642' title='bbox 2801 3275 3034 3343; x_wconf 90' lang='lat' dir='ltr'><strong>videtur,</strong></span> <span class='ocrx_word' id='word_1_643' title='bbox 3065 3276 3293 3332; x_wconf 88' lang='lat' dir='ltr'><strong>Paulum</strong></span> 
     </span>
    </p>
   </div>
   <div class='ocr_carea' id='block_1_80' title="bbox 1728 3360 3297 3436">
    <p class='ocr_par' dir='ltr' id='par_1_80' title="bbox 1728 3360 3297 3436">
     <span class='ocr_line' id='line_1_80' title="bbox 1728 3360 3297 3436; baseline 0.008 -25"><span class='ocrx_word' id='word_1_644' title='bbox 1728 3374 1991 3430; x_wconf 89' lang='lat' dir='ltr'><strong>ponamus</strong></span> <span class='ocrx_word' id='word_1_645' title='bbox 2032 3360 2082 3414; x_wconf 93' lang='lat' dir='ltr'><strong>in</strong></span> <span class='ocrx_word' id='word_1_646' title='bbox 2116 3363 2319 3429; x_wconf 90' lang='lat' dir='ltr'><strong>medio,</strong></span> <span class='ocrx_word' id='word_1_647' title='bbox 2363 3363 2520 3434; x_wconf 85' lang='lat' dir='ltr'><strong>cujus</strong></span> <span class='ocrx_word' id='word_1_648' title='bbox 2563 3367 2753 3436; x_wconf 91' lang='lat' dir='ltr'><strong>utique</strong></span> <span class='ocrx_word' id='word_1_649' title='bbox 2790 3368 2971 3421; x_wconf 90' lang='lat' dir='ltr'><strong>anima</strong></span> <span class='ocrx_word' id='word_1_650' title='bbox 2999 3368 3084 3422; x_wconf 87' lang='lat' dir='ltr'><strong>vel</strong></span> <span class='ocrx_word' id='word_1_651' title='bbox 3119 3385 3297 3436; x_wconf 79' lang='lat' dir='ltr'><strong>mens,</strong></span> 
     </span>
    </p>
   </div>
   <div class='ocr_carea' id='block_1_81' title="bbox 1725 3453 3299 3530">
    <p class='ocr_par' dir='ltr' id='par_1_81' title="bbox 1725 3453 3299 3530">
     <span class='ocr_line' id='line_1_81' title="bbox 1725 3453 3299 3530; baseline 0.007 -24"><span class='ocrx_word' id='word_1_652' title='bbox 1725 3455 1818 3523; x_wconf 87' lang='lat' dir='ltr'><strong>qui</strong></span> <span class='ocrx_word' id='word_1_653' title='bbox 1850 3462 1932 3508; x_wconf 89' lang='lat' dir='ltr'><strong>est</strong></span> <span class='ocrx_word' id='word_1_654' title='bbox 1968 3453 2191 3510; x_wconf 73' lang='lat' dir='ltr'><strong>interibr</strong></span> <span class='ocrx_word' id='word_1_655' title='bbox 2233 3454 2348 3526; x_wconf 89' lang='lat' dir='ltr'><strong>ejus</strong></span> <span class='ocrx_word' id='word_1_656' title='bbox 2378 3459 2560 3524; x_wconf 86' lang='lat' dir='ltr'><strong>homo,</strong></span> <span class='ocrx_word' id='word_1_657' title='bbox 2593 3461 3002 3530; x_wconf 89' lang='lat' dir='ltr'><strong>supergreditur</strong></span> <span class='ocrx_word' id='word_1_658' title='bbox 3023 3471 3077 3515; x_wconf 91' lang='lat' dir='ltr'><strong>et</strong></span> <span class='ocrx_word' id='word_1_659' title='bbox 3104 3477 3299 3517; x_wconf 85' lang='lat' dir='ltr'><strong>ascen-</strong></span> 
     </span>
    </p>
   </div>
   <div class='ocr_carea' id='block_1_82' title="bbox 1727 3545 3296 3621">
    <p class='ocr_par' dir='ltr' id='par_1_82' title="bbox 1727 3545 3296 3621">
     <span class='ocr_line' id='line_1_82' title="bbox 1727 3545 3296 3621; baseline 0.006 -23"><span class='ocrx_word' id='word_1_660' title='bbox 1727 3545 1805 3598; x_wconf 89' lang='lat' dir='ltr'><strong>dit</strong></span> <span class='ocrx_word' id='word_1_661' title='bbox 1839 3559 1999 3599; x_wconf 90' lang='lat' dir='ltr'><strong>omne</strong></span> <span class='ocrx_word' id='word_1_662' title='bbox 2024 3547 2167 3614; x_wconf 90' lang='lat' dir='ltr'><strong>quod</strong></span> <span class='ocrx_word' id='word_1_663' title='bbox 2196 3561 2518 3617; x_wconf 89' lang='lat' dir='ltr'><strong>corporeum</strong></span> <span class='ocrx_word' id='word_1_664' title='bbox 2555 3559 2675 3616; x_wconf 92' lang='lat' dir='ltr'><strong>est,</strong></span> <span class='ocrx_word' id='word_1_665' title='bbox 2708 3549 2850 3619; x_wconf 90' lang='lat' dir='ltr'><strong>quod</strong></span> <span class='ocrx_word' id='word_1_666' title='bbox 2885 3551 3124 3618; x_wconf 85' lang='lat' dir='ltr'><strong>visibilc,</strong></span> <span class='ocrx_word' id='word_1_667' title='bbox 3151 3555 3296 3621; x_wconf 86' lang='lat' dir='ltr'><strong>quod</strong></span> 
     </span>
    </p>
   </div>
   <div class='ocr_carea' id='block_1_83' title="bbox 1726 3639 3303 3712">
    <p class='ocr_par' dir='ltr' id='par_1_83' title="bbox 1726 3639 3303 3712">
     <span class='ocr_line' id='line_1_83' title="bbox 1726 3639 3303 3712; baseline 0.004 -18"><span class='ocrx_word' id='word_1_668' title='bbox 1726 3639 1912 3694; x_wconf 87' lang='lat' dir='ltr'><strong>sensui</strong></span> <span class='ocrx_word' id='word_1_669' title='bbox 1944 3639 2190 3709; x_wconf 89' lang='lat' dir='ltr'><strong>subjacet</strong></span> <span class='ocrx_word' id='word_1_670' title='bbox 2215 3649 2268 3693; x_wconf 91' lang='lat' dir='ltr'><strong>et</strong></span> <span class='ocrx_word' id='word_1_671' title='bbox 2301 3641 2566 3711; x_wconf 89' lang='lat' dir='ltr'><strong>aspectui,</strong></span> <span class='ocrx_word' id='word_1_672' title='bbox 2592 3651 2646 3696; x_wconf 91' lang='lat' dir='ltr'><strong>et</strong></span> <span class='ocrx_word' id='word_1_673' title='bbox 2675 3642 2844 3712; x_wconf 89' lang='lat' dir='ltr'><strong>ipsius</strong></span> <span class='ocrx_word' id='word_1_674' title='bbox 2871 3642 3064 3698; x_wconf 70' lang='lat' dir='ltr'><strong>divina:</strong></span> <span class='ocrx_word' id='word_1_675' title='bbox 3087 3655 3303 3700; x_wconf 63' lang='lat' dir='ltr'><strong>natura</strong></span> 
     </span>
    </p>
   </div>
   <div class='ocr_carea' id='block_1_84' title="bbox 1725 3729 3310 3806">
    <p class='ocr_par' dir='ltr' id='par_1_84' title="bbox 1725 3729 3310 3806">
     <span class='ocr_line' id='line_1_84' title="bbox 1725 3729 3310 3806; baseline 0.004 -22"><span class='ocrx_word' id='word_1_676' title='bbox 1725 3729 1958 3785; x_wconf 88' lang='lat' dir='ltr'><strong>ellicitur</strong></span> <span class='ocrx_word' id='word_1_677' title='bbox 1998 3747 2194 3802; x_wconf 79' lang='lat' dir='ltr'><strong>capax.</strong></span> <span class='ocrx_word' id='word_1_678' title='bbox 2225 3731 2332 3787; x_wconf 89' lang='lat' dir='ltr'><strong>Sed</strong></span> <span class='ocrx_word' id='word_1_679' title='bbox 2369 3735 2481 3786; x_wconf 65' lang='lat' dir='ltr'><strong>haec</strong></span> <span class='ocrx_word' id='word_1_680' title='bbox 2518 3743 2665 3788; x_wconf 88' lang='lat' dir='ltr'><strong>tanta</strong></span> <span class='ocrx_word' id='word_1_681' title='bbox 2697 3742 2750 3787; x_wconf 90' lang='lat' dir='ltr'><strong>et</strong></span> <span class='ocrx_word' id='word_1_682' title='bbox 2781 3733 2902 3788; x_wconf 88' lang='lat' dir='ltr'><strong>talis</strong></span> <span class='ocrx_word' id='word_1_683' title='bbox 2938 3733 3050 3806; x_wconf 88' lang='lat'><strong>(88)</strong></span> <span class='ocrx_word' id='word_1_684' title='bbox 3099 3737 3310 3790; x_wconf 74' lang='lat' dir='ltr'><strong>anima:-</strong></span> 
     </span>
    </p>
   </div>
   <div class='ocr_carea' id='block_1_85' title="bbox 1725 3821 3293 3894">
    <p class='ocr_par' dir='ltr' id='par_1_85' title="bbox 1725 3821 3293 3894">
     <span class='ocr_line' id='line_1_85' title="bbox 1725 3821 3293 3894; baseline 0.004 -19"><span class='ocrx_word' id='word_1_685' title='bbox 1725 3821 1846 3892; x_wconf 87' lang='lat' dir='ltr'><strong>ejus</strong></span> <span class='ocrx_word' id='word_1_686' title='bbox 1871 3823 2177 3877; x_wconf 87' lang='lat' dir='ltr'><strong>substantia</strong></span> <span class='ocrx_word' id='word_1_687' title='bbox 2211 3839 2332 3894; x_wconf 74' lang='lat' dir='ltr'><strong>qua:</strong></span> <span class='ocrx_word' id='word_1_688' title='bbox 2365 3825 2605 3878; x_wconf 89' lang='lat' dir='ltr'><strong>rationes</strong></span> <span class='ocrx_word' id='word_1_689' title='bbox 2641 3833 2696 3878; x_wconf 92' lang='lat' dir='ltr'><strong>et</strong></span> <span class='ocrx_word' id='word_1_690' title='bbox 2726 3825 3140 3894; x_wconf 77' lang='lat' dir='ltr'><strong>intelligentiam</strong></span> <span class='ocrx_word' id='word_1_691' title='bbox 3172 3841 3293 3882; x_wconf 70' lang='lat' dir='ltr'><strong>ccc-</strong></span> 
     </span>
    </p>
   </div>
   <div class='ocr_carea' id='block_1_86' title="bbox 1727 3914 3296 3991">
    <p class='ocr_par' dir='ltr' id='par_1_86' title="bbox 1727 3914 3296 3991">
     <span class='ocr_line' id='line_1_86' title="bbox 1727 3914 3296 3991; baseline 0.003 -23"><span class='ocrx_word' id='word_1_692' title='bbox 1727 3914 1944 3970; x_wconf 88' lang='lat' dir='ltr'><strong>lestium</strong></span> <span class='ocrx_word' id='word_1_693' title='bbox 2007 3917 2422 3987; x_wconf 86' lang='lat' dir='ltr'><strong>divinorumque</strong></span> <span class='ocrx_word' id='word_1_694' title='bbox 2463 3931 2718 3970; x_wconf 86' lang='lat' dir='ltr'><strong>sensuum</strong></span> <span class='ocrx_word' id='word_1_695' title='bbox 2772 3927 2916 3972; x_wconf 91' lang='lat' dir='ltr'><strong>tenet</strong></span> <span class='ocrx_word' id='word_1_696' title='bbox 2965 3917 3180 3991; x_wconf 84' lang='lat' dir='ltr'><strong>(quibus</strong></span> <span class='ocrx_word' id='word_1_697' title='bbox 3227 3934 3296 3973; x_wconf 80' lang='lat' dir='ltr'><strong>ex</strong></span> 
     </span>
    </p>
   </div>
   <div class='ocr_carea' id='block_1_87' title="bbox 1725 4008 3297 4083">
    <p class='ocr_par' dir='ltr' id='par_1_87' title="bbox 1725 4008 3297 4083">
     <span class='ocr_line' id='line_1_87' title="bbox 1725 4008 3297 4083; baseline 0.003 -19"><span class='ocrx_word' id='word_1_698' title='bbox 1725 4010 1925 4073; x_wconf 90' lang='lat' dir='ltr'><strong>causis,</strong></span> <span class='ocrx_word' id='word_1_699' title='bbox 1959 4009 2098 4064; x_wconf 90' lang='lat' dir='ltr'><strong>Dens</strong></span> <span class='ocrx_word' id='word_1_700' title='bbox 2129 4008 2370 4081; x_wconf 87' lang='lat' dir='ltr'><strong>viderit),</strong></span> <span class='ocrx_word' id='word_1_701' title='bbox 2391 4008 2630 4078; x_wconf 89' lang='lat' dir='ltr'><strong>subjecta</strong></span> <span class='ocrx_word' id='word_1_702' title='bbox 2663 4019 2745 4065; x_wconf 91' lang='lat' dir='ltr'><strong>est</strong></span> <span class='ocrx_word' id='word_1_703' title='bbox 2778 4012 3024 4066; x_wconf 89' lang='lat' dir='ltr'><strong>servituti</strong></span> <span class='ocrx_word' id='word_1_704' title='bbox 3048 4015 3297 4083; x_wconf 90' lang='lat' dir='ltr'><strong>corporis</strong></span> 
     </span>
    </p>
   </div>
   <div class='ocr_carea' id='block_1_88' title="bbox 1726 4100 3296 4170">
    <p class='ocr_par' dir='ltr' id='par_1_88' title="bbox 1726 4100 3296 4170">
     <span class='ocr_line' id='line_1_88' title="bbox 1726 4100 3296 4170; baseline 0.004 -15"><span class='ocrx_word' id='word_1_705' title='bbox 1726 4102 2130 4170; x_wconf 88' lang='lat' dir='ltr'><strong>corruptibilis,</strong></span> <span class='ocrx_word' id='word_1_706' title='bbox 2181 4113 2236 4156; x_wconf 91' lang='lat' dir='ltr'><strong>et</strong></span> <span class='ocrx_word' id='word_1_707' title='bbox 2264 4103 2489 4156; x_wconf 86' lang='lat' dir='ltr'><strong>vanitati</strong></span> <span class='ocrx_word' id='word_1_708' title='bbox 2530 4100 2647 4170; x_wconf 89' lang='lat' dir='ltr'><strong>ejus</strong></span> <span class='ocrx_word' id='word_1_709' title='bbox 2675 4102 2922 4157; x_wconf 87' lang='lat' dir='ltr'><strong>devincta</strong></span> <span class='ocrx_word' id='word_1_710' title='bbox 2963 4114 3069 4160; x_wconf 90' lang='lat' dir='ltr'><strong>est.</strong></span> <span class='ocrx_word' id='word_1_711' title='bbox 3101 4105 3296 4160; x_wconf 85' lang='lat' dir='ltr'><strong>Consi-</strong></span> 
     </span>
    </p>
   </div>
   <div class='ocr_carea' id='block_1_89' title="bbox 1728 4193 3291 4266">
    <p class='ocr_par' dir='ltr' id='par_1_89' title="bbox 1728 4193 3291 4266">
     <span class='ocr_line' id='line_1_89' title="bbox 1728 4193 3291 4266; baseline 0.004 -18"><span class='ocrx_word' id='word_1_712' title='bbox 1728 4193 1857 4248; x_wconf 89' lang='lat' dir='ltr'><strong>dera</strong></span> <span class='ocrx_word' id='word_1_713' title='bbox 1887 4195 2032 4248; x_wconf 90' lang='lat' dir='ltr'><strong>enim</strong></span> <span class='ocrx_word' id='word_1_714' title='bbox 2085 4195 2436 4250; x_wconf 88' lang='lat' dir='ltr'><strong>necessitates</strong></span> <span class='ocrx_word' id='word_1_715' title='bbox 2465 4196 2731 4264; x_wconf 86' lang='lat' dir='ltr'><strong>corporis,</strong></span> <span class='ocrx_word' id='word_1_716' title='bbox 2771 4197 3130 4266; x_wconf 90' lang='lat' dir='ltr'><strong>appetentiam</strong></span> <span class='ocrx_word' id='word_1_717' title='bbox 3160 4200 3291 4266; x_wconf 91' lang='lat' dir='ltr'><strong>cibi,</strong></span> 
     </span>
    </p>
   </div>
   <div class='ocr_carea' id='block_1_90' title="bbox 1724 4286 3317 4357">
    <p class='ocr_par' dir='ltr' id='par_1_90' title="bbox 1724 4286 3317 4357">
     <span class='ocr_line' id='line_1_90' title="bbox 1724 4286 3317 4357; baseline 0.004 -19"><span class='ocrx_word' id='word_1_718' title='bbox 1724 4286 2086 4356; x_wconf 87' lang='lat' dir='ltr'><strong>digestionum</strong></span> <span class='ocrx_word' id='word_1_719' title='bbox 2113 4287 2376 4356; x_wconf 82' lang='lat' dir='ltr'><strong>pudorem</strong></span> <span class='ocrx_word' id='word_1_720' title='bbox 2405 4287 2516 4357; x_wconf 86' lang='lat'><strong>(89)</strong></span> <span class='ocrx_word' id='word_1_721' title='bbox 2547 4328 2563 4354; x_wconf 94' lang='lat'><strong>,</strong></span> <span class='ocrx_word' id='word_1_722' title='bbox 2601 4287 2934 4356; x_wconf 89' lang='lat' dir='ltr'><strong>posteritatis</strong></span> <span class='ocrx_word' id='word_1_723' title='bbox 2977 4290 3317 4357; x_wconf 52' lang='lat' dir='ltr'><strong>reparandas</strong></span> 
     </span>
    </p>
   </div>
   <div class='ocr_carea' id='block_1_91' title="bbox 1726 4379 3294 4447">
    <p class='ocr_par' dir='ltr' id='par_1_91' title="bbox 1726 4379 3294 4447">
     <span class='ocr_line' id='line_1_91' title="bbox 1726 4379 3294 4447; baseline 0.003 -17"><span class='ocrx_word' id='word_1_724' title='bbox 1726 4381 2133 4446; x_wconf 88' lang='lat' dir='ltr'><strong>verecundiam,</strong></span> <span class='ocrx_word' id='word_1_725' title='bbox 2185 4391 2242 4434; x_wconf 92' lang='lat' dir='ltr'><strong>ut</strong></span> <span class='ocrx_word' id='word_1_726' title='bbox 2283 4381 2485 4435; x_wconf 85' lang='lat' dir='ltr'><strong>seritur</strong></span> <span class='ocrx_word' id='word_1_727' title='bbox 2517 4379 2756 4446; x_wconf 88' lang='lat' dir='ltr'><strong>soboles,</strong></span> <span class='ocrx_word' id='word_1_728' title='bbox 2785 4391 2843 4434; x_wconf 92' lang='lat' dir='ltr'><strong>ut</strong></span> <span class='ocrx_word' id='word_1_729' title='bbox 2869 4381 3068 4447; x_wconf 90' lang='lat' dir='ltr'><strong>editur,</strong></span> <span class='ocrx_word' id='word_1_730' title='bbox 3099 4392 3158 4437; x_wconf 94' lang='lat' dir='ltr'><strong>ut</strong></span> <span class='ocrx_word' id='word_1_731' title='bbox 3193 4399 3294 4436; x_wconf 86' lang='lat' dir='ltr'><strong>nu-</strong></span> 
     </span>
    </p>
   </div>
   <div class='ocr_carea' id='block_1_92' title="bbox 1692 4472 3292 4540">
    <p class='ocr_par' dir='ltr' id='par_1_92' title="bbox 1692 4472 3292 4540">
     <span class='ocr_line' id='line_1_92' title="bbox 1692 4472 3292 4540; baseline 0.001 -16"><span class='ocrx_word' id='word_1_732' title='bbox 1692 4472 1888 4525; x_wconf 83' lang='lat' dir='ltr'><strong>&#39;tritur</strong></span> <span class='ocrx_word' id='word_1_733' title='bbox 1927 4488 1942 4537; x_wconf 89' lang='lat'><strong>;</strong></span> <span class='ocrx_word' id='word_1_734' title='bbox 1994 4482 2048 4526; x_wconf 92' lang='lat' dir='ltr'><strong>et</strong></span> <span class='ocrx_word' id='word_1_735' title='bbox 2097 4472 2219 4526; x_wconf 90' lang='lat' dir='ltr'><strong>vide</strong></span> <span class='ocrx_word' id='word_1_736' title='bbox 2261 4472 2315 4525; x_wconf 91' lang='lat' dir='ltr'><strong>in</strong></span> <span class='ocrx_word' id='word_1_737' title='bbox 2362 4472 2447 4525; x_wconf 89' lang='lat' dir='ltr'><strong>his</strong></span> <span class='ocrx_word' id='word_1_738' title='bbox 2490 4481 2696 4540; x_wconf 88' lang='lat' dir='ltr'><strong>quanta</strong></span> <span class='ocrx_word' id='word_1_739' title='bbox 2748 4473 2958 4528; x_wconf 90' lang='lat' dir='ltr'><strong>vanitas</strong></span> <span class='ocrx_word' id='word_1_740' title='bbox 3006 4473 3292 4539; x_wconf 82' lang='lat' dir='ltr'><strong>habeatur,</strong></span> 
     </span>
    </p>
   </div>
   <div class='ocr_carea' id='block_1_93' title="bbox 73 4531 3294 4635">
    <p class='ocr_par' dir='ltr' id='par_1_93' title="bbox 73 4531 3294 4635">
     <span class='ocr_line' id='line_1_93' title="bbox 73 4531 3294 4635; baseline 0.011 -52"><span class='ocrx_word' id='word_1_741' title='bbox 73 4531 197 4589; x_wconf 92' lang='lat' dir='ltr'><strong>scire</strong></span> <span class='ocrx_word' id='word_1_742' title='bbox 214 4550 268 4591; x_wconf 90' lang='lat' dir='ltr'><strong>se</strong></span> <span class='ocrx_word' id='word_1_743' title='bbox 293 4547 346 4592; x_wconf 91' lang='lat' dir='ltr'><strong>et</strong></span> <span class='ocrx_word' id='word_1_744' title='bbox 372 4539 580 4594; x_wconf 85' lang='lat' dir='ltr'><strong>similes</strong></span> <span class='ocrx_word' id='word_1_745' title='bbox 613 4538 738 4603; x_wconf 90' lang='lat' dir='ltr'><strong>sibi,</strong></span> <span class='ocrx_word' id='word_1_746' title='bbox 791 4559 809 4592; x_wconf 77' lang='grc' dir='ltr'><strong>ι</strong></span> <span class='ocrx_word' id='word_1_747' title='bbox 848 4540 1106 4610; x_wconf 80' lang='lat' dir='ltr'><strong>quoniam</strong></span> <span class='ocrx_word' id='word_1_748' title='bbox 1141 4541 1320 4596; x_wconf 76' lang='grc' dir='ltr'>οιῐιηῖε</span> <span class='ocrx_word' id='word_1_749' title='bbox 1361 4553 1612 4597; x_wconf 65' lang='grc' dir='ltr'><strong>οΐθθῑιινθ</strong></span> <span class='ocrx_word' id='word_1_750' title='bbox 1647 4579 1694 4635; x_wconf 71' lang='grc' dir='ltr'>ῃ</span> <span class='ocrx_word' id='word_1_751' title='bbox 1721 4531 1939 4634; x_wconf 74' lang='lat' dir='ltr'><strong>quanta</strong></span> <span class='ocrx_word' id='word_1_752' title='bbox 1977 4566 2256 4634; x_wconf 91' lang='lat' dir='ltr'><strong>corruptio</strong></span> <span class='ocrx_word' id='word_1_753' title='bbox 2282 4607 2296 4632; x_wconf 92' lang='lat'><strong>,</strong></span> <span class='ocrx_word' id='word_1_754' title='bbox 2338 4566 2423 4619; x_wconf 91' lang='lat' dir='ltr'><strong>cui</strong></span> <span class='ocrx_word' id='word_1_755' title='bbox 2471 4531 2723 4619; x_wconf 68' lang='lat' dir='ltr'><strong>creatura</strong></span> <span class='ocrx_word' id='word_1_756' title='bbox 2769 4566 2964 4619; x_wconf 72' lang='lat' dir='ltr'><strong>anima:</strong></span> <span class='ocrx_word' id='word_1_757' title='bbox 3010 4565 3205 4620; x_wconf 90' lang='lat' dir='ltr'><strong>nobilis</strong></span> <span class='ocrx_word' id='word_1_758' title='bbox 3236 4531 3294 4620; x_wconf 52' lang='lat' dir='ltr'><strong>ei</strong></span> 
     </span>
    </p>
   </div>
   <div class='ocr_carea' id='block_1_94' title="bbox 73 4630 1606 4707">
    <p class='ocr_par' dir='ltr' id='par_1_94' title="bbox 73 4630 1606 4707">
     <span class='ocr_line' id='line_1_94' title="bbox 73 4630 1606 4707; baseline 0.009 -31"><span class='ocrx_word' id='word_1_759' title='bbox 73 4630 399 4707; x_wconf 84' lang='lat' dir='ltr'><strong>congemiscit</strong></span> <span class='ocrx_word' id='word_1_760' title='bbox 425 4638 482 4685; x_wconf 91' lang='lat' dir='ltr'><strong>et</strong></span> <span class='ocrx_word' id='word_1_761' title='bbox 507 4632 754 4686; x_wconf 89' lang='lat' dir='ltr'><strong>condolet</strong></span> <span class='ocrx_word' id='word_1_762' title='bbox 787 4647 958 4702; x_wconf 76' lang='lat' dir='ltr'><strong>usque</strong></span> <span class='ocrx_word' id='word_1_763' title='bbox 990 4631 1189 4700; x_wconf 88' lang='lat' dir='ltr'><strong>adhuc,</strong></span> <span class='ocrx_word' id='word_1_764' title='bbox 1231 4653 1248 4684; x_wconf 69' lang='grc' dir='ltr'><strong>ι</strong></span> <span class='ocrx_word' id='word_1_765' title='bbox 1283 4633 1402 4699; x_wconf 80' lang='lat' dir='ltr'><strong>vel,</strong></span> <span class='ocrx_word' id='word_1_766' title='bbox 1452 4645 1511 4688; x_wconf 91' lang='lat' dir='ltr'><strong>ut</strong></span> <span class='ocrx_word' id='word_1_767' title='bbox 1555 4637 1606 4690; x_wconf 93' lang='lat' dir='ltr'><strong>in</strong></span> 
     </span>
    </p>
   </div>
   <div class='ocr_carea' id='block_1_95' title="bbox 125 4741 1656 4816">
    <p class='ocr_par' dir='ltr' id='par_1_95' title="bbox 125 4741 1656 4816">
     <span class='ocr_line' id='line_1_95' title="bbox 125 4741 1656 4816; baseline 0.007 -21"><span class='ocrx_word' id='word_1_768' title='bbox 125 4741 164 4816; x_wconf 59' lang='grc' dir='ltr'>ξῖ</span> <span class='ocrx_word' id='word_1_769' title='bbox 192 4742 231 4816; x_wconf 78' lang='lat' dir='ltr'><strong>l_l</strong></span> <span class='ocrx_word' id='word_1_770' title='bbox 248 4744 364 4801; x_wconf 83' lang='lat' dir='ltr'><strong>Cor.</strong></span> <span class='ocrx_word' id='word_1_771' title='bbox 394 4763 468 4814; x_wconf 79' lang='lat' dir='ltr'><strong>tv,</strong></span> <span class='ocrx_word' id='word_1_772' title='bbox 500 4749 585 4801; x_wconf 91' lang='grc'><strong>17.</strong></span> <span class='ocrx_word' id='word_1_773' title='bbox 662 4749 707 4780; x_wconf 74' lang='grc'><strong>⁸⁸</strong></span> <span class='ocrx_word' id='word_1_774' title='bbox 741 4748 779 4802; x_wconf 95' lang='lat' dir='ltr'><strong>ll</strong></span> <span class='ocrx_word' id='word_1_775' title='bbox 810 4748 933 4804; x_wconf 86' lang='lat' dir='ltr'><strong>Cor.</strong></span> <span class='ocrx_word' id='word_1_776' title='bbox 965 4749 1078 4814; x_wconf 76' lang='lat'><strong>1,5.</strong></span> <span class='ocrx_word' id='word_1_777' title='bbox 1119 4751 1162 4781; x_wconf 72' lang='grc'><strong>⁸³</strong></span> <span class='ocrx_word' id='word_1_778' title='bbox 1230 4749 1386 4803; x_wconf 80' lang='lat' dir='ltr'><strong>Rom.</strong></span> <span class='ocrx_word' id='word_1_779' title='bbox 1416 4765 1535 4816; x_wconf 86' lang='lat' dir='ltr'><strong>vttt,</strong></span> <span class='ocrx_word' id='word_1_780' title='bbox 1567 4750 1656 4806; x_wconf 90' lang='grc'><strong>18.</strong></span> 
     </span>
    </p>
   </div>
   <div class='ocr_carea' id='block_1_96' title="bbox 73 4809 1142 4884">
    <p class='ocr_par' dir='ltr' id='par_1_96' title="bbox 73 4809 1142 4884">
     <span class='ocr_line' id='line_1_96' title="bbox 73 4809 1142 4884; baseline 0.007 -19"><span class='ocrx_word' id='word_1_781' title='bbox 73 4809 163 4865; x_wconf 72' lang='lat' dir='ltr'><strong>“ll</strong></span> <span class='ocrx_word' id='word_1_782' title='bbox 190 4813 309 4871; x_wconf 88' lang='lat' dir='ltr'><strong>Cor.</strong></span> <span class='ocrx_word' id='word_1_783' title='bbox 344 4834 416 4884; x_wconf 82' lang='lat' dir='ltr'><strong>Iv,</strong></span> <span class='ocrx_word' id='word_1_784' title='bbox 443 4809 529 4874; x_wconf 81' lang='grc'><strong>16.</strong></span> <span class='ocrx_word' id='word_1_785' title='bbox 629 4820 676 4852; x_wconf 62' lang='grc' dir='ltr'><strong>νδ</strong></span> <span class='ocrx_word' id='word_1_786' title='bbox 703 4820 858 4875; x_wconf 81' lang='lat' dir='ltr'><strong>Rom.</strong></span> <span class='ocrx_word' id='word_1_787' title='bbox 895 4809 1025 4884; x_wconf 74' lang='grc' dir='ltr'><strong>νηί,</strong></span> <span class='ocrx_word' id='word_1_788' title='bbox 1053 4821 1142 4874; x_wconf 78' lang='grc'>20.</span> 
     </span>
    </p>
   </div>
   <div class='ocr_carea' id='block_1_97' title="bbox 133 4907 1616 5028">
    <p class='ocr_par' dir='ltr' id='par_1_97' title="bbox 133 4907 1616 5028">
     <span class='ocr_line' id='line_1_97' title="bbox 133 4907 1616 5028; baseline 0.005 -69"><span class='ocrx_word' id='word_1_789' title='bbox 133 4907 236 5028; x_wconf 50' lang='lat'><strong>(7;?)</strong></span> <span class='ocrx_word' id='word_1_790' title='bbox 261 4908 428 5028; x_wconf 54' lang='lat' dir='ltr'><strong>Alias:</strong></span> <span class='ocrx_word' id='word_1_791' title='bbox 462 4930 482 4964; x_wconf 75' lang='grc' dir='ltr'>ί</span> <span class='ocrx_word' id='word_1_792' title='bbox 511 4913 564 4969; x_wconf 89' lang='lat' dir='ltr'><strong>in</strong></span> <span class='ocrx_word' id='word_1_793' title='bbox 594 4913 916 4969; x_wconf 90' lang='lat' dir='ltr'><strong>immensum</strong></span> <span class='ocrx_word' id='word_1_794' title='bbox 951 4913 1113 4969; x_wconf 91' lang='lat' dir='ltr'><strong>nobis</strong></span> <span class='ocrx_word' id='word_1_795' title='bbox 1145 4921 1403 4968; x_wconf 69' lang='lat' dir='ltr'><strong>aeternum</strong></span> <span class='ocrx_word' id='word_1_796' title='bbox 1431 4911 1616 4981; x_wconf 75' lang='lat' dir='ltr'><strong>gloria:</strong></span> 
     </span>
     <span class='ocr_line' id='line_1_98' title="bbox 137 4993 475 5028; baseline 0.003 -1"><span class='ocrx_word' id='word_1_797' title='bbox 137 4995 179 5027; x_wconf 86' lang='grc'>11(</span> <span class='ocrx_word' id='word_1_798' title='bbox 202 4993 280 5028; x_wconf 85' lang='lat' dir='ltr'><strong>llS.</strong></span> <span class='ocrx_word' id='word_1_799' title='bbox 316 4999 334 5028; x_wconf 69' lang='grc' dir='ltr'><strong>ι</strong></span> <span class='ocrx_word' id='word_1_800' title='bbox 368 4997 399 5028; x_wconf 66' lang='lat'><strong>9.</strong></span> <span class='ocrx_word' id='word_1_801' title='bbox 427 5001 475 5028; x_wconf 67' lang='grc' dir='ltr'><strong>«ε-</strong></span> 
     </span>
    </p>
   </div>
   <div class='ocr_carea' id='block_1_98' title="bbox 75 4987 476 5043">
    <p class='ocr_par' dir='ltr' id='par_1_98' title="bbox 75 4987 476 5043">
     <span class='ocr_line' id='line_1_99' title="bbox 75 4987 476 5043; baseline 0.02 -18"><span class='ocrx_word' id='word_1_802' title='bbox 75 4987 280 5043; x_wconf 73' lang='grc' dir='ltr'>ροιιιιυε,</span> <span class='ocrx_word' id='word_1_803' title='bbox 315 4999 334 5032; x_wconf 70' lang='grc' dir='ltr'><strong>ι</strong></span> <span class='ocrx_word' id='word_1_804' title='bbox 368 4990 476 5038; x_wconf 84' lang='lat' dir='ltr'><strong>etc.</strong></span> 
     </span>
    </p>
   </div>
   <div class='ocr_carea' id='block_1_99' title="bbox 139 5044 1609 5124">
    <p class='ocr_par' dir='ltr' id='par_1_99' title="bbox 139 5044 1609 5124">
     <span class='ocr_line' id='line_1_100' title="bbox 139 5044 1609 5124; baseline -0.001 -16"><span class='ocrx_word' id='word_1_805' title='bbox 139 5044 240 5124; x_wconf 51' lang='grc'>(78)</span> <span class='ocrx_word' id='word_1_806' title='bbox 276 5048 365 5107; x_wconf 88' lang='lat' dir='ltr'><strong>Sic</strong></span> <span class='ocrx_word' id='word_1_807' title='bbox 385 5061 533 5108; x_wconf 89' lang='lat' dir='ltr'><strong>recte</strong></span> <span class='ocrx_word' id='word_1_808' title='bbox 567 5071 670 5109; x_wconf 89' lang='lat' dir='ltr'><strong>ms.</strong></span> <span class='ocrx_word' id='word_1_809' title='bbox 705 5069 848 5108; x_wconf 90' lang='lat' dir='ltr'><strong>unus</strong></span> <span class='ocrx_word' id='word_1_810' title='bbox 877 5053 1080 5124; x_wconf 82' lang='lat' dir='ltr'><strong>Regius</strong></span> <span class='ocrx_word' id='word_1_811' title='bbox 1111 5068 1260 5108; x_wconf 89' lang='lat' dir='ltr'><strong>num.</strong></span> <span class='ocrx_word' id='word_1_812' title='bbox 1298 5051 1460 5108; x_wconf 82' lang='grc'>1659.</span> <span class='ocrx_word' id='word_1_813' title='bbox 1492 5053 1609 5108; x_wconf 63' lang='lat' dir='ltr'><strong>Cae-</strong></span> 
     </span>
    </p>
   </div>
   <div class='ocr_carea' id='block_1_100' title="bbox 78 5122 1358 5188">
    <p class='ocr_par' dir='ltr' id='par_1_100' title="bbox 78 5122 1358 5188">
     <span class='ocr_line' id='line_1_101' title="bbox 78 5122 1358 5188; baseline 0.009 -24"><span class='ocrx_word' id='word_1_814' title='bbox 78 5122 305 5188; x_wconf 70' lang='lat' dir='ltr'><strong>tertvero</strong></span> <span class='ocrx_word' id='word_1_815' title='bbox 333 5136 460 5176; x_wconf 86' lang='lat' dir='ltr'><strong>mss.</strong></span> <span class='ocrx_word' id='word_1_816' title='bbox 487 5133 543 5179; x_wconf 92' lang='lat' dir='ltr'><strong>et</strong></span> <span class='ocrx_word' id='word_1_817' title='bbox 569 5125 720 5188; x_wconf 91' lang='lat' dir='ltr'><strong>editi,</strong></span> <span class='ocrx_word' id='word_1_818' title='bbox 764 5141 783 5174; x_wconf 72' lang='grc' dir='ltr'><strong>ι</strong></span> <span class='ocrx_word' id='word_1_819' title='bbox 816 5133 910 5177; x_wconf 89' lang='lat' dir='ltr'><strong>aut</strong></span> <span class='ocrx_word' id='word_1_820' title='bbox 940 5122 992 5178; x_wconf 78' lang='lat' dir='ltr'><strong>in</strong></span> <span class='ocrx_word' id='word_1_821' title='bbox 1022 5139 1297 5178; x_wconf 89' lang='lat' dir='ltr'><strong>mensura.</strong></span> <span class='ocrx_word' id='word_1_822' title='bbox 1339 5142 1358 5175; x_wconf 72' lang='grc' dir='ltr'><strong>ι</strong></span> 
     </span>
    </p>
   </div>
   <div class='ocr_carea' id='block_1_101' title="bbox 135 5187 1607 5266">
    <p class='ocr_par' dir='ltr' id='par_1_101' title="bbox 135 5187 1607 5266">
     <span class='ocr_line' id='line_1_102' title="bbox 135 5187 1607 5266; baseline 0.005 -27"><span class='ocrx_word' id='word_1_823' title='bbox 135 5187 235 5266; x_wconf 82' lang='grc'>(79)</span> <span class='ocrx_word' id='word_1_824' title='bbox 263 5189 428 5266; x_wconf 64' lang='lat' dir='ltr'><strong>Alias,</strong></span> <span class='ocrx_word' id='word_1_825' title='bbox 465 5211 486 5244; x_wconf 75' lang='grc' dir='ltr'><strong>ι</strong></span> <span class='ocrx_word' id='word_1_826' title='bbox 525 5194 629 5250; x_wconf 89' lang='lat' dir='ltr'><strong>Sed</strong></span> <span class='ocrx_word' id='word_1_827' title='bbox 663 5196 829 5248; x_wconf 89' lang='lat' dir='ltr'><strong>etiam</strong></span> <span class='ocrx_word' id='word_1_828' title='bbox 860 5193 947 5248; x_wconf 90' lang='lat' dir='ltr'><strong>illa</strong></span> <span class='ocrx_word' id='word_1_829' title='bbox 986 5204 1184 5264; x_wconf 85' lang='lat' dir='ltr'><strong>potest,</strong></span> <span class='ocrx_word' id='word_1_830' title='bbox 1218 5212 1237 5245; x_wconf 71' lang='grc' dir='ltr'><strong>ι</strong></span> <span class='ocrx_word' id='word_1_831' title='bbox 1281 5201 1386 5247; x_wconf 90' lang='lat' dir='ltr'><strong>etc.</strong></span> <span class='ocrx_word' id='word_1_832' title='bbox 1415 5233 1430 5258; x_wconf 94' lang='lat'><strong>,</strong></span> <span class='ocrx_word' id='word_1_833' title='bbox 1487 5193 1559 5247; x_wconf 90' lang='lat' dir='ltr'><strong>al.</strong></span> <span class='ocrx_word' id='word_1_834' title='bbox 1591 5234 1607 5260; x_wconf 92' lang='lat'><strong>,</strong></span> 
     </span>
    </p>
   </div>
   <div class='ocr_carea' id='block_1_102' title="bbox 82 5260 809 5333">
    <p class='ocr_par' dir='ltr' id='par_1_102' title="bbox 82 5260 809 5333">
     <span class='ocr_line' id='line_1_103' title="bbox 82 5260 809 5333; baseline 0.008 -24"><span class='ocrx_word' id='word_1_835' title='bbox 82 5269 97 5303; x_wconf 76' lang='grc' dir='ltr'><strong>ι</strong></span> <span class='ocrx_word' id='word_1_836' title='bbox 124 5260 296 5333; x_wconf 45' lang='lat' dir='ltr'><strong>sicel;</strong></span> <span class='ocrx_word' id='word_1_837' title='bbox 298 5260 390 5333; x_wconf 84' lang='lat' dir='ltr'><strong>illa</strong></span> <span class='ocrx_word' id='word_1_838' title='bbox 413 5273 612 5333; x_wconf 83' lang='lat' dir='ltr'><strong>potest,</strong></span> <span class='ocrx_word' id='word_1_839' title='bbox 653 5282 672 5316; x_wconf 77' lang='grc' dir='ltr'><strong>ι</strong></span> <span class='ocrx_word' id='word_1_840' title='bbox 705 5273 809 5319; x_wconf 90' lang='lat' dir='ltr'><strong>etc.</strong></span> 
     </span>
    </p>
   </div>
   <div class='ocr_carea' id='block_1_103' title="bbox 136 5322 1139 5398">
    <p class='ocr_par' dir='ltr' id='par_1_103' title="bbox 136 5322 1139 5398">
     <span class='ocr_line' id='line_1_104' title="bbox 136 5322 1139 5398; baseline 0.002 -14"><span class='ocrx_word' id='word_1_841' title='bbox 136 5322 233 5398; x_wconf 58' lang='grc' dir='ltr'>(ἕο)</span> <span class='ocrx_word' id='word_1_842' title='bbox 259 5322 431 5398; x_wconf 66' lang='grc' dir='ltr'><strong>Εᾴἰιίξ</strong></span> <span class='ocrx_word' id='word_1_843' title='bbox 448 5351 468 5385; x_wconf 71' lang='grc' dir='ltr'><strong>ε</strong></span> <span class='ocrx_word' id='word_1_844' title='bbox 502 5322 684 5389; x_wconf 78' lang='lat' dir='ltr'><strong>vocari</strong></span> <span class='ocrx_word' id='word_1_845' title='bbox 708 5333 1079 5388; x_wconf 90' lang='lat' dir='ltr'><strong>merebuntur.</strong></span> <span class='ocrx_word' id='word_1_846' title='bbox 1120 5352 1139 5386; x_wconf 73' lang='grc' dir='ltr'><strong>ι</strong></span> 
     </span>
    </p>
   </div>
   <div class='ocr_carea' id='block_1_104' title="bbox 140 5388 964 5482">
    <p class='ocr_par' dir='ltr' id='par_1_104' title="bbox 140 5388 964 5482">
     <span class='ocr_line' id='line_1_105' title="bbox 140 5388 964 5482; baseline -0.007 -22"><span class='ocrx_word' id='word_1_847' title='bbox 265 5388 428 5482; x_wconf 51' lang='grc' dir='ltr'><strong>Εἴρᾳ.</strong></span> <span class='ocrx_word' id='word_1_848' title='bbox 453 5388 617 5482; x_wconf 82' lang='lat' dir='ltr'><strong>Et|i_t_i,</strong></span> <span class='ocrx_word' id='word_1_849' title='bbox 653 5422 672 5482; x_wconf 62' lang='grc' dir='ltr'><strong>ς</strong></span> <span class='ocrx_word' id='word_1_850' title='bbox 704 5414 906 5482; x_wconf 76' lang='lat' dir='ltr'><strong>autem.</strong></span> <span class='ocrx_word' id='word_1_851' title='bbox 945 5421 964 5454; x_wconf 74' lang='grc' dir='ltr'><strong>ι</strong></span> 
     </span>
    </p>
   </div>
   <div class='ocr_carea' id='block_1_105' title="bbox 135 5465 1278 5542">
    <p class='ocr_par' dir='ltr' id='par_1_105' title="bbox 135 5465 1278 5542">
     <span class='ocr_line' id='line_1_106' title="bbox 135 5465 1278 5542; baseline -0.004 -12"><span class='ocrx_word' id='word_1_852' title='bbox 135 5465 423 5542; x_wconf 51' lang='grc' dir='ltr'><strong>(ἓὲὶὲᾀῖιί,</strong></span> <span class='ocrx_word' id='word_1_853' title='bbox 464 5491 484 5524; x_wconf 76' lang='lat' dir='ltr'><strong>r</strong></span> <span class='ocrx_word' id='word_1_854' title='bbox 517 5465 674 5527; x_wconf 70' lang='lat' dir='ltr'><strong>alieni</strong></span> <span class='ocrx_word' id='word_1_855' title='bbox 704 5473 1019 5542; x_wconf 87' lang='lat' dir='ltr'><strong>quidquam,</strong></span> <span class='ocrx_word' id='word_1_856' title='bbox 1063 5491 1080 5524; x_wconf 76' lang='grc' dir='ltr'><strong>ι</strong></span> <span class='ocrx_word' id='word_1_857' title='bbox 1119 5473 1278 5529; x_wconf 90' lang='lat' dir='ltr'><strong>male.</strong></span> 
     </span>
    </p>
   </div>
   <div class='ocr_carea' id='block_1_106' title="bbox 136 5534 1004 5679">
    <p class='ocr_par' dir='ltr' id='par_1_106' title="bbox 136 5534 1004 5679">
     <span class='ocr_line' id='line_1_107' title="bbox 136 5534 1004 5679; baseline -0.007 -79"><span class='ocrx_word' id='word_1_858' title='bbox 136 5534 239 5679; x_wconf 48' lang='lat'><strong>(85}</strong></span> <span class='ocrx_word' id='word_1_859' title='bbox 270 5534 430 5605; x_wconf 70' lang='lat' dir='ltr'><strong>Editi,</strong></span> <span class='ocrx_word' id='word_1_860' title='bbox 469 5563 486 5595; x_wconf 79' lang='grc' dir='ltr'><strong>ι</strong></span> <span class='ocrx_word' id='word_1_861' title='bbox 523 5545 624 5599; x_wconf 88' lang='lat' dir='ltr'><strong>sibi</strong></span> <span class='ocrx_word' id='word_1_862' title='bbox 659 5534 944 5599; x_wconf 69' lang='lat' dir='ltr'><strong>raiiottettt.</strong></span> <span class='ocrx_word' id='word_1_863' title='bbox 984 5562 1004 5594; x_wconf 60' lang='grc' dir='ltr'><strong>ι</strong></span> 
     </span>
     <span class='ocr_line' id='line_1_108' title="bbox 136 5606 995 5679; baseline -0.007 -7"><span class='ocrx_word' id='word_1_864' title='bbox 136 5606 218 5672; x_wconf 61' lang='grc'><strong>(84</strong></span> <span class='ocrx_word' id='word_1_865' title='bbox 275 5608 457 5679; x_wconf 77' lang='lat' dir='ltr'><strong>Editi,</strong></span> <span class='ocrx_word' id='word_1_866' title='bbox 500 5629 825 5679; x_wconf 88' lang='lat' dir='ltr'><strong>perperam,</strong></span> <span class='ocrx_word' id='word_1_867' title='bbox 871 5632 890 5664; x_wconf 70' lang='grc' dir='ltr'><strong>ε</strong></span> <span class='ocrx_word' id='word_1_868' title='bbox 942 5624 995 5668; x_wconf 85' lang='lat' dir='ltr'><strong>et</strong></span> 
     </span>
    </p>
   </div>
   <div class='ocr_carea' id='block_1_107' title="bbox 77 5606 1612 5727">
    <p class='ocr_par' dir='ltr' id='par_1_107' title="bbox 77 5606 1612 5727">
     <span class='ocr_line' id='line_1_109' title="bbox 77 5606 1612 5727; baseline 0.003 -61"><span class='ocrx_word' id='word_1_869' title='bbox 77 5606 238 5727; x_wconf 38' lang='lat'><strong>18(2):)</strong></span> <span class='ocrx_word' id='word_1_870' title='bbox 275 5608 457 5683; x_wconf 85' lang='lat' dir='ltr'><strong>Editi,</strong></span> <span class='ocrx_word' id='word_1_871' title='bbox 500 5629 825 5686; x_wconf 88' lang='lat' dir='ltr'><strong>perperam,</strong></span> <span class='ocrx_word' id='word_1_872' title='bbox 871 5632 890 5664; x_wconf 71' lang='grc' dir='ltr'><strong>ε</strong></span> <span class='ocrx_word' id='word_1_873' title='bbox 942 5624 995 5668; x_wconf 88' lang='lat' dir='ltr'><strong>et</strong></span> <span class='ocrx_word' id='word_1_874' title='bbox 1032 5628 1259 5683; x_wconf 87' lang='lat' dir='ltr'><strong>corpore</strong></span> <span class='ocrx_word' id='word_1_875' title='bbox 1287 5617 1612 5688; x_wconf 89' lang='lat' dir='ltr'><strong>corruptibi-</strong></span> 
     </span>
    </p>
   </div>
   <div class='ocr_carea' id='block_1_108' title="bbox 139 5745 1611 5825">
    <p class='ocr_par' dir='ltr' id='par_1_108' title="bbox 139 5745 1611 5825">
     <span class='ocr_line' id='line_1_110' title="bbox 139 5745 1611 5825; baseline 0.001 -14"><span class='ocrx_word' id='word_1_876' title='bbox 139 5745 242 5816; x_wconf 76' lang='lat' dir='ltr'><strong>l35)</strong></span> <span class='ocrx_word' id='word_1_877' title='bbox 268 5747 356 5806; x_wconf 87' lang='lat' dir='ltr'><strong>Sic</strong></span> <span class='ocrx_word' id='word_1_878' title='bbox 379 5749 634 5812; x_wconf 68' lang='lat' dir='ltr'><strong>ﬁabanus</strong></span> <span class='ocrx_word' id='word_1_879' title='bbox 667 5763 720 5811; x_wconf 91' lang='lat' dir='ltr'><strong>et</strong></span> <span class='ocrx_word' id='word_1_880' title='bbox 749 5769 849 5810; x_wconf 88' lang='lat' dir='ltr'><strong>ms.</strong></span> <span class='ocrx_word' id='word_1_881' title='bbox 879 5769 1017 5812; x_wconf 91' lang='lat' dir='ltr'><strong>unus</strong></span> <span class='ocrx_word' id='word_1_882' title='bbox 1049 5753 1265 5825; x_wconf 78' lang='lat' dir='ltr'><strong>Regius.</strong></span> <span class='ocrx_word' id='word_1_883' title='bbox 1300 5756 1437 5812; x_wconf 85' lang='lat' dir='ltr'><strong>Editi</strong></span> <span class='ocrx_word' id='word_1_884' title='bbox 1462 5772 1611 5824; x_wconf 84' lang='lat' dir='ltr'><strong>vcro,</strong></span> 
     </span>
    </p>
   </div>
   <div class='ocr_carea' id='block_1_109' title="bbox 1720 4654 3293 4725">
    <p class='ocr_par' dir='ltr' id='par_1_109' title="bbox 1720 4654 3293 4725">
     <span class='ocr_line' id='line_1_111' title="bbox 1720 4654 3293 4725; baseline 0 -17"><span class='ocrx_word' id='word_1_885' title='bbox 1720 4654 2058 4710; x_wconf 86' lang='lat' dir='ltr'><strong>rationabilis</strong></span> <span class='ocrx_word' id='word_1_886' title='bbox 2095 4654 2220 4709; x_wconf 91' lang='lat' dir='ltr'><strong>licet</strong></span> <span class='ocrx_word' id='word_1_887' title='bbox 2244 4669 2349 4708; x_wconf 92' lang='lat' dir='ltr'><strong>non</strong></span> <span class='ocrx_word' id='word_1_888' title='bbox 2383 4655 2570 4708; x_wconf 89' lang='lat' dir='ltr'><strong>volens</strong></span> <span class='ocrx_word' id='word_1_889' title='bbox 2617 4656 2858 4725; x_wconf 91' lang='lat' dir='ltr'><strong>subjecta</strong></span> <span class='ocrx_word' id='word_1_890' title='bbox 2890 4662 3013 4721; x_wconf 89' lang='lat' dir='ltr'><strong>est,</strong></span> <span class='ocrx_word' id='word_1_891' title='bbox 3043 4654 3293 4725; x_wconf 88' lang='lat' dir='ltr'><strong>subjecta</strong></span> 
     </span>
    </p>
   </div>
   <div class='ocr_carea' id='block_1_110' title="bbox 1729 4747 3287 4818">
    <p class='ocr_par' dir='ltr' id='par_1_110' title="bbox 1729 4747 3287 4818">
     <span class='ocr_line' id='line_1_112' title="bbox 1729 4747 3287 4818; baseline -0.001 -13"><span class='ocrx_word' id='word_1_892' title='bbox 1729 4751 1814 4806; x_wconf 82' lang='grc'><strong>⁹⁰1</strong></span> <span class='ocrx_word' id='word_1_893' title='bbox 1841 4750 1967 4805; x_wconf 89' lang='lat' dir='ltr'><strong>Cor.</strong></span> <span class='ocrx_word' id='word_1_894' title='bbox 2009 4767 2128 4818; x_wconf 77' lang='lat' dir='ltr'><strong>xui,</strong></span> <span class='ocrx_word' id='word_1_895' title='bbox 2155 4750 2243 4805; x_wconf 74' lang='grc'>1⁸2.</span> <span class='ocrx_word' id='word_1_896' title='bbox 2316 4751 2362 4782; x_wconf 78' lang='grc'>⁹¹</span> <span class='ocrx_word' id='word_1_897' title='bbox 2395 4747 2760 4814; x_wconf 76' lang='lat' dir='ltr'><strong>lJoan.ttt,2.</strong></span> <span class='ocrx_word' id='word_1_898' title='bbox 2835 4749 3106 4809; x_wconf 81' lang='lat' dir='ltr'><strong>&quot;Coloss.</strong></span> <span class='ocrx_word' id='word_1_899' title='bbox 3136 4766 3198 4818; x_wconf 82' lang='grc' dir='ltr'>ιι,</span> <span class='ocrx_word' id='word_1_900' title='bbox 3232 4752 3287 4807; x_wconf 77' lang='lat'><strong>5.</strong></span> 
     </span>
    </p>
   </div>
   <div class='ocr_carea' id='block_1_111' title="bbox 1730 4907 3289 4965">
    <p class='ocr_par' dir='ltr' id='par_1_111' title="bbox 1730 4907 3289 4965">
     <span class='ocr_line' id='line_1_113' title="bbox 1730 4907 3289 4965; baseline 0.001 -1"><span class='ocrx_word' id='word_1_901' title='bbox 1730 4931 1748 4964; x_wconf 76' lang='grc' dir='ltr'><strong>ι</strong></span> <span class='ocrx_word' id='word_1_902' title='bbox 1792 4909 2072 4965; x_wconf 89' lang='lat' dir='ltr'><strong>lnterioris</strong></span> <span class='ocrx_word' id='word_1_903' title='bbox 2105 4917 2282 4964; x_wconf 89' lang='lat' dir='ltr'><strong>autem</strong></span> <span class='ocrx_word' id='word_1_904' title='bbox 2310 4909 2545 4963; x_wconf 90' lang='lat' dir='ltr'><strong>hominis</strong></span> <span class='ocrx_word' id='word_1_905' title='bbox 2573 4909 2626 4962; x_wconf 93' lang='lat' dir='ltr'><strong>in</strong></span> <span class='ocrx_word' id='word_1_906' title='bbox 2659 4907 2745 4962; x_wconf 91' lang='lat' dir='ltr'><strong>his</strong></span> <span class='ocrx_word' id='word_1_907' title='bbox 2774 4909 3072 4963; x_wconf 89' lang='lat' dir='ltr'><strong>renovatio.</strong></span> <span class='ocrx_word' id='word_1_908' title='bbox 3111 4927 3132 4959; x_wconf 72' lang='grc' dir='ltr'><strong>ι</strong></span> <span class='ocrx_word' id='word_1_909' title='bbox 3157 4907 3289 4965; x_wconf 82' lang='lat' dir='ltr'><strong>lllss.</strong></span> 
     </span>
    </p>
   </div>
   <div class='ocr_carea' id='block_1_112' title="bbox 1720 4978 3286 5053">
    <p class='ocr_par' dir='ltr' id='par_1_112' title="bbox 1720 4978 3286 5053">
     <span class='ocr_line' id='line_1_114' title="bbox 1720 4978 3286 5053; baseline 0 -19"><span class='ocrx_word' id='word_1_910' title='bbox 1720 4982 1962 5053; x_wconf 86' lang='lat' dir='ltr'><strong>quidam,</strong></span> <span class='ocrx_word' id='word_1_911' title='bbox 1999 4999 2022 5053; x_wconf 57' lang='grc' dir='ltr'><em>μ</em></span> <span class='ocrx_word' id='word_1_912' title='bbox 2062 4978 2341 5035; x_wconf 89' lang='lat' dir='ltr'><strong>lnterioris</strong></span> <span class='ocrx_word' id='word_1_913' title='bbox 2379 4989 2559 5034; x_wconf 90' lang='lat' dir='ltr'><strong>autem</strong></span> <span class='ocrx_word' id='word_1_914' title='bbox 2589 4980 2825 5034; x_wconf 80' lang='lat' dir='ltr'><strong>ilOlllilllS</strong></span> <span class='ocrx_word' id='word_1_915' title='bbox 2857 4979 3008 5048; x_wconf 89' lang='lat' dir='ltr'><strong>cujus</strong></span> <span class='ocrx_word' id='word_1_916' title='bbox 3051 4995 3286 5035; x_wconf 88' lang='lat' dir='ltr'><strong>renova-</strong></span> 
     </span>
    </p>
   </div>
   <div class='ocr_carea' id='block_1_113' title="bbox 1723 5049 2069 5116">
    <p class='ocr_par' dir='ltr' id='par_1_113' title="bbox 1723 5049 2069 5116">
     <span class='ocr_line' id='line_1_115' title="bbox 1723 5049 2069 5116; baseline -0.014 -8"><span class='ocrx_word' id='word_1_917' title='bbox 1723 5049 1819 5116; x_wconf 82' lang='lat' dir='ltr'><strong>tio,</strong></span> <span class='ocrx_word' id='word_1_918' title='bbox 1853 5071 1871 5103; x_wconf 72' lang='grc' dir='ltr'><strong>ι</strong></span> <span class='ocrx_word' id='word_1_919' title='bbox 1908 5049 2069 5104; x_wconf 89' lang='lat' dir='ltr'><strong>male.</strong></span> 
     </span>
    </p>
   </div>
   <div class='ocr_carea' id='block_1_114' title="bbox 1788 5119 2506 5192">
    <p class='ocr_par' dir='ltr' id='par_1_114' title="bbox 1788 5119 2506 5192">
     <span class='ocr_line' id='line_1_116' title="bbox 1788 5119 2506 5192; baseline -0.01 -14"><span class='ocrx_word' id='word_1_920' title='bbox 1788 5123 1900 5192; x_wconf 86' lang='lat'><strong>(86)</strong></span> <span class='ocrx_word' id='word_1_921' title='bbox 1937 5119 2027 5174; x_wconf 82' lang='lat' dir='ltr'><strong>Et.</strong></span> <span class='ocrx_word' id='word_1_922' title='bbox 2059 5120 2219 5174; x_wconf 89' lang='lat' dir='ltr'><strong>Deest</strong></span> <span class='ocrx_word' id='word_1_923' title='bbox 2249 5119 2302 5174; x_wconf 90' lang='lat' dir='ltr'><strong>in</strong></span> <span class='ocrx_word' id='word_1_924' title='bbox 2328 5119 2506 5173; x_wconf 87' lang='lat' dir='ltr'><strong>editis.</strong></span> 
     </span>
    </p>
   </div>
   <div class='ocr_carea' id='block_1_115' title="bbox 1790 5189 3311 5317">
    <p class='ocr_par' dir='ltr' id='par_1_115' title="bbox 1790 5189 3311 5317">
     <span class='ocr_line' id='line_1_117' title="bbox 1790 5189 3311 5317; baseline -0.003 -70"><span class='ocrx_word' id='word_1_925' title='bbox 1790 5189 1903 5317; x_wconf 65' lang='lat'><strong>(87)</strong></span> <span class='ocrx_word' id='word_1_926' title='bbox 1932 5192 2095 5257; x_wconf 88' lang='lat' dir='ltr'><strong>Editi,</strong></span> <span class='ocrx_word' id='word_1_927' title='bbox 2126 5208 2144 5240; x_wconf 79' lang='grc' dir='ltr'>σ</span> <span class='ocrx_word' id='word_1_928' title='bbox 2184 5191 2392 5253; x_wconf 85' lang='lat' dir='ltr'><strong>statim,</strong></span> <span class='ocrx_word' id='word_1_929' title='bbox 2423 5209 2441 5242; x_wconf 72' lang='grc' dir='ltr'><strong>ι</strong></span> <span class='ocrx_word' id='word_1_930' title='bbox 2473 5190 2631 5244; x_wconf 91' lang='lat' dir='ltr'><strong>male.</strong></span> <span class='ocrx_word' id='word_1_931' title='bbox 2667 5189 2875 5245; x_wconf 90' lang='lat' dir='ltr'><strong>Deinde</strong></span> <span class='ocrx_word' id='word_1_932' title='bbox 2895 5205 3024 5245; x_wconf 90' lang='lat' dir='ltr'><strong>mss.</strong></span> <span class='ocrx_word' id='word_1_933' title='bbox 3060 5189 3311 5258; x_wconf 87' lang='lat' dir='ltr'><strong>quidam.</strong></span> 
     </span>
     <span class='ocr_line' id='line_1_118' title="bbox 1819 5261 3310 5317; baseline 0.001 -1"><span class='ocrx_word' id='word_1_934' title='bbox 1819 5267 2076 5317; x_wconf 69' lang='lat' dir='ltr'><strong>tabanus.</strong></span> <span class='ocrx_word' id='word_1_935' title='bbox 2109 5280 2126 5312; x_wconf 77' lang='grc' dir='ltr'><strong>ι</strong></span> <span class='ocrx_word' id='word_1_936' title='bbox 2159 5270 2216 5314; x_wconf 87' lang='lat' dir='ltr'><strong>et</strong></span> <span class='ocrx_word' id='word_1_937' title='bbox 2244 5263 2416 5317; x_wconf 83' lang='lat' dir='ltr'><strong>ipsam</strong></span> <span class='ocrx_word' id='word_1_938' title='bbox 2453 5261 2729 5315; x_wconf 90' lang='lat' dir='ltr'><strong>interioris</strong></span> <span class='ocrx_word' id='word_1_939' title='bbox 2753 5261 3020 5317; x_wconf 88' lang='lat' dir='ltr'><strong>hominis.</strong></span> <span class='ocrx_word' id='word_1_940' title='bbox 3050 5261 3151 5313; x_wconf 90' lang='lat' dir='ltr'><strong>hoc</strong></span> <span class='ocrx_word' id='word_1_941' title='bbox 3173 5271 3310 5317; x_wconf 33' lang='lat' dir='ltr'><strong>est..</strong></span> 
     </span>
    </p>
   </div>
   <div class='ocr_carea' id='block_1_116' title="bbox 1715 5261 3312 5329">
    <p class='ocr_par' dir='ltr' id='par_1_116' title="bbox 1715 5261 3312 5329">
     <span class='ocr_line' id='line_1_119' title="bbox 1715 5261 3312 5329; baseline -0.001 -13"><span class='ocrx_word' id='word_1_942' title='bbox 1715 5273 1770 5318; x_wconf 92' lang='lat' dir='ltr'><strong>et</strong></span> <span class='ocrx_word' id='word_1_943' title='bbox 1800 5261 2076 5325; x_wconf 70' lang='lat' dir='ltr'><strong>ltabanus,</strong></span> <span class='ocrx_word' id='word_1_944' title='bbox 2109 5280 2126 5312; x_wconf 78' lang='grc' dir='ltr'><strong>ι</strong></span> <span class='ocrx_word' id='word_1_945' title='bbox 2159 5270 2216 5314; x_wconf 87' lang='lat' dir='ltr'><strong>et</strong></span> <span class='ocrx_word' id='word_1_946' title='bbox 2244 5263 2416 5329; x_wconf 88' lang='lat' dir='ltr'><strong>ipsam</strong></span> <span class='ocrx_word' id='word_1_947' title='bbox 2453 5261 2729 5315; x_wconf 90' lang='lat' dir='ltr'><strong>interioris</strong></span> <span class='ocrx_word' id='word_1_948' title='bbox 2753 5261 3020 5322; x_wconf 87' lang='lat' dir='ltr'><strong>hominis.</strong></span> <span class='ocrx_word' id='word_1_949' title='bbox 3050 5261 3151 5313; x_wconf 91' lang='lat' dir='ltr'><strong>hoc</strong></span> <span class='ocrx_word' id='word_1_950' title='bbox 3173 5271 3312 5328; x_wconf 31' lang='lat' dir='ltr'><strong>est”</strong></span> 
     </span>
    </p>
   </div>
   <div class='ocr_carea' id='block_1_117' title="bbox 1716 5329 3344 5401">
    <p class='ocr_par' dir='ltr' id='par_1_117' title="bbox 1716 5329 3344 5401">
     <span class='ocr_line' id='line_1_120' title="bbox 1716 5329 3344 5401; baseline 0 -15"><span class='ocrx_word' id='word_1_951' title='bbox 1716 5335 1910 5388; x_wconf 72' lang='lat' dir='ltr'><strong>anima:</strong></span> <span class='ocrx_word' id='word_1_952' title='bbox 1938 5334 2243 5401; x_wconf 89' lang='lat' dir='ltr'><strong>mentisque</strong></span> <span class='ocrx_word' id='word_1_953' title='bbox 2278 5332 2618 5392; x_wconf 71' lang='lat' dir='ltr'><strong>substantiae,</strong></span> <span class='ocrx_word' id='word_1_954' title='bbox 2657 5350 2676 5382; x_wconf 77' lang='grc' dir='ltr'><strong>ι</strong></span> <span class='ocrx_word' id='word_1_955' title='bbox 2711 5343 2813 5386; x_wconf 88' lang='lat' dir='ltr'><strong>etc.</strong></span> <span class='ocrx_word' id='word_1_956' title='bbox 2845 5332 2948 5385; x_wconf 85' lang='lat' dir='ltr'><strong>Sed</strong></span> <span class='ocrx_word' id='word_1_957' title='bbox 2983 5329 3173 5384; x_wconf 89' lang='lat' dir='ltr'><strong>melior</strong></span> <span class='ocrx_word' id='word_1_958' title='bbox 3200 5332 3281 5386; x_wconf 92' lang='lat' dir='ltr'><strong>vi-</strong></span> <span class='ocrx_word' id='word_1_959' title='bbox 3339 5335 3344 5344; x_wconf 91' lang='lat'>&#39;</span> 
     </span>
    </p>
   </div>
   <div class='ocr_carea' id='block_1_118' title="bbox 1719 5401 3276 5470">
    <p class='ocr_par' dir='ltr' id='par_1_118' title="bbox 1719 5401 3276 5470">
     <span class='ocr_line' id='line_1_121' title="bbox 1719 5401 3276 5470; baseline -0.003 -11"><span class='ocrx_word' id='word_1_960' title='bbox 1719 5405 1880 5459; x_wconf 90' lang='lat' dir='ltr'><strong>detur</strong></span> <span class='ocrx_word' id='word_1_961' title='bbox 1911 5403 2070 5456; x_wconf 88' lang='lat' dir='ltr'><strong>lectio</strong></span> <span class='ocrx_word' id='word_1_962' title='bbox 2098 5402 2303 5457; x_wconf 86' lang='lat' dir='ltr'><strong>codicis</strong></span> <span class='ocrx_word' id='word_1_963' title='bbox 2334 5401 2485 5470; x_wconf 80' lang='lat' dir='ltr'><strong>Regii</strong></span> <span class='ocrx_word' id='word_1_964' title='bbox 2538 5417 2689 5456; x_wconf 91' lang='lat' dir='ltr'><strong>num.</strong></span> <span class='ocrx_word' id='word_1_965' title='bbox 2721 5402 2860 5458; x_wconf 79' lang='grc'>1659</span> <span class='ocrx_word' id='word_1_966' title='bbox 2885 5412 2939 5454; x_wconf 90' lang='lat' dir='ltr'><strong>et</strong></span> <span class='ocrx_word' id='word_1_967' title='bbox 2965 5401 3233 5455; x_wconf 89' lang='lat' dir='ltr'><strong>editorum</strong></span> <span class='ocrx_word' id='word_1_968' title='bbox 3260 5443 3276 5468; x_wconf 94' lang='lat'><strong>,</strong></span> 
     </span>
    </p>
   </div>
   <div class='ocr_carea' id='block_1_119' title="bbox 1718 5471 2574 5543">
    <p class='ocr_par' dir='ltr' id='par_1_119' title="bbox 1718 5471 2574 5543">
     <span class='ocr_line' id='line_1_122' title="bbox 1718 5471 2574 5543; baseline -0.004 -16"><span class='ocrx_word' id='word_1_969' title='bbox 1718 5489 1878 5543; x_wconf 88' lang='lat' dir='ltr'><strong>quam</strong></span> <span class='ocrx_word' id='word_1_970' title='bbox 1908 5472 1961 5526; x_wconf 91' lang='lat' dir='ltr'><strong>in</strong></span> <span class='ocrx_word' id='word_1_971' title='bbox 1999 5483 2200 5526; x_wconf 84' lang='lat' dir='ltr'><strong>textum</strong></span> <span class='ocrx_word' id='word_1_972' title='bbox 2232 5471 2574 5526; x_wconf 89' lang='lat' dir='ltr'><strong>retinuimus.</strong></span> 
     </span>
    </p>
   </div>
   <div class='ocr_carea' id='block_1_120' title="bbox 1790 5542 2996 5608">
    <p class='ocr_par' dir='ltr' id='par_1_120' title="bbox 1790 5542 2996 5608">
     <span class='ocr_line' id='line_1_123' title="bbox 1790 5542 2996 5608; baseline -0.002 -10"><span class='ocrx_word' id='word_1_973' title='bbox 1790 5543 1900 5608; x_wconf 88' lang='lat'><strong>(88)</strong></span> <span class='ocrx_word' id='word_1_974' title='bbox 1933 5544 2097 5608; x_wconf 85' lang='lat' dir='ltr'><strong>Editi,</strong></span> <span class='ocrx_word' id='word_1_975' title='bbox 2135 5560 2153 5593; x_wconf 85' lang='grc'><em>‹</em></span> <span class='ocrx_word' id='word_1_976' title='bbox 2182 5544 2287 5596; x_wconf 85' lang='lat' dir='ltr'><strong>Sed</strong></span> <span class='ocrx_word' id='word_1_977' title='bbox 2317 5550 2370 5595; x_wconf 91' lang='lat' dir='ltr'><strong>et</strong></span> <span class='ocrx_word' id='word_1_978' title='bbox 2396 5551 2542 5595; x_wconf 87' lang='lat' dir='ltr'><strong>tanta</strong></span> <span class='ocrx_word' id='word_1_979' title='bbox 2573 5551 2628 5597; x_wconf 89' lang='lat' dir='ltr'><strong>et</strong></span> <span class='ocrx_word' id='word_1_980' title='bbox 2663 5542 2802 5607; x_wconf 88' lang='lat' dir='ltr'><strong>talis,</strong></span> <span class='ocrx_word' id='word_1_981' title='bbox 2845 5561 2862 5594; x_wconf 76' lang='grc' dir='ltr'><strong>ι</strong></span> <span class='ocrx_word' id='word_1_982' title='bbox 2892 5549 2996 5596; x_wconf 85' lang='lat' dir='ltr'><strong>etc.</strong></span> 
     </span>
    </p>
   </div>
   <div class='ocr_carea' id='block_1_121' title="bbox 1790 5543 3280 5739">
    <p class='ocr_par' dir='ltr' id='par_1_121' title="bbox 1790 5543 3280 5739">
     <span class='ocr_line' id='line_1_124' title="bbox 1790 5543 2996 5608; baseline -0.002 -10"><span class='ocrx_word' id='word_1_983' title='bbox 1790 5544 1879 5607; x_wconf 89' lang='lat'><strong>(88</strong></span> <span class='ocrx_word' id='word_1_984' title='bbox 1933 5544 2097 5608; x_wconf 85' lang='lat' dir='ltr'><strong>Editi,</strong></span> <span class='ocrx_word' id='word_1_985' title='bbox 2135 5560 2153 5593; x_wconf 85' lang='grc'><em>‹</em></span> <span class='ocrx_word' id='word_1_986' title='bbox 2182 5544 2287 5596; x_wconf 85' lang='lat' dir='ltr'><strong>Sed</strong></span> <span class='ocrx_word' id='word_1_987' title='bbox 2317 5550 2370 5595; x_wconf 91' lang='lat' dir='ltr'><strong>et</strong></span> <span class='ocrx_word' id='word_1_988' title='bbox 2396 5551 2542 5595; x_wconf 87' lang='lat' dir='ltr'><strong>tanta</strong></span> <span class='ocrx_word' id='word_1_989' title='bbox 2573 5551 2628 5597; x_wconf 89' lang='lat' dir='ltr'><strong>et</strong></span> <span class='ocrx_word' id='word_1_990' title='bbox 2663 5543 2802 5607; x_wconf 88' lang='lat' dir='ltr'><strong>talis,</strong></span> <span class='ocrx_word' id='word_1_991' title='bbox 2845 5561 2862 5594; x_wconf 76' lang='grc' dir='ltr'><strong>ι</strong></span> <span class='ocrx_word' id='word_1_992' title='bbox 2892 5549 2996 5596; x_wconf 85' lang='lat' dir='ltr'><strong>etc.</strong></span> 
     </span>
     <span class='ocr_line' id='line_1_125' title="bbox 1790 5543 3280 5739; baseline -0.002 -72"><span class='ocrx_word' id='word_1_993' title='bbox 1790 5543 1917 5739; x_wconf 49' lang='lat'><strong>(892‘</strong></span> <span class='ocrx_word' id='word_1_994' title='bbox 1945 5614 2034 5668; x_wconf 91' lang='lat' dir='ltr'><strong>Sic</strong></span> <span class='ocrx_word' id='word_1_995' title='bbox 2070 5627 2170 5666; x_wconf 90' lang='lat' dir='ltr'><strong>ms.</strong></span> <span class='ocrx_word' id='word_1_996' title='bbox 2203 5628 2341 5666; x_wconf 90' lang='lat' dir='ltr'><strong>unus</strong></span> <span class='ocrx_word' id='word_1_997' title='bbox 2393 5612 2592 5680; x_wconf 80' lang='lat' dir='ltr'><strong>Regius</strong></span> <span class='ocrx_word' id='word_1_998' title='bbox 2630 5631 2775 5667; x_wconf 84' lang='lat' dir='ltr'><strong>num.</strong></span> <span class='ocrx_word' id='word_1_999' title='bbox 2814 5613 2952 5666; x_wconf 78' lang='lat'><strong>1659</strong></span> <span class='ocrx_word' id='word_1_1000' title='bbox 2977 5619 3053 5693; x_wconf 82' lang='lat' dir='ltr'><strong>_et</strong></span> <span class='ocrx_word' id='word_1_1001' title='bbox 3102 5613 3280 5667; x_wconf 83' lang='lat' dir='ltr'><strong>Raba-</strong></span> 
     </span>
     <span class='ocr_line' id='line_1_126' title="bbox 1796 5683 3280 5739; baseline -0.003 0"><span class='ocrx_word' id='word_1_1002' title='bbox 1796 5699 1841 5739; x_wconf 89' lang='lat' dir='ltr'><strong>s.</strong></span> <span class='ocrx_word' id='word_1_1003' title='bbox 1903 5685 2019 5739; x_wconf 91' lang='lat' dir='ltr'><strong>‘diti</strong></span> <span class='ocrx_word' id='word_1_1004' title='bbox 2050 5697 2178 5738; x_wconf 91' lang='lat' dir='ltr'><strong>vero</strong></span> <span class='ocrx_word' id='word_1_1005' title='bbox 2205 5689 2259 5737; x_wconf 88' lang='lat' dir='ltr'><strong>ct</strong></span> <span class='ocrx_word' id='word_1_1006' title='bbox 2285 5698 2414 5738; x_wconf 84' lang='lat' dir='ltr'><strong>mss.</strong></span> <span class='ocrx_word' id='word_1_1007' title='bbox 2442 5685 2708 5739; x_wconf 80' lang='lat' dir='ltr'><strong>plerique.</strong></span> <span class='ocrx_word' id='word_1_1008' title='bbox 2745 5702 2762 5735; x_wconf 72' lang='grc' dir='ltr'><strong>ι</strong></span> <span class='ocrx_word' id='word_1_1009' title='bbox 2797 5683 3160 5739; x_wconf 74' lang='grc' dir='ltr'>ᾱὶεωειιοιιυω</span> <span class='ocrx_word' id='word_1_1010' title='bbox 3185 5698 3280 5739; x_wconf 73' lang='grc' dir='ltr'><strong>ουτ</strong></span> 
     </span>
    </p>
   </div>
   <div class='ocr_carea' id='block_1_122' title="bbox 1721 5683 3283 5756">
    <p class='ocr_par' dir='ltr' id='par_1_122' title="bbox 1721 5683 3283 5756">
     <span class='ocr_line' id='line_1_127' title="bbox 1721 5683 3283 5756; baseline -0.003 -16"><span class='ocrx_word' id='word_1_1011' title='bbox 1721 5683 1841 5741; x_wconf 86' lang='lat' dir='ltr'><strong>nus.</strong></span> <span class='ocrx_word' id='word_1_1012' title='bbox 1874 5683 2019 5739; x_wconf 82' lang='lat' dir='ltr'><strong>Editi</strong></span> <span class='ocrx_word' id='word_1_1013' title='bbox 2050 5697 2178 5738; x_wconf 91' lang='lat' dir='ltr'><strong>vero</strong></span> <span class='ocrx_word' id='word_1_1014' title='bbox 2205 5689 2259 5737; x_wconf 90' lang='lat' dir='ltr'><strong>ct</strong></span> <span class='ocrx_word' id='word_1_1015' title='bbox 2285 5698 2414 5738; x_wconf 83' lang='lat' dir='ltr'><strong>mss.</strong></span> <span class='ocrx_word' id='word_1_1016' title='bbox 2442 5685 2708 5754; x_wconf 86' lang='lat' dir='ltr'><strong>plerique,</strong></span> <span class='ocrx_word' id='word_1_1017' title='bbox 2745 5702 2762 5735; x_wconf 76' lang='grc' dir='ltr'><strong>ι</strong></span> <span class='ocrx_word' id='word_1_1018' title='bbox 2797 5683 3160 5752; x_wconf 84' lang='lat' dir='ltr'><strong>digestionum</strong></span> <span class='ocrx_word' id='word_1_1019' title='bbox 3183 5698 3283 5756; x_wconf 73' lang='grc' dir='ltr'><strong>ρυτ</strong></span> 
     </span>
    </p>
   </div>
   <div class='ocr_carea' id='block_1_123' title="bbox 1723 5768 1967 5813">
    <p class='ocr_par' dir='ltr' id='par_1_123' title="bbox 1723 5768 1967 5813">
     <span class='ocr_line' id='line_1_128' title="bbox 1723 5768 1967 5813; baseline -0.004 -3"><span class='ocrx_word' id='word_1_1020' title='bbox 1723 5768 1888 5813; x_wconf 70' lang='grc' dir='ltr'>ιονριιι</span> <span class='ocrx_word' id='word_1_1021' title='bbox 1899 5797 1910 5809; x_wconf 96' lang='grc'><strong>.</strong></span> <span class='ocrx_word' id='word_1_1022' title='bbox 1946 5772 1967 5809; x_wconf 72' lang='grc' dir='ltr'><strong>ι</strong></span> 
     </span>
    </p>
   </div>
  </div>
