  <div class='ocr_page' id='page_1' title='image "/cluster/home/n/w/nwhite01/storage/ocr_20150623/14/mdp.39015052831362/639.png"; bbox 0 0 3692 6138; ppageno 0'>
   <div class='ocr_carea' id='block_1_1' title="bbox 381 250 3579 314">
    <p class='ocr_par' dir='ltr' id='par_1_1' title="bbox 381 250 3579 314">
     <span class='ocr_line' id='line_1_1' title="bbox 381 250 3579 314; baseline 0.005 -17"><span class='ocrx_word' id='word_1_1' title='bbox 381 250 405 297; x_wconf 74' lang='grc'><strong>1</strong></span> <span class='ocrx_word' id='word_1_2' title='bbox 420 250 439 297; x_wconf 84' lang='lat' dir='ltr'><strong>t</strong></span> <span class='ocrx_word' id='word_1_3' title='bbox 455 250 512 298; x_wconf 78' lang='grc'><strong>11</strong></span> <span class='ocrx_word' id='word_1_4' title='bbox 1866 250 2189 310; x_wconf 75' lang='lat' dir='ltr'><strong>ORIGENIS</strong></span> <span class='ocrx_word' id='word_1_5' title='bbox 3473 257 3579 314; x_wconf 75' lang='lat' dir='ltr'><strong>lll‘.‘</strong></span> 
     </span>
    </p>
   </div>
   <div class='ocr_carea' id='block_1_2' title="bbox 381 364 3578 448">
    <p class='ocr_par' dir='ltr' id='par_1_2' title="bbox 381 364 3578 448">
     <span class='ocr_line' id='line_1_2' title="bbox 381 364 3578 448; baseline 0.006 -33"><span class='ocrx_word' id='word_1_6' title='bbox 381 369 561 418; x_wconf 90' lang='lat' dir='ltr'><strong>tamen</strong></span> <span class='ocrx_word' id='word_1_7' title='bbox 602 364 657 419; x_wconf 87' lang='lat' dir='ltr'><strong>in</strong></span> <span class='ocrx_word' id='word_1_8' title='bbox 704 381 838 435; x_wconf 85' lang='lat' dir='ltr'><strong>spe;</strong></span> <span class='ocrx_word' id='word_1_9' title='bbox 890 377 1101 439; x_wconf 97' lang='lat' dir='ltr'><strong>tempus</strong></span> <span class='ocrx_word' id='word_1_10' title='bbox 1139 372 1389 429; x_wconf 90' lang='lat' dir='ltr'><strong>videlicet</strong></span> <span class='ocrx_word' id='word_1_11' title='bbox 1419 388 1644 444; x_wconf 89' lang='lat' dir='ltr'><strong>sperans</strong></span> <span class='ocrx_word' id='word_1_12' title='bbox 1675 386 1783 442; x_wconf 92' lang='lat' dir='ltr'><strong>quo</strong></span> <span class='ocrx_word' id='word_1_13' title='bbox 1815 369 1950 424; x_wconf 91' lang='lat' dir='ltr'><strong>lihe-</strong></span> <span class='ocrx_word' id='word_1_14' title='bbox 1983 373 2026 428; x_wconf 79' lang='grc' dir='ltr'>Α</span> <span class='ocrx_word' id='word_1_15' title='bbox 2059 368 2168 434; x_wconf 72' lang='lat' dir='ltr'><strong>Ego</strong></span> <span class='ocrx_word' id='word_1_16' title='bbox 2202 368 2366 422; x_wconf 84' lang='lat' dir='ltr'><strong>etiam</strong></span> <span class='ocrx_word' id='word_1_17' title='bbox 2418 367 2487 422; x_wconf 90' lang='lat' dir='ltr'><strong>de</strong></span> <span class='ocrx_word' id='word_1_18' title='bbox 2533 369 2875 440; x_wconf 86' lang='lat' dir='ltr'><strong>archangelis</strong></span> <span class='ocrx_word' id='word_1_19' title='bbox 2921 368 3024 424; x_wconf 90' lang='lat' dir='ltr'><strong>tale</strong></span> <span class='ocrx_word' id='word_1_20' title='bbox 3068 371 3266 443; x_wconf 88' lang='lat' dir='ltr'><strong>aliquid</strong></span> <span class='ocrx_word' id='word_1_21' title='bbox 3318 373 3578 448; x_wconf 70' lang='lat' dir='ltr'><strong>intelligere</strong></span> 
     </span>
    </p>
   </div>
   <div class='ocr_carea' id='block_1_3' title="bbox 379 461 3580 538">
    <p class='ocr_par' dir='ltr' id='par_1_3' title="bbox 379 461 3580 538">
     <span class='ocr_line' id='line_1_3' title="bbox 379 461 3580 538; baseline 0.002 -25"><span class='ocrx_word' id='word_1_22' title='bbox 379 467 555 528; x_wconf 88' lang='lat' dir='ltr'><strong>retur,</strong></span> <span class='ocrx_word' id='word_1_23' title='bbox 587 476 709 515; x_wconf 91' lang='lat' dir='ltr'><strong>cum</strong></span> <span class='ocrx_word' id='word_1_24' title='bbox 747 463 982 517; x_wconf 79' lang='lat' dir='ltr'><strong>ﬁliorum</strong></span> <span class='ocrx_word' id='word_1_25' title='bbox 1033 464 1124 520; x_wconf 87' lang='lat' dir='ltr'><strong>Dei</strong></span> <span class='ocrx_word' id='word_1_26' title='bbox 1159 464 1272 538; x_wconf 83' lang='lat'><strong>(90)</strong></span> <span class='ocrx_word' id='word_1_27' title='bbox 1307 478 1522 537; x_wconf 87' lang='lat' dir='ltr'><strong>tempus</strong></span> <span class='ocrx_word' id='word_1_28' title='bbox 1553 467 1824 521; x_wconf 71' lang='lat' dir='ltr'><strong>libertatis</strong></span> <span class='ocrx_word' id='word_1_29' title='bbox 1859 465 1951 518; x_wconf 81' lang='lat' dir='ltr'><strong>ad-</strong></span> <span class='ocrx_word' id='word_1_30' title='bbox 2054 461 2386 529; x_wconf 89' lang='lat' dir='ltr'><strong>propheticis</strong></span> <span class='ocrx_word' id='word_1_31' title='bbox 2420 461 2622 514; x_wconf 80' lang='lat' dir='ltr'><strong>invitor</strong></span> <span class='ocrx_word' id='word_1_32' title='bbox 2651 462 2900 532; x_wconf 89' lang='lat' dir='ltr'><strong>eloquiis.</strong></span> <span class='ocrx_word' id='word_1_33' title='bbox 2947 463 3082 531; x_wconf 86' lang='lat' dir='ltr'><strong>Quid</strong></span> <span class='ocrx_word' id='word_1_34' title='bbox 3139 466 3284 518; x_wconf 90' lang='lat' dir='ltr'><strong>enim</strong></span> <span class='ocrx_word' id='word_1_35' title='bbox 3333 475 3480 520; x_wconf 79' lang='lat' dir='ltr'><strong>tanta:</strong></span> <span class='ocrx_word' id='word_1_36' title='bbox 3509 486 3580 524; x_wconf 80' lang='lat' dir='ltr'><strong>ra-</strong></span> 
     </span>
    </p>
   </div>
   <div class='ocr_carea' id='block_1_4' title="bbox 379 555 3576 631">
    <p class='ocr_par' dir='ltr' id='par_1_4' title="bbox 379 555 3576 631">
     <span class='ocr_line' id='line_1_4' title="bbox 379 555 3576 631; baseline 0.008 -38"><span class='ocrx_word' id='word_1_37' title='bbox 379 556 612 610; x_wconf 71' lang='grc' dir='ltr'><strong>νρηοι-ῑι,</strong></span> <span class='ocrx_word' id='word_1_38' title='bbox 645 555 759 611; x_wconf 70' lang='lat' dir='ltr'><strong>Hoc</strong></span> <span class='ocrx_word' id='word_1_39' title='bbox 795 567 878 612; x_wconf 67' lang='grc' dir='ltr'><strong>εει</strong></span> <span class='ocrx_word' id='word_1_40' title='bbox 907 573 1038 628; x_wconf 67' lang='lat' dir='ltr'><strong>ergo</strong></span> <span class='ocrx_word' id='word_1_41' title='bbox 1067 559 1211 628; x_wconf 75' lang='lat' dir='ltr'><strong>quod</strong></span> <span class='ocrx_word' id='word_1_42' title='bbox 1243 571 1299 614; x_wconf 71' lang='grc' dir='ltr'><strong>ει</strong></span> <span class='ocrx_word' id='word_1_43' title='bbox 1329 562 1380 613; x_wconf 72' lang='lat' dir='ltr'><strong>in</strong></span> <span class='ocrx_word' id='word_1_44' title='bbox 1412 561 1532 615; x_wconf 66' lang='lat' dir='ltr'><strong>aliis</strong></span> <span class='ocrx_word' id='word_1_45' title='bbox 1565 563 1806 631; x_wconf 58' lang='lat' dir='ltr'><strong>apertius</strong></span> <span class='ocrx_word' id='word_1_46' title='bbox 1837 560 1949 630; x_wconf 76' lang='lat' dir='ltr'><strong>jam</strong></span> <span class='ocrx_word' id='word_1_47' title='bbox 2053 555 2240 608; x_wconf 80' lang='lat' dir='ltr'><strong>uitatis</strong></span> <span class='ocrx_word' id='word_1_48' title='bbox 2265 564 2319 609; x_wconf 92' lang='lat' dir='ltr'><strong>et</strong></span> <span class='ocrx_word' id='word_1_49' title='bbox 2349 563 2511 609; x_wconf 73' lang='lat' dir='ltr'><strong>tanta:</strong></span> <span class='ocrx_word' id='word_1_50' title='bbox 2543 557 2916 624; x_wconf 84' lang='lat' dir='ltr'><strong>corruptionis</strong></span> <span class='ocrx_word' id='word_1_51' title='bbox 2961 558 3202 612; x_wconf 80' lang='lat' dir='ltr'><strong>invenias</strong></span> <span class='ocrx_word' id='word_1_52' title='bbox 3225 598 3242 623; x_wconf 89' lang='lat'><strong>,</strong></span> <span class='ocrx_word' id='word_1_53' title='bbox 3274 574 3433 628; x_wconf 87' lang='lat' dir='ltr'><strong>quam</strong></span> <span class='ocrx_word' id='word_1_54' title='bbox 3471 564 3576 620; x_wconf 85' lang='lat' dir='ltr'><strong>bella</strong></span> 
     </span>
    </p>
   </div>
   <div class='ocr_carea' id='block_1_5' title="bbox 377 647 3577 725">
    <p class='ocr_par' dir='ltr' id='par_1_5' title="bbox 377 647 3577 725">
     <span class='ocr_line' id='line_1_5' title="bbox 377 647 3577 725; baseline 0.007 -27"><span class='ocrx_word' id='word_1_55' title='bbox 377 647 444 702; x_wconf 90' lang='lat' dir='ltr'><strong>de</strong></span> <span class='ocrx_word' id='word_1_56' title='bbox 467 663 528 704; x_wconf 90' lang='lat' dir='ltr'><strong>se</strong></span> <span class='ocrx_word' id='word_1_57' title='bbox 560 649 673 718; x_wconf 90' lang='lat' dir='ltr'><strong>ipse</strong></span> <span class='ocrx_word' id='word_1_58' title='bbox 697 651 909 706; x_wconf 88' lang='lat' dir='ltr'><strong>dicebat</strong></span> <span class='ocrx_word' id='word_1_59' title='bbox 932 652 1241 722; x_wconf 84' lang='lat' dir='ltr'><strong>Apostolus,</strong></span> <span class='ocrx_word' id='word_1_60' title='bbox 1261 657 1386 724; x_wconf 86' lang='lat' dir='ltr'><strong>quia</strong></span> <span class='ocrx_word' id='word_1_61' title='bbox 1405 655 1540 725; x_wconf 78' lang='lat' dir='ltr'><strong>(9i),</strong></span> <span class='ocrx_word' id='word_1_62' title='bbox 1566 673 1585 707; x_wconf 72' lang='grc' dir='ltr'><strong><em>ι</em></strong></span> <span class='ocrx_word' id='word_1_63' title='bbox 1613 658 1738 708; x_wconf 91' lang='lat' dir='ltr'><strong>dum</strong></span> <span class='ocrx_word' id='word_1_64' title='bbox 1763 669 1950 710; x_wconf 90' lang='lat' dir='ltr'><strong>sumus</strong></span> <span class='ocrx_word' id='word_1_65' title='bbox 2050 662 2242 716; x_wconf 66' lang='lat' dir='ltr'><strong>gerere</strong></span> <span class='ocrx_word' id='word_1_66' title='bbox 2274 649 2325 702; x_wconf 82' lang='lat' dir='ltr'><strong>ill</strong></span> <span class='ocrx_word' id='word_1_67' title='bbox 2360 649 2462 703; x_wconf 80' lang='lat' dir='ltr'><strong>hoc</strong></span> <span class='ocrx_word' id='word_1_68' title='bbox 2510 649 2732 712; x_wconf 72' lang='lat' dir='ltr'><strong>IlluﬂdO.</strong></span> <span class='ocrx_word' id='word_1_69' title='bbox 2762 663 2972 719; x_wconf 77' lang='lat' dir='ltr'><strong>pugnas</strong></span> <span class='ocrx_word' id='word_1_70' title='bbox 3003 651 3290 705; x_wconf 61' lang='lat' dir='ltr'><strong>adversm“</strong></span> <span class='ocrx_word' id='word_1_71' title='bbox 3334 669 3391 708; x_wconf 76' lang='lat' dir='ltr'><strong>SC</strong></span> <span class='ocrx_word' id='word_1_72' title='bbox 3429 671 3577 723; x_wconf 67' lang='lat' dir='ltr'><strong>regum</strong></span> 
     </span>
    </p>
   </div>
   <div class='ocr_carea' id='block_1_6' title="bbox 379 737 3579 815">
    <p class='ocr_par' dir='ltr' id='par_1_6' title="bbox 379 737 3579 815">
     <span class='ocr_line' id='line_1_6' title="bbox 379 737 3579 815; baseline 0.007 -24"><span class='ocrx_word' id='word_1_73' title='bbox 379 737 432 791; x_wconf 93' lang='lat' dir='ltr'><strong>in</strong></span> <span class='ocrx_word' id='word_1_74' title='bbox 468 739 778 796; x_wconf 83' lang='lat' dir='ltr'><strong>habitacqu</strong></span> <span class='ocrx_word' id='word_1_75' title='bbox 822 743 946 809; x_wconf 90' lang='lat' dir='ltr'><strong>hoc,</strong></span> <span class='ocrx_word' id='word_1_76' title='bbox 975 745 1383 815; x_wconf 80' lang='lat' dir='ltr'><strong>ingemiscinius</strong></span> <span class='ocrx_word' id='word_1_77' title='bbox 1414 750 1482 802; x_wconf 73' lang='grc' dir='ltr'><strong>η.</strong></span> <span class='ocrx_word' id='word_1_78' title='bbox 1531 769 1552 803; x_wconf 76' lang='grc' dir='ltr'><strong><em>ι</em></strong></span> <span class='ocrx_word' id='word_1_79' title='bbox 1600 748 1711 806; x_wconf 86' lang='lat' dir='ltr'><strong>Hoc</strong></span> <span class='ocrx_word' id='word_1_80' title='bbox 1752 760 1810 805; x_wconf 91' lang='lat' dir='ltr'><strong>et</strong></span> <span class='ocrx_word' id='word_1_81' title='bbox 1851 750 1952 804; x_wconf 89' lang='lat' dir='ltr'><strong>Sa-</strong></span> <span class='ocrx_word' id='word_1_82' title='bbox 2048 749 2105 793; x_wconf 71' lang='lat' dir='ltr'><strong>et</strong></span> <span class='ocrx_word' id='word_1_83' title='bbox 2135 740 2374 809; x_wconf 71' lang='lat' dir='ltr'><strong>centium</strong></span> <span class='ocrx_word' id='word_1_84' title='bbox 2405 740 2792 794; x_wconf 75' lang='lat' dir='ltr'><strong>commovere?</strong></span> <span class='ocrx_word' id='word_1_85' title='bbox 2822 739 2957 794; x_wconf 78' lang='lat' dir='ltr'><strong>Vide</strong></span> <span class='ocrx_word' id='word_1_86' title='bbox 3001 757 3134 810; x_wconf 73' lang='lat' dir='ltr'><strong>ergo</strong></span> <span class='ocrx_word' id='word_1_87' title='bbox 3164 743 3312 811; x_wconf 76' lang='lat' dir='ltr'><strong>quod</strong></span> <span class='ocrx_word' id='word_1_88' title='bbox 3361 755 3412 798; x_wconf 78' lang='grc' dir='ltr'><strong>ει</strong></span> <span class='ocrx_word' id='word_1_89' title='bbox 3444 745 3486 796; x_wconf 84' lang='lat' dir='ltr'><strong>in</strong></span> <span class='ocrx_word' id='word_1_90' title='bbox 3517 749 3579 802; x_wconf 84' lang='lat' dir='ltr'><strong>his</strong></span> 
     </span>
    </p>
   </div>
   <div class='ocr_carea' id='block_1_7' title="bbox 377 831 3577 912">
    <p class='ocr_par' dir='ltr' id='par_1_7' title="bbox 377 831 3577 912">
     <span class='ocr_line' id='line_1_7' title="bbox 377 831 3577 912; baseline 0.005 -35"><span class='ocrx_word' id='word_1_91' title='bbox 377 832 578 899; x_wconf 77' lang='lat' dir='ltr'><strong>pienlia</strong></span> <span class='ocrx_word' id='word_1_92' title='bbox 611 850 705 904; x_wconf 73' lang='lat' dir='ltr'><strong>per</strong></span> <span class='ocrx_word' id='word_1_93' title='bbox 739 836 1084 895; x_wconf 63' lang='lat' dir='ltr'><strong>Salomon...&quot;</strong></span> <span class='ocrx_word' id='word_1_94' title='bbox 1108 841 1341 905; x_wconf 58' lang='lat' dir='ltr'><strong>dicebar,</strong></span> <span class='ocrx_word' id='word_1_95' title='bbox 1382 842 1506 911; x_wconf 63' lang='lat' dir='ltr'><strong>quia</strong></span> <span class='ocrx_word' id='word_1_96' title='bbox 1541 859 1560 894; x_wconf 69' lang='grc' dir='ltr'>α</span> <span class='ocrx_word' id='word_1_97' title='bbox 1597 841 1951 912; x_wconf 61' lang='lat' dir='ltr'><strong>carl-“piabile</strong></span> <span class='ocrx_word' id='word_1_98' title='bbox 2048 831 3205 903; x_wconf 71' lang='lat' dir='ltr'><strong>prtecipuumarchangelicioperishabetur</strong></span> <span class='ocrx_word' id='word_1_99' title='bbox 3226 835 3577 908; x_wconf 68' lang='lat' dir='ltr'><strong>ollicinmwG),</strong></span> 
     </span>
    </p>
   </div>
   <div class='ocr_carea' id='block_1_8' title="bbox 377 921 3577 1002">
    <p class='ocr_par' dir='ltr' id='par_1_8' title="bbox 377 921 3577 1002">
     <span class='ocr_line' id='line_1_8' title="bbox 377 921 3577 1002; baseline 0.003 -25"><span class='ocrx_word' id='word_1_100' title='bbox 377 937 574 991; x_wconf 89' lang='lat' dir='ltr'><strong>corpus</strong></span> <span class='ocrx_word' id='word_1_101' title='bbox 628 937 887 995; x_wconf 82' lang='lat' dir='ltr'><strong>aggravat</strong></span> <span class='ocrx_word' id='word_1_102' title='bbox 933 931 1195 994; x_wconf 87' lang='lat' dir='ltr'><strong>animam,</strong></span> <span class='ocrx_word' id='word_1_103' title='bbox 1223 941 1278 986; x_wconf 92' lang='lat' dir='ltr'><strong>et</strong></span> <span class='ocrx_word' id='word_1_104' title='bbox 1313 933 1566 1002; x_wconf 88' lang='lat' dir='ltr'><strong>deprimit</strong></span> <span class='ocrx_word' id='word_1_105' title='bbox 1603 946 1817 989; x_wconf 88' lang='lat' dir='ltr'><strong>terrena</strong></span> <span class='ocrx_word' id='word_1_106' title='bbox 1853 935 1950 988; x_wconf 88' lang='lat' dir='ltr'><strong>ha-</strong></span> <span class='ocrx_word' id='word_1_107' title='bbox 2049 923 2190 978; x_wconf 72' lang='grc' dir='ltr'><strong>εῖουι</strong></span> <span class='ocrx_word' id='word_1_108' title='bbox 2217 921 2402 977; x_wconf 73' lang='lat' dir='ltr'><strong>Daniel</strong></span> <span class='ocrx_word' id='word_1_109' title='bbox 2436 923 2701 993; x_wconf 70' lang='grc' dir='ltr'><strong>ρτοριιθιει</strong></span> <span class='ocrx_word' id='word_1_110' title='bbox 2733 933 2968 979; x_wconf 75' lang='lat' dir='ltr'><strong>leSlallll&#39;</strong></span> <span class='ocrx_word' id='word_1_111' title='bbox 2989 925 3011 956; x_wconf 82' lang='grc'>⁸</span> <span class='ocrx_word' id='word_1_112' title='bbox 3039 939 3165 978; x_wconf 76' lang='lat' dir='ltr'><strong>cum</strong></span> <span class='ocrx_word' id='word_1_113' title='bbox 3191 926 3350 986; x_wconf 67' lang='lat' dir='ltr'><strong>dicit.</strong></span> <span class='ocrx_word' id='word_1_114' title='bbox 3381 930 3577 995; x_wconf 67' lang='lat' dir='ltr'><strong>quinar-</strong></span> 
     </span>
    </p>
   </div>
   <div class='ocr_carea' id='block_1_9' title="bbox 376 1014 3580 1091">
    <p class='ocr_par' dir='ltr' id='par_1_9' title="bbox 376 1014 3580 1091">
     <span class='ocr_line' id='line_1_9' title="bbox 376 1014 3580 1091; baseline 0.005 -32"><span class='ocrx_word' id='word_1_115' title='bbox 376 1014 568 1070; x_wconf 63' lang='grc' dir='ltr'><strong>ιιῖιειίο</strong></span> <span class='ocrx_word' id='word_1_116' title='bbox 619 1031 837 1072; x_wconf 71' lang='lat' dir='ltr'><strong>sensum</strong></span> <span class='ocrx_word' id='word_1_117' title='bbox 893 1021 1058 1075; x_wconf 70' lang='lat' dir='ltr'><strong>mum</strong></span> <span class='ocrx_word' id='word_1_118' title='bbox 1095 1023 1428 1091; x_wconf 64' lang='grc' dir='ltr'><strong>εοεῑιηηιεηι</strong></span> <span class='ocrx_word' id='word_1_119' title='bbox 1473 1025 1553 1087; x_wconf 69' lang='grc' dir='ltr'><strong>νος</strong></span> <span class='ocrx_word' id='word_1_120' title='bbox 1616 1045 1634 1077; x_wconf 69' lang='grc' dir='ltr'><strong>ι</strong></span> <span class='ocrx_word' id='word_1_121' title='bbox 1691 1036 1745 1078; x_wconf 68' lang='grc' dir='ltr'><strong>οι</strong></span> <span class='ocrx_word' id='word_1_122' title='bbox 1805 1026 1946 1079; x_wconf 67' lang='lat' dir='ltr'><strong>idem</strong></span> <span class='ocrx_word' id='word_1_123' title='bbox 2047 1014 2349 1083; x_wconf 81' lang='lat' dir='ltr'><strong>cbangelus</strong></span> <span class='ocrx_word' id='word_1_124' title='bbox 2391 1015 2704 1084; x_wconf 85' lang='lat' dir='ltr'><strong>loqueretur</strong></span> <span class='ocrx_word' id='word_1_125' title='bbox 2737 1016 2802 1069; x_wconf 88' lang='lat' dir='ltr'><strong>ad</strong></span> <span class='ocrx_word' id='word_1_126' title='bbox 2839 1030 2989 1079; x_wconf 82' lang='lat' dir='ltr'><strong>enin,</strong></span> <span class='ocrx_word' id='word_1_127' title='bbox 3021 1016 3114 1085; x_wconf 89' lang='lat' dir='ltr'><strong>qui</strong></span> <span class='ocrx_word' id='word_1_128' title='bbox 3155 1019 3362 1091; x_wconf 78' lang='lat' dir='ltr'><strong>diceret</strong></span> <span class='ocrx_word' id='word_1_129' title='bbox 3391 1020 3437 1072; x_wconf 89' lang='lat' dir='ltr'><strong>ei</strong></span> <span class='ocrx_word' id='word_1_130' title='bbox 3468 1023 3580 1087; x_wconf 87' lang='lat' dir='ltr'><strong>quod</strong></span> 
     </span>
    </p>
   </div>
   <div class='ocr_carea' id='block_1_10' title="bbox 374 1105 1926 1187">
    <p class='ocr_par' dir='ltr' id='par_1_10' title="bbox 374 1105 1926 1187">
     <span class='ocr_line' id='line_1_10' title="bbox 374 1105 1926 1187; baseline 0.011 -28"><span class='ocrx_word' id='word_1_131' title='bbox 374 1105 575 1162; x_wconf 85' lang='lat' dir='ltr'><strong>Paulus</strong></span> <span class='ocrx_word' id='word_1_132' title='bbox 609 1127 624 1163; x_wconf 91' lang='lat'><strong>:</strong></span> <span class='ocrx_word' id='word_1_133' title='bbox 667 1127 688 1161; x_wconf 73' lang='grc' dir='ltr'>ι</span> <span class='ocrx_word' id='word_1_134' title='bbox 742 1110 876 1164; x_wconf 89' lang='lat' dir='ltr'><strong>Dum</strong></span> <span class='ocrx_word' id='word_1_135' title='bbox 939 1115 1084 1168; x_wconf 91' lang='lat' dir='ltr'><strong>enim</strong></span> <span class='ocrx_word' id='word_1_136' title='bbox 1114 1129 1301 1170; x_wconf 83' lang='lat' dir='ltr'><strong>sumus</strong></span> <span class='ocrx_word' id='word_1_137' title='bbox 1331 1120 1381 1170; x_wconf 91' lang='lat' dir='ltr'><strong>in</strong></span> <span class='ocrx_word' id='word_1_138' title='bbox 1414 1133 1664 1185; x_wconf 87' lang='lat' dir='ltr'><strong>corpore,</strong></span> <span class='ocrx_word' id='word_1_139' title='bbox 1703 1117 1926 1187; x_wconf 75' lang='lat' dir='ltr'><strong>peregri</strong></span> 
     </span>
    </p>
   </div>
   <div class='ocr_carea' id='block_1_11' title="bbox 2058 1105 3580 1187">
    <p class='ocr_par' dir='ltr' id='par_1_11' title="bbox 2058 1107 3580 1180">
     <span class='ocr_line' id='line_1_11' title="bbox 2058 1107 3580 1180; baseline 0.001 -18"><span class='ocrx_word' id='word_1_140' title='bbox 2058 1109 2373 1180; x_wconf 79' lang='lat' dir='ltr'><strong>pugnaverit</strong></span> <span class='ocrx_word' id='word_1_141' title='bbox 2403 1107 2570 1180; x_wconf 78' lang='lat'><strong>598</strong></span> <span class='ocrx_word' id='word_1_142' title='bbox 2599 1109 2885 1164; x_wconf 88' lang='lat' dir='ltr'><strong>adversum</strong></span> <span class='ocrx_word' id='word_1_143' title='bbox 2935 1110 3234 1180; x_wconf 86' lang='lat' dir='ltr'><strong>principem</strong></span> <span class='ocrx_word' id='word_1_144' title='bbox 3289 1109 3580 1177; x_wconf 83' lang='lat' dir='ltr'><strong>Persarum,</strong></span> 
     </span>
    </p>
   </div>
   <div class='ocr_carea' id='block_1_12' title="bbox 377 1201 1926 1282">
    <p class='ocr_par' dir='ltr' id='par_1_12' title="bbox 377 1203 1926 1282">
     <span class='ocr_line' id='line_1_12' title="bbox 377 1203 1926 1282; baseline 0.006 -26"><span class='ocrx_word' id='word_1_145' title='bbox 377 1217 576 1257; x_wconf 84' lang='lat' dir='ltr'><strong>uaniur</strong></span> <span class='ocrx_word' id='word_1_146' title='bbox 604 1219 630 1256; x_wconf 88' lang='lat' dir='ltr'><strong>a</strong></span> <span class='ocrx_word' id='word_1_147' title='bbox 665 1203 891 1260; x_wconf 90' lang='lat' dir='ltr'><strong>Domino</strong></span> <span class='ocrx_word' id='word_1_148' title='bbox 917 1208 986 1272; x_wconf 69' lang='grc'><strong>’⁷,</strong></span> <span class='ocrx_word' id='word_1_149' title='bbox 1022 1226 1042 1260; x_wconf 68' lang='grc' dir='ltr'><strong><em>ι</em></strong></span> <span class='ocrx_word' id='word_1_150' title='bbox 1077 1217 1132 1263; x_wconf 90' lang='lat' dir='ltr'><strong>et</strong></span> <span class='ocrx_word' id='word_1_151' title='bbox 1162 1211 1312 1279; x_wconf 89' lang='lat' dir='ltr'><strong>cupit</strong></span> <span class='ocrx_word' id='word_1_152' title='bbox 1337 1212 1511 1281; x_wconf 86' lang='lat' dir='ltr'><strong>magis</strong></span> <span class='ocrx_word' id='word_1_153' title='bbox 1542 1215 1875 1282; x_wconf 78' lang='lat' dir='ltr'><strong>peregrinari</strong></span> <span class='ocrx_word' id='word_1_154' title='bbox 1916 1228 1926 1266; x_wconf 72' lang='grc' dir='ltr'><strong>ε</strong></span> 
     </span>
    </p>
   </div>
   <div class='ocr_carea' id='block_1_13' title="bbox 2058 1201 3577 1282">
    <p class='ocr_par' dir='ltr' id='par_1_13' title="bbox 2058 1201 3577 1275">
     <span class='ocr_line' id='line_1_13' title="bbox 2058 1201 3577 1275; baseline 0.005 -23"><span class='ocrx_word' id='word_1_155' title='bbox 2058 1220 2072 1252; x_wconf 84' lang='grc' dir='ltr'>ι</span> <span class='ocrx_word' id='word_1_156' title='bbox 2107 1211 2163 1256; x_wconf 87' lang='lat' dir='ltr'><strong>et</strong></span> <span class='ocrx_word' id='word_1_157' title='bbox 2191 1215 2371 1267; x_wconf 91' lang='lat' dir='ltr'><strong>nemo,</strong></span> <span class='ocrx_word' id='word_1_158' title='bbox 2409 1220 2428 1252; x_wconf 76' lang='grc' dir='ltr'><strong><em>ι</em></strong></span> <span class='ocrx_word' id='word_1_159' title='bbox 2462 1201 2657 1271; x_wconf 86' lang='lat' dir='ltr'><strong>inquit,</strong></span> <span class='ocrx_word' id='word_1_160' title='bbox 2689 1220 2709 1254; x_wconf 88' lang='grc'><strong><em>‹</em></strong></span> <span class='ocrx_word' id='word_1_161' title='bbox 2739 1201 2841 1257; x_wconf 78' lang='lat' dir='ltr'><strong>fuit</strong></span> <span class='ocrx_word' id='word_1_162' title='bbox 2869 1203 3000 1258; x_wconf 89' lang='lat' dir='ltr'><strong>mihi</strong></span> <span class='ocrx_word' id='word_1_163' title='bbox 3036 1202 3327 1270; x_wconf 87' lang='lat' dir='ltr'><strong>adjutorio,</strong></span> <span class='ocrx_word' id='word_1_164' title='bbox 3363 1205 3458 1258; x_wconf 91' lang='lat' dir='ltr'><strong>nisi</strong></span> <span class='ocrx_word' id='word_1_165' title='bbox 3490 1206 3577 1275; x_wconf 82' lang='lat'><strong>(97)</strong></span> 
     </span>
    </p>
   </div>
   <div class='ocr_carea' id='block_1_14' title="bbox 373 1293 3580 1367">
    <p class='ocr_par' dir='ltr' id='par_1_14' title="bbox 373 1293 3580 1367">
     <span class='ocr_line' id='line_1_14' title="bbox 373 1293 3580 1367; baseline 0.006 -21"><span class='ocrx_word' id='word_1_166' title='bbox 373 1309 602 1362; x_wconf 85' lang='lat' dir='ltr'><strong>corpore</strong></span> <span class='ocrx_word' id='word_1_167' title='bbox 635 1305 690 1351; x_wconf 91' lang='lat' dir='ltr'><strong>et</strong></span> <span class='ocrx_word' id='word_1_168' title='bbox 738 1299 932 1354; x_wconf 82' lang='lat' dir='ltr'><strong>adesse</strong></span> <span class='ocrx_word' id='word_1_169' title='bbox 978 1301 1044 1353; x_wconf 90' lang='lat' dir='ltr'><strong>ad</strong></span> <span class='ocrx_word' id='word_1_170' title='bbox 1098 1302 1402 1356; x_wconf 89' lang='lat' dir='ltr'><strong>Dominum.</strong></span> <span class='ocrx_word' id='word_1_171' title='bbox 1435 1301 1550 1358; x_wconf 87' lang='lat' dir='ltr'><strong>Hoc</strong></span> <span class='ocrx_word' id='word_1_172' title='bbox 1594 1305 1795 1359; x_wconf 88' lang='lat' dir='ltr'><strong>indicat</strong></span> <span class='ocrx_word' id='word_1_173' title='bbox 1825 1345 1842 1367; x_wconf 87' lang='lat'><strong>,</strong></span> <span class='ocrx_word' id='word_1_174' title='bbox 1892 1317 1950 1359; x_wconf 89' lang='lat' dir='ltr'><strong>et</strong></span> <span class='ocrx_word' id='word_1_175' title='bbox 2047 1293 2274 1350; x_wconf 68' lang='grc' dir='ltr'><strong>Μῖοιιθθι</strong></span> <span class='ocrx_word' id='word_1_176' title='bbox 2321 1295 2574 1364; x_wconf 68' lang='grc' dir='ltr'><strong>ρι’ῖηοθρε</strong></span> <span class='ocrx_word' id='word_1_177' title='bbox 2598 1303 2780 1350; x_wconf 70' lang='grc' dir='ltr'><strong>νθδῑθτ</strong></span> <span class='ocrx_word' id='word_1_178' title='bbox 2808 1293 2855 1352; x_wconf 71' lang='grc' dir='ltr'><strong>⁸ο</strong></span> <span class='ocrx_word' id='word_1_179' title='bbox 2891 1313 2910 1347; x_wconf 75' lang='grc'><em>³</em></span> <span class='ocrx_word' id='word_1_180' title='bbox 2950 1294 3054 1350; x_wconf 67' lang='lat' dir='ltr'><strong>per</strong></span> <span class='ocrx_word' id='word_1_181' title='bbox 3091 1295 3204 1350; x_wconf 56' lang='lat' dir='ltr'><strong>hinc</strong></span> <span class='ocrx_word' id='word_1_182' title='bbox 3245 1309 3378 1364; x_wconf 66' lang='lat'><strong>9&#39;80</strong></span> <span class='ocrx_word' id='word_1_183' title='bbox 3405 1296 3580 1363; x_wconf 62' lang='grc' dir='ltr'><strong>δίηὲιιιῖι</strong></span> 
     </span>
    </p>
   </div>
   <div class='ocr_carea' id='block_1_15' title="bbox 329 1386 1926 1461">
    <p class='ocr_par' dir='ltr' id='par_1_15' title="bbox 329 1389 1895 1461">
     <span class='ocr_line' id='line_1_15' title="bbox 329 1389 1895 1461; baseline 0.01 -23"><span class='ocrx_word' id='word_1_184' title='bbox 329 1389 546 1444; x_wconf 48' lang='lat' dir='ltr'><strong>&quot;multo</strong></span> <span class='ocrx_word' id='word_1_185' title='bbox 579 1390 818 1458; x_wconf 83' lang='lat' dir='ltr'><strong>apertius</strong></span> <span class='ocrx_word' id='word_1_186' title='bbox 845 1394 1066 1461; x_wconf 77' lang='lat' dir='ltr'><strong>exponit</strong></span> <span class='ocrx_word' id='word_1_187' title='bbox 1103 1396 1264 1450; x_wconf 89' lang='lat' dir='ltr'><strong>etiam</strong></span> <span class='ocrx_word' id='word_1_188' title='bbox 1297 1397 1351 1451; x_wconf 90' lang='lat' dir='ltr'><strong>itt</strong></span> <span class='ocrx_word' id='word_1_189' title='bbox 1393 1411 1460 1452; x_wconf 88' lang='lat' dir='ltr'><strong>eo</strong></span> <span class='ocrx_word' id='word_1_190' title='bbox 1490 1397 1606 1452; x_wconf 87' lang='lat' dir='ltr'><strong>loco</strong></span> <span class='ocrx_word' id='word_1_191' title='bbox 1641 1398 1727 1452; x_wconf 90' lang='lat' dir='ltr'><strong>ubi</strong></span> <span class='ocrx_word' id='word_1_192' title='bbox 1762 1399 1895 1453; x_wconf 86' lang='lat' dir='ltr'><strong>dicit</strong></span> 
     </span>
    </p>
   </div>
   <div class='ocr_carea' id='block_1_16' title="bbox 2058 1386 3583 1461">
    <p class='ocr_par' dir='ltr' id='par_1_16' title="bbox 2058 1386 3583 1456">
     <span class='ocr_line' id='line_1_16' title="bbox 2058 1386 3583 1456; baseline -0.003 -12"><span class='ocrx_word' id='word_1_193' title='bbox 2058 1387 2470 1456; x_wconf 60' lang='lat' dir='ltr'><strong>deprehenditur</strong></span> <span class='ocrx_word' id='word_1_194' title='bbox 2496 1386 2840 1442; x_wconf 80' lang='lat' dir='ltr'><strong>rationabilis</strong></span> <span class='ocrx_word' id='word_1_195' title='bbox 2875 1403 2894 1437; x_wconf 75' lang='grc' dir='ltr'>α</span> <span class='ocrx_word' id='word_1_196' title='bbox 2929 1396 3181 1441; x_wconf 78' lang='lat' dir='ltr'><strong>creatura</strong></span> <span class='ocrx_word' id='word_1_197' title='bbox 3203 1387 3429 1440; x_wconf 87' lang='lat' dir='ltr'><strong>vanitati</strong></span> <span class='ocrx_word' id='word_1_198' title='bbox 3454 1403 3583 1441; x_wconf 68' lang='lat' dir='ltr'><strong>resse</strong></span> 
     </span>
    </p>
   </div>
   <div class='ocr_carea' id='block_1_17' title="bbox 312 1479 1926 1553">
    <p class='ocr_par' dir='ltr' id='par_1_17' title="bbox 312 1481 1926 1553">
     <span class='ocr_line' id='line_1_17' title="bbox 312 1481 1926 1553; baseline 0.009 -22"><span class='ocrx_word' id='word_1_199' title='bbox 312 1491 324 1502; x_wconf 80' lang='lat'><strong>&#39;</strong></span> <span class='ocrx_word' id='word_1_200' title='bbox 352 1498 400 1553; x_wconf 35' lang='lat' dir='ltr'><strong>lt</strong></span> <span class='ocrx_word' id='word_1_201' title='bbox 441 1481 705 1537; x_wconf 88' lang='lat' dir='ltr'><strong>Coarctor</strong></span> <span class='ocrx_word' id='word_1_202' title='bbox 734 1493 917 1540; x_wconf 90' lang='lat' dir='ltr'><strong>autem</strong></span> <span class='ocrx_word' id='word_1_203' title='bbox 962 1502 1028 1541; x_wconf 81' lang='lat' dir='ltr'><strong>ex</strong></span> <span class='ocrx_word' id='word_1_204' title='bbox 1063 1487 1276 1544; x_wconf 90' lang='lat' dir='ltr'><strong>duobus</strong></span> <span class='ocrx_word' id='word_1_205' title='bbox 1307 1506 1322 1553; x_wconf 91' lang='lat'><strong>;</strong></span> <span class='ocrx_word' id='word_1_206' title='bbox 1374 1491 1700 1546; x_wconf 89' lang='lat' dir='ltr'><strong>desiderium</strong></span> <span class='ocrx_word' id='word_1_207' title='bbox 1742 1493 1926 1548; x_wconf 69' lang='lat' dir='ltr'><strong>habent</strong></span> 
     </span>
    </p>
   </div>
   <div class='ocr_carea' id='block_1_18' title="bbox 2058 1479 3584 1553">
    <p class='ocr_par' dir='ltr' id='par_1_18' title="bbox 2058 1479 3584 1550">
     <span class='ocr_line' id='line_1_18' title="bbox 2058 1479 3584 1550; baseline 0.001 -16"><span class='ocrx_word' id='word_1_208' title='bbox 2058 1500 2074 1534; x_wconf 82' lang='grc' dir='ltr'>ι</span> <span class='ocrx_word' id='word_1_209' title='bbox 2112 1480 2353 1550; x_wconf 89' lang='lat' dir='ltr'><strong>subjecta</strong></span> <span class='ocrx_word' id='word_1_210' title='bbox 2386 1496 2492 1535; x_wconf 90' lang='lat' dir='ltr'><strong>non</strong></span> <span class='ocrx_word' id='word_1_211' title='bbox 2537 1479 2747 1547; x_wconf 89' lang='lat' dir='ltr'><strong>volens,</strong></span> <span class='ocrx_word' id='word_1_212' title='bbox 2782 1481 2874 1536; x_wconf 90' lang='lat' dir='ltr'><strong>sed</strong></span> <span class='ocrx_word' id='word_1_213' title='bbox 2908 1491 3130 1549; x_wconf 89' lang='lat' dir='ltr'><strong>propter</strong></span> <span class='ocrx_word' id='word_1_214' title='bbox 3158 1496 3290 1534; x_wconf 91' lang='lat' dir='ltr'><strong>eum</strong></span> <span class='ocrx_word' id='word_1_215' title='bbox 3325 1482 3411 1550; x_wconf 92' lang='lat' dir='ltr'><strong>qui</strong></span> <span class='ocrx_word' id='word_1_216' title='bbox 3437 1482 3584 1550; x_wconf 85' lang='lat' dir='ltr'><strong>subje-</strong></span> 
     </span>
    </p>
   </div>
   <div class='ocr_carea' id='block_1_19' title="bbox 332 1546 1926 1645">
    <p class='ocr_par' dir='ltr' id='par_1_19' title="bbox 332 1546 1890 1645">
     <span class='ocr_line' id='line_1_19' title="bbox 332 1546 1890 1645; baseline 0.012 -22"><span class='ocrx_word' id='word_1_217' title='bbox 332 1546 597 1638; x_wconf 41' lang='lat' dir='ltr'><strong>L&#39;reverti,</strong></span> <span class='ocrx_word' id='word_1_218' title='bbox 631 1584 683 1628; x_wconf 92' lang='lat' dir='ltr'><strong>et</strong></span> <span class='ocrx_word' id='word_1_219' title='bbox 712 1590 834 1629; x_wconf 91' lang='lat' dir='ltr'><strong>cum</strong></span> <span class='ocrx_word' id='word_1_220' title='bbox 867 1575 1085 1632; x_wconf 90' lang='lat' dir='ltr'><strong>Christo</strong></span> <span class='ocrx_word' id='word_1_221' title='bbox 1119 1595 1272 1645; x_wconf 88' lang='lat' dir='ltr'><strong>esse;</strong></span> <span class='ocrx_word' id='word_1_222' title='bbox 1311 1581 1480 1636; x_wconf 91' lang='lat' dir='ltr'><strong>multo</strong></span> <span class='ocrx_word' id='word_1_223' title='bbox 1511 1583 1656 1638; x_wconf 82' lang='lat' dir='ltr'><strong>enim</strong></span> <span class='ocrx_word' id='word_1_224' title='bbox 1692 1585 1890 1642; x_wconf 90' lang='lat' dir='ltr'><strong>melius</strong></span> 
     </span>
    </p>
   </div>
   <div class='ocr_carea' id='block_1_20' title="bbox 2058 1546 3583 1645">
    <p class='ocr_par' dir='ltr' id='par_1_20' title="bbox 2058 1546 3583 1644">
     <span class='ocr_line' id='line_1_20' title="bbox 2058 1546 3583 1644; baseline 0.001 -16"><span class='ocrx_word' id='word_1_225' title='bbox 2058 1575 2122 1629; x_wconf 79' lang='lat' dir='ltr'><strong>eit</strong></span> <span class='ocrx_word' id='word_1_226' title='bbox 2165 1546 2224 1628; x_wconf 81' lang='lat' dir='ltr'><strong>in</strong></span> <span class='ocrx_word' id='word_1_227' title='bbox 2247 1589 2341 1644; x_wconf 87' lang='lat' dir='ltr'><strong>spe</strong></span> <span class='ocrx_word' id='word_1_228' title='bbox 2371 1575 2438 1629; x_wconf 78' lang='lat'><strong>°‘.</strong></span> <span class='ocrx_word' id='word_1_229' title='bbox 2480 1591 2500 1625; x_wconf 76' lang='grc' dir='ltr'><strong><em>ι</em></strong></span> <span class='ocrx_word' id='word_1_230' title='bbox 2529 1572 2666 1643; x_wconf 84' lang='lat' dir='ltr'><strong>Spes</strong></span> <span class='ocrx_word' id='word_1_231' title='bbox 2691 1546 2923 1641; x_wconf 83' lang='lat' dir='ltr'><strong>namque</strong></span> <span class='ocrx_word' id='word_1_232' title='bbox 2949 1546 3033 1627; x_wconf 78' lang='lat' dir='ltr'><strong>est</strong></span> <span class='ocrx_word' id='word_1_233' title='bbox 3067 1573 3134 1626; x_wconf 90' lang='lat' dir='ltr'><strong>ab</strong></span> <span class='ocrx_word' id='word_1_234' title='bbox 3176 1573 3266 1629; x_wconf 86' lang='lat' dir='ltr'><strong>his</strong></span> <span class='ocrx_word' id='word_1_235' title='bbox 3314 1546 3462 1630; x_wconf 78' lang='lat' dir='ltr'><strong>rebus</strong></span> <span class='ocrx_word' id='word_1_236' title='bbox 3485 1546 3583 1630; x_wconf 74' lang='lat' dir='ltr'><strong>cor-</strong></span> 
     </span>
    </p>
   </div>
   <div class='ocr_carea' id='block_1_21' title="bbox 372 1664 1926 1748">
    <p class='ocr_par' dir='ltr' id='par_1_21' title="bbox 372 1668 1926 1748">
     <span class='ocr_line' id='line_1_21' title="bbox 372 1668 1926 1748; baseline 0.011 -33"><span class='ocrx_word' id='word_1_237' title='bbox 372 1677 694 1732; x_wconf 89' lang='lat' dir='ltr'><strong>permanere</strong></span> <span class='ocrx_word' id='word_1_238' title='bbox 719 1675 900 1721; x_wconf 88' lang='lat' dir='ltr'><strong>autem</strong></span> <span class='ocrx_word' id='word_1_239' title='bbox 927 1668 980 1721; x_wconf 88' lang='lat' dir='ltr'><strong>in</strong></span> <span class='ocrx_word' id='word_1_240' title='bbox 1016 1684 1185 1725; x_wconf 89' lang='lat' dir='ltr'><strong>carne</strong></span> <span class='ocrx_word' id='word_1_241' title='bbox 1227 1674 1402 1743; x_wconf 89' lang='lat' dir='ltr'><strong>magis</strong></span> <span class='ocrx_word' id='word_1_242' title='bbox 1433 1677 1799 1731; x_wconf 87' lang='lat' dir='ltr'><strong>necessarium</strong></span> <span class='ocrx_word' id='word_1_243' title='bbox 1829 1693 1926 1748; x_wconf 93' lang='lat' dir='ltr'><strong>pro</strong></span> 
     </span>
    </p>
   </div>
   <div class='ocr_carea' id='block_1_22' title="bbox 2058 1664 3581 1748">
    <p class='ocr_par' dir='ltr' id='par_1_22' title="bbox 2058 1664 3581 1736">
     <span class='ocr_line' id='line_1_22' title="bbox 2058 1664 3581 1736; baseline 0.002 -15"><span class='ocrx_word' id='word_1_244' title='bbox 2058 1666 2230 1735; x_wconf 85' lang='lat' dir='ltr'><strong>poreis</strong></span> <span class='ocrx_word' id='word_1_245' title='bbox 2285 1676 2340 1720; x_wconf 88' lang='lat' dir='ltr'><strong>et</strong></span> <span class='ocrx_word' id='word_1_246' title='bbox 2401 1664 2851 1736; x_wconf 90' lang='lat' dir='ltr'><strong>corruptibilibus</strong></span> <span class='ocrx_word' id='word_1_247' title='bbox 2909 1665 3204 1735; x_wconf 89' lang='lat' dir='ltr'><strong>aliquando</strong></span> <span class='ocrx_word' id='word_1_248' title='bbox 3268 1671 3581 1724; x_wconf 86' lang='lat' dir='ltr'><strong>cessandum.</strong></span> 
     </span>
    </p>
   </div>
   <div class='ocr_carea' id='block_1_23' title="bbox 373 1755 3579 1837">
    <p class='ocr_par' dir='ltr' id='par_1_23' title="bbox 373 1755 3579 1837">
     <span class='ocr_line' id='line_1_23' title="bbox 373 1755 3579 1837; baseline -0.001 -23"><span class='ocrx_word' id='word_1_249' title='bbox 373 1761 498 1821; x_wconf 78' lang='lat' dir='ltr'><strong>Pler</strong></span> <span class='ocrx_word' id='word_1_250' title='bbox 526 1769 622 1810; x_wconf 73' lang='lat' dir='ltr'><strong>vos</strong></span> <span class='ocrx_word' id='word_1_251' title='bbox 648 1755 695 1788; x_wconf 72' lang='grc'><strong>⁸⁸</strong></span> <span class='ocrx_word' id='word_1_252' title='bbox 725 1757 861 1829; x_wconf 72' lang='grc'>(92).</span> <span class='ocrx_word' id='word_1_253' title='bbox 901 1777 920 1811; x_wconf 71' lang='grc' dir='ltr'><strong>ι</strong></span> <span class='ocrx_word' id='word_1_254' title='bbox 952 1759 1008 1814; x_wconf 85' lang='grc' dir='ltr'><strong>1η</strong></span> <span class='ocrx_word' id='word_1_255' title='bbox 1040 1777 1148 1830; x_wconf 93' lang='lat' dir='ltr'><strong>quo</strong></span> <span class='ocrx_word' id='word_1_256' title='bbox 1174 1775 1361 1833; x_wconf 89' lang='lat' dir='ltr'><strong>aperte</strong></span> <span class='ocrx_word' id='word_1_257' title='bbox 1393 1768 1633 1821; x_wconf 87' lang='lat' dir='ltr'><strong>ostendit</strong></span> <span class='ocrx_word' id='word_1_258' title='bbox 1660 1770 1802 1837; x_wconf 89' lang='lat' dir='ltr'><strong>quod</strong></span> <span class='ocrx_word' id='word_1_259' title='bbox 1839 1786 1944 1825; x_wconf 89' lang='lat' dir='ltr'><strong>non</strong></span> <span class='ocrx_word' id='word_1_260' title='bbox 1981 1755 2019 1783; x_wconf 77' lang='grc' dir='ltr'>υ</span> <span class='ocrx_word' id='word_1_261' title='bbox 2052 1758 2202 1813; x_wconf 86' lang='lat' dir='ltr'><strong>lianc</strong></span> <span class='ocrx_word' id='word_1_262' title='bbox 2227 1758 2369 1813; x_wconf 91' lang='lat' dir='ltr'><strong>enim</strong></span> <span class='ocrx_word' id='word_1_263' title='bbox 2397 1757 2562 1813; x_wconf 85' lang='lat' dir='ltr'><strong>habet</strong></span> <span class='ocrx_word' id='word_1_264' title='bbox 2591 1758 3056 1828; x_wconf 78' lang='lat' dir='ltr'><strong>exspeCtationem</strong></span> <span class='ocrx_word' id='word_1_265' title='bbox 3085 1769 3338 1812; x_wconf 84' lang='lat' dir='ltr'><strong>creatura</strong></span> <span class='ocrx_word' id='word_1_266' title='bbox 3377 1759 3472 1814; x_wconf 82' lang='lat' dir='ltr'><strong>ista</strong></span> <span class='ocrx_word' id='word_1_267' title='bbox 3511 1776 3579 1814; x_wconf 84' lang='lat' dir='ltr'><strong>ra-</strong></span> 
     </span>
    </p>
   </div>
   <div class='ocr_carea' id='block_1_24' title="bbox 374 1844 1926 1926">
    <p class='ocr_par' dir='ltr' id='par_1_24' title="bbox 374 1844 1923 1926">
     <span class='ocr_line' id='line_1_24' title="bbox 374 1844 1923 1926; baseline 0.015 -31"><span class='ocrx_word' id='word_1_268' title='bbox 374 1844 584 1911; x_wconf 87' lang='lat' dir='ltr'><strong>volens,</strong></span> <span class='ocrx_word' id='word_1_269' title='bbox 612 1859 870 1918; x_wconf 92' lang='lat' dir='ltr'><strong>quantum</strong></span> <span class='ocrx_word' id='word_1_270' title='bbox 906 1852 972 1904; x_wconf 89' lang='lat' dir='ltr'><strong>ad</strong></span> <span class='ocrx_word' id='word_1_271' title='bbox 996 1867 1058 1907; x_wconf 91' lang='lat' dir='ltr'><strong>ea</strong></span> <span class='ocrx_word' id='word_1_272' title='bbox 1083 1867 1295 1924; x_wconf 85' lang='lat' dir='ltr'><strong>spectat</strong></span> <span class='ocrx_word' id='word_1_273' title='bbox 1324 1871 1444 1926; x_wconf 66' lang='lat' dir='ltr'><strong>quae</strong></span> <span class='ocrx_word' id='word_1_274' title='bbox 1465 1861 1662 1916; x_wconf 65' lang='lat' dir='ltr'><strong>animai</strong></span> <span class='ocrx_word' id='word_1_275' title='bbox 1685 1878 1795 1918; x_wconf 73' lang='lat' dir='ltr'><strong>sua:</strong></span> <span class='ocrx_word' id='word_1_276' title='bbox 1825 1879 1923 1918; x_wconf 89' lang='lat' dir='ltr'><strong>con</strong></span> 
     </span>
    </p>
   </div>
   <div class='ocr_carea' id='block_1_25' title="bbox 2058 1844 3583 1926">
    <p class='ocr_par' dir='ltr' id='par_1_25' title="bbox 2058 1849 3583 1921">
     <span class='ocr_line' id='line_1_25' title="bbox 2058 1849 3583 1921; baseline 0.003 -19"><span class='ocrx_word' id='word_1_277' title='bbox 2058 1849 2351 1912; x_wconf 82' lang='lat' dir='ltr'><strong>lionabilis,</strong></span> <span class='ocrx_word' id='word_1_278' title='bbox 2403 1859 2462 1904; x_wconf 89' lang='lat' dir='ltr'><strong>ut</strong></span> <span class='ocrx_word' id='word_1_279' title='bbox 2505 1849 2768 1904; x_wconf 82' lang='lat' dir='ltr'><strong>revelatio</strong></span> <span class='ocrx_word' id='word_1_280' title='bbox 2815 1851 2908 1904; x_wconf 85' lang='lat' dir='ltr'><strong>liat</strong></span> <span class='ocrx_word' id='word_1_281' title='bbox 2966 1850 3201 1904; x_wconf 83' lang='lat' dir='ltr'><strong>ﬁliorum</strong></span> <span class='ocrx_word' id='word_1_282' title='bbox 3258 1851 3352 1905; x_wconf 89' lang='lat' dir='ltr'><strong>Dei</strong></span> <span class='ocrx_word' id='word_1_283' title='bbox 3401 1863 3583 1921; x_wconf 84' lang='lat' dir='ltr'><strong>prepter</strong></span> 
     </span>
    </p>
   </div>
   <div class='ocr_carea' id='block_1_26' title="bbox 371 1937 3581 2023">
    <p class='ocr_par' dir='ltr' id='par_1_26' title="bbox 371 1937 3581 2023">
     <span class='ocr_line' id='line_1_26' title="bbox 371 1937 3581 2023; baseline 0.002 -31"><span class='ocrx_word' id='word_1_284' title='bbox 371 1937 518 1994; x_wconf 85' lang='lat' dir='ltr'><strong>scius</strong></span> <span class='ocrx_word' id='word_1_285' title='bbox 549 1949 670 1994; x_wconf 84' lang='lat' dir='ltr'><strong>erat</strong></span> <span class='ocrx_word' id='word_1_286' title='bbox 695 1981 710 2004; x_wconf 93' lang='lat'><strong>,</strong></span> <span class='ocrx_word' id='word_1_287' title='bbox 758 1945 1095 2012; x_wconf 83' lang='lat' dir='ltr'><strong>corruptioni</strong></span> <span class='ocrx_word' id='word_1_288' title='bbox 1137 1947 1264 2002; x_wconf 92' lang='lat' dir='ltr'><strong>huic</strong></span> <span class='ocrx_word' id='word_1_289' title='bbox 1301 1950 1641 2022; x_wconf 85' lang='lat' dir='ltr'><strong>vanitatique</strong></span> <span class='ocrx_word' id='word_1_290' title='bbox 1671 1955 1901 2011; x_wconf 61' lang='lat' dir='ltr'><strong>servire;</strong></span> <span class='ocrx_word' id='word_1_291' title='bbox 1929 1999 1945 2023; x_wconf 48' lang='grc' dir='ltr'><strong>ν</strong></span> <span class='ocrx_word' id='word_1_292' title='bbox 2049 1957 2186 2011; x_wconf 91' lang='lat' dir='ltr'><strong>quos</strong></span> <span class='ocrx_word' id='word_1_293' title='bbox 2238 1943 2419 2011; x_wconf 83' lang='lat' dir='ltr'><strong>angeli</strong></span> <span class='ocrx_word' id='word_1_294' title='bbox 2475 1942 2766 2004; x_wconf 86' lang='lat' dir='ltr'><strong>mittuntur</strong></span> <span class='ocrx_word' id='word_1_295' title='bbox 2797 1942 2848 1996; x_wconf 91' lang='lat' dir='ltr'><strong>in</strong></span> <span class='ocrx_word' id='word_1_296' title='bbox 2880 1942 3247 1998; x_wconf 85' lang='lat' dir='ltr'><strong>ministerium</strong></span> <span class='ocrx_word' id='word_1_297' title='bbox 3278 1985 3295 2010; x_wconf 90' lang='lat'><strong>,</strong></span> <span class='ocrx_word' id='word_1_298' title='bbox 3327 1954 3387 1998; x_wconf 90' lang='lat' dir='ltr'><strong>ut</strong></span> <span class='ocrx_word' id='word_1_299' title='bbox 3429 1955 3477 1998; x_wconf 88' lang='lat' dir='ltr'><strong>et</strong></span> <span class='ocrx_word' id='word_1_300' title='bbox 3506 1946 3581 2013; x_wconf 86' lang='lat' dir='ltr'><strong>ipsi</strong></span> 
     </span>
    </p>
   </div>
   <div class='ocr_carea' id='block_1_27' title="bbox 371 2029 3580 2113">
    <p class='ocr_par' dir='ltr' id='par_1_27' title="bbox 371 2029 3580 2113">
     <span class='ocr_line' id='line_1_27' title="bbox 371 2029 3580 2113; baseline 0.002 -28"><span class='ocrx_word' id='word_1_301' title='bbox 371 2029 468 2084; x_wconf 89' lang='lat' dir='ltr'><strong>sed</strong></span> <span class='ocrx_word' id='word_1_302' title='bbox 499 2040 720 2101; x_wconf 90' lang='lat' dir='ltr'><strong>propter</strong></span> <span class='ocrx_word' id='word_1_303' title='bbox 749 2047 870 2086; x_wconf 90' lang='lat' dir='ltr'><strong>eum</strong></span> <span class='ocrx_word' id='word_1_304' title='bbox 903 2036 992 2104; x_wconf 89' lang='lat' dir='ltr'><strong>qni</strong></span> <span class='ocrx_word' id='word_1_305' title='bbox 1027 2036 1140 2092; x_wconf 81' lang='lat' dir='ltr'><strong>ha-c</strong></span> <span class='ocrx_word' id='word_1_306' title='bbox 1175 2039 1247 2092; x_wconf 79' lang='lat' dir='ltr'><strong>ita</strong></span> <span class='ocrx_word' id='word_1_307' title='bbox 1269 2040 1457 2108; x_wconf 70' lang='lat' dir='ltr'><strong>voluit,</strong></span> <span class='ocrx_word' id='word_1_308' title='bbox 1484 2051 1540 2095; x_wconf 74' lang='lat' dir='ltr'><strong>et</strong></span> <span class='ocrx_word' id='word_1_309' title='bbox 1569 2053 1791 2113; x_wconf 57' lang='lat' dir='ltr'><strong>propter</strong></span> <span class='ocrx_word' id='word_1_310' title='bbox 1821 2061 1945 2109; x_wconf 57' lang='lat' dir='ltr'><strong>nos,</strong></span> <span class='ocrx_word' id='word_1_311' title='bbox 2047 2049 2170 2088; x_wconf 90' lang='lat' dir='ltr'><strong>cum</strong></span> <span class='ocrx_word' id='word_1_312' title='bbox 2193 2035 2277 2090; x_wconf 91' lang='lat' dir='ltr'><strong>his</strong></span> <span class='ocrx_word' id='word_1_313' title='bbox 2301 2034 2503 2105; x_wconf 85' lang='lat' dir='ltr'><strong>quibus</strong></span> <span class='ocrx_word' id='word_1_314' title='bbox 2527 2034 2982 2090; x_wconf 90' lang='lat' dir='ltr'><strong>ministraverunt</strong></span> <span class='ocrx_word' id='word_1_315' title='bbox 3008 2036 3385 2091; x_wconf 69' lang='lat' dir='ltr'><strong>[nereditatem</strong></span> <span class='ocrx_word' id='word_1_316' title='bbox 3403 2039 3580 2106; x_wconf 84' lang='lat' dir='ltr'><strong>capiant</strong></span> 
     </span>
    </p>
   </div>
   <div class='ocr_carea' id='block_1_28' title="bbox 373 2121 1926 2210">
    <p class='ocr_par' dir='ltr' id='par_1_28' title="bbox 373 2121 1923 2208">
     <span class='ocr_line' id='line_1_28' title="bbox 373 2121 1923 2208; baseline 0.014 -35"><span class='ocrx_word' id='word_1_317' title='bbox 373 2129 434 2173; x_wconf 90' lang='lat' dir='ltr'><strong>ut</strong></span> <span class='ocrx_word' id='word_1_318' title='bbox 463 2121 594 2176; x_wconf 81' lang='lat' dir='ltr'><strong>salvi</strong></span> <span class='ocrx_word' id='word_1_319' title='bbox 629 2138 750 2178; x_wconf 89' lang='lat' dir='ltr'><strong>esse</strong></span> <span class='ocrx_word' id='word_1_320' title='bbox 775 2127 1067 2195; x_wconf 89' lang='lat' dir='ltr'><strong>possimus.</strong></span> <span class='ocrx_word' id='word_1_321' title='bbox 1087 2128 1380 2187; x_wconf 85' lang='lat' dir='ltr'><strong>Permanet</strong></span> <span class='ocrx_word' id='word_1_322' title='bbox 1403 2147 1534 2202; x_wconf 84' lang='lat' dir='ltr'><strong>ergo</strong></span> <span class='ocrx_word' id='word_1_323' title='bbox 1568 2135 1621 2189; x_wconf 93' lang='lat' dir='ltr'><strong>in</strong></span> <span class='ocrx_word' id='word_1_324' title='bbox 1648 2151 1814 2192; x_wconf 83' lang='lat' dir='ltr'><strong>carne</strong></span> <span class='ocrx_word' id='word_1_325' title='bbox 1832 2140 1923 2208; x_wconf 78' lang='lat'><strong>(95</strong></span> 
     </span>
    </p>
   </div>
   <div class='ocr_carea' id='block_1_29' title="bbox 2058 2121 3580 2210">
    <p class='ocr_par' dir='ltr' id='par_1_29' title="bbox 2058 2126 3580 2198">
     <span class='ocr_line' id='line_1_29' title="bbox 2058 2126 3580 2198; baseline 0.001 -16"><span class='ocrx_word' id='word_1_326' title='bbox 2058 2126 2238 2182; x_wconf 72' lang='lat' dir='ltr'><strong>salutis</strong></span> <span class='ocrx_word' id='word_1_327' title='bbox 2271 2128 2318 2194; x_wconf 87' lang='lat'><strong>&quot;,</strong></span> <span class='ocrx_word' id='word_1_328' title='bbox 2348 2135 2408 2181; x_wconf 93' lang='lat' dir='ltr'><strong>ut</strong></span> <span class='ocrx_word' id='word_1_329' title='bbox 2430 2127 2769 2182; x_wconf 68' lang='lat' dir='ltr'><strong>terrestrium</strong></span> <span class='ocrx_word' id='word_1_330' title='bbox 2801 2137 2854 2182; x_wconf 91' lang='lat' dir='ltr'><strong>et</strong></span> <span class='ocrx_word' id='word_1_331' title='bbox 2881 2127 3184 2183; x_wconf 68' lang='lat' dir='ltr'><strong>caelestium</strong></span> <span class='ocrx_word' id='word_1_332' title='bbox 3214 2129 3464 2183; x_wconf 86' lang='lat' dir='ltr'><strong>liatunus</strong></span> <span class='ocrx_word' id='word_1_333' title='bbox 3481 2146 3580 2198; x_wconf 75' lang='lat' dir='ltr'><strong>grex</strong></span> 
     </span>
    </p>
   </div>
   <div class='ocr_carea' id='block_1_30' title="bbox 371 2220 1926 2298">
    <p class='ocr_par' dir='ltr' id='par_1_30' title="bbox 371 2222 1919 2298">
     <span class='ocr_line' id='line_1_30' title="bbox 371 2222 1919 2298; baseline 0.015 -35"><span class='ocrx_word' id='word_1_334' title='bbox 371 2222 596 2282; x_wconf 88' lang='lat' dir='ltr'><strong>propter</strong></span> <span class='ocrx_word' id='word_1_335' title='bbox 623 2230 724 2270; x_wconf 86' lang='lat' dir='ltr'><strong>nos</strong></span> <span class='ocrx_word' id='word_1_336' title='bbox 755 2235 768 2272; x_wconf 89' lang='lat'><strong>:</strong></span> <span class='ocrx_word' id='word_1_337' title='bbox 804 2227 861 2270; x_wconf 93' lang='lat' dir='ltr'><strong>ut</strong></span> <span class='ocrx_word' id='word_1_338' title='bbox 892 2231 1074 2274; x_wconf 88' lang='lat' dir='ltr'><strong>autem</strong></span> <span class='ocrx_word' id='word_1_339' title='bbox 1122 2223 1345 2277; x_wconf 86' lang='lat' dir='ltr'><strong>revelati</strong></span> <span class='ocrx_word' id='word_1_340' title='bbox 1377 2224 1582 2282; x_wconf 82' lang='lat' dir='ltr'><strong>fuerint</strong></span> <span class='ocrx_word' id='word_1_341' title='bbox 1610 2228 1703 2283; x_wconf 91' lang='lat' dir='ltr'><strong>lilii</strong></span> <span class='ocrx_word' id='word_1_342' title='bbox 1738 2231 1854 2298; x_wconf 90' lang='lat' dir='ltr'><strong>Dei,</strong></span> <span class='ocrx_word' id='word_1_343' title='bbox 1890 2249 1919 2286; x_wconf 92' lang='lat' dir='ltr'><strong>e</strong></span> 
     </span>
    </p>
   </div>
   <div class='ocr_carea' id='block_1_31' title="bbox 2058 2220 3582 2298">
    <p class='ocr_par' dir='ltr' id='par_1_31' title="bbox 2058 2220 3582 2290">
     <span class='ocr_line' id='line_1_31' title="bbox 2058 2220 3582 2290; baseline 0.003 -17"><span class='ocrx_word' id='word_1_344' title='bbox 2058 2228 2099 2273; x_wconf 84' lang='lat' dir='ltr'><strong>et</strong></span> <span class='ocrx_word' id='word_1_345' title='bbox 2137 2234 2278 2275; x_wconf 88' lang='lat' dir='ltr'><strong>unus</strong></span> <span class='ocrx_word' id='word_1_346' title='bbox 2328 2231 2513 2290; x_wconf 90' lang='lat' dir='ltr'><strong>pastor</strong></span> <span class='ocrx_word' id='word_1_347' title='bbox 2537 2220 2579 2283; x_wconf 80' lang='grc'><strong>⁸,</strong></span> <span class='ocrx_word' id='word_1_348' title='bbox 2619 2230 2673 2275; x_wconf 90' lang='lat' dir='ltr'><strong>et</strong></span> <span class='ocrx_word' id='word_1_349' title='bbox 2730 2239 2749 2272; x_wconf 73' lang='grc' dir='ltr'>ι</span> <span class='ocrx_word' id='word_1_350' title='bbox 2803 2223 2875 2276; x_wconf 89' lang='lat' dir='ltr'><strong>sit</strong></span> <span class='ocrx_word' id='word_1_351' title='bbox 2928 2221 3072 2278; x_wconf 76' lang='lat' dir='ltr'><strong>Dens</strong></span> <span class='ocrx_word' id='word_1_352' title='bbox 3114 2225 3302 2278; x_wconf 87' lang='lat' dir='ltr'><strong>omnia</strong></span> <span class='ocrx_word' id='word_1_353' title='bbox 3352 2223 3402 2277; x_wconf 91' lang='lat' dir='ltr'><strong>in</strong></span> <span class='ocrx_word' id='word_1_354' title='bbox 3442 2225 3582 2278; x_wconf 86' lang='lat' dir='ltr'><strong>omni-</strong></span> 
     </span>
    </p>
   </div>
   <div class='ocr_carea' id='block_1_32' title="bbox 371 2307 1926 2389">
    <p class='ocr_par' dir='ltr' id='par_1_32' title="bbox 371 2307 1920 2389">
     <span class='ocr_line' id='line_1_32' title="bbox 371 2307 1920 2389; baseline 0.015 -33"><span class='ocrx_word' id='word_1_355' title='bbox 371 2307 680 2375; x_wconf 83' lang='lat' dir='ltr'><strong>congregati</strong></span> <span class='ocrx_word' id='word_1_356' title='bbox 734 2308 787 2362; x_wconf 94' lang='lat' dir='ltr'><strong>in</strong></span> <span class='ocrx_word' id='word_1_357' title='bbox 841 2326 1006 2367; x_wconf 90' lang='lat' dir='ltr'><strong>unum</strong></span> <span class='ocrx_word' id='word_1_358' title='bbox 1039 2326 1136 2382; x_wconf 88' lang='lat' dir='ltr'><strong>per</strong></span> <span class='ocrx_word' id='word_1_359' title='bbox 1194 2315 1492 2371; x_wconf 86' lang='lat' dir='ltr'><strong>Ecclesiam</strong></span> <span class='ocrx_word' id='word_1_360' title='bbox 1544 2335 1706 2389; x_wconf 85' lang='lat' dir='ltr'><strong>quam</strong></span> <span class='ocrx_word' id='word_1_361' title='bbox 1758 2326 1920 2379; x_wconf 88' lang='lat' dir='ltr'><strong>statui</strong></span> 
     </span>
    </p>
   </div>
   <div class='ocr_carea' id='block_1_33' title="bbox 2058 2307 3580 2389">
    <p class='ocr_par' dir='ltr' id='par_1_33' title="bbox 2058 2312 3580 2384">
     <span class='ocr_line' id='line_1_33' title="bbox 2058 2312 3580 2384; baseline -0.001 -17"><span class='ocrx_word' id='word_1_362' title='bbox 2058 2317 2148 2368; x_wconf 75' lang='lat' dir='ltr'><strong>lius</strong></span> <span class='ocrx_word' id='word_1_363' title='bbox 2177 2314 2219 2365; x_wconf 72' lang='lat'><strong>9.</strong></span> <span class='ocrx_word' id='word_1_364' title='bbox 2255 2330 2272 2363; x_wconf 77' lang='grc' dir='ltr'><strong><em>ι</em></strong></span> <span class='ocrx_word' id='word_1_365' title='bbox 2313 2312 2380 2366; x_wconf 81' lang='lat' dir='ltr'><strong>Et</strong></span> <span class='ocrx_word' id='word_1_366' title='bbox 2423 2322 2481 2365; x_wconf 91' lang='lat' dir='ltr'><strong>ut</strong></span> <span class='ocrx_word' id='word_1_367' title='bbox 2517 2312 2824 2367; x_wconf 90' lang='lat' dir='ltr'><strong>evidentius</strong></span> <span class='ocrx_word' id='word_1_368' title='bbox 2857 2313 2924 2368; x_wconf 92' lang='lat' dir='ltr'><strong>de</strong></span> <span class='ocrx_word' id='word_1_369' title='bbox 2955 2314 3039 2367; x_wconf 91' lang='lat' dir='ltr'><strong>his</strong></span> <span class='ocrx_word' id='word_1_370' title='bbox 3073 2329 3194 2384; x_wconf 79' lang='lat' dir='ltr'><strong>qua:</strong></span> <span class='ocrx_word' id='word_1_371' title='bbox 3225 2315 3436 2368; x_wconf 76' lang='lat' dir='ltr'><strong>dixerat</strong></span> <span class='ocrx_word' id='word_1_372' title='bbox 3477 2331 3580 2367; x_wconf 85' lang='lat' dir='ltr'><strong>cou-</strong></span> 
     </span>
    </p>
   </div>
   <div class='ocr_carea' id='block_1_34' title="bbox 377 2398 3582 2482">
    <p class='ocr_par' dir='ltr' id='par_1_34' title="bbox 377 2398 3582 2482">
     <span class='ocr_line' id='line_1_34' title="bbox 377 2398 3582 2482; baseline 0.003 -28"><span class='ocrx_word' id='word_1_373' title='bbox 377 2414 398 2446; x_wconf 74' lang='grc' dir='ltr'><strong><em>ι</em></strong></span> <span class='ocrx_word' id='word_1_374' title='bbox 432 2398 524 2451; x_wconf 86' lang='lat' dir='ltr'><strong>uni</strong></span> <span class='ocrx_word' id='word_1_375' title='bbox 553 2398 691 2465; x_wconf 84' lang='lat' dir='ltr'><strong>viro,</strong></span> <span class='ocrx_word' id='word_1_376' title='bbox 718 2402 984 2472; x_wconf 80' lang='lat' dir='ltr'><strong>virginem</strong></span> <span class='ocrx_word' id='word_1_377' title='bbox 1017 2418 1223 2462; x_wconf 83' lang='lat' dir='ltr'><strong>castam</strong></span> <span class='ocrx_word' id='word_1_378' title='bbox 1259 2412 1519 2469; x_wconf 76' lang='lat' dir='ltr'><strong>exhibere</strong></span> <span class='ocrx_word' id='word_1_379' title='bbox 1552 2414 1774 2472; x_wconf 66' lang='grc' dir='ltr'><strong>(ζιπῖειο</strong></span> <span class='ocrx_word' id='word_1_380' title='bbox 1806 2419 1877 2482; x_wconf 62' lang='grc' dir='ltr'><strong>θ’,</strong></span> <span class='ocrx_word' id='word_1_381' title='bbox 1919 2439 1938 2472; x_wconf 84' lang='grc'><em>,</em></span> <span class='ocrx_word' id='word_1_382' title='bbox 2049 2403 2292 2460; x_wconf 77' lang='lat' dir='ltr'><strong>ﬁrmaret</strong></span> <span class='ocrx_word' id='word_1_383' title='bbox 2315 2446 2330 2472; x_wconf 92' lang='lat'><strong>,</strong></span> <span class='ocrx_word' id='word_1_384' title='bbox 2364 2406 2573 2460; x_wconf 83' lang='lat' dir='ltr'><strong>addidit</strong></span> <span class='ocrx_word' id='word_1_385' title='bbox 2603 2424 2616 2460; x_wconf 91' lang='lat'>:</span> <span class='ocrx_word' id='word_1_386' title='bbox 2649 2424 2669 2458; x_wconf 84' lang='lat' dir='ltr'><strong>t</strong></span> <span class='ocrx_word' id='word_1_387' title='bbox 2709 2405 2926 2462; x_wconf 82' lang='lat' dir='ltr'><strong>Scimus</strong></span> <span class='ocrx_word' id='word_1_388' title='bbox 2959 2409 3103 2462; x_wconf 89' lang='lat' dir='ltr'><strong>enim</strong></span> <span class='ocrx_word' id='word_1_389' title='bbox 3155 2410 3414 2477; x_wconf 87' lang='lat' dir='ltr'><strong>quoniam</strong></span> <span class='ocrx_word' id='word_1_390' title='bbox 3441 2411 3582 2464; x_wconf 90' lang='lat' dir='ltr'><strong>omnis</strong></span> 
     </span>
    </p>
   </div>
   <div class='ocr_carea' id='block_1_35' title="bbox 375 2492 1926 2580">
    <p class='ocr_par' dir='ltr' id='par_1_35' title="bbox 375 2492 1926 2578">
     <span class='ocr_line' id='line_1_35' title="bbox 375 2492 1926 2578; baseline 0.017 -38"><span class='ocrx_word' id='word_1_391' title='bbox 375 2497 503 2543; x_wconf 85' lang='lat' dir='ltr'><strong>tunc</strong></span> <span class='ocrx_word' id='word_1_392' title='bbox 535 2501 590 2546; x_wconf 84' lang='lat' dir='ltr'><strong>ct</strong></span> <span class='ocrx_word' id='word_1_393' title='bbox 623 2492 736 2561; x_wconf 90' lang='lat' dir='ltr'><strong>ipse</strong></span> <span class='ocrx_word' id='word_1_394' title='bbox 781 2493 1105 2553; x_wconf 86' lang='lat' dir='ltr'><strong>liberabitur</strong></span> <span class='ocrx_word' id='word_1_395' title='bbox 1151 2517 1178 2553; x_wconf 91' lang='lat' dir='ltr'><strong>a</strong></span> <span class='ocrx_word' id='word_1_396' title='bbox 1217 2504 1479 2561; x_wconf 89' lang='lat' dir='ltr'><strong>servitute</strong></span> <span class='ocrx_word' id='word_1_397' title='bbox 1529 2511 1926 2578; x_wconf 44' lang='lat' dir='ltr'><strong>corruptionis.</strong></span> 
     </span>
    </p>
   </div>
   <div class='ocr_carea' id='block_1_36' title="bbox 2058 2492 3578 2580">
    <p class='ocr_par' dir='ltr' id='par_1_36' title="bbox 2058 2498 3578 2571">
     <span class='ocr_line' id='line_1_36' title="bbox 2058 2498 3578 2571; baseline -0.001 -19"><span class='ocrx_word' id='word_1_398' title='bbox 2058 2509 2300 2553; x_wconf 77' lang='lat' dir='ltr'><strong>creatura</strong></span> <span class='ocrx_word' id='word_1_399' title='bbox 2330 2498 2716 2568; x_wconf 90' lang='lat' dir='ltr'><strong>congemiscit,</strong></span> <span class='ocrx_word' id='word_1_400' title='bbox 2748 2507 2803 2552; x_wconf 91' lang='lat' dir='ltr'><strong>et</strong></span> <span class='ocrx_word' id='word_1_401' title='bbox 2827 2498 3078 2554; x_wconf 91' lang='lat' dir='ltr'><strong>condolet</strong></span> <span class='ocrx_word' id='word_1_402' title='bbox 3107 2516 3283 2571; x_wconf 89' lang='lat' dir='ltr'><strong>usque</strong></span> <span class='ocrx_word' id='word_1_403' title='bbox 3309 2501 3479 2556; x_wconf 88' lang='lat' dir='ltr'><strong>adhuc</strong></span> <span class='ocrx_word' id='word_1_404' title='bbox 3504 2502 3578 2553; x_wconf 72' lang='grc' dir='ltr'><strong>η.»</strong></span> 
     </span>
    </p>
   </div>
   <div class='ocr_carea' id='block_1_37' title="bbox 372 2584 1926 2672">
    <p class='ocr_par' dir='ltr' id='par_1_37' title="bbox 372 2584 1926 2672">
     <span class='ocr_line' id='line_1_37' title="bbox 372 2584 1926 2672; baseline 0.014 -35"><span class='ocrx_word' id='word_1_405' title='bbox 372 2584 515 2639; x_wconf 88' lang='lat' dir='ltr'><strong>sicut</strong></span> <span class='ocrx_word' id='word_1_406' title='bbox 556 2595 613 2642; x_wconf 92' lang='lat' dir='ltr'><strong>et</strong></span> <span class='ocrx_word' id='word_1_407' title='bbox 643 2590 756 2660; x_wconf 90' lang='lat' dir='ltr'><strong>ipse</strong></span> <span class='ocrx_word' id='word_1_408' title='bbox 785 2591 955 2648; x_wconf 91' lang='lat' dir='ltr'><strong>dicit:</strong></span> <span class='ocrx_word' id='word_1_409' title='bbox 997 2612 1016 2646; x_wconf 76' lang='grc' dir='ltr'>ι</span> <span class='ocrx_word' id='word_1_410' title='bbox 1053 2596 1164 2666; x_wconf 87' lang='lat' dir='ltr'><strong>Ego</strong></span> <span class='ocrx_word' id='word_1_411' title='bbox 1195 2609 1375 2655; x_wconf 89' lang='lat' dir='ltr'><strong>autem</strong></span> <span class='ocrx_word' id='word_1_412' title='bbox 1419 2603 1530 2672; x_wconf 90' lang='lat' dir='ltr'><strong>jam</strong></span> <span class='ocrx_word' id='word_1_413' title='bbox 1579 2605 1856 2672; x_wconf 88' lang='lat' dir='ltr'><strong>imniolor,</strong></span> <span class='ocrx_word' id='word_1_414' title='bbox 1887 2620 1926 2663; x_wconf 74' lang='lat' dir='ltr'><strong>ei</strong></span> 
     </span>
    </p>
   </div>
   <div class='ocr_carea' id='block_1_38' title="bbox 2058 2584 3579 2672">
    <p class='ocr_par' dir='ltr' id='par_1_38' title="bbox 2058 2591 3579 2663">
     <span class='ocr_line' id='line_1_38' title="bbox 2058 2591 3579 2663; baseline 0.001 -19"><span class='ocrx_word' id='word_1_415' title='bbox 2058 2591 2311 2659; x_wconf 77' lang='lat' dir='ltr'><strong>Superius</strong></span> <span class='ocrx_word' id='word_1_416' title='bbox 2353 2592 2611 2646; x_wconf 82' lang='lat' dir='ltr'><strong>dixerat:</strong></span> <span class='ocrx_word' id='word_1_417' title='bbox 2643 2609 2662 2642; x_wconf 71' lang='grc' dir='ltr'>ι</span> <span class='ocrx_word' id='word_1_418' title='bbox 2721 2591 2988 2646; x_wconf 82' lang='lat' dir='ltr'><strong>Existimo</strong></span> <span class='ocrx_word' id='word_1_419' title='bbox 3034 2594 3176 2648; x_wconf 89' lang='lat' dir='ltr'><strong>enim</strong></span> <span class='ocrx_word' id='word_1_420' title='bbox 3226 2595 3473 2663; x_wconf 86' lang='lat' dir='ltr'><strong>quoniam</strong></span> <span class='ocrx_word' id='word_1_421' title='bbox 3502 2611 3579 2648; x_wconf 89' lang='lat' dir='ltr'><strong>non</strong></span> 
     </span>
    </p>
   </div>
   <div class='ocr_carea' id='block_1_39' title="bbox 373 2683 1926 2756">
    <p class='ocr_par' dir='ltr' id='par_1_39' title="bbox 373 2683 1926 2754">
     <span class='ocr_line' id='line_1_39' title="bbox 373 2683 1926 2754; baseline 0.017 -25"><span class='ocrx_word' id='word_1_422' title='bbox 373 2687 587 2746; x_wconf 91' lang='lat' dir='ltr'><strong>tempus</strong></span> <span class='ocrx_word' id='word_1_423' title='bbox 635 2683 984 2742; x_wconf 89' lang='lat' dir='ltr'><strong>resolutionis</strong></span> <span class='ocrx_word' id='word_1_424' title='bbox 1031 2704 1165 2742; x_wconf 74' lang='lat' dir='ltr'><strong>mea:</strong></span> <span class='ocrx_word' id='word_1_425' title='bbox 1195 2690 1385 2752; x_wconf 88' lang='lat' dir='ltr'><strong>instat.</strong></span> <span class='ocrx_word' id='word_1_426' title='bbox 1427 2695 1660 2750; x_wconf 90' lang='lat' dir='ltr'><strong>Cursum</strong></span> <span class='ocrx_word' id='word_1_427' title='bbox 1688 2712 1926 2754; x_wconf 90' lang='lat' dir='ltr'><strong>consum</strong></span> 
     </span>
    </p>
   </div>
   <div class='ocr_carea' id='block_1_40' title="bbox 2058 2683 3580 2756">
    <p class='ocr_par' dir='ltr' id='par_1_40' title="bbox 2058 2685 3580 2756">
     <span class='ocr_line' id='line_1_40' title="bbox 2058 2685 3580 2756; baseline -0.002 -15"><span class='ocrx_word' id='word_1_428' title='bbox 2058 2694 2171 2741; x_wconf 76' lang='lat' dir='ltr'><strong>sunt</strong></span> <span class='ocrx_word' id='word_1_429' title='bbox 2199 2686 2482 2755; x_wconf 64' lang='lat' dir='ltr'><strong>condigna:</strong></span> <span class='ocrx_word' id='word_1_430' title='bbox 2504 2685 2786 2756; x_wconf 84' lang='lat' dir='ltr'><strong>passiones</strong></span> <span class='ocrx_word' id='word_1_431' title='bbox 2817 2685 2978 2754; x_wconf 89' lang='lat' dir='ltr'><strong>hujus</strong></span> <span class='ocrx_word' id='word_1_432' title='bbox 3004 2687 3266 2754; x_wconf 86' lang='lat' dir='ltr'><strong>temporis</strong></span> <span class='ocrx_word' id='word_1_433' title='bbox 3291 2687 3355 2740; x_wconf 85' lang='lat' dir='ltr'><strong>ad</strong></span> <span class='ocrx_word' id='word_1_434' title='bbox 3380 2686 3580 2740; x_wconf 81' lang='lat' dir='ltr'><strong>luturam</strong></span> 
     </span>
    </p>
   </div>
   <div class='ocr_carea' id='block_1_41' title="bbox 372 2772 3578 2857">
    <p class='ocr_par' dir='ltr' id='par_1_41' title="bbox 372 2772 3578 2857">
     <span class='ocr_line' id='line_1_41' title="bbox 372 2772 3578 2857; baseline 0.003 -34"><span class='ocrx_word' id='word_1_435' title='bbox 372 2772 535 2837; x_wconf 85' lang='lat' dir='ltr'><strong>mavi,</strong></span> <span class='ocrx_word' id='word_1_436' title='bbox 570 2774 727 2831; x_wconf 82' lang='lat' dir='ltr'><strong>ﬁdem</strong></span> <span class='ocrx_word' id='word_1_437' title='bbox 762 2781 974 2834; x_wconf 76' lang='lat' dir='ltr'><strong>servavi</strong></span> <span class='ocrx_word' id='word_1_438' title='bbox 1001 2797 1020 2837; x_wconf 70' lang='grc' dir='ltr'>ς</span> <span class='ocrx_word' id='word_1_439' title='bbox 1045 2787 1113 2837; x_wconf 76' lang='lat' dir='ltr'><strong>de</strong></span> <span class='ocrx_word' id='word_1_440' title='bbox 1143 2795 1337 2840; x_wconf 61' lang='grc' dir='ltr'><strong>οκιειιο</strong></span> <span class='ocrx_word' id='word_1_441' title='bbox 1387 2789 1624 2857; x_wconf 53' lang='lat' dir='ltr'><strong>reposita</strong></span> <span class='ocrx_word' id='word_1_442' title='bbox 1673 2803 1757 2846; x_wconf 66' lang='grc' dir='ltr'><strong>εει</strong></span> <span class='ocrx_word' id='word_1_443' title='bbox 1807 2793 1938 2848; x_wconf 69' lang='lat' dir='ltr'><strong>mihi</strong></span> <span class='ocrx_word' id='word_1_444' title='bbox 2046 2777 2277 2847; x_wconf 74' lang='lat' dir='ltr'><strong>gloriam</strong></span> <span class='ocrx_word' id='word_1_445' title='bbox 2315 2779 2397 2844; x_wconf 82' lang='lat'><strong>“;</strong></span> <span class='ocrx_word' id='word_1_446' title='bbox 2443 2797 2462 2830; x_wconf 76' lang='grc' dir='ltr'><strong><em>ι</em></strong></span> <span class='ocrx_word' id='word_1_447' title='bbox 2503 2788 2712 2834; x_wconf 89' lang='lat' dir='ltr'><strong>etcum</strong></span> <span class='ocrx_word' id='word_1_448' title='bbox 2757 2779 2830 2832; x_wconf 87' lang='lat' dir='ltr'><strong>ibi</strong></span> <span class='ocrx_word' id='word_1_449' title='bbox 2866 2794 2926 2832; x_wconf 91' lang='lat' dir='ltr'><strong>se</strong></span> <span class='ocrx_word' id='word_1_450' title='bbox 2955 2779 3279 2835; x_wconf 79' lang='lat' dir='ltr'><strong>existimare</strong></span> <span class='ocrx_word' id='word_1_451' title='bbox 3307 2780 3510 2842; x_wconf 79' lang='lat' dir='ltr'><strong>dixerit,</strong></span> <span class='ocrx_word' id='word_1_452' title='bbox 3539 2781 3578 2834; x_wconf 92' lang='lat' dir='ltr'><strong>in</strong></span> 
     </span>
    </p>
   </div>
   <div class='ocr_carea' id='block_1_42' title="bbox 370 2867 3580 2940">
    <p class='ocr_par' dir='ltr' id='par_1_42' title="bbox 370 2867 3580 2940">
     <span class='ocr_line' id='line_1_42' title="bbox 370 2867 3580 2940; baseline -0.001 -16"><span class='ocrx_word' id='word_1_453' title='bbox 370 2880 575 2921; x_wconf 79' lang='lat' dir='ltr'><strong>t&#39;orona</strong></span> <span class='ocrx_word' id='word_1_454' title='bbox 601 2867 826 2937; x_wconf 67' lang='lat' dir='ltr'><strong>iustitiae</strong></span> <span class='ocrx_word' id='word_1_455' title='bbox 858 2872 897 2927; x_wconf 79' lang='grc'><strong>³.</strong></span> <span class='ocrx_word' id='word_1_456' title='bbox 947 2891 966 2924; x_wconf 71' lang='grc' dir='ltr'><strong><em>ι</em></strong></span> <span class='ocrx_word' id='word_1_457' title='bbox 1003 2872 1114 2929; x_wconf 90' lang='lat' dir='ltr'><strong>Hoc</strong></span> <span class='ocrx_word' id='word_1_458' title='bbox 1148 2884 1233 2930; x_wconf 84' lang='lat' dir='ltr'><strong>est</strong></span> <span class='ocrx_word' id='word_1_459' title='bbox 1268 2876 1554 2933; x_wconf 75' lang='lat' dir='ltr'><strong>liberatum</strong></span> <span class='ocrx_word' id='word_1_460' title='bbox 1598 2896 1719 2937; x_wconf 71' lang='lat' dir='ltr'><strong>esse</strong></span> <span class='ocrx_word' id='word_1_461' title='bbox 1750 2900 1779 2938; x_wconf 66' lang='grc' dir='ltr'><strong>ει</strong></span> <span class='ocrx_word' id='word_1_462' title='bbox 1817 2899 1935 2939; x_wconf 69' lang='lat' dir='ltr'><strong>ser.</strong></span> <span class='ocrx_word' id='word_1_463' title='bbox 2055 2875 2138 2928; x_wconf 86' lang='lat' dir='ltr'><strong>his</strong></span> <span class='ocrx_word' id='word_1_464' title='bbox 2169 2873 2313 2928; x_wconf 88' lang='lat' dir='ltr'><strong>scire</strong></span> <span class='ocrx_word' id='word_1_465' title='bbox 2345 2888 2404 2928; x_wconf 89' lang='lat' dir='ltr'><strong>sc</strong></span> <span class='ocrx_word' id='word_1_466' title='bbox 2432 2873 2561 2926; x_wconf 90' lang='lat' dir='ltr'><strong>dicit</strong></span> <span class='ocrx_word' id='word_1_467' title='bbox 2587 2870 2727 2940; x_wconf 88' lang='lat' dir='ltr'><strong>quod</strong></span> <span class='ocrx_word' id='word_1_468' title='bbox 2756 2875 2936 2925; x_wconf 89' lang='lat' dir='ltr'><strong>omnis</strong></span> <span class='ocrx_word' id='word_1_469' title='bbox 2966 2881 3220 2925; x_wconf 88' lang='lat' dir='ltr'><strong>creatura</strong></span> <span class='ocrx_word' id='word_1_470' title='bbox 3259 2873 3580 2940; x_wconf 81' lang='lat' dir='ltr'><strong>congemiscat</strong></span> 
     </span>
    </p>
   </div>
   <div class='ocr_carea' id='block_1_43' title="bbox 370 2957 3578 3041">
    <p class='ocr_par' dir='ltr' id='par_1_43' title="bbox 370 2957 3578 3041">
     <span class='ocr_line' id='line_1_43' title="bbox 370 2957 3578 3041; baseline 0.007 -31"><span class='ocrx_word' id='word_1_471' title='bbox 370 2957 544 3012; x_wconf 85' lang='lat' dir='ltr'><strong>vitute</strong></span> <span class='ocrx_word' id='word_1_472' title='bbox 590 2963 958 3031; x_wconf 81' lang='lat' dir='ltr'><strong>corruptionis</strong></span> <span class='ocrx_word' id='word_1_473' title='bbox 1010 2965 1063 3020; x_wconf 91' lang='lat' dir='ltr'><strong>in</strong></span> <span class='ocrx_word' id='word_1_474' title='bbox 1101 2967 1410 3024; x_wconf 81' lang='lat' dir='ltr'><strong>libertatem</strong></span> <span class='ocrx_word' id='word_1_475' title='bbox 1459 2972 1646 3041; x_wconf 74' lang='lat' dir='ltr'><strong>gloria:</strong></span> <span class='ocrx_word' id='word_1_476' title='bbox 1699 2976 1935 3032; x_wconf 74' lang='lat' dir='ltr'><strong>filiorum</strong></span> <span class='ocrx_word' id='word_1_477' title='bbox 2042 2974 2096 3017; x_wconf 74' lang='grc' dir='ltr'><strong>ει</strong></span> <span class='ocrx_word' id='word_1_478' title='bbox 2143 2963 2430 3020; x_wconf 57' lang='lat' dir='ltr'><strong>commeat</strong></span> <span class='ocrx_word' id='word_1_479' title='bbox 2461 2963 2572 3034; x_wconf 79' lang='lat'><strong>(93)</strong></span> <span class='ocrx_word' id='word_1_480' title='bbox 2601 3002 2616 3028; x_wconf 74' lang='grc' dir='ltr'><strong>ν</strong></span> <span class='ocrx_word' id='word_1_481' title='bbox 2649 2979 2756 3030; x_wconf 79' lang='grc' dir='ltr'><strong>⁴Ι¹¹ο</strong></span> <span class='ocrx_word' id='word_1_482' title='bbox 2790 2961 2999 3016; x_wconf 65' lang='grc' dir='ltr'><strong>δεῖιίεεῑ</strong></span> <span class='ocrx_word' id='word_1_483' title='bbox 3031 2962 3163 3016; x_wconf 64' lang='lat' dir='ltr'><strong>&quot;nl&quot;</strong></span> <span class='ocrx_word' id='word_1_484' title='bbox 3214 2963 3270 3016; x_wconf 77' lang='grc' dir='ltr'><strong>ίη</strong></span> <span class='ocrx_word' id='word_1_485' title='bbox 3308 2965 3408 3018; x_wconf 72' lang='lat' dir='ltr'><strong>hoc</strong></span> <span class='ocrx_word' id='word_1_486' title='bbox 3453 2979 3578 3017; x_wconf 63' lang='lat' dir='ltr'><strong>59M&quot;</strong></span> 
     </span>
    </p>
   </div>
   <div class='ocr_carea' id='block_1_44' title="bbox 367 3049 3578 3132">
    <p class='ocr_par' dir='ltr' id='par_1_44' title="bbox 367 3049 3578 3132">
     <span class='ocr_line' id='line_1_44' title="bbox 367 3049 3578 3132; baseline 0.001 -29"><span class='ocrx_word' id='word_1_487' title='bbox 367 3049 489 3105; x_wconf 87' lang='lat' dir='ltr'><strong>Dei.</strong></span> <span class='ocrx_word' id='word_1_488' title='bbox 521 3053 626 3107; x_wconf 89' lang='lat' dir='ltr'><strong>Sed</strong></span> <span class='ocrx_word' id='word_1_489' title='bbox 659 3054 728 3110; x_wconf 90' lang='lat' dir='ltr'><strong>ab</strong></span> <span class='ocrx_word' id='word_1_490' title='bbox 763 3055 868 3119; x_wconf 83' lang='lat' dir='ltr'><strong>his,</strong></span> <span class='ocrx_word' id='word_1_491' title='bbox 900 3057 946 3112; x_wconf 83' lang='lat' dir='ltr'><strong>si</strong></span> <span class='ocrx_word' id='word_1_492' title='bbox 981 3058 1214 3125; x_wconf 62' lang='lat' dir='ltr'><strong>videtur,</strong></span> <span class='ocrx_word' id='word_1_493' title='bbox 1258 3063 1524 3132; x_wconf 60' lang='lat' dir='ltr'><strong>exemplis</strong></span> <span class='ocrx_word' id='word_1_494' title='bbox 1553 3067 1718 3122; x_wconf 53' lang='lat' dir='ltr'><strong>etiam</strong></span> <span class='ocrx_word' id='word_1_495' title='bbox 1751 3071 1816 3124; x_wconf 66' lang='lat' dir='ltr'><strong>ad</strong></span> <span class='ocrx_word' id='word_1_496' title='bbox 1850 3087 1938 3124; x_wconf 66' lang='grc' dir='ltr'><strong>δη,</strong></span> <span class='ocrx_word' id='word_1_497' title='bbox 1965 3072 2008 3130; x_wconf 76' lang='lat' dir='ltr'><strong>C</strong></span> <span class='ocrx_word' id='word_1_498' title='bbox 2046 3057 2409 3112; x_wconf 88' lang='lat' dir='ltr'><strong>dubitationis</strong></span> <span class='ocrx_word' id='word_1_499' title='bbox 2461 3057 2747 3111; x_wconf 80' lang='lat' dir='ltr'><strong>habeatur.</strong></span> <span class='ocrx_word' id='word_1_500' title='bbox 2799 3056 3065 3110; x_wconf 87' lang='lat' dir='ltr'><strong>Creatttra</strong></span> <span class='ocrx_word' id='word_1_501' title='bbox 3114 3057 3303 3123; x_wconf 78' lang='lat' dir='ltr'><strong>enim,</strong></span> <span class='ocrx_word' id='word_1_502' title='bbox 3343 3056 3460 3111; x_wconf 89' lang='lat' dir='ltr'><strong>licet</strong></span> <span class='ocrx_word' id='word_1_503' title='bbox 3497 3071 3578 3109; x_wconf 85' lang='lat' dir='ltr'><strong>non</strong></span> 
     </span>
    </p>
   </div>
   <div class='ocr_carea' id='block_1_45' title="bbox 361 3142 1935 3226">
    <p class='ocr_par' dir='ltr' id='par_1_45' title="bbox 361 3142 1935 3226">
     <span class='ocr_line' id='line_1_45' title="bbox 361 3142 1935 3226; baseline 0.013 -31"><span class='ocrx_word' id='word_1_504' title='bbox 361 3142 576 3212; x_wconf 88' lang='lat' dir='ltr'><strong>periora</strong></span> <span class='ocrx_word' id='word_1_505' title='bbox 599 3147 926 3213; x_wconf 88' lang='lat' dir='ltr'><strong>conscende,</strong></span> <span class='ocrx_word' id='word_1_506' title='bbox 953 3159 1008 3204; x_wconf 92' lang='lat' dir='ltr'><strong>et</strong></span> <span class='ocrx_word' id='word_1_507' title='bbox 1036 3151 1159 3205; x_wconf 85' lang='lat' dir='ltr'><strong>vide</strong></span> <span class='ocrx_word' id='word_1_508' title='bbox 1195 3152 1364 3222; x_wconf 90' lang='lat' dir='ltr'><strong>ipsius</strong></span> <span class='ocrx_word' id='word_1_509' title='bbox 1402 3155 1553 3223; x_wconf 91' lang='lat' dir='ltr'><strong>solis,</strong></span> <span class='ocrx_word' id='word_1_510' title='bbox 1584 3168 1639 3211; x_wconf 92' lang='lat' dir='ltr'><strong>et</strong></span> <span class='ocrx_word' id='word_1_511' title='bbox 1676 3158 1841 3226; x_wconf 71' lang='lat' dir='ltr'><strong>lunae,</strong></span> <span class='ocrx_word' id='word_1_512' title='bbox 1870 3177 1935 3216; x_wconf 90' lang='lat' dir='ltr'><strong>ac</strong></span> 
     </span>
    </p>
   </div>
   <div class='ocr_carea' id='block_1_46' title="bbox 360 3233 1935 3321">
    <p class='ocr_par' dir='ltr' id='par_1_46' title="bbox 360 3233 1935 3321">
     <span class='ocr_line' id='line_1_46' title="bbox 360 3233 1935 3321; baseline 0.013 -34"><span class='ocrx_word' id='word_1_513' title='bbox 360 3233 641 3290; x_wconf 75' lang='lat' dir='ltr'><strong>stellarum</strong></span> <span class='ocrx_word' id='word_1_514' title='bbox 670 3238 818 3306; x_wconf 78' lang='lat' dir='ltr'><strong>cteli,</strong></span> <span class='ocrx_word' id='word_1_515' title='bbox 839 3249 893 3294; x_wconf 89' lang='lat' dir='ltr'><strong>et</strong></span> <span class='ocrx_word' id='word_1_516' title='bbox 923 3242 1090 3296; x_wconf 90' lang='lat' dir='ltr'><strong>totius</strong></span> <span class='ocrx_word' id='word_1_517' title='bbox 1112 3246 1296 3298; x_wconf 90' lang='lat' dir='ltr'><strong>mundi</strong></span> <span class='ocrx_word' id='word_1_518' title='bbox 1324 3247 1621 3304; x_wconf 90' lang='lat' dir='ltr'><strong>ministeria</strong></span> <span class='ocrx_word' id='word_1_519' title='bbox 1663 3254 1935 3321; x_wconf 89' lang='lat' dir='ltr'><strong>quomodo</strong></span> 
     </span>
    </p>
   </div>
   <div class='ocr_carea' id='block_1_47' title="bbox 362 3325 1928 3410">
    <p class='ocr_par' dir='ltr' id='par_1_47' title="bbox 362 3325 1928 3410">
     <span class='ocr_line' id='line_1_47' title="bbox 362 3325 1928 3410; baseline 0.015 -33"><span class='ocrx_word' id='word_1_520' title='bbox 362 3325 605 3392; x_wconf 83' lang='lat' dir='ltr'><strong>subjecta</strong></span> <span class='ocrx_word' id='word_1_521' title='bbox 643 3339 770 3385; x_wconf 92' lang='lat' dir='ltr'><strong>sunt</strong></span> <span class='ocrx_word' id='word_1_522' title='bbox 804 3333 1067 3398; x_wconf 87' lang='lat' dir='ltr'><strong>vanitati,</strong></span> <span class='ocrx_word' id='word_1_523' title='bbox 1101 3339 1552 3410; x_wconf 89' lang='lat' dir='ltr'><strong>corruptionique</strong></span> <span class='ocrx_word' id='word_1_524' title='bbox 1591 3342 1928 3401; x_wconf 90' lang='lat' dir='ltr'><strong>deserviunt.</strong></span> 
     </span>
    </p>
   </div>
   <div class='ocr_carea' id='block_1_48' title="bbox 359 3418 1931 3503">
    <p class='ocr_par' dir='ltr' id='par_1_48' title="bbox 359 3418 1931 3503">
     <span class='ocr_line' id='line_1_48' title="bbox 359 3418 1931 3503; baseline 0.013 -32"><span class='ocrx_word' id='word_1_525' title='bbox 359 3418 444 3472; x_wconf 82' lang='lat' dir='ltr'><strong>Ad</strong></span> <span class='ocrx_word' id='word_1_526' title='bbox 471 3434 603 3476; x_wconf 91' lang='lat' dir='ltr'><strong>usus</strong></span> <span class='ocrx_word' id='word_1_527' title='bbox 629 3437 862 3492; x_wconf 86' lang='lat' dir='ltr'><strong>namque</strong></span> <span class='ocrx_word' id='word_1_528' title='bbox 897 3427 1175 3483; x_wconf 90' lang='lat' dir='ltr'><strong>hominum</strong></span> <span class='ocrx_word' id='word_1_529' title='bbox 1212 3430 1363 3485; x_wconf 91' lang='lat' dir='ltr'><strong>alunt</strong></span> <span class='ocrx_word' id='word_1_530' title='bbox 1391 3442 1603 3503; x_wconf 81' lang='lat' dir='ltr'><strong>segetes</strong></span> <span class='ocrx_word' id='word_1_531' title='bbox 1627 3473 1643 3500; x_wconf 91' lang='lat'><strong>,</strong></span> <span class='ocrx_word' id='word_1_532' title='bbox 1673 3436 1931 3491; x_wconf 86' lang='lat' dir='ltr'><strong>arborum</strong></span> 
     </span>
    </p>
   </div>
   <div class='ocr_carea' id='block_1_49' title="bbox 361 3511 1930 3596">
    <p class='ocr_par' dir='ltr' id='par_1_49' title="bbox 361 3511 1930 3596">
     <span class='ocr_line' id='line_1_49' title="bbox 361 3511 1930 3596; baseline 0.013 -33"><span class='ocrx_word' id='word_1_533' title='bbox 361 3511 577 3567; x_wconf 78' lang='lat' dir='ltr'><strong>fructus</strong></span> <span class='ocrx_word' id='word_1_534' title='bbox 608 3514 722 3586; x_wconf 65' lang='lat'><strong>(94)</strong></span> <span class='ocrx_word' id='word_1_535' title='bbox 774 3519 1119 3586; x_wconf 91' lang='lat' dir='ltr'><strong>producunt,</strong></span> <span class='ocrx_word' id='word_1_536' title='bbox 1178 3523 1516 3594; x_wconf 85' lang='lat' dir='ltr'><strong>herbamque</strong></span> <span class='ocrx_word' id='word_1_537' title='bbox 1565 3541 1930 3596; x_wconf 90' lang='lat' dir='ltr'><strong>camporum:</strong></span> 
     </span>
    </p>
   </div>
   <div class='ocr_carea' id='block_1_50' title="bbox 363 3610 1935 3677">
    <p class='ocr_par' dir='ltr' id='par_1_50' title="bbox 363 3610 1935 3677">
     <span class='ocr_line' id='line_1_50' title="bbox 363 3610 1935 3677; baseline 0.013 -21"><span class='ocrx_word' id='word_1_538' title='bbox 363 3613 528 3674; x_wconf 88' lang='lat' dir='ltr'><strong>atque</strong></span> <span class='ocrx_word' id='word_1_539' title='bbox 571 3610 787 3663; x_wconf 90' lang='lat' dir='ltr'><strong>eosdem</strong></span> <span class='ocrx_word' id='word_1_540' title='bbox 838 3611 890 3665; x_wconf 92' lang='lat' dir='ltr'><strong>in</strong></span> <span class='ocrx_word' id='word_1_541' title='bbox 921 3628 979 3668; x_wconf 90' lang='lat' dir='ltr'><strong>se</strong></span> <span class='ocrx_word' id='word_1_542' title='bbox 1013 3626 1349 3672; x_wconf 84' lang='lat' dir='ltr'><strong>revertentes</strong></span> <span class='ocrx_word' id='word_1_543' title='bbox 1392 3621 1518 3673; x_wconf 89' lang='lat' dir='ltr'><strong>anni</strong></span> <span class='ocrx_word' id='word_1_544' title='bbox 1551 3621 1787 3677; x_wconf 86' lang='lat' dir='ltr'><strong>circulos</strong></span> <span class='ocrx_word' id='word_1_545' title='bbox 1819 3622 1935 3675; x_wconf 79' lang='lat' dir='ltr'><strong>vnl-</strong></span> 
     </span>
    </p>
   </div>
   <div class='ocr_carea' id='block_1_51' title="bbox 359 3698 1932 3781">
    <p class='ocr_par' dir='ltr' id='par_1_51' title="bbox 359 3698 1932 3781">
     <span class='ocr_line' id='line_1_51' title="bbox 359 3698 1932 3781; baseline 0.014 -34"><span class='ocrx_word' id='word_1_546' title='bbox 359 3707 514 3752; x_wconf 82' lang='lat' dir='ltr'><strong>vunt.</strong></span> <span class='ocrx_word' id='word_1_547' title='bbox 551 3698 988 3769; x_wconf 79' lang='lat' dir='ltr'><strong>Reparantenini</strong></span> <span class='ocrx_word' id='word_1_548' title='bbox 1015 3722 1136 3776; x_wconf 65' lang='lat' dir='ltr'><strong>qua:</strong></span> <span class='ocrx_word' id='word_1_549' title='bbox 1172 3719 1525 3778; x_wconf 66' lang='lat' dir='ltr'><strong>prmtereunt,</strong></span> <span class='ocrx_word' id='word_1_550' title='bbox 1559 3723 1614 3768; x_wconf 89' lang='lat' dir='ltr'><strong>et</strong></span> <span class='ocrx_word' id='word_1_551' title='bbox 1644 3717 1932 3781; x_wconf 68' lang='lat' dir='ltr'><strong>praeterire</strong></span> 
     </span>
    </p>
   </div>
   <div class='ocr_carea' id='block_1_52' title="bbox 359 3803 1934 3876">
    <p class='ocr_par' dir='ltr' id='par_1_52' title="bbox 359 3803 1934 3876">
     <span class='ocr_line' id='line_1_52' title="bbox 359 3803 1934 3876; baseline 0.013 -34"><span class='ocrx_word' id='word_1_552' title='bbox 359 3804 575 3845; x_wconf 88' lang='lat' dir='ltr'><strong>rursum</strong></span> <span class='ocrx_word' id='word_1_553' title='bbox 624 3809 742 3862; x_wconf 66' lang='lat' dir='ltr'><strong>quae</strong></span> <span class='ocrx_word' id='word_1_554' title='bbox 775 3809 1022 3865; x_wconf 85' lang='lat' dir='ltr'><strong>reparata</strong></span> <span class='ocrx_word' id='word_1_555' title='bbox 1072 3812 1220 3866; x_wconf 90' lang='lat' dir='ltr'><strong>sunt,-</strong></span> <span class='ocrx_word' id='word_1_556' title='bbox 1268 3803 1476 3858; x_wconf 91' lang='lat' dir='ltr'><strong>sinuut.</strong></span> <span class='ocrx_word' id='word_1_557' title='bbox 1525 3806 1671 3875; x_wconf 89' lang='lat' dir='ltr'><strong>lpsos</strong></span> <span class='ocrx_word' id='word_1_558' title='bbox 1720 3821 1934 3876; x_wconf 88' lang='lat' dir='ltr'><strong>quoque</strong></span> 
     </span>
    </p>
   </div>
   <div class='ocr_carea' id='block_1_53' title="bbox 361 3883 1933 3968">
    <p class='ocr_par' dir='ltr' id='par_1_53' title="bbox 361 3883 1933 3968">
     <span class='ocr_line' id='line_1_53' title="bbox 361 3883 1933 3968; baseline 0.011 -34"><span class='ocrx_word' id='word_1_559' title='bbox 361 3883 617 3952; x_wconf 85' lang='lat' dir='ltr'><strong>angelos,</strong></span> <span class='ocrx_word' id='word_1_560' title='bbox 651 3887 697 3939; x_wconf 90' lang='lat' dir='ltr'><strong>si</strong></span> <span class='ocrx_word' id='word_1_561' title='bbox 728 3888 797 3942; x_wconf 92' lang='lat' dir='ltr'><strong>ad</strong></span> <span class='ocrx_word' id='word_1_562' title='bbox 841 3892 1164 3947; x_wconf 85' lang='lat' dir='ltr'><strong>sententiam</strong></span> <span class='ocrx_word' id='word_1_563' title='bbox 1211 3894 1358 3950; x_wconf 82' lang='lat' dir='ltr'><strong>Pauli</strong></span> <span class='ocrx_word' id='word_1_564' title='bbox 1390 3897 1656 3966; x_wconf 77' lang='lat' dir='ltr'><strong>reSpicias</strong></span> <span class='ocrx_word' id='word_1_565' title='bbox 1685 3912 1806 3968; x_wconf 66' lang='lat' dir='ltr'><strong>qum</strong></span> <span class='ocrx_word' id='word_1_566' title='bbox 1853 3899 1933 3951; x_wconf 91' lang='lat' dir='ltr'><strong>di-</strong></span> 
     </span>
    </p>
   </div>
   <div class='ocr_carea' id='block_1_54' title="bbox 359 3975 1930 4058">
    <p class='ocr_par' dir='ltr' id='par_1_54' title="bbox 359 3975 1930 4058">
     <span class='ocr_line' id='line_1_54' title="bbox 359 3975 1930 4058; baseline 0.008 -27"><span class='ocrx_word' id='word_1_567' title='bbox 359 3975 456 4039; x_wconf 88' lang='lat' dir='ltr'><strong>cit,</strong></span> <span class='ocrx_word' id='word_1_568' title='bbox 487 3977 613 4045; x_wconf 89' lang='lat' dir='ltr'><strong>quia</strong></span> <span class='ocrx_word' id='word_1_569' title='bbox 647 3995 667 4030; x_wconf 80' lang='lat' dir='ltr'><strong>t</strong></span> <span class='ocrx_word' id='word_1_570' title='bbox 691 3993 877 4036; x_wconf 89' lang='lat' dir='ltr'><strong>onmes</strong></span> <span class='ocrx_word' id='word_1_571' title='bbox 908 3983 1295 4042; x_wconf 80' lang='lat' dir='ltr'><strong>ministeriales</strong></span> <span class='ocrx_word' id='word_1_572' title='bbox 1324 3998 1453 4043; x_wconf 89' lang='lat' dir='ltr'><strong>sunt</strong></span> <span class='ocrx_word' id='word_1_573' title='bbox 1483 3991 1706 4058; x_wconf 87' lang='lat' dir='ltr'><strong>spiritus</strong></span> <span class='ocrx_word' id='word_1_574' title='bbox 1734 3990 1801 4044; x_wconf 89' lang='lat' dir='ltr'><strong>ad</strong></span> <span class='ocrx_word' id='word_1_575' title='bbox 1834 3993 1930 4044; x_wconf 90' lang='lat' dir='ltr'><strong>mi-</strong></span> 
     </span>
    </p>
   </div>
   <div class='ocr_carea' id='block_1_55' title="bbox 360 4070 1948 4151">
    <p class='ocr_par' dir='ltr' id='par_1_55' title="bbox 360 4070 1948 4151">
     <span class='ocr_line' id='line_1_55' title="bbox 360 4070 1948 4151; baseline 0.009 -29"><span class='ocrx_word' id='word_1_576' title='bbox 360 4070 641 4124; x_wconf 90' lang='lat' dir='ltr'><strong>nisterium</strong></span> <span class='ocrx_word' id='word_1_577' title='bbox 679 4073 828 4128; x_wconf 89' lang='lat' dir='ltr'><strong>missi</strong></span> <span class='ocrx_word' id='word_1_578' title='bbox 867 4085 1090 4144; x_wconf 90' lang='lat' dir='ltr'><strong>propter</strong></span> <span class='ocrx_word' id='word_1_579' title='bbox 1137 4093 1231 4135; x_wconf 88' lang='lat' dir='ltr'><strong>eos</strong></span> <span class='ocrx_word' id='word_1_580' title='bbox 1277 4081 1368 4151; x_wconf 92' lang='lat' dir='ltr'><strong>qui</strong></span> <span class='ocrx_word' id='word_1_581' title='bbox 1417 4083 1788 4137; x_wconf 66' lang='lat' dir='ltr'><strong>haereditatem</strong></span> <span class='ocrx_word' id='word_1_582' title='bbox 1839 4090 1948 4138; x_wconf 88' lang='lat' dir='ltr'><strong>ca-&#39;</strong></span> 
     </span>
    </p>
   </div>
   <div class='ocr_carea' id='block_1_56' title="bbox 349 4161 1932 4245">
    <p class='ocr_par' dir='ltr' id='par_1_56' title="bbox 349 4161 1932 4245">
     <span class='ocr_line' id='line_1_56' title="bbox 349 4161 1932 4245; baseline 0.012 -35"><span class='ocrx_word' id='word_1_583' title='bbox 349 4161 514 4230; x_wconf 88' lang='lat' dir='ltr'><strong>&#39;pinnt</strong></span> <span class='ocrx_word' id='word_1_584' title='bbox 545 4163 738 4220; x_wconf 90' lang='lat' dir='ltr'><strong>salutis</strong></span> <span class='ocrx_word' id='word_1_585' title='bbox 766 4167 807 4231; x_wconf 82' lang='grc'><em>³,</em></span> <span class='ocrx_word' id='word_1_586' title='bbox 845 4186 864 4218; x_wconf 66' lang='grc' dir='ltr'><strong>ι</strong></span> <span class='ocrx_word' id='word_1_587' title='bbox 903 4169 1175 4240; x_wconf 80' lang='lat' dir='ltr'><strong>intelliges</strong></span> <span class='ocrx_word' id='word_1_588' title='bbox 1205 4172 1311 4227; x_wconf 90' lang='lat' dir='ltr'><strong>tale</strong></span> <span class='ocrx_word' id='word_1_589' title='bbox 1354 4174 1558 4240; x_wconf 90' lang='lat' dir='ltr'><strong>aliquid</strong></span> <span class='ocrx_word' id='word_1_590' title='bbox 1611 4191 1800 4245; x_wconf 81' lang='lat' dir='ltr'><strong>gerere</strong></span> <span class='ocrx_word' id='word_1_591' title='bbox 1823 4215 1839 4238; x_wconf 93' lang='lat'><strong>,</strong></span> <span class='ocrx_word' id='word_1_592' title='bbox 1876 4185 1932 4229; x_wconf 89' lang='lat' dir='ltr'><strong>et</strong></span> 
     </span>
    </p>
   </div>
   <div class='ocr_carea' id='block_1_57' title="bbox 363 4251 1928 4334">
    <p class='ocr_par' dir='ltr' id='par_1_57' title="bbox 363 4251 1928 4334">
     <span class='ocr_line' id='line_1_57' title="bbox 363 4251 1928 4334; baseline 0.009 -30"><span class='ocrx_word' id='word_1_593' title='bbox 363 4251 492 4307; x_wconf 89' lang='lat' dir='ltr'><strong>huic</strong></span> <span class='ocrx_word' id='word_1_594' title='bbox 529 4259 866 4327; x_wconf 88' lang='lat' dir='ltr'><strong>corruptioni</strong></span> <span class='ocrx_word' id='word_1_595' title='bbox 923 4274 1044 4317; x_wconf 90' lang='lat' dir='ltr'><strong>esse</strong></span> <span class='ocrx_word' id='word_1_596' title='bbox 1081 4261 1354 4333; x_wconf 88' lang='lat' dir='ltr'><strong>subjectos</strong></span> <span class='ocrx_word' id='word_1_597' title='bbox 1383 4263 1498 4334; x_wconf 77' lang='lat'><strong>(95)</strong></span> <span class='ocrx_word' id='word_1_598' title='bbox 1530 4282 1546 4319; x_wconf 87' lang='lat'><strong>:</strong></span> <span class='ocrx_word' id='word_1_599' title='bbox 1576 4266 1738 4320; x_wconf 90' lang='lat' dir='ltr'><strong>credo</strong></span> <span class='ocrx_word' id='word_1_600' title='bbox 1767 4267 1928 4320; x_wconf 85' lang='lat' dir='ltr'><strong>etiam</strong></span> 
     </span>
    </p>
   </div>
   <div class='ocr_carea' id='block_1_58' title="bbox 355 4340 1932 4427">
    <p class='ocr_par' dir='ltr' id='par_1_58' title="bbox 355 4340 1932 4427">
     <span class='ocr_line' id='line_1_58' title="bbox 355 4340 1932 4427; baseline 0.008 -29"><span class='ocrx_word' id='word_1_601' title='bbox 355 4340 505 4413; x_wconf 85' lang='lat' dir='ltr'><strong>ipsos</strong></span> <span class='ocrx_word' id='word_1_602' title='bbox 546 4362 653 4402; x_wconf 92' lang='lat' dir='ltr'><strong>non</strong></span> <span class='ocrx_word' id='word_1_603' title='bbox 698 4351 961 4416; x_wconf 86' lang='lat' dir='ltr'><strong>volentes.</strong></span> <span class='ocrx_word' id='word_1_604' title='bbox 1004 4354 1096 4407; x_wconf 90' lang='lat' dir='ltr'><strong>sed</strong></span> <span class='ocrx_word' id='word_1_605' title='bbox 1144 4365 1362 4424; x_wconf 89' lang='lat' dir='ltr'><strong>propter</strong></span> <span class='ocrx_word' id='word_1_606' title='bbox 1403 4371 1524 4410; x_wconf 91' lang='lat' dir='ltr'><strong>eum</strong></span> <span class='ocrx_word' id='word_1_607' title='bbox 1569 4357 1659 4427; x_wconf 90' lang='lat' dir='ltr'><strong>qui</strong></span> <span class='ocrx_word' id='word_1_608' title='bbox 1699 4357 1932 4427; x_wconf 88' lang='lat' dir='ltr'><strong>subjecit</strong></span> 
     </span>
    </p>
   </div>
   <div class='ocr_carea' id='block_1_59' title="bbox 2049 3147 3578 3219">
    <p class='ocr_par' dir='ltr' id='par_1_59' title="bbox 2049 3147 3578 3219">
     <span class='ocr_line' id='line_1_59' title="bbox 2049 3147 3578 3219; baseline 0 -21"><span class='ocrx_word' id='word_1_609' title='bbox 2049 3147 2235 3204; x_wconf 80' lang='lat' dir='ltr'><strong>volens</strong></span> <span class='ocrx_word' id='word_1_610' title='bbox 2262 3149 2505 3219; x_wconf 79' lang='lat' dir='ltr'><strong>subjecta</strong></span> <span class='ocrx_word' id='word_1_611' title='bbox 2536 3148 2628 3213; x_wconf 87' lang='lat' dir='ltr'><strong>sit,</strong></span> <span class='ocrx_word' id='word_1_612' title='bbox 2657 3159 2838 3201; x_wconf 80' lang='lat' dir='ltr'><strong>tanien</strong></span> <span class='ocrx_word' id='word_1_613' title='bbox 2886 3149 3138 3216; x_wconf 90' lang='lat' dir='ltr'><strong>quoniam</strong></span> <span class='ocrx_word' id='word_1_614' title='bbox 3185 3149 3444 3202; x_wconf 73' lang='lat' dir='ltr'><strong>voluntati</strong></span> <span class='ocrx_word' id='word_1_615' title='bbox 3468 3150 3578 3203; x_wconf 83' lang='lat' dir='ltr'><strong>cedit</strong></span> 
     </span>
    </p>
   </div>
   <div class='ocr_carea' id='block_1_60' title="bbox 2042 3236 3579 3310">
    <p class='ocr_par' dir='ltr' id='par_1_60' title="bbox 2042 3236 3579 3310">
     <span class='ocr_line' id='line_1_60' title="bbox 2042 3236 3579 3310; baseline -0.004 -16"><span class='ocrx_word' id='word_1_616' title='bbox 2042 3240 2161 3308; x_wconf 87' lang='lat' dir='ltr'><strong>ejus</strong></span> <span class='ocrx_word' id='word_1_617' title='bbox 2195 3242 2286 3310; x_wconf 92' lang='lat' dir='ltr'><strong>qui</strong></span> <span class='ocrx_word' id='word_1_618' title='bbox 2321 3239 2576 3309; x_wconf 88' lang='lat' dir='ltr'><strong>subjecit,</strong></span> <span class='ocrx_word' id='word_1_619' title='bbox 2604 3239 2773 3293; x_wconf 81' lang='lat' dir='ltr'><strong>etiam</strong></span> <span class='ocrx_word' id='word_1_620' title='bbox 2809 3236 3066 3292; x_wconf 72' lang='lat' dir='ltr'><strong>allectum</strong></span> <span class='ocrx_word' id='word_1_621' title='bbox 3100 3239 3218 3308; x_wconf 77' lang='grc'>(99)</span> <span class='ocrx_word' id='word_1_622' title='bbox 3247 3239 3513 3309; x_wconf 79' lang='lat' dir='ltr'><strong>quemdam</strong></span> <span class='ocrx_word' id='word_1_623' title='bbox 3540 3247 3579 3289; x_wconf 73' lang='grc' dir='ltr'><strong>οε</strong></span> 
     </span>
    </p>
   </div>
   <div class='ocr_carea' id='block_1_61' title="bbox 2044 3330 3580 3400">
    <p class='ocr_par' dir='ltr' id='par_1_61' title="bbox 2044 3330 3580 3400">
     <span class='ocr_line' id='line_1_61' title="bbox 2044 3330 3580 3400; baseline -0.001 -14"><span class='ocrx_word' id='word_1_624' title='bbox 2044 3332 2367 3386; x_wconf 89' lang='lat' dir='ltr'><strong>charitatem</strong></span> <span class='ocrx_word' id='word_1_625' title='bbox 2401 3331 2547 3387; x_wconf 89' lang='lat' dir='ltr'><strong>circa</strong></span> <span class='ocrx_word' id='word_1_626' title='bbox 2598 3346 2693 3386; x_wconf 90' lang='lat' dir='ltr'><strong>eos</strong></span> <span class='ocrx_word' id='word_1_627' title='bbox 2724 3330 2990 3394; x_wconf 83' lang='lat' dir='ltr'><strong>exhibet,</strong></span> <span class='ocrx_word' id='word_1_628' title='bbox 3023 3346 3119 3399; x_wconf 80' lang='lat' dir='ltr'><strong>pro</strong></span> <span class='ocrx_word' id='word_1_629' title='bbox 3165 3333 3365 3400; x_wconf 84' lang='lat' dir='ltr'><strong>quibus</strong></span> <span class='ocrx_word' id='word_1_630' title='bbox 3403 3331 3580 3385; x_wconf 73' lang='lat' dir='ltr'><strong>videtur</strong></span> 
     </span>
    </p>
   </div>
   <div class='ocr_carea' id='block_1_62' title="bbox 2045 3400 3578 3491">
    <p class='ocr_par' dir='ltr' id='par_1_62' title="bbox 2045 3400 3578 3491">
     <span class='ocr_line' id='line_1_62' title="bbox 2045 3400 3578 3491; baseline -0.005 -12"><span class='ocrx_word' id='word_1_631' title='bbox 2045 3439 2164 3479; x_wconf 85' lang='lat' dir='ltr'><strong>esse</strong></span> <span class='ocrx_word' id='word_1_632' title='bbox 2185 3400 2455 3491; x_wconf 84' lang='lat' dir='ltr'><strong>subjecta,</strong></span> <span class='ocrx_word' id='word_1_633' title='bbox 2489 3432 2545 3476; x_wconf 89' lang='lat' dir='ltr'><strong>et</strong></span> <span class='ocrx_word' id='word_1_634' title='bbox 2575 3438 2673 3491; x_wconf 89' lang='lat' dir='ltr'><strong>pro</strong></span> <span class='ocrx_word' id='word_1_635' title='bbox 2705 3422 2984 3476; x_wconf 82' lang='lat' dir='ltr'><strong>doloribus</strong></span> <span class='ocrx_word' id='word_1_636' title='bbox 3010 3436 3201 3475; x_wconf 87' lang='lat' dir='ltr'><strong>eorum</strong></span> <span class='ocrx_word' id='word_1_637' title='bbox 3232 3425 3395 3485; x_wconf 84' lang='lat' dir='ltr'><strong>dolet,</strong></span> <span class='ocrx_word' id='word_1_638' title='bbox 3419 3431 3468 3476; x_wconf 90' lang='lat' dir='ltr'><strong>et</strong></span> <span class='ocrx_word' id='word_1_639' title='bbox 3503 3436 3578 3488; x_wconf 76' lang='lat' dir='ltr'><strong>pro</strong></span> 
     </span>
    </p>
   </div>
   <div class='ocr_carea' id='block_1_63' title="bbox 2044 3512 3577 3587">
    <p class='ocr_par' dir='ltr' id='par_1_63' title="bbox 2044 3512 3577 3587">
     <span class='ocr_line' id='line_1_63' title="bbox 2044 3512 3577 3587; baseline -0.005 -17"><span class='ocrx_word' id='word_1_640' title='bbox 2044 3516 2337 3586; x_wconf 79' lang='lat' dir='ltr'><strong>gemitibus</strong></span> <span class='ocrx_word' id='word_1_641' title='bbox 2363 3516 2566 3587; x_wconf 88' lang='lat' dir='ltr'><strong>gemit.</strong></span> <span class='ocrx_word' id='word_1_642' title='bbox 2598 3517 2656 3569; x_wconf 84' lang='lat' dir='ltr'><strong>Si</strong></span> <span class='ocrx_word' id='word_1_643' title='bbox 2687 3531 2818 3570; x_wconf 83' lang='lat' dir='ltr'><strong>vero</strong></span> <span class='ocrx_word' id='word_1_644' title='bbox 2842 3555 2857 3577; x_wconf 89' lang='lat'><strong>,</strong></span> <span class='ocrx_word' id='word_1_645' title='bbox 2889 3525 2951 3570; x_wconf 91' lang='lat' dir='ltr'><strong>ut</strong></span> <span class='ocrx_word' id='word_1_646' title='bbox 2986 3517 3037 3570; x_wconf 84' lang='lat' dir='ltr'><strong>in</strong></span> <span class='ocrx_word' id='word_1_647' title='bbox 3065 3516 3183 3570; x_wconf 88' lang='lat' dir='ltr'><strong>aliis</strong></span> <span class='ocrx_word' id='word_1_648' title='bbox 3221 3512 3577 3583; x_wconf 72' lang='lat' dir='ltr'><strong>exemplaribus</strong></span> 
     </span>
    </p>
   </div>
   <div class='ocr_carea' id='block_1_64' title="bbox 2043 3607 3573 3681">
    <p class='ocr_par' dir='ltr' id='par_1_64' title="bbox 2043 3607 3573 3681">
     <span class='ocr_line' id='line_1_64' title="bbox 2043 3607 3573 3681; baseline -0.005 -19"><span class='ocrx_word' id='word_1_649' title='bbox 2043 3608 2343 3672; x_wconf 82' lang='lat' dir='ltr'><strong>invenitur,</strong></span> <span class='ocrx_word' id='word_1_650' title='bbox 2376 3609 2452 3662; x_wconf 89' lang='lat' dir='ltr'><strong>ita</strong></span> <span class='ocrx_word' id='word_1_651' title='bbox 2481 3608 2746 3678; x_wconf 80' lang='lat' dir='ltr'><strong>legamus,</strong></span> <span class='ocrx_word' id='word_1_652' title='bbox 2789 3626 2808 3658; x_wconf 74' lang='grc' dir='ltr'>ι</span> <span class='ocrx_word' id='word_1_653' title='bbox 2842 3610 3200 3681; x_wconf 87' lang='lat' dir='ltr'><strong>congemiscit</strong></span> <span class='ocrx_word' id='word_1_654' title='bbox 3226 3623 3283 3663; x_wconf 92' lang='lat' dir='ltr'><strong>ct</strong></span> <span class='ocrx_word' id='word_1_655' title='bbox 3311 3607 3535 3679; x_wconf 87' lang='lat' dir='ltr'><strong>parturit,</strong></span> <span class='ocrx_word' id='word_1_656' title='bbox 3561 3625 3573 3653; x_wconf 78' lang='grc' dir='ltr'>ι</span> 
     </span>
    </p>
   </div>
   <div class='ocr_carea' id='block_1_65' title="bbox 2043 3697 3573 3770">
    <p class='ocr_par' dir='ltr' id='par_1_65' title="bbox 2043 3697 3573 3770">
     <span class='ocr_line' id='line_1_65' title="bbox 2043 3697 3573 3770; baseline -0.005 -16"><span class='ocrx_word' id='word_1_657' title='bbox 2043 3701 2340 3756; x_wconf 87' lang='lat' dir='ltr'><strong>secundum</strong></span> <span class='ocrx_word' id='word_1_658' title='bbox 2373 3699 2524 3754; x_wconf 85' lang='lat' dir='ltr'><strong>illum</strong></span> <span class='ocrx_word' id='word_1_659' title='bbox 2577 3714 2798 3754; x_wconf 87' lang='lat' dir='ltr'><strong>sensum</strong></span> <span class='ocrx_word' id='word_1_660' title='bbox 2849 3701 3182 3770; x_wconf 87' lang='lat' dir='ltr'><strong>accipiemus</strong></span> <span class='ocrx_word' id='word_1_661' title='bbox 3218 3719 3236 3752; x_wconf 79' lang='grc' dir='ltr'>ι</span> <span class='ocrx_word' id='word_1_662' title='bbox 3282 3697 3573 3770; x_wconf 64' lang='lat' dir='ltr'><strong>parturit,»</strong></span> 
     </span>
    </p>
   </div>
   <div class='ocr_carea' id='block_1_66' title="bbox 2041 3789 3574 3864">
    <p class='ocr_par' dir='ltr' id='par_1_66' title="bbox 2041 3789 3574 3864">
     <span class='ocr_line' id='line_1_66' title="bbox 2041 3789 3574 3864; baseline -0.008 -15"><span class='ocrx_word' id='word_1_663' title='bbox 2041 3810 2152 3862; x_wconf 86' lang='lat' dir='ltr'><strong>quo</strong></span> <span class='ocrx_word' id='word_1_664' title='bbox 2203 3795 2335 3849; x_wconf 91' lang='lat' dir='ltr'><strong>dicit</strong></span> <span class='ocrx_word' id='word_1_665' title='bbox 2385 3795 2678 3864; x_wconf 86' lang='lat' dir='ltr'><strong>Apostolus</strong></span> <span class='ocrx_word' id='word_1_666' title='bbox 2728 3794 2980 3862; x_wconf 77' lang='lat' dir='ltr'><strong>genuisse</strong></span> <span class='ocrx_word' id='word_1_667' title='bbox 3015 3808 3075 3848; x_wconf 91' lang='lat' dir='ltr'><strong>se</strong></span> <span class='ocrx_word' id='word_1_668' title='bbox 3106 3809 3209 3863; x_wconf 89' lang='lat' dir='ltr'><strong>per</strong></span> <span class='ocrx_word' id='word_1_669' title='bbox 3263 3789 3574 3861; x_wconf 77' lang='lat' dir='ltr'><strong>Evangeliuui</strong></span> 
     </span>
    </p>
   </div>
   <div class='ocr_carea' id='block_1_67' title="bbox 2039 3880 3571 3955">
    <p class='ocr_par' dir='ltr' id='par_1_67' title="bbox 2039 3880 3571 3955">
     <span class='ocr_line' id='line_1_67' title="bbox 2039 3880 3571 3955; baseline -0.001 -16"><span class='ocrx_word' id='word_1_670' title='bbox 2039 3902 2134 3941; x_wconf 87' lang='lat' dir='ltr'><strong>eos</strong></span> <span class='ocrx_word' id='word_1_671' title='bbox 2163 3899 2298 3955; x_wconf 87' lang='lat' dir='ltr'><strong>quos</strong></span> <span class='ocrx_word' id='word_1_672' title='bbox 2333 3901 2428 3955; x_wconf 90' lang='lat' dir='ltr'><strong>per</strong></span> <span class='ocrx_word' id='word_1_673' title='bbox 2458 3885 2617 3938; x_wconf 82' lang='lat' dir='ltr'><strong>[idem</strong></span> <span class='ocrx_word' id='word_1_674' title='bbox 2663 3884 2863 3938; x_wconf 88' lang='lat' dir='ltr'><strong>Christi</strong></span> <span class='ocrx_word' id='word_1_675' title='bbox 2897 3883 3151 3952; x_wconf 78' lang='lat' dir='ltr'><strong>produxit</strong></span> <span class='ocrx_word' id='word_1_676' title='bbox 3197 3882 3264 3937; x_wconf 87' lang='lat' dir='ltr'><strong>ad</strong></span> <span class='ocrx_word' id='word_1_677' title='bbox 3309 3883 3468 3937; x_wconf 84' lang='lat' dir='ltr'><strong>lucem</strong></span> <span class='ocrx_word' id='word_1_678' title='bbox 3499 3880 3533 3910; x_wconf 84' lang='lat'>&quot;</span> <span class='ocrx_word' id='word_1_679' title='bbox 3561 3894 3571 3937; x_wconf 83' lang='lat'>;</span> 
     </span>
    </p>
   </div>
   <div class='ocr_carea' id='block_1_68' title="bbox 2042 3975 3573 4050">
    <p class='ocr_par' dir='ltr' id='par_1_68' title="bbox 2042 3975 3573 4050">
     <span class='ocr_line' id='line_1_68' title="bbox 2042 3975 3573 4050; baseline -0.01 -12"><span class='ocrx_word' id='word_1_680' title='bbox 2042 3985 2122 4039; x_wconf 83' lang='lat' dir='ltr'><strong>\el</strong></span> <span class='ocrx_word' id='word_1_681' title='bbox 2160 3985 2304 4038; x_wconf 90' lang='lat' dir='ltr'><strong>sicut</strong></span> <span class='ocrx_word' id='word_1_682' title='bbox 2333 3984 2397 4037; x_wconf 91' lang='lat' dir='ltr'><strong>de</strong></span> <span class='ocrx_word' id='word_1_683' title='bbox 2427 3981 2549 4035; x_wconf 88' lang='lat' dir='ltr'><strong>aliis</strong></span> <span class='ocrx_word' id='word_1_684' title='bbox 2575 3979 2698 4034; x_wconf 89' lang='lat' dir='ltr'><strong>alibi</strong></span> <span class='ocrx_word' id='word_1_685' title='bbox 2733 3978 2808 4050; x_wconf 84' lang='lat' dir='ltr'><strong>(l)</strong></span> <span class='ocrx_word' id='word_1_686' title='bbox 2841 3979 2977 4033; x_wconf 79' lang='lat' dir='ltr'><strong>dixit</strong></span> <span class='ocrx_word' id='word_1_687' title='bbox 3009 4000 3020 4034; x_wconf 92' lang='lat'>:</span> <span class='ocrx_word' id='word_1_688' title='bbox 3067 3997 3084 4028; x_wconf 87' lang='lat' dir='ltr'><strong>t</strong></span> <span class='ocrx_word' id='word_1_689' title='bbox 3120 3975 3304 4031; x_wconf 87' lang='lat' dir='ltr'><strong>Filioli</strong></span> <span class='ocrx_word' id='word_1_690' title='bbox 3336 3975 3433 4030; x_wconf 90' lang='lat' dir='ltr'><strong>mei</strong></span> <span class='ocrx_word' id='word_1_691' title='bbox 3468 3987 3573 4042; x_wconf 84' lang='lat' dir='ltr'><strong>quos</strong></span> 
     </span>
    </p>
   </div>
   <div class='ocr_carea' id='block_1_69' title="bbox 2042 4067 3573 4144">
    <p class='ocr_par' dir='ltr' id='par_1_69' title="bbox 2042 4067 3573 4144">
     <span class='ocr_line' id='line_1_69' title="bbox 2042 4067 3573 4144; baseline -0.01 -13"><span class='ocrx_word' id='word_1_692' title='bbox 2042 4079 2236 4131; x_wconf 85' lang='lat' dir='ltr'><strong>iterum</strong></span> <span class='ocrx_word' id='word_1_693' title='bbox 2281 4074 2525 4144; x_wconf 87' lang='lat' dir='ltr'><strong>parturio</strong></span> <span class='ocrx_word' id='word_1_694' title='bbox 2551 4113 2566 4136; x_wconf 90' lang='lat'><strong>,</strong></span> <span class='ocrx_word' id='word_1_695' title='bbox 2598 4074 2768 4126; x_wconf 90' lang='lat' dir='ltr'><strong>donec</strong></span> <span class='ocrx_word' id='word_1_696' title='bbox 2816 4071 3081 4124; x_wconf 79' lang='lat' dir='ltr'><strong>formetur</strong></span> <span class='ocrx_word' id='word_1_697' title='bbox 3123 4069 3377 4125; x_wconf 88' lang='lat' dir='ltr'><strong>Christus</strong></span> <span class='ocrx_word' id='word_1_698' title='bbox 3409 4067 3457 4122; x_wconf 90' lang='lat' dir='ltr'><strong>in</strong></span> <span class='ocrx_word' id='word_1_699' title='bbox 3500 4080 3573 4117; x_wconf 78' lang='lat' dir='ltr'><strong>vti--</strong></span> 
     </span>
    </p>
   </div>
   <div class='ocr_carea' id='block_1_70' title="bbox 2041 4158 3573 4234">
    <p class='ocr_par' dir='ltr' id='par_1_70' title="bbox 2041 4158 3573 4234">
     <span class='ocr_line' id='line_1_70' title="bbox 2041 4158 3573 4234; baseline -0.007 -12"><span class='ocrx_word' id='word_1_700' title='bbox 2041 4170 2123 4223; x_wconf 91' lang='lat' dir='ltr'><strong>bis</strong></span> <span class='ocrx_word' id='word_1_701' title='bbox 2153 4168 2220 4221; x_wconf 77' lang='grc'><strong>⁸³.</strong></span> <span class='ocrx_word' id='word_1_702' title='bbox 2266 4186 2285 4219; x_wconf 76' lang='grc' dir='ltr'><strong><em>ι</em></strong></span> <span class='ocrx_word' id='word_1_703' title='bbox 2318 4165 2557 4220; x_wconf 86' lang='lat' dir='ltr'><strong>Parturit</strong></span> <span class='ocrx_word' id='word_1_704' title='bbox 2593 4179 2723 4234; x_wconf 87' lang='lat' dir='ltr'><strong>ergo</strong></span> <span class='ocrx_word' id='word_1_705' title='bbox 2751 4174 2804 4217; x_wconf 90' lang='lat' dir='ltr'><strong>et</strong></span> <span class='ocrx_word' id='word_1_706' title='bbox 2835 4174 3086 4217; x_wconf 88' lang='lat' dir='ltr'><strong>creatura</strong></span> <span class='ocrx_word' id='word_1_707' title='bbox 3115 4177 3211 4217; x_wconf 88' lang='lat' dir='ltr'><strong>eos</strong></span> <span class='ocrx_word' id='word_1_708' title='bbox 3245 4177 3378 4231; x_wconf 90' lang='lat' dir='ltr'><strong>quos</strong></span> <span class='ocrx_word' id='word_1_709' title='bbox 3408 4158 3477 4228; x_wconf 74' lang='lat'><strong>(2)</strong></span> <span class='ocrx_word' id='word_1_710' title='bbox 3513 4173 3573 4208; x_wconf 78' lang='lat' dir='ltr'><strong>rc-</strong></span> 
     </span>
    </p>
   </div>
   <div class='ocr_carea' id='block_1_71' title="bbox 2018 4251 3569 4332">
    <p class='ocr_par' dir='ltr' id='par_1_71' title="bbox 2018 4251 3569 4332">
     <span class='ocr_line' id='line_1_71' title="bbox 2018 4251 3569 4332; baseline -0.01 -17"><span class='ocrx_word' id='word_1_711' title='bbox 2018 4265 2266 4332; x_wconf 87' lang='lat' dir='ltr'><strong>’generat</strong></span> <span class='ocrx_word' id='word_1_712' title='bbox 2292 4262 2359 4315; x_wconf 88' lang='lat' dir='ltr'><strong>ad</strong></span> <span class='ocrx_word' id='word_1_713' title='bbox 2389 4259 2643 4314; x_wconf 90' lang='lat' dir='ltr'><strong>salutem.</strong></span> <span class='ocrx_word' id='word_1_714' title='bbox 2679 4258 2832 4324; x_wconf 89' lang='lat' dir='ltr'><strong>Quod</strong></span> <span class='ocrx_word' id='word_1_715' title='bbox 2869 4258 2915 4311; x_wconf 90' lang='lat' dir='ltr'><strong>si</strong></span> <span class='ocrx_word' id='word_1_716' title='bbox 2944 4257 3110 4310; x_wconf 88' lang='lat' dir='ltr'><strong>etiam</strong></span> <span class='ocrx_word' id='word_1_717' title='bbox 3155 4255 3261 4310; x_wconf 79' lang='lat' dir='ltr'><strong>hoc</strong></span> <span class='ocrx_word' id='word_1_718' title='bbox 3311 4251 3569 4324; x_wconf 81' lang='lat' dir='ltr'><strong>legentibus</strong></span> 
     </span>
    </p>
   </div>
   <div class='ocr_carea' id='block_1_72' title="bbox 2039 4346 3569 4419">
    <p class='ocr_par' dir='ltr' id='par_1_72' title="bbox 2039 4346 3569 4419">
     <span class='ocr_line' id='line_1_72' title="bbox 2039 4346 3569 4419; baseline -0.008 -13"><span class='ocrx_word' id='word_1_719' title='bbox 2039 4356 2213 4409; x_wconf 88' lang='lat' dir='ltr'><strong>visum</strong></span> <span class='ocrx_word' id='word_1_720' title='bbox 2244 4352 2414 4406; x_wconf 82' lang='lat' dir='ltr'><strong>fuerit</strong></span> <span class='ocrx_word' id='word_1_721' title='bbox 2444 4350 2854 4419; x_wconf 81' lang='lat' dir='ltr'><strong>requiremlnm,</strong></span> <span class='ocrx_word' id='word_1_722' title='bbox 2880 4365 2978 4403; x_wconf 90' lang='lat' dir='ltr'><strong>cur</strong></span> <span class='ocrx_word' id='word_1_723' title='bbox 3015 4349 3066 4402; x_wconf 91' lang='lat' dir='ltr'><strong>in</strong></span> <span class='ocrx_word' id='word_1_724' title='bbox 3094 4346 3461 4416; x_wconf 85' lang='lat' dir='ltr'><strong>superioribus</strong></span> <span class='ocrx_word' id='word_1_725' title='bbox 3485 4353 3569 4395; x_wconf 80' lang='lat' dir='ltr'><strong>ier-</strong></span> 
     </span>
    </p>
   </div>
   <div class='ocr_carea' id='block_1_73' title="bbox 354 4437 3569 4517">
    <p class='ocr_par' dir='ltr' id='par_1_73' title="bbox 354 4437 3569 4517">
     <span class='ocr_line' id='line_1_73' title="bbox 354 4437 3569 4517; baseline -0.001 -27"><span class='ocrx_word' id='word_1_726' title='bbox 354 4448 452 4491; x_wconf 83' lang='lat' dir='ltr'><strong>eos</strong></span> <span class='ocrx_word' id='word_1_727' title='bbox 480 4437 533 4491; x_wconf 92' lang='lat' dir='ltr'><strong>in</strong></span> <span class='ocrx_word' id='word_1_728' title='bbox 564 4439 714 4508; x_wconf 77' lang='lat' dir='ltr'><strong>spe&#39;.</strong></span> <span class='ocrx_word' id='word_1_729' title='bbox 748 4460 766 4493; x_wconf 75' lang='grc' dir='ltr'>ι</span> <span class='ocrx_word' id='word_1_730' title='bbox 798 4442 1071 4500; x_wconf 89' lang='lat' dir='ltr'><strong>Voluntati</strong></span> <span class='ocrx_word' id='word_1_731' title='bbox 1103 4447 1246 4500; x_wconf 90' lang='lat' dir='ltr'><strong>enim</strong></span> <span class='ocrx_word' id='word_1_732' title='bbox 1277 4446 1424 4502; x_wconf 91' lang='lat' dir='ltr'><strong>illius</strong></span> <span class='ocrx_word' id='word_1_733' title='bbox 1447 4450 1568 4517; x_wconf 86' lang='lat' dir='ltr'><strong>quis</strong></span> <span class='ocrx_word' id='word_1_734' title='bbox 1599 4450 1803 4503; x_wconf 88' lang='lat' dir='ltr'><strong>resistit</strong></span> <span class='ocrx_word' id='word_1_735' title='bbox 1823 4449 1884 4504; x_wconf 70' lang='grc' dir='ltr'><strong>ὀἳ</strong></span> <span class='ocrx_word' id='word_1_736' title='bbox 1905 4471 1923 4503; x_wconf 72' lang='grc' dir='ltr'><strong><em>ι</em></strong></span> <span class='ocrx_word' id='word_1_737' title='bbox 1963 4438 2007 4495; x_wconf 87' lang='grc'>1)</span> <span class='ocrx_word' id='word_1_738' title='bbox 2040 4449 2114 4501; x_wconf 92' lang='lat' dir='ltr'><strong>tio</strong></span> <span class='ocrx_word' id='word_1_739' title='bbox 2139 4445 2499 4500; x_wconf 89' lang='lat' dir='ltr'><strong>nominaverit</strong></span> <span class='ocrx_word' id='word_1_740' title='bbox 2522 4453 2854 4508; x_wconf 87' lang='lat' dir='ltr'><strong>creaturam,</strong></span> <span class='ocrx_word' id='word_1_741' title='bbox 2884 4451 2939 4495; x_wconf 90' lang='lat' dir='ltr'><strong>et</strong></span> <span class='ocrx_word' id='word_1_742' title='bbox 2967 4457 3235 4510; x_wconf 84' lang='lat' dir='ltr'><strong>nusquam</strong></span> <span class='ocrx_word' id='word_1_743' title='bbox 3268 4439 3456 4494; x_wconf 77' lang='lat' dir='ltr'><strong>dixerit</strong></span> <span class='ocrx_word' id='word_1_744' title='bbox 3481 4452 3569 4490; x_wconf 86' lang='lat' dir='ltr'><strong>oni-</strong></span> 
     </span>
    </p>
   </div>
   <div class='ocr_carea' id='block_1_74' title="bbox 417 4599 1926 4680">
    <p class='ocr_par' dir='ltr' id='par_1_74' title="bbox 417 4599 1926 4680">
     <span class='ocr_line' id='line_1_74' title="bbox 417 4599 1926 4680; baseline 0.011 -28"><span class='ocrx_word' id='word_1_745' title='bbox 417 4599 531 4680; x_wconf 47' lang='lat' dir='ltr'><strong>’_&quot;.ll_</strong></span> <span class='ocrx_word' id='word_1_746' title='bbox 560 4601 680 4657; x_wconf 68' lang='lat' dir='ltr'><strong>(lor.</strong></span> <span class='ocrx_word' id='word_1_747' title='bbox 709 4606 838 4680; x_wconf 55' lang='lat' dir='ltr'><strong>v,_4.</strong></span> <span class='ocrx_word' id='word_1_748' title='bbox 907 4607 950 4680; x_wconf 16' lang='lat'><strong>97°</strong></span> <span class='ocrx_word' id='word_1_749' title='bbox 972 4608 1110 4680; x_wconf 61' lang='lat' dir='ltr'><strong>Sap.</strong></span> <span class='ocrx_word' id='word_1_750' title='bbox 1145 4626 1221 4668; x_wconf 61' lang='grc' dir='ltr'><strong>ις.</strong></span> <span class='ocrx_word' id='word_1_751' title='bbox 1254 4611 1335 4664; x_wconf 82' lang='grc'><strong>15.</strong></span> <span class='ocrx_word' id='word_1_752' title='bbox 1413 4612 1456 4643; x_wconf 75' lang='grc'>⁸⁷</span> <span class='ocrx_word' id='word_1_753' title='bbox 1493 4612 1531 4665; x_wconf 95' lang='grc' dir='ltr'><strong>ΙΙ</strong></span> <span class='ocrx_word' id='word_1_754' title='bbox 1560 4611 1684 4665; x_wconf 86' lang='lat' dir='ltr'><strong>Cor.</strong></span> <span class='ocrx_word' id='word_1_755' title='bbox 1715 4624 1766 4676; x_wconf 76' lang='grc' dir='ltr'><strong>ν,</strong></span> <span class='ocrx_word' id='word_1_756' title='bbox 1791 4612 1844 4673; x_wconf 86' lang='grc'><strong>6,</strong></span> <span class='ocrx_word' id='word_1_757' title='bbox 1876 4614 1926 4668; x_wconf 81' lang='grc'><strong>8.</strong></span> 
     </span>
    </p>
   </div>
   <div class='ocr_carea' id='block_1_75' title="bbox 2058 4599 3566 4680">
    <p class='ocr_par' dir='ltr' id='par_1_75' title="bbox 2080 4601 3566 4680">
     <span class='ocr_line' id='line_1_75' title="bbox 2080 4601 3566 4680; baseline -0.009 -13"><span class='ocrx_word' id='word_1_758' title='bbox 2080 4610 2468 4680; x_wconf 71' lang='grc' dir='ltr'><strong>1Ἰιὶ1ἰῃ.ι,25.</strong></span> <span class='ocrx_word' id='word_1_759' title='bbox 2545 4609 2589 4641; x_wconf 64' lang='grc' dir='ltr'><strong>νει</strong></span> <span class='ocrx_word' id='word_1_760' title='bbox 2616 4608 2652 4661; x_wconf 86' lang='grc' dir='ltr'><strong>ιι</strong></span> <span class='ocrx_word' id='word_1_761' title='bbox 2683 4607 2890 4680; x_wconf 55' lang='lat' dir='ltr'><strong>open.</strong></span> <span class='ocrx_word' id='word_1_762' title='bbox 2921 4608 2980 4680; x_wconf 71' lang='lat'><strong>2.</strong></span> <span class='ocrx_word' id='word_1_763' title='bbox 3056 4601 3566 4680; x_wconf 60' lang='lat' dir='ltr'><strong>Ittrarp.n_,__c_-s.</strong></span> 
     </span>
    </p>
   </div>
   <div class='ocr_carea' id='block_1_76' title="bbox 353 4669 1392 4736">
    <p class='ocr_par' dir='ltr' id='par_1_76' title="bbox 353 4669 1392 4736">
     <span class='ocr_line' id='line_1_76' title="bbox 353 4669 1392 4736; baseline 0.015 -15"><span class='ocrx_word' id='word_1_764' title='bbox 353 4669 379 4702; x_wconf 77' lang='grc'>³</span> <span class='ocrx_word' id='word_1_765' title='bbox 436 4669 600 4724; x_wconf 84' lang='lat' dir='ltr'><strong>Hebr.</strong></span> <span class='ocrx_word' id='word_1_766' title='bbox 661 4692 696 4734; x_wconf 86' lang='lat' dir='ltr'><strong>t.</strong></span> <span class='ocrx_word' id='word_1_767' title='bbox 755 4676 840 4729; x_wconf 76' lang='grc'><strong>14.</strong></span> <span class='ocrx_word' id='word_1_768' title='bbox 918 4669 1102 4732; x_wconf 69' lang='grc' dir='ltr'><strong>³Ιὶυῖη</strong></span> <span class='ocrx_word' id='word_1_769' title='bbox 1161 4684 1392 4736; x_wconf 70' lang='grc' dir='ltr'><strong>ι·ηι.20.</strong></span> 
     </span>
    </p>
   </div>
   <div class='ocr_carea' id='block_1_77' title="bbox 1472 4683 1880 4746">
    <p class='ocr_par' dir='ltr' id='par_1_77' title="bbox 1472 4683 1880 4746">
     <span class='ocr_line' id='line_1_77' title="bbox 1472 4683 1880 4746; baseline 0.005 -11"><span class='ocrx_word' id='word_1_770' title='bbox 1472 4684 1491 4713; x_wconf 73' lang='grc'><strong>’⁸</strong></span> <span class='ocrx_word' id='word_1_771' title='bbox 1515 4683 1669 4736; x_wconf 70' lang='lat' dir='ltr'><strong>llum.</strong></span> <span class='ocrx_word' id='word_1_772' title='bbox 1699 4697 1774 4746; x_wconf 63' lang='lat' dir='ltr'><strong>IK,</strong></span> <span class='ocrx_word' id='word_1_773' title='bbox 1795 4683 1880 4737; x_wconf 82' lang='lat' dir='ltr'><strong>l9.</strong></span> 
     </span>
    </p>
   </div>
   <div class='ocr_carea' id='block_1_78' title="bbox 354 4742 987 4812">
    <p class='ocr_par' dir='ltr' id='par_1_78' title="bbox 354 4742 987 4812">
     <span class='ocr_line' id='line_1_78' title="bbox 354 4742 987 4812; baseline 0.009 -16"><span class='ocrx_word' id='word_1_774' title='bbox 354 4753 398 4806; x_wconf 87' lang='grc' dir='ltr'><strong>ι,</strong></span> <span class='ocrx_word' id='word_1_775' title='bbox 428 4742 513 4795; x_wconf 66' lang='grc'><strong>14.</strong></span> <span class='ocrx_word' id='word_1_776' title='bbox 579 4743 600 4774; x_wconf 83' lang='grc'><strong><em>⁸</em></strong></span> <span class='ocrx_word' id='word_1_777' title='bbox 627 4743 782 4801; x_wconf 79' lang='lat' dir='ltr'><strong>Joan.</strong></span> <span class='ocrx_word' id='word_1_778' title='bbox 811 4765 864 4812; x_wconf 77' lang='grc' dir='ltr'><strong>κ,</strong></span> <span class='ocrx_word' id='word_1_779' title='bbox 903 4749 987 4803; x_wconf 82' lang='lat' dir='ltr'><strong>l6.</strong></span> 
     </span>
    </p>
   </div>
   <div class='ocr_carea' id='block_1_79' title="bbox 431 4924 1931 5005">
    <p class='ocr_par' dir='ltr' id='par_1_79' title="bbox 431 4924 1931 5005">
     <span class='ocr_line' id='line_1_79' title="bbox 431 4924 1931 5005; baseline 0.011 -27"><span class='ocrx_word' id='word_1_780' title='bbox 578 4927 739 5005; x_wconf 81' lang='lat' dir='ltr'><strong>Editi,</strong></span> <span class='ocrx_word' id='word_1_781' title='bbox 773 4950 790 4980; x_wconf 73' lang='grc' dir='ltr'><strong>ε</strong></span> <span class='ocrx_word' id='word_1_782' title='bbox 823 4927 1216 4998; x_wconf 65' lang='lat' dir='ltr'><strong>qno&#39;libet&#39;etnr</strong></span> <span class='ocrx_word' id='word_1_783' title='bbox 1246 4937 1298 4990; x_wconf 90' lang='lat' dir='ltr'><strong>in</strong></span> <span class='ocrx_word' id='word_1_784' title='bbox 1337 4937 1459 4992; x_wconf 85' lang='lat' dir='ltr'><strong>liliis</strong></span> <span class='ocrx_word' id='word_1_785' title='bbox 1495 4940 1608 5005; x_wconf 83' lang='lat' dir='ltr'><strong>Dei,</strong></span> <span class='ocrx_word' id='word_1_786' title='bbox 1641 4955 1765 4994; x_wconf 91' lang='lat' dir='ltr'><strong>cum</strong></span> <span class='ocrx_word' id='word_1_787' title='bbox 1796 4950 1931 4995; x_wconf 87' lang='lat' dir='ltr'><strong>tem-</strong></span> 
     </span>
    </p>
   </div>
   <div class='ocr_carea' id='block_1_80' title="bbox 355 4997 970 5066">
    <p class='ocr_par' dir='ltr' id='par_1_80' title="bbox 355 4997 970 5066">
     <span class='ocr_line' id='line_1_80' title="bbox 355 4997 970 5066; baseline 0.018 -23"><span class='ocrx_word' id='word_1_788' title='bbox 355 5008 460 5062; x_wconf 87' lang='lat' dir='ltr'><strong>pus</strong></span> <span class='ocrx_word' id='word_1_789' title='bbox 486 4997 772 5063; x_wconf 71' lang='lat' dir='ltr'><strong>libertatis,</strong></span> <span class='ocrx_word' id='word_1_790' title='bbox 809 4997 970 5066; x_wconf 62' lang='lat' dir='ltr'><strong>rete.</strong></span> 
     </span>
    </p>
   </div>
   <div class='ocr_carea' id='block_1_81' title="bbox 426 5066 1422 5204">
    <p class='ocr_par' dir='ltr' id='par_1_81' title="bbox 426 5066 1422 5204">
     <span class='ocr_line' id='line_1_81' title="bbox 426 5066 1422 5204; baseline 0.011 -85"><span class='ocrx_word' id='word_1_791' title='bbox 426 5066 542 5204; x_wconf 70' lang='grc'>(91)</span> <span class='ocrx_word' id='word_1_792' title='bbox 579 5069 740 5131; x_wconf 78' lang='lat' dir='ltr'><strong>Quia.</strong></span> <span class='ocrx_word' id='word_1_793' title='bbox 778 5072 1122 5127; x_wconf 78' lang='lat' dir='ltr'><strong>Desideratur</strong></span> <span class='ocrx_word' id='word_1_794' title='bbox 1154 5077 1206 5128; x_wconf 90' lang='lat' dir='ltr'><strong>in</strong></span> <span class='ocrx_word' id='word_1_795' title='bbox 1231 5078 1422 5130; x_wconf 78' lang='lat' dir='ltr'><strong>editis.</strong></span> 
     </span>
     <span class='ocr_line' id='line_1_82' title="bbox 444 5139 1415 5204; baseline 0.014 -14"><span class='ocrx_word' id='word_1_796' title='bbox 444 5139 540 5204; x_wconf 74' lang='lat'><strong>9&#39;2)</strong></span> <span class='ocrx_word' id='word_1_797' title='bbox 571 5139 732 5204; x_wconf 74' lang='lat' dir='ltr'><strong>Editi,</strong></span> <span class='ocrx_word' id='word_1_798' title='bbox 779 5161 797 5193; x_wconf 74' lang='grc' dir='ltr'>ι</span> <span class='ocrx_word' id='word_1_799' title='bbox 839 5157 1160 5204; x_wconf 79' lang='lat' dir='ltr'><strong>pertimuere</strong></span> <span class='ocrx_word' id='word_1_800' title='bbox 1204 5149 1255 5200; x_wconf 88' lang='lat' dir='ltr'><strong>itt</strong></span> <span class='ocrx_word' id='word_1_801' title='bbox 1288 5164 1415 5204; x_wconf 85' lang='lat' dir='ltr'><strong>cat&#39;n</strong></span> 
     </span>
    </p>
   </div>
   <div class='ocr_carea' id='block_1_82' title="bbox 444 5139 1925 5221">
    <p class='ocr_par' dir='ltr' id='par_1_82' title="bbox 444 5139 1925 5221">
     <span class='ocr_line' id='line_1_83' title="bbox 444 5139 1925 5221; baseline 0.009 -31"><span class='ocrx_word' id='word_1_802' title='bbox 444 5139 540 5207; x_wconf 73' lang='lat'><strong>9&#39;2)</strong></span> <span class='ocrx_word' id='word_1_803' title='bbox 571 5139 732 5208; x_wconf 75' lang='lat' dir='ltr'><strong>Editi,</strong></span> <span class='ocrx_word' id='word_1_804' title='bbox 779 5161 797 5193; x_wconf 75' lang='grc' dir='ltr'>ι</span> <span class='ocrx_word' id='word_1_805' title='bbox 838 5157 1160 5212; x_wconf 85' lang='lat' dir='ltr'><strong>permanere</strong></span> <span class='ocrx_word' id='word_1_806' title='bbox 1204 5149 1255 5200; x_wconf 93' lang='lat' dir='ltr'><strong>in</strong></span> <span class='ocrx_word' id='word_1_807' title='bbox 1288 5164 1451 5204; x_wconf 85' lang='lat' dir='ltr'><strong>carne</strong></span> <span class='ocrx_word' id='word_1_808' title='bbox 1484 5151 1655 5221; x_wconf 80' lang='lat' dir='ltr'><strong>magis</strong></span> <span class='ocrx_word' id='word_1_809' title='bbox 1701 5164 1925 5221; x_wconf 78' lang='lat' dir='ltr'><strong>propter</strong></span> 
     </span>
    </p>
   </div>
   <div class='ocr_carea' id='block_1_83' title="bbox 353 5221 1924 5355">
    <p class='ocr_par' dir='ltr' id='par_1_83' title="bbox 353 5221 1924 5355">
     <span class='ocr_line' id='line_1_84' title="bbox 391 5222 528 5260; baseline -0.007 0"><span class='ocrx_word' id='word_1_810' title='bbox 391 5222 471 5260; x_wconf 89' lang='lat' dir='ltr'><strong>os.</strong></span> <span class='ocrx_word' id='word_1_811' title='bbox 511 5228 528 5259; x_wconf 72' lang='grc' dir='ltr'>ι</span> 
     </span>
     <span class='ocr_line' id='line_1_85' title="bbox 353 5221 1924 5355; baseline 0.008 -24"><span class='ocrx_word' id='word_1_812' title='bbox 353 5221 388 5355; x_wconf 44' lang='grc' dir='ltr'><strong>ἶ]</strong></span> <span class='ocrx_word' id='word_1_813' title='bbox 422 5279 534 5355; x_wconf 83' lang='grc'>(95)</span> <span class='ocrx_word' id='word_1_814' title='bbox 578 5279 719 5334; x_wconf 86' lang='lat' dir='ltr'><strong>Editi</strong></span> <span class='ocrx_word' id='word_1_815' title='bbox 747 5321 762 5347; x_wconf 96' lang='lat'><strong>,</strong></span> <span class='ocrx_word' id='word_1_816' title='bbox 801 5301 819 5333; x_wconf 74' lang='grc' dir='ltr'>ι</span> <span class='ocrx_word' id='word_1_817' title='bbox 855 5283 1147 5340; x_wconf 87' lang='lat' dir='ltr'><strong>Permanet</strong></span> <span class='ocrx_word' id='word_1_818' title='bbox 1191 5296 1373 5343; x_wconf 85' lang='lat' dir='ltr'><strong>autem</strong></span> <span class='ocrx_word' id='word_1_819' title='bbox 1427 5291 1480 5344; x_wconf 90' lang='lat' dir='ltr'><strong>in</strong></span> <span class='ocrx_word' id='word_1_820' title='bbox 1529 5306 1694 5348; x_wconf 89' lang='lat' dir='ltr'><strong>carne</strong></span> <span class='ocrx_word' id='word_1_821' title='bbox 1717 5333 1732 5355; x_wconf 92' lang='lat'><strong>,</strong></span> <span class='ocrx_word' id='word_1_822' title='bbox 1766 5312 1784 5342; x_wconf 68' lang='grc' dir='ltr'><strong>ι</strong></span> <span class='ocrx_word' id='word_1_823' title='bbox 1817 5301 1924 5345; x_wconf 87' lang='lat' dir='ltr'><strong>etc.</strong></span> 
     </span>
    </p>
   </div>
   <div class='ocr_carea' id='block_1_84' title="bbox 361 5349 1922 5431">
    <p class='ocr_par' dir='ltr' id='par_1_84' title="bbox 361 5349 1922 5431">
     <span class='ocr_line' id='line_1_86' title="bbox 361 5349 1922 5431; baseline 0.008 -31"><span class='ocrx_word' id='word_1_824' title='bbox 361 5349 564 5404; x_wconf 69' lang='lat' dir='ltr'><strong>livinde</strong></span> <span class='ocrx_word' id='word_1_825' title='bbox 599 5355 985 5431; x_wconf 73' lang='lat' dir='ltr'><strong>uiss._quidam</strong></span> <span class='ocrx_word' id='word_1_826' title='bbox 1012 5397 1028 5422; x_wconf 89' lang='lat'><strong>,</strong></span> <span class='ocrx_word' id='word_1_827' title='bbox 1065 5373 1084 5408; x_wconf 69' lang='grc' dir='ltr'>ε</span> <span class='ocrx_word' id='word_1_828' title='bbox 1127 5366 1187 5410; x_wconf 92' lang='lat' dir='ltr'><strong>ut</strong></span> <span class='ocrx_word' id='word_1_829' title='bbox 1215 5370 1397 5414; x_wconf 87' lang='lat' dir='ltr'><strong>autem</strong></span> <span class='ocrx_word' id='word_1_830' title='bbox 1433 5363 1653 5417; x_wconf 76' lang='lat' dir='ltr'><strong>revelati</strong></span> <span class='ocrx_word' id='word_1_831' title='bbox 1690 5349 1859 5431; x_wconf 84' lang='lat' dir='ltr'><strong>sunt;</strong></span> <span class='ocrx_word' id='word_1_832' title='bbox 1904 5382 1922 5413; x_wconf 76' lang='grc' dir='ltr'><strong>ι</strong></span> 
     </span>
    </p>
   </div>
   <div class='ocr_carea' id='block_1_85' title="bbox 357 5422 1077 5487">
    <p class='ocr_par' dir='ltr' id='par_1_85' title="bbox 357 5422 1077 5487">
     <span class='ocr_line' id='line_1_87' title="bbox 357 5422 1077 5487; baseline 0.013 -18"><span class='ocrx_word' id='word_1_833' title='bbox 357 5431 410 5470; x_wconf 88' lang='lat' dir='ltr'><strong>et</strong></span> <span class='ocrx_word' id='word_1_834' title='bbox 435 5431 646 5487; x_wconf 85' lang='lat' dir='ltr'><strong>postea.</strong></span> <span class='ocrx_word' id='word_1_835' title='bbox 683 5439 704 5473; x_wconf 85' lang='lat' dir='ltr'><strong>t</strong></span> <span class='ocrx_word' id='word_1_836' title='bbox 735 5422 1019 5478; x_wconf 88' lang='lat' dir='ltr'><strong>liberatur.</strong></span> <span class='ocrx_word' id='word_1_837' title='bbox 1058 5445 1077 5478; x_wconf 78' lang='grc' dir='ltr'><strong><em>ι</em></strong></span> 
     </span>
    </p>
   </div>
   <div class='ocr_carea' id='block_1_86' title="bbox 430 5491 1394 5565">
    <p class='ocr_par' dir='ltr' id='par_1_86' title="bbox 430 5491 1394 5565">
     <span class='ocr_line' id='line_1_88' title="bbox 430 5491 1394 5565; baseline 0.01 -23"><span class='ocrx_word' id='word_1_838' title='bbox 430 5491 541 5565; x_wconf 53' lang='lat'><strong>:99</strong></span> <span class='ocrx_word' id='word_1_839' title='bbox 573 5493 742 5565; x_wconf 80' lang='lat' dir='ltr'><strong>Editi,</strong></span> <span class='ocrx_word' id='word_1_840' title='bbox 777 5513 796 5545; x_wconf 77' lang='lat' dir='ltr'><strong>t</strong></span> <span class='ocrx_word' id='word_1_841' title='bbox 827 5495 1072 5565; x_wconf 87' lang='lat' dir='ltr'><strong>arbores,</strong></span> <span class='ocrx_word' id='word_1_842' title='bbox 1115 5498 1340 5555; x_wconf 77' lang='lat' dir='ltr'><strong>fructus.</strong></span> <span class='ocrx_word' id='word_1_843' title='bbox 1374 5520 1394 5552; x_wconf 74' lang='grc' dir='ltr'><strong><em>ι</em></strong></span> 
     </span>
    </p>
   </div>
   <div class='ocr_carea' id='block_1_87' title="bbox 433 5561 1924 5640">
    <p class='ocr_par' dir='ltr' id='par_1_87' title="bbox 433 5561 1924 5640">
     <span class='ocr_line' id='line_1_89' title="bbox 433 5561 1924 5640; baseline 0.013 -30"><span class='ocrx_word' id='word_1_844' title='bbox 433 5561 546 5640; x_wconf 68' lang='grc'>(95)</span> <span class='ocrx_word' id='word_1_845' title='bbox 574 5564 741 5628; x_wconf 85' lang='lat' dir='ltr'><strong>Alias,</strong></span> <span class='ocrx_word' id='word_1_846' title='bbox 773 5585 790 5614; x_wconf 75' lang='grc' dir='ltr'>ι</span> <span class='ocrx_word' id='word_1_847' title='bbox 829 5566 934 5640; x_wconf 78' lang='lat' dir='ltr'><strong>tale</strong></span> <span class='ocrx_word' id='word_1_848' title='bbox 955 5561 1082 5635; x_wconf 84' lang='lat' dir='ltr'><strong>quid</strong></span> <span class='ocrx_word' id='word_1_849' title='bbox 1115 5584 1327 5640; x_wconf 84' lang='lat' dir='ltr'><strong>gerere,</strong></span> <span class='ocrx_word' id='word_1_850' title='bbox 1351 5582 1406 5627; x_wconf 71' lang='lat' dir='ltr'><strong>et</strong></span> <span class='ocrx_word' id='word_1_851' title='bbox 1433 5573 1560 5629; x_wconf 92' lang='lat' dir='ltr'><strong>huic</strong></span> <span class='ocrx_word' id='word_1_852' title='bbox 1592 5574 1784 5630; x_wconf 89' lang='lat' dir='ltr'><strong>rationi</strong></span> <span class='ocrx_word' id='word_1_853' title='bbox 1807 5589 1924 5631; x_wconf 85' lang='lat' dir='ltr'><strong>esse</strong></span> 
     </span>
    </p>
   </div>
   <div class='ocr_carea' id='block_1_88' title="bbox 361 5631 912 5693">
    <p class='ocr_par' dir='ltr' id='par_1_88' title="bbox 361 5631 912 5693">
     <span class='ocr_line' id='line_1_90' title="bbox 361 5631 912 5693; baseline 0.013 -13"><span class='ocrx_word' id='word_1_854' title='bbox 361 5631 665 5693; x_wconf 79' lang='lat' dir='ltr'><strong>sithjectos;</strong></span> <span class='ocrx_word' id='word_1_855' title='bbox 700 5653 717 5683; x_wconf 77' lang='grc' dir='ltr'>ι</span> <span class='ocrx_word' id='word_1_856' title='bbox 757 5637 912 5687; x_wconf 82' lang='lat' dir='ltr'><strong>male.</strong></span> 
     </span>
    </p>
   </div>
   <div class='ocr_carea' id='block_1_89' title="bbox 436 5700 1702 5772">
    <p class='ocr_par' dir='ltr' id='par_1_89' title="bbox 436 5700 1702 5772">
     <span class='ocr_line' id='line_1_91' title="bbox 436 5700 1702 5772; baseline 0.014 -21"><span class='ocrx_word' id='word_1_857' title='bbox 436 5700 546 5768; x_wconf 78' lang='lat'><strong>(96)</strong></span> <span class='ocrx_word' id='word_1_858' title='bbox 572 5702 828 5771; x_wconf 72' lang='lat' dir='ltr'><strong>Ogicium.</strong></span> <span class='ocrx_word' id='word_1_859' title='bbox 868 5707 1022 5763; x_wconf 83' lang='lat' dir='ltr'><strong>Deest</strong></span> <span class='ocrx_word' id='word_1_860' title='bbox 1054 5712 1104 5766; x_wconf 92' lang='lat' dir='ltr'><strong>in</strong></span> <span class='ocrx_word' id='word_1_861' title='bbox 1136 5712 1291 5770; x_wconf 87' lang='lat' dir='ltr'><strong>libris</strong></span> <span class='ocrx_word' id='word_1_862' title='bbox 1321 5725 1476 5772; x_wconf 83' lang='lat' dir='ltr'><strong>antea</strong></span> <span class='ocrx_word' id='word_1_863' title='bbox 1508 5715 1702 5771; x_wconf 83' lang='lat' dir='ltr'><strong>editis.‘</strong></span> 
     </span>
    </p>
   </div>
   <div class='ocr_carea' id='block_1_90' title="bbox 1958 4679 2773 4745">
    <p class='ocr_par' dir='ltr' id='par_1_90' title="bbox 1958 4679 2773 4745">
     <span class='ocr_line' id='line_1_92' title="bbox 1958 4679 2773 4745; baseline -0.012 -5"><span class='ocrx_word' id='word_1_864' title='bbox 1958 4689 1979 4719; x_wconf 80' lang='grc'><strong><em>⁵</em></strong></span> <span class='ocrx_word' id='word_1_865' title='bbox 2002 4691 2132 4742; x_wconf 72' lang='lat' dir='ltr'><strong>Dan.</strong></span> <span class='ocrx_word' id='word_1_866' title='bbox 2163 4679 2327 4745; x_wconf 59' lang='lat'><strong>$.13.</strong></span> <span class='ocrx_word' id='word_1_867' title='bbox 2400 4681 2420 4711; x_wconf 78' lang='grc'>⁸</span> <span class='ocrx_word' id='word_1_868' title='bbox 2451 4682 2580 4732; x_wconf 78' lang='lat' dir='ltr'><strong>Dan.</strong></span> <span class='ocrx_word' id='word_1_869' title='bbox 2612 4679 2773 4742; x_wconf 77' lang='lat' dir='ltr'><strong>x,?.l.</strong></span> 
     </span>
    </p>
   </div>
   <div class='ocr_carea' id='block_1_91' title="bbox 1065 4750 2111 4820">
    <p class='ocr_par' dir='ltr' id='par_1_91' title="bbox 1065 4750 2111 4820">
     <span class='ocr_line' id='line_1_93' title="bbox 1065 4750 2111 4820; baseline 0.011 -17"><span class='ocrx_word' id='word_1_870' title='bbox 1065 4752 1128 4804; x_wconf 78' lang='grc'><strong>⁸1</strong></span> <span class='ocrx_word' id='word_1_871' title='bbox 1156 4752 1280 4806; x_wconf 88' lang='lat' dir='ltr'><strong>Cor.</strong></span> <span class='ocrx_word' id='word_1_872' title='bbox 1316 4770 1404 4816; x_wconf 87' lang='lat' dir='ltr'><strong>xv,</strong></span> <span class='ocrx_word' id='word_1_873' title='bbox 1434 4754 1505 4808; x_wconf 74' lang='lat'><strong>‘28</strong></span> <span class='ocrx_word' id='word_1_874' title='bbox 1601 4755 1643 4786; x_wconf 87' lang='grc'><strong>¹⁰</strong></span> <span class='ocrx_word' id='word_1_875' title='bbox 1679 4750 1836 4805; x_wconf 77' lang='lat' dir='ltr'><strong>Rom.</strong></span> <span class='ocrx_word' id='word_1_876' title='bbox 1869 4769 1986 4820; x_wconf 83' lang='lat' dir='ltr'><strong>vm.</strong></span> <span class='ocrx_word' id='word_1_877' title='bbox 2018 4760 2111 4813; x_wconf 69' lang='grc'><strong>22-</strong></span> 
     </span>
    </p>
   </div>
   <div class='ocr_carea' id='block_1_92' title="bbox 2851 4673 3565 4739">
    <p class='ocr_par' dir='ltr' id='par_1_92' title="bbox 2851 4673 3565 4739">
     <span class='ocr_line' id='line_1_94' title="bbox 2851 4673 3565 4739; baseline -0.013 -7"><span class='ocrx_word' id='word_1_878' title='bbox 2851 4678 2890 4707; x_wconf 78' lang='grc'><strong>⁸⁸</strong></span> <span class='ocrx_word' id='word_1_879' title='bbox 2920 4679 3075 4732; x_wconf 73' lang='lat' dir='ltr'><strong>liam.</strong></span> <span class='ocrx_word' id='word_1_880' title='bbox 3104 4693 3224 4739; x_wconf 80' lang='grc' dir='ltr'><strong>νιιι,</strong></span> <span class='ocrx_word' id='word_1_881' title='bbox 3249 4677 3341 4730; x_wconf 77' lang='lat'><strong>‘20.</strong></span> <span class='ocrx_word' id='word_1_882' title='bbox 3399 4676 3416 4707; x_wconf 93' lang='grc'><strong>⁷</strong></span> <span class='ocrx_word' id='word_1_883' title='bbox 3436 4673 3565 4739; x_wconf 80' lang='lat' dir='ltr'><strong>llelir.</strong></span> 
     </span>
    </p>
   </div>
   <div class='ocr_carea' id='block_1_93' title="bbox 2190 4735 3564 4815">
    <p class='ocr_par' dir='ltr' id='par_1_93' title="bbox 2190 4735 3564 4815">
     <span class='ocr_line' id='line_1_95' title="bbox 2190 4735 3564 4815; baseline -0.012 -6"><span class='ocrx_word' id='word_1_884' title='bbox 2190 4735 2230 4787; x_wconf 83' lang='grc' dir='ltr'>ιί</span> <span class='ocrx_word' id='word_1_885' title='bbox 2266 4754 2508 4808; x_wconf 76' lang='lat' dir='ltr'><strong>ibid.18.</strong></span> <span class='ocrx_word' id='word_1_886' title='bbox 2585 4735 3035 4815; x_wconf 74' lang='lat' dir='ltr'><strong>&quot;lCor.tr,15.</strong></span> <span class='ocrx_word' id='word_1_887' title='bbox 3116 4735 3564 4807; x_wconf 64' lang='grc' dir='ltr'><strong>ι’ᾲκιπι.ιν,ίθ.</strong></span> 
     </span>
    </p>
   </div>
   <div class='ocr_carea' id='block_1_94' title="bbox 2105 4926 3560 5006">
    <p class='ocr_par' dir='ltr' id='par_1_94' title="bbox 2105 4926 3560 5006">
     <span class='ocr_line' id='line_1_96' title="bbox 2105 4926 3560 5006; baseline -0.01 -18"><span class='ocrx_word' id='word_1_888' title='bbox 2105 4937 2224 5006; x_wconf 82' lang='grc'>(9³7)</span> <span class='ocrx_word' id='word_1_889' title='bbox 2250 4935 2416 4996; x_wconf 83' lang='lat' dir='ltr'><strong>Editi,</strong></span> <span class='ocrx_word' id='word_1_890' title='bbox 2439 4953 2466 5006; x_wconf 12' lang='grc'>⁵(</span> <span class='ocrx_word' id='word_1_891' title='bbox 2501 4944 2559 5006; x_wconf 85' lang='lat' dir='ltr'><strong>et</strong></span> <span class='ocrx_word' id='word_1_892' title='bbox 2587 4947 2768 5006; x_wconf 72' lang='lat' dir='ltr'><strong>uelum</strong></span> <span class='ocrx_word' id='word_1_893' title='bbox 2794 4932 2992 5006; x_wconf 79' lang='lat' dir='ltr'><strong>inquit,</strong></span> <span class='ocrx_word' id='word_1_894' title='bbox 3017 4929 3116 4982; x_wconf 80' lang='lat' dir='ltr'><strong>fuit</strong></span> <span class='ocrx_word' id='word_1_895' title='bbox 3149 4929 3201 4983; x_wconf 91' lang='lat' dir='ltr'><strong>in</strong></span> <span class='ocrx_word' id='word_1_896' title='bbox 3229 4926 3560 4997; x_wconf 73' lang='lat' dir='ltr'><strong>adjutorinnn</strong></span> 
     </span>
    </p>
   </div>
   <div class='ocr_carea' id='block_1_95' title="bbox 2041 5002 3538 5082">
    <p class='ocr_par' dir='ltr' id='par_1_95' title="bbox 2041 5002 3538 5082">
     <span class='ocr_line' id='line_1_97' title="bbox 2041 5002 3538 5082; baseline -0.007 -23"><span class='ocrx_word' id='word_1_897' title='bbox 2041 5002 2216 5082; x_wconf 47' lang='grc' dir='ltr'><strong>(ηις-ά</strong></span> <span class='ocrx_word' id='word_1_898' title='bbox 2381 5004 2508 5082; x_wconf 75' lang='lat' dir='ltr'><strong>inihi</strong></span> <span class='ocrx_word' id='word_1_899' title='bbox 2541 5003 2779 5082; x_wconf 77' lang='lat' dir='ltr'><strong>adjutor)</strong></span> <span class='ocrx_word' id='word_1_900' title='bbox 2813 5002 2939 5082; x_wconf 77' lang='lat' dir='ltr'><strong>nisi,</strong></span> <span class='ocrx_word' id='word_1_901' title='bbox 2980 5020 2999 5052; x_wconf 75' lang='grc' dir='ltr'><strong><em>ι</em></strong></span> <span class='ocrx_word' id='word_1_902' title='bbox 3027 5012 3133 5082; x_wconf 59' lang='grc' dir='ltr'><strong>εειιξἶ</strong></span> <span class='ocrx_word' id='word_1_903' title='bbox 3179 5071 3211 5082; x_wconf 14' lang='lat'><strong>.7</strong></span> <span class='ocrx_word' id='word_1_904' title='bbox 3385 5070 3396 5082; x_wconf 47' lang='grc' dir='ltr'><strong>Ι</strong></span> <span class='ocrx_word' id='word_1_905' title='bbox 3530 5065 3538 5074; x_wconf 28' lang='grc'><strong>⁸</strong></span> 
     </span>
    </p>
   </div>
   <div class='ocr_carea' id='block_1_96' title="bbox 2113 5070 3562 5146">
    <p class='ocr_par' dir='ltr' id='par_1_96' title="bbox 2113 5070 3562 5146">
     <span class='ocr_line' id='line_1_98' title="bbox 2113 5070 3562 5146; baseline -0.011 -15"><span class='ocrx_word' id='word_1_906' title='bbox 2113 5079 2227 5146; x_wconf 86' lang='grc'>(98)</span> <span class='ocrx_word' id='word_1_907' title='bbox 2259 5077 2419 5134; x_wconf 89' lang='lat' dir='ltr'><strong>Editi,</strong></span> <span class='ocrx_word' id='word_1_908' title='bbox 2460 5093 2478 5125; x_wconf 74' lang='grc' dir='ltr'>ι</span> <span class='ocrx_word' id='word_1_909' title='bbox 2525 5082 2580 5126; x_wconf 89' lang='lat' dir='ltr'><strong>et</strong></span> <span class='ocrx_word' id='word_1_910' title='bbox 2607 5074 2659 5146; x_wconf 83' lang='lat' dir='ltr'><strong>in</strong></span> <span class='ocrx_word' id='word_1_911' title='bbox 2695 5073 2780 5125; x_wconf 92' lang='lat' dir='ltr'><strong>his</strong></span> <span class='ocrx_word' id='word_1_912' title='bbox 2810 5074 2968 5146; x_wconf 77' lang='lat' dir='ltr'><strong>scire</strong></span> <span class='ocrx_word' id='word_1_913' title='bbox 2995 5087 3054 5126; x_wconf 89' lang='lat' dir='ltr'><strong>se</strong></span> <span class='ocrx_word' id='word_1_914' title='bbox 3084 5071 3219 5124; x_wconf 77' lang='lat' dir='ltr'><strong>dixit</strong></span> <span class='ocrx_word' id='word_1_915' title='bbox 3261 5070 3396 5146; x_wconf 75' lang='lat' dir='ltr'><strong>quod</strong></span> <span class='ocrx_word' id='word_1_916' title='bbox 3421 5070 3562 5120; x_wconf 88' lang='lat' dir='ltr'><strong>omnis</strong></span> 
     </span>
    </p>
   </div>
   <div class='ocr_carea' id='block_1_97' title="bbox 2034 5142 3486 5214">
    <p class='ocr_par' dir='ltr' id='par_1_97' title="bbox 2034 5142 3486 5214">
     <span class='ocr_line' id='line_1_99' title="bbox 2034 5142 3486 5214; baseline -0.011 -12"><span class='ocrx_word' id='word_1_917' title='bbox 2034 5142 2283 5202; x_wconf 85' lang='lat' dir='ltr'><strong>creatura</strong></span> <span class='ocrx_word' id='word_1_918' title='bbox 2312 5145 2667 5214; x_wconf 87' lang='lat' dir='ltr'><strong>congemiscit</strong></span> <span class='ocrx_word' id='word_1_919' title='bbox 2692 5152 2746 5195; x_wconf 92' lang='lat' dir='ltr'><strong>et</strong></span> <span class='ocrx_word' id='word_1_920' title='bbox 2773 5142 3029 5214; x_wconf 84' lang='lat' dir='ltr'><strong>condolet</strong></span> <span class='ocrx_word' id='word_1_921' title='bbox 3060 5157 3232 5214; x_wconf 83' lang='lat' dir='ltr'><strong>usque</strong></span> <span class='ocrx_word' id='word_1_922' title='bbox 3254 5142 3436 5194; x_wconf 79' lang='lat' dir='ltr'><strong>adhuc.</strong></span> <span class='ocrx_word' id='word_1_923' title='bbox 3472 5155 3486 5186; x_wconf 72' lang='grc' dir='ltr'>ι</span> 
     </span>
    </p>
   </div>
   <div class='ocr_carea' id='block_1_98' title="bbox 2109 5206 3559 5290">
    <p class='ocr_par' dir='ltr' id='par_1_98' title="bbox 2109 5206 3559 5290">
     <span class='ocr_line' id='line_1_100' title="bbox 2109 5206 3559 5290; baseline -0.01 -17"><span class='ocrx_word' id='word_1_924' title='bbox 2109 5219 2223 5290; x_wconf 81' lang='lat'><strong>(99)</strong></span> <span class='ocrx_word' id='word_1_925' title='bbox 2278 5206 2444 5270; x_wconf 51' lang='lat' dir='ltr'><strong>Editi&#39;</strong></span> <span class='ocrx_word' id='word_1_926' title='bbox 2463 5214 2750 5285; x_wconf 84' lang='lat' dir='ltr'><strong>plerique,</strong></span> <span class='ocrx_word' id='word_1_927' title='bbox 2792 5232 2810 5263; x_wconf 75' lang='grc' dir='ltr'><strong><em>ι</em></strong></span> <span class='ocrx_word' id='word_1_928' title='bbox 2848 5213 2941 5283; x_wconf 80' lang='lat' dir='ltr'><strong>qui</strong></span> <span class='ocrx_word' id='word_1_929' title='bbox 2994 5206 3230 5281; x_wconf 73' lang='lat' dir='ltr'><strong>subjecit</strong></span> <span class='ocrx_word' id='word_1_930' title='bbox 3273 5226 3426 5276; x_wconf 72' lang='lat' dir='ltr'><strong>eam,</strong></span> <span class='ocrx_word' id='word_1_931' title='bbox 3457 5206 3559 5260; x_wconf 69' lang='lat' dir='ltr'><strong>alle-</strong></span> 
     </span>
    </p>
   </div>
   <div class='ocr_carea' id='block_1_99' title="bbox 2053 5295 2404 5340">
    <p class='ocr_par' dir='ltr' id='par_1_99' title="bbox 2053 5295 2404 5340">
     <span class='ocr_line' id='line_1_101' title="bbox 2053 5295 2404 5340; baseline -0.006 0"><span class='ocrx_word' id='word_1_932' title='bbox 2053 5301 2208 5340; x_wconf 67' lang='lat' dir='ltr'><strong>tlunt.</strong></span> <span class='ocrx_word' id='word_1_933' title='bbox 2245 5308 2263 5337; x_wconf 74' lang='grc' dir='ltr'><strong><em>ι</em></strong></span> <span class='ocrx_word' id='word_1_934' title='bbox 2299 5295 2404 5340; x_wconf 87' lang='lat' dir='ltr'><strong>etc.</strong></span> 
     </span>
    </p>
   </div>
   <div class='ocr_carea' id='block_1_100' title="bbox 2035 5301 3555 5424">
    <p class='ocr_par' dir='ltr' id='par_1_100' title="bbox 2035 5301 3555 5424">
     <span class='ocr_line' id='line_1_102' title="bbox 2035 5301 3555 5424; baseline -0.004 -10"><span class='ocrx_word' id='word_1_935' title='bbox 2035 5301 2752 5424; x_wconf 38' lang='grc' dir='ltr'><strong>ιυξῗγΑιηξέῗὐθςιὶῑιεπ-ειιιη</strong></span> <span class='ocrx_word' id='word_1_936' title='bbox 2777 5354 2829 5407; x_wconf 91' lang='lat' dir='ltr'><strong>in</strong></span> <span class='ocrx_word' id='word_1_937' title='bbox 2853 5354 3034 5419; x_wconf 87' lang='lat' dir='ltr'><strong>editis,</strong></span> <span class='ocrx_word' id='word_1_938' title='bbox 3055 5353 3146 5424; x_wconf 86' lang='lat' dir='ltr'><strong>qui</strong></span> <span class='ocrx_word' id='word_1_939' title='bbox 3173 5362 3357 5423; x_wconf 76' lang='lat' dir='ltr'><strong>postea</strong></span> <span class='ocrx_word' id='word_1_940' title='bbox 3377 5349 3555 5408; x_wconf 73' lang='lat' dir='ltr'><strong>nalienl.</strong></span> 
     </span>
    </p>
   </div>
   <div class='ocr_carea' id='block_1_101' title="bbox 2044 5425 3552 5494">
    <p class='ocr_par' dir='ltr' id='par_1_101' title="bbox 2044 5425 3552 5494">
     <span class='ocr_line' id='line_1_103' title="bbox 2044 5425 3552 5494; baseline -0.006 -12"><span class='ocrx_word' id='word_1_941' title='bbox 2044 5449 2061 5482; x_wconf 76' lang='grc' dir='ltr'>ι</span> <span class='ocrx_word' id='word_1_942' title='bbox 2109 5429 2282 5482; x_wconf 80' lang='lat' dir='ltr'><strong>Filioti</strong></span> <span class='ocrx_word' id='word_1_943' title='bbox 2317 5428 2420 5480; x_wconf 78' lang='grc' dir='ltr'><strong>ιιιεί</strong></span> <span class='ocrx_word' id='word_1_944' title='bbox 2469 5440 2606 5493; x_wconf 87' lang='lat' dir='ltr'><strong>quos</strong></span> <span class='ocrx_word' id='word_1_945' title='bbox 2649 5425 2825 5480; x_wconf 84' lang='lat' dir='ltr'><strong>adhuc</strong></span> <span class='ocrx_word' id='word_1_946' title='bbox 2853 5426 3098 5494; x_wconf 84' lang='lat' dir='ltr'><strong>parturio</strong></span> <span class='ocrx_word' id='word_1_947' title='bbox 3125 5467 3140 5493; x_wconf 68' lang='lat'><strong>,</strong></span> <span class='ocrx_word' id='word_1_948' title='bbox 3181 5442 3201 5476; x_wconf 70' lang='grc' dir='ltr'><strong>ι</strong></span> <span class='ocrx_word' id='word_1_949' title='bbox 3241 5425 3372 5480; x_wconf 80' lang='lat' dir='ltr'><strong>sicut</strong></span> <span class='ocrx_word' id='word_1_950' title='bbox 3395 5429 3443 5474; x_wconf 86' lang='lat' dir='ltr'><strong>et</strong></span> <span class='ocrx_word' id='word_1_951' title='bbox 3475 5432 3552 5470; x_wconf 71' lang='lat' dir='ltr'><strong>uis.</strong></span> 
     </span>
    </p>
   </div>
   <div class='ocr_carea' id='block_1_102' title="bbox 2038 5499 2423 5568">
    <p class='ocr_par' dir='ltr' id='par_1_102' title="bbox 2038 5499 2423 5568">
     <span class='ocr_line' id='line_1_104' title="bbox 2038 5499 2423 5568; baseline -0.016 -13"><span class='ocrx_word' id='word_1_952' title='bbox 2038 5517 2179 5555; x_wconf 92' lang='lat' dir='ltr'><strong>unus</strong></span> <span class='ocrx_word' id='word_1_953' title='bbox 2208 5499 2423 5568; x_wconf 77' lang='lat' dir='ltr'><strong>Hegias.</strong></span> 
     </span>
    </p>
   </div>
   <div class='ocr_carea' id='block_1_103' title="bbox 2110 5563 3553 5639">
    <p class='ocr_par' dir='ltr' id='par_1_103' title="bbox 2110 5563 3553 5639">
     <span class='ocr_line' id='line_1_105' title="bbox 2110 5563 3553 5639; baseline -0.008 -17"><span class='ocrx_word' id='word_1_954' title='bbox 2110 5571 2188 5639; x_wconf 69' lang='lat'><strong>(2)</strong></span> <span class='ocrx_word' id='word_1_955' title='bbox 2223 5563 2313 5623; x_wconf 72' lang='lat' dir='ltr'><strong>Sic</strong></span> <span class='ocrx_word' id='word_1_956' title='bbox 2343 5584 2443 5621; x_wconf 85' lang='lat' dir='ltr'><strong>nis.</strong></span> <span class='ocrx_word' id='word_1_957' title='bbox 2472 5581 2614 5619; x_wconf 89' lang='lat' dir='ltr'><strong>unus</strong></span> <span class='ocrx_word' id='word_1_958' title='bbox 2649 5564 2846 5639; x_wconf 74' lang='lat' dir='ltr'><strong>Regius</strong></span> <span class='ocrx_word' id='word_1_959' title='bbox 2881 5581 3032 5639; x_wconf 71' lang='lat' dir='ltr'><strong>nunt.</strong></span> <span class='ocrx_word' id='word_1_960' title='bbox 3058 5565 3224 5639; x_wconf 65' lang='lat'><strong>1639,</strong></span> <span class='ocrx_word' id='word_1_961' title='bbox 3259 5563 3486 5619; x_wconf 74' lang='lat' dir='ltr'><strong>Rabanus</strong></span> 
     </span>
    </p>
   </div>
   <div class='ocr_carea' id='block_1_104' title="bbox 2033 5625 3555 5706">
    <p class='ocr_par' dir='ltr' id='par_1_104' title="bbox 2033 5625 3555 5706">
     <span class='ocr_line' id='line_1_106' title="bbox 2033 5625 3555 5706; baseline -0.01 -12"><span class='ocrx_word' id='word_1_962' title='bbox 2033 5625 2183 5695; x_wconf 55' lang='lat' dir='ltr'><strong>editi:</strong></span> <span class='ocrx_word' id='word_1_963' title='bbox 2209 5640 2330 5692; x_wconf 81' lang='lat' dir='ltr'><strong>Mss.</strong></span> <span class='ocrx_word' id='word_1_964' title='bbox 2365 5654 2493 5691; x_wconf 86' lang='lat' dir='ltr'><strong>vero</strong></span> <span class='ocrx_word' id='word_1_965' title='bbox 2520 5641 2623 5689; x_wconf 86' lang='lat' dir='ltr'><strong>duo</strong></span> <span class='ocrx_word' id='word_1_966' title='bbox 2651 5625 2869 5697; x_wconf 75' lang='lat' dir='ltr'><strong>habent,</strong></span> <span class='ocrx_word' id='word_1_967' title='bbox 2906 5653 2926 5687; x_wconf 72' lang='grc' dir='ltr'>ι</span> <span class='ocrx_word' id='word_1_968' title='bbox 2959 5625 3343 5706; x_wconf 64' lang='grc' dir='ltr'><strong>Ρειτιιιτὶιέτεο</strong></span> <span class='ocrx_word' id='word_1_969' title='bbox 3367 5641 3418 5689; x_wconf 86' lang='lat' dir='ltr'><strong>et</strong></span> <span class='ocrx_word' id='word_1_970' title='bbox 3436 5633 3555 5685; x_wconf 77' lang='lat' dir='ltr'><strong>creat</strong></span> 
     </span>
    </p>
   </div>
   <div class='ocr_carea' id='block_1_105' title="bbox 2034 5720 2547 5781">
    <p class='ocr_par' dir='ltr' id='par_1_105' title="bbox 2034 5720 2547 5781">
     <span class='ocr_line' id='line_1_107' title="bbox 2034 5720 2547 5781; baseline -0.006 -16"><span class='ocrx_word' id='word_1_971' title='bbox 2034 5728 2149 5778; x_wconf 79' lang='lat' dir='ltr'><strong>eos,</strong></span> <span class='ocrx_word' id='word_1_972' title='bbox 2189 5725 2347 5781; x_wconf 83' lang='lat' dir='ltr'><strong>quos,</strong></span> <span class='ocrx_word' id='word_1_973' title='bbox 2390 5729 2407 5760; x_wconf 84' lang='grc'>›</span> <span class='ocrx_word' id='word_1_974' title='bbox 2443 5720 2547 5762; x_wconf 77' lang='lat' dir='ltr'><strong>etc.</strong></span> 
     </span>
    </p>
   </div>
  </div>
