3692 6138
123 259 254 312 1113
1055 264 1405 326 COMMENT.
1445 269 1510 324 IN
1549 272 1581 324 E

1914 273 2076 330 ROM.
2115 272 2243 328 LIB.
2288 269 2396 326 VII.
3203 277 3336 333 1114

122 374 200 466 nis
240 382 494 428 creatura
535 393 551 443 ;
605 377 673 429 ad
719 377 968 435 ultimum
1008 398 1140 439 vero
1172 386 1318 441 dicat
1350 406 1363 441 :
1401 407 1420 441 t
1457 389 1672 445 Scimus
1700 399 1746 454 Α
1781 411 1800 444 ι
1857 393 1963 448 Sed
2013 403 2067 449 et
2122 411 2223 451 nos
2255 398 2357 466 ipsi
2395 392 2662 466 primitias
2690 391 2927 462 Spiritus
2975 394 3252 449 habentes.
3312 416 3332 449 ι

120 465 255 518 enim
285 467 540 533 quoniam
579 469 754 522 munis
782 479 1027 527 creatura
1065 479 1434 547 congentiscit,
1465 491 1521 534 et
1546 497 1676 536 con-
1779 485 1994 540 Scimus
2043 487 2188 541 enim
2241 465 2509 558 scriptum
2567 500 2690 542 esse
2743 487 2797 540 in
2854 485 2969 552 lege
3020 487 3060 536 ‘.'
3116 485 3270 556 (l0)
3319 505 3334 542 :

121 553 257 607 dolet
294 555 339 586 "
365 555 445 625 (5)
482 578 492 612 :
529 576 544 608 ι
579 567 755 624 potest
800 559 879 615 sic
907 561 1174 634 intelligi,
1201 568 1328 637 quia
1359 584 1463 623 non
1500 571 1678 625 omnis
1780 592 1802 627 ι
1835 573 2112 631 Primitias
2144 592 2307 644 areae,
2341 553 2396 632 et
2426 578 2701 643 primitias
2730 576 3019 630 torcularis
3045 593 3150 631 non
3194 578 3342 632 frau-

120 647 323 716 qnident
355 649 432 718 (l)
481 660 726 704 creatura
759 661 843 708 est
891 668 1010 723 qua:
1061 657 1367 728 ingemiscit
1405 671 1460 716 et
1505 662 1670 730 dolet,
1775 665 1930 722 dabis
1967 684 1981 720 :
2024 685 2044 718 ι
2079 677 2136 723 et
2165 669 2300 723 ηε(
2344 669 2622 724 Primitias
2665 669 2907 723 omnium
2956 667 3168 737 frugum
3216 677 3338 722 tua-

122 738 217 792 boc
241 749 324 794 est
371 756 496 808 quae
542 745 852 800 necessitati
875 748 1121 817 corporis
1147 752 1518 822 corruptibilis
1545 755 1676 809 snb-
1776 770 1896 810 rum
1925 754 2135 812 inferes
2167 755 2221 811 in
2251 757 2468 812 domum
2507 754 2722 810 Domini
2766 754 2859 808 Dei
2893 755 2989 807 ttti.
3039 773 3056 803 ι
3087 752 3223 819 Quid
3251 769 3340 808 er—

115 828 298 900 jacet:
332 833 513 888 omnis
558 843 740 891 autem
777 847 1025 894 creatura
1075 849 1158 896 est
1189 857 1312 911 quae
1367 843 1677 904 dolentibus
1773 861 1843 915 go
1882 847 1904 901 ?
1940 847 2094 902 Sicut
2141 848 2396 918 primitixe
2444 862 2587 901 area:
2639 855 2695 902 et
2747 845 3000 913 primitiae
3052 845 3341 898 toreularis

118 921 359 978 condolet
384 963 401 990 ,
451 932 509 978 et
545 940 667 995 qua:
715 930 1053 997 gementibus
1081 935 1452 1003 congemiscit.
1485 935 1676 991 Omnis
1774 938 2020 1008 ejusdem
2053 940 2227 1010 frugis
2256 950 2402 1002 sunt,
2431 939 2590 1004 cujus
2632 948 2717 993 est
2755 948 2810 991 et
2847 938 3047 1004 reliqua
3083 952 3230 1000 area,
3257 936 3340 992 vel

119 1024 287 1070 autem
319 1026 574 1072 creatura
618 1019 868 1087 superior
910 1035 1111 1092 agones
1139 1032 1194 1076 et
1235 1025 1533 1079 certamina
1574 1042 1674 1080 no-
1775 1031 2015 1100 ejusdem
2045 1033 2157 1100 (ll)
2207 1033 2433 1100 liquoris
2478 1030 2633 1098 cujus
2676 1039 2734 1084 et
2779 1028 3038 1088 torcular,
3082 1029 3225 1082 itane
3258 1030 3342 1081 vi-

121 1115 223 1160 slra
250 1115 480 1176 spectat,
508 1118 563 1162 et
590 1108 738 1163 dolet
768 1125 888 1164 cum
919 1111 1210 1179 vincimur,
1241 1129 1364 1168 cum
1403 1130 1531 1169 vero
1559 1116 1677 1169 vin-
1775 1121 1986 1175 debitor
2031 1121 2194 1192 599
2231 1131 2284 1176 et
2325 1121 2466 1190 quod
2511 1119 2644 1174 dicit
2688 1117 2939 1186 primitia:
2999 1115 3230 1183 Spiritus
3275 1131 3340 1168 ex

119 1197 282 1250 Cillms
311 1198 513 1268 Salldel
541 1197 617 1271 (5)
637 1214 652 1262 ς
671 1209 728 1253 οι
755 1199 926 1254 ωυιιο
957 1200 1256 1272 plusquam
1284 1203 1460 1269 nobis,
1479 1204 1580 1259 illis
1595 1203 1674 1275 (6)
1777 1212 1960 1267 multis
1993 1215 2218 1282 reliquis
2242 1213 2527 1281 spiritibus
2557 1211 2764 1264 sanctis
2789 1220 2844 1262 et
2877 1208 3049 1262 beatis
3076 1222 3214 1261 unus
3244 1206 3344 1260 ali-

123 1288 253 1342 inest
283 1288 519 1359 gaudere
547 1304 670 1345 cum
717 1290 1072 1360 gaudentibus
1112 1303 1169 1348 et
1211 1293 1392 1350 dolere
1416 1311 1537 1350 cum
1580 1300 1676 1352 do—
1774 1301 1897 1372 quis
1925 1318 2048 1357 esse
2101 1303 2447 1372 praecipuus?
2483 1302 2563 1354 An
2601 1300 2731 1354 illud
2758 1299 2938 1367 potius
2961 1297 3340 1367 intelligemus.

121 1377 348 1434 lentibus
375 1379 443 1434 ".
1775 1397 1952 1464 quod,
1978 1395 2280 1450 secundum
2307 1409 2370 1448 ea
2397 1393 2509 1464 (l2)
2549 1408 2670 1462 qua:
2691 1391 2938 1460 superius
2968 1389 3342 1451 disseruimus,

183 1469 233 1525 5.
263 1487 284 1521 ‹
320 1468 438 1524 Non
469 1470 645 1526 solum
682 1481 888 1541 autem,
920 1474 1013 1530 sed
1051 1484 1108 1532 et
1139 1490 1237 1532 nos
1271 1476 1372 1547 ipsi
1409 1477 1675 1549 primitias
1773 1485 1929 1540 multi
1979 1484 2090 1539 sint
2147 1485 2376 1554 spiritus
2425 1484 2817 1538 ministeriales
2866 1481 3239 1536 ministrantes
3290 1479 3341 1532 in

123 1561 346 1630 Spiritus
393 1562 706 1632 habentes,
753 1569 916 1621 etiam
949 1569 1047 1638 ipsi
1103 1569 1239 1623 intra
1287 1586 1380 1624 nos
1411 1571 1675 1642 gemimus
1776 1579 2085 1634 ministerio
2137 1588 2362 1648 propter
2411 1593 2506 1630 eos
2557 1579 2645 1644 qui
2701 1575 3075 1630 htereditatem
3125 1573 3344 1640 capiunt

123 1655 455 1724 ³⁴¹⁴³Ρ¹Ῐοηοι¹¹
508 1657 738 1710 ﬁliorum
765 1660 842 1731 (7)
887 1671 1266 1728 exspectantes
1290 1703 1306 1726 ,
1339 1663 1672 1732 redemptio-
1705 1735 1736 1738 _
1774 1668 1968 1724 salutis
1997 1671 2062 1730 ",
2097 1671 2197 1724 sub
2241 1669 2438 1738 quibus
2484 1684 2654 1736 agens
2699 1668 3073 1737 unusquisque
3115 1667 3342 1720 creden-

124 1762 235 1800 nem
271 1749 522 1817 corporis
569 1751 762 1804 nostri.
805 1751 914 1820 Spe
941 1753 1084 1805 enim
1117 1753 1249 1806 salvi
1301 1753 1426 1808 iacti
1462 1770 1671 1811 smnus.
1705 1735 1747 1789 Β
1778 1761 1910 1814 tium
1955 1759 2105 1814 velut
2145 1735 2560 1814 subitntoribus
2599 1768 2653 1813 et
2701 1735 3142 1827 procuratoribus
3189 1757 3344 1810 insti-

124 1837 250 1906 Spes
277 1849 455 1894 autem
488 1855 610 1908 qua:
636 1840 864 1905 videtur,
903 1859 1006 1896 non
1046 1854 1129 1898 est
1176 1860 1317 1914 spes.
1350 1846 1500 1912 Quod
1529 1849 1671 1902 enim
1779 1854 1952 1908 tuitur
1987 1868 2161 1922 usque
2196 1851 2261 1904 ad
2295 1853 2622 1918 praeﬁnitum
2653 1860 2864 1918 tempus
2901 1867 2930 1904 a
2957 1850 3114 1904 Patre
3136 1850 3204 1915 ⁸⁸,
3241 1850 3343 1903 hoc

125 1931 262 1986 videt
287 1931 410 2000 quis
437 1973 453 1997 ,
483 1932 614 2000 quid
647 1934 869 2000 sperat?
903 1933 1009 1988 Sed
1044 1936 1089 1988 si
1116 1937 1258 2005 quod
1291 1954 1394 1991 non
1431 1938 1675 1994 videmus
1777 1950 1898 2003 est,
1951 1955 2234 2008 usqueqnn
2278 1940 2343 1991 ad
2393 1939 2688 2007 legitimam
2725 1950 2936 1993 :ctatetu
2974 1939 3169 1992 anima:
3217 1953 3339 2006 per—

123 2035 395 2089 speramus
419 2061 436 2088 ,
469 2037 566 2092 per
599 2024 915 2091 patientiam
950 2037 1330 2096 exspeCtamus
1378 2031 1442 2085 ⁸⁸.
1483 2050 1502 2083 ι
1535 2032 1677 2086 Con-
1775 2028 2026 2083 feclionis
2053 2029 2364 2092 advenerit,
2399 2031 2489 2081 tibi
2519 2029 2639 2097 quis
2667 2028 2776 2095 jam
2824 2041 3203 2096 supergressus
3230 2024 3344 2098 (13)

121 2112 448 2168 suetudinem
475 2117 785 2185 apostolica:
809 2118 1135 2173 elocutionis
1162 2132 1284 2175 esse
1309 2137 1450 2192 smpe
1486 2123 1674 2178 doeui-
1775 2118 2026 2188 spiritum
2076 2119 2358 2174 servitutis
2403 2135 2562 2189 quem
2609 2129 2895 2187 acceperat
2937 2118 2987 2170 in
3030 2119 3262 2179 tinmre,
3311 2133 3342 2169 ιι

124 2219 250 2268 tuus,
272 2221 391 2260 cum
425 2207 580 2270 dicit,
613 2226 632 2260 ι
667 2209 781 2264 Non
813 2211 984 2266 solum
1019 2222 1225 2277 autem,
1255 2232 1273 2264 ι
1303 2225 1358 2272 et
1388 2215 1516 2269 nihil
1546 2219 1677 2270 snb-
1775 2224 1884 2278 quo
1925 2207 2074 2262 velut
2108 2210 2404 2279 paulagogo
2450 2218 2796 2272 servaretur,
2836 2210 3029 2276 dignus
3074 2209 3346 2260 elliciatnr

115 2295 284 2367 jungit
323 2299 411 2352 cui
460 2302 633 2369 aptari
687 2303 877 2358 debeat
904 2343 921 2368 ,
956 2305 1330 2374 superioribus
1363 2309 1524 2362 dictis
1557 2324 1677 2363 esse
1775 2300 2022 2368 accipere
2047 2300 2356 2370 adOptiouis
2383 2299 2628 2368 spiritqu
2658 2300 2927 2367 primitias
2949 2300 3182 2366 Spiritus
3208 2298 3344 2368 (14),

125 2388 454 2444 referendum
483 2435 498 2456 ,
538 2393 681 2448 sicut
711 2405 767 2449 et
804 2397 854 2450 in
895 2398 1150 2467 praesenti
1179 2397 1418 2468 capitulo
1449 2399 1674 2470 intelligi
1776 2409 1874 2462 per
1903 2407 2061 2461 quem
2095 2393 2382 2462 adoptatus
2415 2393 2466 2444 itt
2503 2393 2671 2444 lilittttt
2715 2391 2885 2476 possit
2911 2393 3074 2444 etiam
3108 2390 3344 2458 primiti-

124 2479 292 2534 tlnlur.
335 2481 470 2537 Tale
500 2501 732 2555 namque
759 2495 845 2542 est
873 2489 1014 2557 quod
1059 2489 1241 2543 dicere
1275 2490 1527 2545 videtur:
1559 2491 1674 2545 Nm.
1777 2501 1967 2539 vornm
1997 2484 2252 2538 Ecclesia:
2289 2501 2407 2553 quze
2443 2486 2493 2536 itt
2533 2484 2684 2537 cmlis
2717 2494 2801 2537 est
2829 2483 3074 2536 sociari?
3106 2483 3170 2536 Et
3197 2483 3340 2537 sicut

121 2572 284 2626 solum
309 2576 490 2628 omnis
525 2586 774 2632 creatura
805 2580 1156 2650 congemist-it
1181 2591 1235 2634 et
1268 2583 1554 2650 condolet;
1582 2583 1675 2638 sed
1779 2576 1947 2628 mullo
1998 2573 2175 2628 (Ιίπυη
2219 2573 2388 2626 lilium
2437 2588 2559 2626 esse
2589 2589 2748 2640 quam
2779 2587 2996 2624 St‘TVllm
3019 2610 3034 2635 9
3067 2571 3140 2623 ila
3175 2571 3346 2624 ηῖιιιιο

122 2671 172 2714 et
201 2677 295 2716 nos
327 2663 425 2733 ipsi
476 2665 748 2733 primitias
796 2666 1031 2737 Spiritus
1057 2667 1318 2722 habentes
1341 2707 1359 2730 ,
1403 2669 1540 2722 intra
1579 2685 1676 2723 nos
1777 2665 2014 2720 differta
2053 2664 2509 2720 ministerialibns
2534 2665 2809 2732 spiritibus
2837 2663 3071 2731 Spiritus
3099 2673 3342 2726 sanctus,

123 2754 395 2822 gemimus.
429 2754 503 2811 Et
535 2772 632 2811 nos
667 2759 809 2812 enim
839 2771 1213 2828 exspectamus
1240 2759 1588 2828 adoptionem
1615 2760 1677 2814 11-
1777 2759 1932 2828 cujus
1973 2757 2247 2826 primitias
2279 2755 2477 2810 Paulus
2520 2772 2639 2808 cum
2685 2756 2798 2808 stris
2848 2754 3118 2809 similibus
3147 2755 3345 2810 habere

123 2842 305 2897 liorum
332 2845 447 2912 Dei,
474 2854 532 2900 et
561 2848 985 2914 redemptionem
1006 2847 1249 2918 corporis
1270 2848 1677 2915 nostri.Quam-
1777 2864 1836 2902 se
1866 2849 2016 2901 dicit.
2068 2847 2218 2903 Unus
2258 2847 2350 2900 hic
2386 2846 2584 2900 modus
2626 2845 2700 2899 sit
2728 2860 2836 2914 quo
2879 2846 3148 2899 sermonis
3183 2844 3345 2912 hujus

123 2936 198 2991 vis
234 2935 335 2992 hoc
370 2939 492 3008 ipso
514 2937 623 3006 jam
661 2941 800 3009 quod
832 2939 1049 2996 Christo
1094 2943 1366 2996 credimus
1395 2981 1412 3005 ,
1443 2941 1672 2996 salutem
1777 2940 2192 3009 intelligentiam
2245 2938 2519 3008 potuimus
2561 2938 2838 3018 indagare.
2887 2937 3176 2993 Videamus
3203 2954 3345 2992 nunc

123 3028 265 3082 nobis
322 3031 618 3098 praestitatn
673 3034 1000 3099 noverimus,
1054 3043 1226 3088 tamen
1259 3034 1311 3088 itt
1355 3048 1452 3102 spe
1501 3032 1674 3087 adhuc
1699 3074 1743 3130 ο
1776 3039 1830 3085 et
1863 3030 2048 3083 alium.
2099 3028 2350 3099 Legimus
2385 3031 2526 3100 apud
2561 3029 2736 3099 ipsum
2773 3031 3078 3101 apostolum
3112 3029 3342 3086 Panlutn

120 3130 194 3173 est
214 3121 356 3176 salus
380 3123 507 3188 ista,
530 3139 636 3179 non
670 3125 722 3178 in
753 3135 974 3193 aspectu
1004 3125 1293 3180 visibilium
1327 3125 1425 3198 (8).
1455 3125 1509 3179 Si
1528 3126 1670 3180 enim
1703 3120 1742 3130 ν
1777 3122 1916 3176 dona
1956 3121 2039 3175 vel
2070 3123 2274 3191 gratias
2302 3122 2478 3176 sancti
2507 3120 2742 3188 Spiritus
2770 3122 2966 3176 multus
2992 3123 3212 3191 spiritus
3247 3139 3345 3176 no-

119 3210 218 3280 jam
247 3214 542 3280 videretur,
580 3232 681 3270 non
715 3219 899 3284 utique
925 3228 1259 3286 speraretur.
1297 3218 1492 3287 Sperat
1524 3219 1668 3272 enim
1777 3208 1994 3277 minari,
2028 3225 2085 3267 ut
2110 3230 2230 3268 cum
2259 3214 2389 3268 dicit
2418 3231 2431 3266 :
2472 3232 2491 3264 ι
2516 3214 2664 3267 Nunc
2688 3225 2866 3266 autem
2895 3216 3152 3282 quoniam
3177 3231 3344 3268 temn-

120 3303 233 3372 quis
263 3314 320 3360 ut
350 3306 550 3362 videat.
579 3306 635 3362 Si
659 3323 786 3362 vero
805 3309 984 3363 videat
1011 3325 1132 3378 qua:
1165 3311 1438 3379 sperabat,
1474 3324 1670 3378 super-
1774 3305 1976 3361 latores
2003 3307 2138 3361 estis
2168 3307 2461 3376 spirituum
2489 3348 2506 3373 ,
2538 3308 2603 3362 ad
2634 3308 3051 3362 aediﬁcationem
3087 3306 3344 3362 Ecclesize

120 3395 269 3450 ilunm
299 3408 382 3453 est
416 3402 557 3454 ultra
588 3415 810 3468 sperare
844 3416 965 3470 qua:
1009 3401 1161 3456 videt
1205 3401 1303 3474 (9).
1335 3401 1444 3458 Nos
1487 3411 1666 3456 autem
1775 3399 2004 3474 qnzerite
2040 3408 2100 3451 ut
2139 3399 2428 3452 abundetis
2451 3401 2494 3431 ’ί
2518 3414 2532 3463 ;
2559 3418 2577 3451 ι
2613 3410 2664 3452 et
2696 3399 2820 3452 item
2852 3400 2977 3454 alibi
3013 3420 3027 3455 :
3065 3419 3083 3452 ι
3108 3399 3343 3470 Spiritus

120 3503 258 3555 spem
290 3505 395 3544 non
421 3492 695 3546 habemus
723 3491 776 3545 in
815 3492 900 3548 his
928 3508 1046 3563 quae
1076 3493 1358 3560 videntur,
1393 3511 1458 3549 ne
1494 3493 1668 3548 inanis
1775 3490 2160 3560 prophetarum
2191 3491 2474 3558 prophetis
2495 3491 2725 3558 subjecti
2757 3502 2884 3545 sunt
2911 3493 2990 3558 “;
3017 3509 3035 3540 t
3073 3491 3343 3561 subjectos

122 3579 188 3634 sit
217 3596 334 3652 spes
371 3593 583 3650 nostra,
613 3585 705 3639 sed
745 3584 799 3638 in
831 3586 915 3640 his
961 3602 1082 3656 qua:
1131 3603 1234 3640 non
1283 3587 1554 3642 videntur.
1603 3587 1669 3640 Et
1775 3581 1962 3637 dicens
1988 3583 2211 3650 spiritus
2241 3581 2354 3651 (l5)
2397 3583 2824 3652 prophetarum,
2874 3599 2978 3636 non
3031 3586 3186 3652 quasi
3227 3597 3342 3637 me-

123 3671 232 3726 ideo
256 3675 376 3743 quia
397 3692 526 3752 qua:
558 3693 661 3731 non
696 3678 949 3732 videntur
978 3695 1286 3747 Speramns,
1326 3689 1382 3734 et
1412 3690 1519 3732 tant
1550 3697 1667 3733 ma-
1775 3672 1899 3728 linri
1931 3672 2247 3741 inferiores,
2296 3673 2388 3727 sed
2429 3690 2527 3742 pro
2559 3691 2624 3726 eo
2655 3676 2796 3742 quod
2831 3674 3034 3727 habens
3064 3674 3187 3742 quis
3215 3687 3343 3741 pro-

122 3780 215 3830 gn:
259 3779 382 3824 sunt
433 3779 654 3840 tamque
692 3771 925 3840 gloriosa
958 3811 974 3835 ,
1015 3783 1071 3826 ιιι
1097 3775 1291 3826 'ntnltis
1342 3775 1620 3828 laboribus
1648 3814 1666 3840 ,
1774 3766 1974 3837 phetitc
2007 3767 2254 3839 spiritum
2307 3784 2413 3821 non
2461 3769 2666 3822 invitus
2708 3767 2852 3836 loqui
2887 3768 3136 3836 cogitur,
3185 3777 3244 3819 ut
3269 3766 3341 3821 illi

120 3857 392 3930 multisque
444 3863 886 3919 tribulationibus
930 3874 985 3919 et
1036 3865 1293 3934 periculis
1342 3867 1670 3935 capiantur,
1774 3863 1865 3930 qui
1921 3861 2122 3916 habent
2156 3859 2381 3932 spiritus
2431 3860 2780 3922 iuunundos,
2831 3861 2921 3912 sed
2969 3874 3090 3912 cum
3132 3857 3245 3911 vult
3288 3866 3344 3911 et

121 3948 310 4006 idcirco
355 3969 416 4008 ea
455 3969 550 4022 per
598 3957 915 4024 patientiam
969 3969 1374 4027 exspectamus,
1411 3969 1666 4026 tanquam
1779 3955 1916 4007 rtllio
1960 3955 2197 4024 poslulal
2234 3955 2412 4009 diCil:
2447 3970 2568 4009 Cum
2601 3966 2730 4009 τεξΓο
2763 3950 2948 4004 dicere
2977 3959 3341 4019 ορνοτιιιιιιιιιι

118 4038 200 4093 vix
255 4041 546 4113 aliquando
612 4057 859 4100 ventura.
926 4048 1050 4102 llzec
1109 4049 1345 4102 diximus
1404 4050 1666 4102 directum
1776 4061 1882 4098 non
1918 4046 2224 4112 videbitur,
2277 4045 2432 4112 silet,
2485 4047 2622 4101 bene
2655 4046 2832 4100 sciens
2871 4044 2997 4114 quia
3032 4053 3241 4109 tempus
3271 4042 3343 4095 sit

119 4136 409 4200 quemdam,
439 4146 490 4190 et
523 4135 835 4192 lncidioretn
864 4141 1204 4195 sermonibus
1250 4141 1378 4208 ipsis
1409 4141 1669 4208 apostoli-
1779 4136 1988 4189 tacendi
2018 4147 2074 4190 et
2105 4147 2315 4206 tempus
2341 4136 2596 4207 loquendi
2627 4138 2692 4192 ”.
2738 4139 2803 4192 Et
2837 4139 2957 4192 ideo
2990 4154 3094 4192 non
3135 4135 3203 4190 ad
3254 4135 3342 4187 itt-

119 4223 189 4276 cis
214 4225 455 4280 ordinem
491 4227 702 4284 dantes.
724 4229 896 4294 Nunc,
929 4233 973 4286 si
1007 4233 1238 4295 videtur,
1264 4234 1393 4302 quid
1419 4233 1664 4302 estquod
1765 4229 1966 4297 jnriam
1999 4229 2234 4296 dicitur,
2265 4231 2390 4300 quia
2441 4233 2717 4302 pmpltetis
2744 4233 2972 4302 subjecti
3004 4241 3131 4286 sunt
3172 4231 3337 4301 spiri-

121 4326 246 4368 novo
281 4315 382 4371 hoc
411 4331 669 4373 sermone
721 4320 921 4375 indicet
968 4320 1248 4376 videamus
1276 4360 1291 4386 ,
1326 4338 1432 4390 quo
1475 4324 1612 4375 dixit
1649 4341 1661 4375 :
1699 4316 1742 4371 D
1775 4333 1892 4387 tus,
1921 4319 2014 4375 sed
2039 4320 2107 4374 ad
2140 4321 2638 4391 dispensationem,
2687 4325 2826 4378 sicut
2874 4334 2930 4378 et
2974 4324 3101 4378 illttd
3131 4325 3334 4379 dictum

183 4477 235 4556 [ξ
257 4478 412 4556 Rom.
437 4496 556 4556 vin,
584 4481 676 4535 22.
702 4553 728 4556 _
773 4484 816 4556 ξ’
847 4483 1107 4556 Bormam
1127 4526 1143 4548 ,
1177 4484 1264 4538 15.
1364 4487 1408 4517 η
1437 4485 1593 4540 Rom.
1625 4502 1641 4536 ι

1881 4485 1967 4540 25.
2063 4487 2105 4518 "
2152 4485 2308 4539 Num.
2337 4502 2463 4540 xvtu
2491 4529 2506 4550 ,
2541 4488 2629 4541 27.
2727 4490 2769 4520 ¹⁸
2799 4489 2942 4544 Exod
2969 4532 2983 4546 .
3015 4502 3209 4556 xxxiv,
3243 4491 3339 4547 26.

127 4546 168 4579 ”
194 4547 351 4605 Hebr.
385 4569 426 4618 ι,
461 4553 546 4607 14.
617 4556 661 4584 ²⁰
691 4553 866 4608 Galat.
896 4570 969 4618 tv,
997 4555 1051 4607 2.
1123 4546 1165 4586 έ¹
1197 4556 1214 4609 l
1241 4556 1369 4611 Cor.
1401 4572 1474 4619 tv,
1512 4557 1581 4610 l2

1038 4593 1051 4607 .
1123 4546 1165 4586 έ¹
1197 4556 1214 4609 l
1241 4556 1369 4611 Cor.
1401 4572 1474 4619 tv,
1512 4557 1601 4610 l2.
1632 4559 1678 4588 ²²
1710 4558 1841 4612 ibid.
1869 4557 1960 4611 '52.
2035 4557 2082 4589 "
2116 4557 2292 4611 Eccle.
2330 4573 2410 4624 ιιι,
2444 4559 2495 4612 7.

183 4727 255 4810 (ξε)
290 4729 452 4796 Editi,
482 4751 502 4784 ι
527 4725 962 4802 congemiscitet'
982 4735 1235 4805 parturit,
1260 4747 1314 4792 ct
1341 4736 1610 4804 condolct,
1639 4757 1658 4788 ι
1795 4808 1805 4810 _
1842 4736 1954 4807 (ll)
1991 4737 2129 4790 Editi
2167 4746 2220 4790 et
2247 4753 2347 4790 ms.
2381 4755 2518 4810 unus
2553 4739 2751 4806 llegins
2785 4741 3114 4798 nunt.l639.
3140 4759 3159 4792 ι
3185 4741 3335 4810 ejus-

120 4798 267 4876 ltlatle.
298 4868 327 4876 Δ
379 4872 427 4876 __
556 4871 574 4876 _
638 4798 660 4802 ”
696 4873 726 4876 Δ
766 4875 771 4876 γ
938 4875 942 4876 ν
982 4798 995 4805 ’
1221 4798 1230 4802 ⁷
1600 4798 1609 4804 ’
1776 4808 1896 4860 deut
1938 4798 2176 4876 'liquoris
2209 4817 2289 4861 est
2319 4809 2471 4876 cujus
2513 4798 2779 4871 torcular;
2816 4811 2959 4863 itane
2986 4798 3273 4874 videbitu'r,
3315 4832 3334 4864 ι

184 4869 258 4952 ἐξ)
279 4868 611 4952 Bal-demo)"
645 4873 808 4926 θάίίίε
839 4875 1129 4952 οξυίῌὶιυνσ
1271 4946 1284 4952 _
1767 4888 1896 4940 etc.,
1926 4889 1982 4930 et
2005 4868 2161 4952 deest
2183 4898 2257 4952 ,_t
2310 4868 2481 4943 frugis
2519 4889 2639 4930 sunt
2669 4920 2684 4944 ,
2731 4868 2883 4946 cujus
2915 4890 3000 4936 est
3025 4889 3082 4936 et
3131 4868 3337 4952 reliqua

279 4939 662 5015 Etlili._t_Cnm
695 4959 823 5010 ergo
849 4947 1113 4999 vincimus
1145 4946 1360 5015 gaudet.
1399 4965 1418 4998 ι
1771 4938 1923 5006 area,
1957 4948 2039 5000 vel
2072 4938 2336 5015 ejusdem,
2371 4938 2529 5002 fele.

291 5010 548 5090 _lp__e_ditis
573 5014 726 5090 deest
815 5015 939 5069 illis.
979 5035 998 5065 ι
1148 5009 1172 5015 ⁷
1204 5086 1214 5090 _
1466 5087 1477 5090 _
1583 5089 1591 5090 ί
1839 5017 1952 5087 (12)
1989 5009 2148 5090 Editi
2179 5027 2235 5072 et
2275 5032 2406 5070 mss.
2457 5018 2773 5090 quidam,t
2800 5019 3151 5088 intelligimus
3192 5021 3335 5090 quod

184 5078 449 5155 (7)_l_'3_diti,
487 5093 608 5155 ¢_et_
628 5083 728 5152 ipsi
765 5086 900 5137 intra
935 5100 1032 5139 nos
1078 5086 1377 5153 gemimus,
1413 5087 1664 5155 adoptio-
1765 5078 2243 5151 cnt'n,'secundnm
2273 5101 2356 5140 ea.
2386 5105 2405 5138 ι
2457 5078 2659 5143 Deinde
2692 5078 2792 5142 uis.
2828 5078 3006 5151 unus:
3049 5108 3068 5141 t
3091 5078 3336 5144 ministe-

122 5161 230 5202 netn
261 5149 485 5229 illioram
520 5149 679 5216 Dei.)
711 5165 843 5220 etc.,
872 5164 928 5209 et
956 5149 1168 5224 postea,
1193 5174 1210 5206 ι
1238 5156 1294 5210 Si
1319 5166 1496 5214 autem
1515 5149 1659 5227 quod
1762 5149 1928 5229 riales
1957 5158 2014 5229 in
2042 5157 2401 5212 ministerium
2444 5157 2620 5212 missi.
2661 5175 2679 5210 ι
2726 5170 2832 5214 etc.
2857 5201 2872 5224 ,
2916 5149 3168 5229 et'paulo
3216 5170 3339 5229 post

123 5219 504 5295 "diuidemus,
546 5241 564 5274 ι
593 5231 700 5278 etc.
830 5219 833 5220 ν
956 5219 972 5224 “
1152 5219 1172 5295 ί
1533 5219 1547 5227 ’
1761 5226 1972 5295 editi”
2001 5227 2313 5295 instruitur,
2343 5245 2360 5277 ι
2413 5243 2510 5295 pro
2559 5244 2578 5277 t
2607 5219 2928 5283 instituitur.
2956 5248 2975 5281 ι

181 5289 254 5366 (_8)
290 5287 410 5345 Non
455 5287 762 5366 in__a_specm
807 5295 1110 5348 visibilium.
1151 5294 1246 5351 Sic
1292 5304 1422 5352 mss.
1453 5313 1663 5364 omnes,
1835 5287 1948 5366 (l3)
1991 5294 2081 5350 Sic
2133 5298 2258 5350 editi
2299 5287 2544 5366 'etr'mss.
2583 5298 2698 5352 fere
2741 5314 2951 5354 omnes.
3001 5297 3102 5353 Ms.
3154 5307 3331 5352 tamen

125 5351 364 5437 habiarius
389 5372 443 5416 et
463 5351 622 5437 editi,
647 5365 744 5437 nisi
773 5367 917 5433 quod
950 5366 1192 5434 plerique
1207 5351 1460 5422 omittant
1494 5387 1512 5418 ι
1539 5351 1663 5423 ἰιιξῖ
1763 5351 1903 5437 unus
1931 5351 2131 5436 Regius
2161 5382 2311 5420 num.
2343 5365 2511 5437 l659.
2556 5384 2574 5417 ι
2611 5351 2983 5436 usquequoad
3002 5351 3330 5437 ilegitiutatn

125 5422 432 5508 Sedntamen
471 5422 754 5504 legendum
787 5422 1020 5500 videtur,
1057 5455 1076 5487 t
1105 5422 1216 5492 'nou
1251 5438 1302 5491 in
1335 5450 1554 5508 aspectu
1584 5422 1665 5493 vi-
1765 5422 2134 5508 Itaereuttttiertt
2171 5437 2365 5491 anima:
2392 5422 2736 5506 perfectioris
2762 5422 3063 5505 advenerit,
3084 5422 3159 5492 "ut
3200 5454 3330 5506 gra-

123 5496 374 5573 δώῃ-»-Δ
406 5571 416 5573 _
524 5496 552 5504 '
1006 5496 1016 5500 ⁷
1399 5496 1413 5508 “
1762 5504 1931 5558 datim
1964 5496 2427 5573 Sllpcrgl‘eSSllS,-D
2460 5517 2566 5561 etc.

446 5611 462 5637 ,
492 5590 512 5624 ι
545 5588 651 5628 non
682 5583 767 5628 est
794 5574 936 5628 ultra
969 5591 1192 5642 sperare
1231 5578 1374 5647 quod
1409 5578 1573 5642 videt.
1627 5598 1645 5630 ι
1761 5646 1774 5647 7
1830 5577 1942 5645 (14)
1975 5565 2251 5628 Ρὶἰιιιῖιὲαε
2285 5578 2539 5644 Spiritus.
2576 5579 2699 5632 llzec
2728 5578 2885 5630 verba
2920 5577 3114 5632 desunt
3146 5578 3198 5632 itt
3228 5593 3328 5634 ms.

185 5636 290 5708 (10)
336 5636 656 5714 Sic'omnes
687 5661 816 5700 Iltss.
873 5636 1038 5700 uestri
1087 5657 1142 5699 et
1187 5636 1458 5701 Riihautts.
1507 5639 1647 5705 Etlili
1756 5636 2100 5714 Regionum.
2139 5647 2292 5699 1659.

124 5717 260 5774 vero,
301 5726 321 5761 t
351 5711 624 5784 Scriptum
649 5724 730 5770 cst
751 5715 917 5780 enim,
949 5728 1007 5771 ut
1038 5719 1261 5785 scimus,
1293 5721 1342 5772 iu
1375 5719 1514 5788 lege.
1549 5738 1569 5770 ι
1825 5711 1938 5788 (Ῑῦ)
1970 5717 2222 5787 Spiritus.
2257 5717 2601 5772 Dcsideratur
2631 5719 2682 5773 it:
2715 5719 2896 5772 editis.
