  <div class='ocr_page' id='page_1' title='image "/cluster/home/n/w/nwhite01/storage/ocr_20150623/14/mdp.39015052831362/641.png"; bbox 0 0 3692 6138; ppageno 0'>
   <div class='ocr_carea' id='block_1_1' title="bbox 409 256 548 312">
    <p class='ocr_par' dir='ltr' id='par_1_1' title="bbox 409 256 548 312">
     <span class='ocr_line' id='line_1_1' title="bbox 409 256 548 312; baseline 0.014 -2"><span class='ocrx_word' id='word_1_1' title='bbox 409 256 548 312; x_wconf 76' lang='grc'><strong>1115</strong></span> 
     </span>
    </p>
   </div>
   <div class='ocr_carea' id='block_1_2' title="bbox 1867 268 2189 327">
    <p class='ocr_par' dir='ltr' id='par_1_2' title="bbox 1867 268 2189 327">
     <span class='ocr_line' id='line_1_2' title="bbox 1867 268 2189 327; baseline 0.012 -4"><span class='ocrx_word' id='word_1_2' title='bbox 1867 268 2189 327; x_wconf 83' lang='lat' dir='ltr'><strong>ORIGENIS</strong></span> 
     </span>
    </p>
   </div>
   <div class='ocr_carea' id='block_1_3' title="bbox 3502 276 3600 333">
    <p class='ocr_par' dir='ltr' id='par_1_3' title="bbox 3502 276 3600 333">
     <span class='ocr_line' id='line_1_3' title="bbox 3502 276 3600 333; baseline 0.031 -3"><span class='ocrx_word' id='word_1_3' title='bbox 3502 276 3600 333; x_wconf 71' lang='lat' dir='ltr'><strong>me</strong></span> 
     </span>
    </p>
   </div>
   <div class='ocr_carea' id='block_1_4' title="bbox 407 371 3597 455">
    <p class='ocr_par' dir='ltr' id='par_1_4' title="bbox 407 371 3597 455">
     <span class='ocr_line' id='line_1_4' title="bbox 407 371 3597 455; baseline 0.006 -31"><span class='ocrx_word' id='word_1_4' title='bbox 407 371 706 438; x_wconf 82' lang='lat' dir='ltr'><strong>accipimus</strong></span> <span class='ocrx_word' id='word_1_5' title='bbox 740 373 816 426; x_wconf 82' lang='lat' dir='ltr'><strong>&#39;de</strong></span> <span class='ocrx_word' id='word_1_6' title='bbox 847 372 1132 429; x_wconf 86' lang='lat' dir='ltr'><strong>Salvatore</strong></span> <span class='ocrx_word' id='word_1_7' title='bbox 1179 375 1327 445; x_wconf 87' lang='lat' dir='ltr'><strong>(l6),</strong></span> <span class='ocrx_word' id='word_1_8' title='bbox 1376 379 1504 448; x_wconf 92' lang='lat' dir='ltr'><strong>quia</strong></span> <span class='ocrx_word' id='word_1_9' title='bbox 1541 397 1560 431; x_wconf 81' lang='grc' dir='ltr'><strong>ι</strong></span> <span class='ocrx_word' id='word_1_10' title='bbox 1591 387 1719 434; x_wconf 91' lang='lat' dir='ltr'><strong>tunc</strong></span> <span class='ocrx_word' id='word_1_11' title='bbox 1767 389 1824 437; x_wconf 83' lang='lat' dir='ltr'><strong>et</strong></span> <span class='ocrx_word' id='word_1_12' title='bbox 1866 383 1983 451; x_wconf 91' lang='lat' dir='ltr'><strong>ipse</strong></span> <span class='ocrx_word' id='word_1_13' title='bbox 2011 395 2059 448; x_wconf 78' lang='grc' dir='ltr'>Α</span> <span class='ocrx_word' id='word_1_14' title='bbox 2089 386 2258 451; x_wconf 87' lang='lat' dir='ltr'><strong>ritus,</strong></span> <span class='ocrx_word' id='word_1_15' title='bbox 2287 385 2488 441; x_wconf 86' lang='lat' dir='ltr'><strong>videris</strong></span> <span class='ocrx_word' id='word_1_16' title='bbox 2531 385 2578 440; x_wconf 94' lang='lat' dir='ltr'><strong>si</strong></span> <span class='ocrx_word' id='word_1_17' title='bbox 2618 385 2926 455; x_wconf 82' lang='lat' dir='ltr'><strong>probandus</strong></span> <span class='ocrx_word' id='word_1_18' title='bbox 2953 384 3214 441; x_wconf 89' lang='lat' dir='ltr'><strong>occurrit.</strong></span> <span class='ocrx_word' id='word_1_19' title='bbox 3255 384 3445 441; x_wconf 84' lang='lat' dir='ltr'><strong>Adhuc</strong></span> <span class='ocrx_word' id='word_1_20' title='bbox 3465 399 3597 444; x_wconf 79' lang='lat' dir='ltr'><strong>autem</strong></span> 
     </span>
    </p>
   </div>
   <div class='ocr_carea' id='block_1_5' title="bbox 408 461 1977 538">
    <p class='ocr_par' dir='ltr' id='par_1_5' title="bbox 408 461 1977 538">
     <span class='ocr_line' id='line_1_5' title="bbox 408 461 1977 538; baseline 0.008 -23"><span class='ocrx_word' id='word_1_21' title='bbox 408 461 580 518; x_wconf 83' lang='lat' dir='ltr'><strong>Filius</strong></span> <span class='ocrx_word' id='word_1_22' title='bbox 612 464 890 532; x_wconf 78' lang='lat' dir='ltr'><strong>subjectus</strong></span> <span class='ocrx_word' id='word_1_23' title='bbox 923 468 1028 521; x_wconf 91' lang='lat' dir='ltr'><strong>erit</strong></span> <span class='ocrx_word' id='word_1_24' title='bbox 1053 469 1104 523; x_wconf 90' lang='lat' dir='ltr'><strong>ei</strong></span> <span class='ocrx_word' id='word_1_25' title='bbox 1136 470 1226 538; x_wconf 90' lang='lat' dir='ltr'><strong>qui</strong></span> <span class='ocrx_word' id='word_1_26' title='bbox 1256 471 1358 526; x_wconf 86' lang='lat' dir='ltr'><strong>sibi</strong></span> <span class='ocrx_word' id='word_1_27' title='bbox 1389 472 1632 528; x_wconf 83' lang='lat' dir='ltr'><strong>subdidit</strong></span> <span class='ocrx_word' id='word_1_28' title='bbox 1662 474 1846 528; x_wconf 84' lang='lat' dir='ltr'><strong>omnia</strong></span> <span class='ocrx_word' id='word_1_29' title='bbox 1876 475 1977 530; x_wconf 73' lang='grc'><strong>⁸⁸.»</strong></span> 
     </span>
    </p>
   </div>
   <div class='ocr_carea' id='block_1_6' title="bbox 409 551 1980 630">
    <p class='ocr_par' dir='ltr' id='par_1_6' title="bbox 409 551 1980 630">
     <span class='ocr_line' id='line_1_6' title="bbox 409 551 1980 630; baseline 0.01 -25"><span class='ocrx_word' id='word_1_30' title='bbox 409 551 476 606; x_wconf 88' lang='grc' dir='ltr'>Ει</span> <span class='ocrx_word' id='word_1_31' title='bbox 509 554 596 607; x_wconf 91' lang='lat' dir='ltr'><strong>hic</strong></span> <span class='ocrx_word' id='word_1_32' title='bbox 625 554 767 608; x_wconf 90' lang='lat' dir='ltr'><strong>enim</strong></span> <span class='ocrx_word' id='word_1_33' title='bbox 795 574 814 607; x_wconf 82' lang='lat' dir='ltr'><strong>t</strong></span> <span class='ocrx_word' id='word_1_34' title='bbox 838 557 1118 626; x_wconf 86' lang='lat' dir='ltr'><strong>subjectus</strong></span> <span class='ocrx_word' id='word_1_35' title='bbox 1144 579 1162 611; x_wconf 73' lang='grc' dir='ltr'><strong>ι</strong></span> <span class='ocrx_word' id='word_1_36' title='bbox 1196 575 1306 614; x_wconf 91' lang='lat' dir='ltr'><strong>non</strong></span> <span class='ocrx_word' id='word_1_37' title='bbox 1331 564 1488 630; x_wconf 90' lang='lat' dir='ltr'><strong>quasi</strong></span> <span class='ocrx_word' id='word_1_38' title='bbox 1515 564 1742 618; x_wconf 78' lang='lat' dir='ltr'><strong>inferior</strong></span> <span class='ocrx_word' id='word_1_39' title='bbox 1762 565 1980 620; x_wconf 89' lang='lat' dir='ltr'><strong>dicitur.</strong></span> 
     </span>
    </p>
   </div>
   <div class='ocr_carea' id='block_1_7' title="bbox 407 647 1986 729">
    <p class='ocr_par' dir='ltr' id='par_1_7' title="bbox 407 647 1986 729">
     <span class='ocr_line' id='line_1_7' title="bbox 407 647 1986 729; baseline 0.009 -29"><span class='ocrx_word' id='word_1_40' title='bbox 407 647 692 714; x_wconf 83' lang='lat' dir='ltr'><strong>Quomodo</strong></span> <span class='ocrx_word' id='word_1_41' title='bbox 740 651 885 705; x_wconf 91' lang='lat' dir='ltr'><strong>enim</strong></span> <span class='ocrx_word' id='word_1_42' title='bbox 933 651 1163 709; x_wconf 81' lang='lat' dir='ltr'><strong>inferior</strong></span> <span class='ocrx_word' id='word_1_43' title='bbox 1199 655 1306 710; x_wconf 87' lang='lat' dir='ltr'><strong>diei</strong></span> <span class='ocrx_word' id='word_1_44' title='bbox 1359 667 1538 726; x_wconf 91' lang='lat' dir='ltr'><strong>potest</strong></span> <span class='ocrx_word' id='word_1_45' title='bbox 1573 660 1668 729; x_wconf 88' lang='lat' dir='ltr'><strong>qui</strong></span> <span class='ocrx_word' id='word_1_46' title='bbox 1702 657 1873 715; x_wconf 82' lang='lat' dir='ltr'><strong>Filius</strong></span> <span class='ocrx_word' id='word_1_47' title='bbox 1901 672 1986 715; x_wconf 89' lang='lat' dir='ltr'><strong>est</strong></span> 
     </span>
    </p>
   </div>
   <div class='ocr_carea' id='block_1_8' title="bbox 405 740 1984 816">
    <p class='ocr_par' dir='ltr' id='par_1_8' title="bbox 405 740 1984 816">
     <span class='ocr_line' id='line_1_8' title="bbox 405 740 1984 816; baseline 0.008 -24"><span class='ocrx_word' id='word_1_48' title='bbox 405 750 460 793; x_wconf 86' lang='lat' dir='ltr'><strong>et</strong></span> <span class='ocrx_word' id='word_1_49' title='bbox 485 740 667 794; x_wconf 86' lang='lat' dir='ltr'><strong>omnia</strong></span> <span class='ocrx_word' id='word_1_50' title='bbox 699 750 783 796; x_wconf 88' lang='lat' dir='ltr'><strong>est</strong></span> <span class='ocrx_word' id='word_1_51' title='bbox 821 758 942 812; x_wconf 72' lang='lat' dir='ltr'><strong>qum</strong></span> <span class='ocrx_word' id='word_1_52' title='bbox 973 743 1135 799; x_wconf 87' lang='lat' dir='ltr'><strong>Pater</strong></span> <span class='ocrx_word' id='word_1_53' title='bbox 1166 747 1282 816; x_wconf 89' lang='lat' dir='ltr'><strong>(l7)</strong></span> <span class='ocrx_word' id='word_1_54' title='bbox 1309 749 1332 800; x_wconf 86' lang='lat'><strong>?</strong></span> <span class='ocrx_word' id='word_1_55' title='bbox 1370 767 1388 799; x_wconf 86' lang='lat' dir='ltr'><strong>t</strong></span> <span class='ocrx_word' id='word_1_56' title='bbox 1415 748 1607 804; x_wconf 88' lang='lat' dir='ltr'><strong>Omnia</strong></span> <span class='ocrx_word' id='word_1_57' title='bbox 1636 752 1783 805; x_wconf 91' lang='lat' dir='ltr'><strong>enim</strong></span> <span class='ocrx_word' id='word_1_58' title='bbox 1804 788 1820 816; x_wconf 91' lang='lat'><strong>,</strong></span> <span class='ocrx_word' id='word_1_59' title='bbox 1849 771 1867 803; x_wconf 73' lang='grc' dir='ltr'><strong>ι</strong></span> <span class='ocrx_word' id='word_1_60' title='bbox 1901 751 1984 806; x_wconf 90' lang='lat' dir='ltr'><strong>in-</strong></span> 
     </span>
    </p>
   </div>
   <div class='ocr_carea' id='block_1_9' title="bbox 403 831 1983 914">
    <p class='ocr_par' dir='ltr' id='par_1_9' title="bbox 403 831 1983 914">
     <span class='ocr_line' id='line_1_9' title="bbox 403 831 1983 914; baseline 0.009 -30"><span class='ocrx_word' id='word_1_61' title='bbox 403 832 556 900; x_wconf 89' lang='lat' dir='ltr'><strong>quit,</strong></span> <span class='ocrx_word' id='word_1_62' title='bbox 596 851 615 884; x_wconf 86' lang='lat' dir='ltr'><strong>t</strong></span> <span class='ocrx_word' id='word_1_63' title='bbox 649 831 842 901; x_wconf 88' lang='lat' dir='ltr'><strong>Pater,</strong></span> <span class='ocrx_word' id='word_1_64' title='bbox 885 845 974 890; x_wconf 80' lang='lat' dir='ltr'><strong>tua</strong></span> <span class='ocrx_word' id='word_1_65' title='bbox 1022 853 1140 893; x_wconf 88' lang='lat' dir='ltr'><strong>mea</strong></span> <span class='ocrx_word' id='word_1_66' title='bbox 1179 850 1304 894; x_wconf 90' lang='lat' dir='ltr'><strong>sunt</strong></span> <span class='ocrx_word' id='word_1_67' title='bbox 1332 843 1434 896; x_wconf 71' lang='lat' dir='ltr'><strong>&quot;.i</strong></span> <span class='ocrx_word' id='word_1_68' title='bbox 1472 842 1576 898; x_wconf 88' lang='lat' dir='ltr'><strong>Sed</strong></span> <span class='ocrx_word' id='word_1_69' title='bbox 1617 845 1668 898; x_wconf 93' lang='lat' dir='ltr'><strong>in</strong></span> <span class='ocrx_word' id='word_1_70' title='bbox 1723 845 1811 900; x_wconf 87' lang='lat' dir='ltr'><strong>his</strong></span> <span class='ocrx_word' id='word_1_71' title='bbox 1849 859 1983 914; x_wconf 92' lang='lat' dir='ltr'><strong>quos</strong></span> 
     </span>
    </p>
   </div>
   <div class='ocr_carea' id='block_1_10' title="bbox 405 921 1983 1005">
    <p class='ocr_par' dir='ltr' id='par_1_10' title="bbox 405 921 1983 1005">
     <span class='ocr_line' id='line_1_10' title="bbox 405 921 1983 1005; baseline 0.01 -29"><span class='ocrx_word' id='word_1_72' title='bbox 405 921 552 978; x_wconf 88' lang='lat' dir='ltr'><strong>Patri</strong></span> <span class='ocrx_word' id='word_1_73' title='bbox 580 925 762 982; x_wconf 90' lang='lat' dir='ltr'><strong>subdit</strong></span> <span class='ocrx_word' id='word_1_74' title='bbox 788 929 1076 985; x_wconf 89' lang='lat' dir='ltr'><strong>credentes</strong></span> <span class='ocrx_word' id='word_1_75' title='bbox 1105 931 1156 984; x_wconf 93' lang='lat' dir='ltr'><strong>in</strong></span> <span class='ocrx_word' id='word_1_76' title='bbox 1185 947 1264 998; x_wconf 87' lang='lat' dir='ltr'><strong>se,</strong></span> <span class='ocrx_word' id='word_1_77' title='bbox 1287 934 1544 1002; x_wconf 89' lang='lat' dir='ltr'><strong>quoniam</strong></span> <span class='ocrx_word' id='word_1_78' title='bbox 1578 936 1629 988; x_wconf 93' lang='lat' dir='ltr'><strong>in</strong></span> <span class='ocrx_word' id='word_1_79' title='bbox 1656 951 1983 1005; x_wconf 89' lang='lat' dir='ltr'><strong>unoquoque</strong></span> 
     </span>
    </p>
   </div>
   <div class='ocr_carea' id='block_1_11' title="bbox 403 1021 1983 1092">
    <p class='ocr_par' dir='ltr' id='par_1_11' title="bbox 403 1021 1983 1092">
     <span class='ocr_line' id='line_1_11' title="bbox 403 1021 1983 1092; baseline 0.009 -23"><span class='ocrx_word' id='word_1_80' title='bbox 403 1031 594 1070; x_wconf 89' lang='lat' dir='ltr'><strong>eormn</strong></span> <span class='ocrx_word' id='word_1_81' title='bbox 627 1035 686 1072; x_wconf 89' lang='lat' dir='ltr'><strong>se</strong></span> <span class='ocrx_word' id='word_1_82' title='bbox 714 1033 836 1074; x_wconf 89' lang='lat' dir='ltr'><strong>esse</strong></span> <span class='ocrx_word' id='word_1_83' title='bbox 859 1021 991 1076; x_wconf 92' lang='lat' dir='ltr'><strong>dicit</strong></span> <span class='ocrx_word' id='word_1_84' title='bbox 1017 1063 1032 1088; x_wconf 95' lang='lat'><strong>,</strong></span> <span class='ocrx_word' id='word_1_85' title='bbox 1063 1033 1117 1077; x_wconf 91' lang='lat' dir='ltr'><strong>et</strong></span> <span class='ocrx_word' id='word_1_86' title='bbox 1145 1040 1201 1078; x_wconf 85' lang='lat' dir='ltr'><strong>se</strong></span> <span class='ocrx_word' id='word_1_87' title='bbox 1235 1025 1285 1078; x_wconf 92' lang='lat' dir='ltr'><strong>in</strong></span> <span class='ocrx_word' id='word_1_88' title='bbox 1312 1027 1391 1080; x_wconf 91' lang='lat' dir='ltr'><strong>eis</strong></span> <span class='ocrx_word' id='word_1_89' title='bbox 1419 1027 1551 1081; x_wconf 91' lang='lat' dir='ltr'><strong>dicit</strong></span> <span class='ocrx_word' id='word_1_90' title='bbox 1579 1029 1625 1059; x_wconf 68' lang='grc' dir='ltr'><strong>’θ</strong></span> <span class='ocrx_word' id='word_1_91' title='bbox 1657 1027 1902 1092; x_wconf 86' lang='lat' dir='ltr'><strong>esurire,</strong></span> <span class='ocrx_word' id='word_1_92' title='bbox 1929 1038 1983 1083; x_wconf 92' lang='lat' dir='ltr'><strong>et</strong></span> 
     </span>
    </p>
   </div>
   <div class='ocr_carea' id='block_1_12' title="bbox 404 1105 1980 1182">
    <p class='ocr_par' dir='ltr' id='par_1_12' title="bbox 404 1105 1980 1182">
     <span class='ocr_line' id='line_1_12' title="bbox 404 1105 1980 1182; baseline 0.006 -22"><span class='ocrx_word' id='word_1_93' title='bbox 404 1105 558 1160; x_wconf 85' lang='lat' dir='ltr'><strong>sitire</strong></span> <span class='ocrx_word' id='word_1_94' title='bbox 582 1147 598 1172; x_wconf 90' lang='lat'><strong>,</strong></span> <span class='ocrx_word' id='word_1_95' title='bbox 637 1118 691 1162; x_wconf 86' lang='lat' dir='ltr'><strong>et</strong></span> <span class='ocrx_word' id='word_1_96' title='bbox 724 1112 928 1164; x_wconf 88' lang='lat' dir='ltr'><strong>nudum</strong></span> <span class='ocrx_word' id='word_1_97' title='bbox 963 1126 1084 1166; x_wconf 88' lang='lat' dir='ltr'><strong>esse</strong></span> <span class='ocrx_word' id='word_1_98' title='bbox 1110 1154 1124 1178; x_wconf 91' lang='lat'><strong>,</strong></span> <span class='ocrx_word' id='word_1_99' title='bbox 1157 1128 1324 1182; x_wconf 68' lang='lat' dir='ltr'><strong>suque</strong></span> <span class='ocrx_word' id='word_1_100' title='bbox 1354 1118 1498 1182; x_wconf 89' lang='lat' dir='ltr'><strong>pasci</strong></span> <span class='ocrx_word' id='word_1_101' title='bbox 1535 1117 1586 1169; x_wconf 90' lang='lat' dir='ltr'><strong>in</strong></span> <span class='ocrx_word' id='word_1_102' title='bbox 1618 1117 1699 1170; x_wconf 88' lang='lat' dir='ltr'><strong>eis</strong></span> <span class='ocrx_word' id='word_1_103' title='bbox 1727 1126 1783 1171; x_wconf 90' lang='lat' dir='ltr'><strong>et</strong></span> <span class='ocrx_word' id='word_1_104' title='bbox 1831 1117 1980 1171; x_wconf 91' lang='lat' dir='ltr'><strong>indui</strong></span> 
     </span>
    </p>
   </div>
   <div class='ocr_carea' id='block_1_13' title="bbox 404 1199 1982 1274">
    <p class='ocr_par' dir='ltr' id='par_1_13' title="bbox 404 1199 1982 1274">
     <span class='ocr_line' id='line_1_13' title="bbox 404 1199 1982 1274; baseline 0.006 -23"><span class='ocrx_word' id='word_1_105' title='bbox 404 1199 724 1268; x_wconf 90' lang='lat' dir='ltr'><strong>proﬁtetur,</strong></span> <span class='ocrx_word' id='word_1_106' title='bbox 761 1201 964 1257; x_wconf 91' lang='lat' dir='ltr'><strong>idcirco</strong></span> <span class='ocrx_word' id='word_1_107' title='bbox 1003 1213 1057 1258; x_wconf 92' lang='lat' dir='ltr'><strong>et</strong></span> <span class='ocrx_word' id='word_1_108' title='bbox 1088 1205 1141 1258; x_wconf 94' lang='lat' dir='ltr'><strong>in</strong></span> <span class='ocrx_word' id='word_1_109' title='bbox 1174 1205 1280 1259; x_wconf 90' lang='lat' dir='ltr'><strong>illis</strong></span> <span class='ocrx_word' id='word_1_110' title='bbox 1308 1207 1421 1274; x_wconf 89' lang='lat' dir='ltr'><strong>ipse</strong></span> <span class='ocrx_word' id='word_1_111' title='bbox 1463 1207 1664 1262; x_wconf 91' lang='lat' dir='ltr'><strong>dicitur</strong></span> <span class='ocrx_word' id='word_1_112' title='bbox 1703 1224 1824 1263; x_wconf 87' lang='lat' dir='ltr'><strong>esse</strong></span> <span class='ocrx_word' id='word_1_113' title='bbox 1853 1209 1982 1263; x_wconf 80' lang='lat' dir='ltr'><strong>sub-</strong></span> 
     </span>
    </p>
   </div>
   <div class='ocr_carea' id='block_1_14' title="bbox 399 1288 1979 1366">
    <p class='ocr_par' dir='ltr' id='par_1_14' title="bbox 399 1288 1979 1366">
     <span class='ocr_line' id='line_1_14' title="bbox 399 1288 1979 1366; baseline 0.008 -26"><span class='ocrx_word' id='word_1_114' title='bbox 399 1288 579 1355; x_wconf 84' lang='lat' dir='ltr'><strong>jectus</strong></span> <span class='ocrx_word' id='word_1_115' title='bbox 605 1289 741 1360; x_wconf 87' lang='grc'><strong>(18).</strong></span> <span class='ocrx_word' id='word_1_116' title='bbox 776 1291 883 1346; x_wconf 88' lang='lat' dir='ltr'><strong>Sed</strong></span> <span class='ocrx_word' id='word_1_117' title='bbox 917 1294 1032 1348; x_wconf 62' lang='lat' dir='ltr'><strong>hate</strong></span> <span class='ocrx_word' id='word_1_118' title='bbox 1066 1309 1162 1361; x_wconf 89' lang='lat' dir='ltr'><strong>per</strong></span> <span class='ocrx_word' id='word_1_119' title='bbox 1192 1311 1480 1351; x_wconf 85' lang='lat' dir='ltr'><strong>excessum</strong></span> <span class='ocrx_word' id='word_1_120' title='bbox 1513 1299 1799 1366; x_wconf 88' lang='lat' dir='ltr'><strong>quemdam</strong></span> <span class='ocrx_word' id='word_1_121' title='bbox 1841 1299 1979 1353; x_wconf 86' lang='lat' dir='ltr'><strong>dicta</strong></span> 
     </span>
    </p>
   </div>
   <div class='ocr_carea' id='block_1_15' title="bbox 407 1381 1975 1458">
    <p class='ocr_par' dir='ltr' id='par_1_15' title="bbox 407 1381 1975 1458">
     <span class='ocr_line' id='line_1_15' title="bbox 407 1381 1975 1458; baseline 0.009 -24"><span class='ocrx_word' id='word_1_122' title='bbox 407 1382 537 1436; x_wconf 89' lang='lat' dir='ltr'><strong>sint.</strong></span> <span class='ocrx_word' id='word_1_123' title='bbox 571 1381 722 1439; x_wconf 87' lang='lat' dir='ltr'><strong>Nune</strong></span> <span class='ocrx_word' id='word_1_124' title='bbox 745 1395 921 1439; x_wconf 86' lang='lat' dir='ltr'><strong>autem</strong></span> <span class='ocrx_word' id='word_1_125' title='bbox 956 1387 1022 1440; x_wconf 89' lang='lat' dir='ltr'><strong>ad</strong></span> <span class='ocrx_word' id='word_1_126' title='bbox 1057 1390 1388 1457; x_wconf 88' lang='lat' dir='ltr'><strong>propositum</strong></span> <span class='ocrx_word' id='word_1_127' title='bbox 1423 1392 1639 1458; x_wconf 88' lang='lat' dir='ltr'><strong>quidem</strong></span> <span class='ocrx_word' id='word_1_128' title='bbox 1676 1393 1975 1448; x_wconf 88' lang='lat' dir='ltr'><strong>redeamus.</strong></span> 
     </span>
    </p>
   </div>
   <div class='ocr_carea' id='block_1_16' title="bbox 406 1474 1982 1554">
    <p class='ocr_par' dir='ltr' id='par_1_16' title="bbox 406 1474 1982 1554">
     <span class='ocr_line' id='line_1_16' title="bbox 406 1474 1982 1554; baseline 0.008 -26"><span class='ocrx_word' id='word_1_129' title='bbox 406 1474 556 1530; x_wconf 85' lang='lat' dir='ltr'><strong>Dona</strong></span> <span class='ocrx_word' id='word_1_130' title='bbox 588 1493 719 1547; x_wconf 76' lang='lat' dir='ltr'><strong>ergo</strong></span> <span class='ocrx_word' id='word_1_131' title='bbox 766 1479 981 1533; x_wconf 88' lang='lat' dir='ltr'><strong>diversa</strong></span> <span class='ocrx_word' id='word_1_132' title='bbox 1016 1479 1254 1549; x_wconf 89' lang='lat' dir='ltr'><strong>Spiritus</strong></span> <span class='ocrx_word' id='word_1_133' title='bbox 1288 1499 1316 1535; x_wconf 91' lang='lat' dir='ltr'><strong>a</strong></span> <span class='ocrx_word' id='word_1_134' title='bbox 1352 1481 1522 1537; x_wconf 87' lang='lat' dir='ltr'><strong>Paulo</strong></span> <span class='ocrx_word' id='word_1_135' title='bbox 1557 1483 1710 1538; x_wconf 89' lang='lat' dir='ltr'><strong>tnulti</strong></span> <span class='ocrx_word' id='word_1_136' title='bbox 1761 1483 1982 1554; x_wconf 86' lang='lat' dir='ltr'><strong>spiritus</strong></span> 
     </span>
    </p>
   </div>
   <div class='ocr_carea' id='block_1_17' title="bbox 406 1568 1980 1636">
    <p class='ocr_par' dir='ltr' id='par_1_17' title="bbox 406 1568 1980 1636">
     <span class='ocr_line' id='line_1_17' title="bbox 406 1568 1980 1636; baseline 0.006 -14"><span class='ocrx_word' id='word_1_137' title='bbox 406 1568 764 1636; x_wconf 83' lang='lat' dir='ltr'><strong>appellantur.</strong></span> <span class='ocrx_word' id='word_1_138' title='bbox 842 1573 1044 1627; x_wconf 87' lang='lat' dir='ltr'><strong>Horum</strong></span> <span class='ocrx_word' id='word_1_139' title='bbox 1112 1584 1296 1629; x_wconf 89' lang='lat' dir='ltr'><strong>autetn</strong></span> <span class='ocrx_word' id='word_1_140' title='bbox 1363 1576 1653 1631; x_wconf 89' lang='lat' dir='ltr'><strong>tnultorum</strong></span> <span class='ocrx_word' id='word_1_141' title='bbox 1715 1578 1980 1633; x_wconf 88' lang='lat' dir='ltr'><strong>donorum</strong></span> 
     </span>
    </p>
   </div>
   <div class='ocr_carea' id='block_1_18' title="bbox 404 1662 1981 1740">
    <p class='ocr_par' dir='ltr' id='par_1_18' title="bbox 404 1662 1981 1740">
     <span class='ocr_line' id='line_1_18' title="bbox 404 1662 1981 1740; baseline 0.008 -26"><span class='ocrx_word' id='word_1_142' title='bbox 404 1662 664 1732; x_wconf 80' lang='lat' dir='ltr'><strong>quidquid</strong></span> <span class='ocrx_word' id='word_1_143' title='bbox 707 1673 795 1720; x_wconf 87' lang='lat' dir='ltr'><strong>est</strong></span> <span class='ocrx_word' id='word_1_144' title='bbox 824 1681 1092 1720; x_wconf 89' lang='lat' dir='ltr'><strong>summum</strong></span> <span class='ocrx_word' id='word_1_145' title='bbox 1121 1679 1175 1721; x_wconf 91' lang='lat' dir='ltr'><strong>et</strong></span> <span class='ocrx_word' id='word_1_146' title='bbox 1205 1685 1460 1738; x_wconf 82' lang='lat' dir='ltr'><strong>magnum</strong></span> <span class='ocrx_word' id='word_1_147' title='bbox 1492 1671 1611 1726; x_wconf 86' lang='lat' dir='ltr'><strong>sine</strong></span> <span class='ocrx_word' id='word_1_148' title='bbox 1642 1671 1808 1726; x_wconf 91' lang='lat' dir='ltr'><strong>dubio</strong></span> <span class='ocrx_word' id='word_1_149' title='bbox 1853 1687 1981 1740; x_wconf 89' lang='lat' dir='ltr'><strong>apo-</strong></span> 
     </span>
    </p>
   </div>
   <div class='ocr_carea' id='block_1_19' title="bbox 402 1752 1982 1832">
    <p class='ocr_par' dir='ltr' id='par_1_19' title="bbox 402 1752 1982 1832">
     <span class='ocr_line' id='line_1_19' title="bbox 402 1752 1982 1832; baseline 0.009 -27"><span class='ocrx_word' id='word_1_150' title='bbox 402 1752 529 1808; x_wconf 90' lang='lat' dir='ltr'><strong>&#39;stoli</strong></span> <span class='ocrx_word' id='word_1_151' title='bbox 565 1757 843 1810; x_wconf 89' lang='lat' dir='ltr'><strong>consecuti</strong></span> <span class='ocrx_word' id='word_1_152' title='bbox 882 1769 1049 1823; x_wconf 91' lang='lat' dir='ltr'><strong>sunt,</strong></span> <span class='ocrx_word' id='word_1_153' title='bbox 1081 1769 1138 1812; x_wconf 92' lang='lat' dir='ltr'><strong>ut</strong></span> <span class='ocrx_word' id='word_1_154' title='bbox 1170 1759 1348 1814; x_wconf 86' lang='lat' dir='ltr'><strong>idonei</strong></span> <span class='ocrx_word' id='word_1_155' title='bbox 1380 1775 1586 1824; x_wconf 89' lang='lat' dir='ltr'><strong>essent,</strong></span> <span class='ocrx_word' id='word_1_156' title='bbox 1616 1763 1757 1818; x_wconf 85' lang='lat' dir='ltr'><strong>Sicut</strong></span> <span class='ocrx_word' id='word_1_157' title='bbox 1785 1773 1839 1816; x_wconf 89' lang='lat' dir='ltr'><strong>et</strong></span> <span class='ocrx_word' id='word_1_158' title='bbox 1868 1764 1982 1832; x_wconf 91' lang='lat' dir='ltr'><strong>ipse</strong></span> 
     </span>
    </p>
   </div>
   <div class='ocr_carea' id='block_1_20' title="bbox 404 1843 1984 1918">
    <p class='ocr_par' dir='ltr' id='par_1_20' title="bbox 404 1843 1984 1918">
     <span class='ocr_line' id='line_1_20' title="bbox 404 1843 1984 1918; baseline 0.009 -23"><span class='ocrx_word' id='word_1_159' title='bbox 404 1843 603 1900; x_wconf 85' lang='lat' dir='ltr'><strong>Paulus</strong></span> <span class='ocrx_word' id='word_1_160' title='bbox 625 1845 757 1901; x_wconf 91' lang='lat' dir='ltr'><strong>dicit</strong></span> <span class='ocrx_word' id='word_1_161' title='bbox 781 1849 846 1913; x_wconf 82' lang='lat'><strong>&quot;&#39;,</strong></span> <span class='ocrx_word' id='word_1_162' title='bbox 880 1850 1110 1905; x_wconf 83' lang='lat' dir='ltr'><strong>ministri</strong></span> <span class='ocrx_word' id='word_1_163' title='bbox 1141 1849 1281 1906; x_wconf 86' lang='lat' dir='ltr'><strong>Novi</strong></span> <span class='ocrx_word' id='word_1_164' title='bbox 1313 1853 1683 1918; x_wconf 85' lang='lat' dir='ltr'><strong>Testamenti,</strong></span> <span class='ocrx_word' id='word_1_165' title='bbox 1715 1865 1771 1910; x_wconf 82' lang='lat' dir='ltr'><strong>et</strong></span> <span class='ocrx_word' id='word_1_166' title='bbox 1806 1867 1864 1910; x_wconf 91' lang='lat' dir='ltr'><strong>ut</strong></span> <span class='ocrx_word' id='word_1_167' title='bbox 1897 1871 1984 1910; x_wconf 84' lang='lat' dir='ltr'><strong>re-</strong></span> 
     </span>
    </p>
   </div>
   <div class='ocr_carea' id='block_1_21' title="bbox 405 1937 1980 2015">
    <p class='ocr_par' dir='ltr' id='par_1_21' title="bbox 405 1937 1980 2015">
     <span class='ocr_line' id='line_1_21' title="bbox 405 1937 1980 2015; baseline 0.007 -26"><span class='ocrx_word' id='word_1_168' title='bbox 405 1937 553 2004; x_wconf 90' lang='lat' dir='ltr'><strong>plere</strong></span> <span class='ocrx_word' id='word_1_169' title='bbox 613 1949 836 2006; x_wconf 90' lang='lat' dir='ltr'><strong>possent</strong></span> <span class='ocrx_word' id='word_1_170' title='bbox 887 1941 1243 2012; x_wconf 79' lang='lat' dir='ltr'><strong>Evangelium</strong></span> <span class='ocrx_word' id='word_1_171' title='bbox 1290 1945 1405 2015; x_wconf 89' lang='grc'><strong>(19)</strong></span> <span class='ocrx_word' id='word_1_172' title='bbox 1458 1946 1526 1999; x_wconf 86' lang='lat' dir='ltr'><strong>ab</strong></span> <span class='ocrx_word' id='word_1_173' title='bbox 1569 1943 1872 2001; x_wconf 77' lang='lat' dir='ltr'><strong>Jerusalem</strong></span> <span class='ocrx_word' id='word_1_174' title='bbox 1926 1947 1980 2001; x_wconf 89' lang='lat' dir='ltr'><strong>in</strong></span> 
     </span>
    </p>
   </div>
   <div class='ocr_carea' id='block_1_22' title="bbox 402 2030 1980 2108">
    <p class='ocr_par' dir='ltr' id='par_1_22' title="bbox 402 2030 1980 2108">
     <span class='ocr_line' id='line_1_22' title="bbox 402 2030 1980 2108; baseline 0.005 -24"><span class='ocrx_word' id='word_1_175' title='bbox 402 2030 635 2085; x_wconf 88' lang='lat' dir='ltr'><strong>circuitu</strong></span> <span class='ocrx_word' id='word_1_176' title='bbox 681 2049 854 2102; x_wconf 90' lang='lat' dir='ltr'><strong>usque</strong></span> <span class='ocrx_word' id='word_1_177' title='bbox 902 2037 968 2088; x_wconf 89' lang='lat' dir='ltr'><strong>ad</strong></span> <span class='ocrx_word' id='word_1_178' title='bbox 1004 2035 1281 2106; x_wconf 90' lang='lat' dir='ltr'><strong>Illyricum</strong></span> <span class='ocrx_word' id='word_1_179' title='bbox 1312 2039 1378 2091; x_wconf 73' lang='grc'><strong>’⁸.</strong></span> <span class='ocrx_word' id='word_1_180' title='bbox 1415 2038 1530 2092; x_wconf 91' lang='lat' dir='ltr'><strong>lloc</strong></span> <span class='ocrx_word' id='word_1_181' title='bbox 1565 2054 1697 2108; x_wconf 83' lang='lat' dir='ltr'><strong>ergo</strong></span> <span class='ocrx_word' id='word_1_182' title='bbox 1739 2039 1882 2107; x_wconf 83' lang='lat' dir='ltr'><strong>quod</strong></span> <span class='ocrx_word' id='word_1_183' title='bbox 1925 2038 1980 2092; x_wconf 91' lang='lat' dir='ltr'><strong>in</strong></span> 
     </span>
    </p>
   </div>
   <div class='ocr_carea' id='block_1_23' title="bbox 403 2127 1981 2200">
    <p class='ocr_par' dir='ltr' id='par_1_23' title="bbox 403 2127 1981 2200">
     <span class='ocr_line' id='line_1_23' title="bbox 403 2127 1981 2200; baseline 0.004 -24"><span class='ocrx_word' id='word_1_184' title='bbox 403 2137 499 2176; x_wconf 91' lang='lat' dir='ltr'><strong>eos</strong></span> <span class='ocrx_word' id='word_1_185' title='bbox 549 2138 659 2191; x_wconf 67' lang='lat' dir='ltr'><strong>prae</strong></span> <span class='ocrx_word' id='word_1_186' title='bbox 703 2127 918 2181; x_wconf 82' lang='lat' dir='ltr'><strong>caeteris</strong></span> <span class='ocrx_word' id='word_1_187' title='bbox 968 2129 1258 2184; x_wconf 82' lang='lat' dir='ltr'><strong>sublimius</strong></span> <span class='ocrx_word' id='word_1_188' title='bbox 1297 2140 1352 2182; x_wconf 89' lang='lat' dir='ltr'><strong>et</strong></span> <span class='ocrx_word' id='word_1_189' title='bbox 1382 2131 1696 2200; x_wconf 74' lang='lat' dir='ltr'><strong>praeclarius</strong></span> <span class='ocrx_word' id='word_1_190' title='bbox 1723 2131 1981 2185; x_wconf 89' lang='lat' dir='ltr'><strong>collatmn</strong></span> 
     </span>
    </p>
   </div>
   <div class='ocr_carea' id='block_1_24' title="bbox 402 2218 1979 2292">
    <p class='ocr_par' dir='ltr' id='par_1_24' title="bbox 402 2218 1979 2292">
     <span class='ocr_line' id='line_1_24' title="bbox 402 2218 1979 2292; baseline 0.007 -25"><span class='ocrx_word' id='word_1_191' title='bbox 402 2223 486 2268; x_wconf 90' lang='lat' dir='ltr'><strong>est</strong></span> <span class='ocrx_word' id='word_1_192' title='bbox 529 2218 704 2270; x_wconf 90' lang='lat' dir='ltr'><strong>sancti</strong></span> <span class='ocrx_word' id='word_1_193' title='bbox 734 2218 971 2286; x_wconf 85' lang='lat' dir='ltr'><strong>Spiritus</strong></span> <span class='ocrx_word' id='word_1_194' title='bbox 1005 2221 1203 2274; x_wconf 89' lang='lat' dir='ltr'><strong>donum</strong></span> <span class='ocrx_word' id='word_1_195' title='bbox 1233 2263 1249 2288; x_wconf 89' lang='lat'><strong>,</strong></span> <span class='ocrx_word' id='word_1_196' title='bbox 1281 2225 1476 2277; x_wconf 91' lang='lat' dir='ltr'><strong>merito</strong></span> <span class='ocrx_word' id='word_1_197' title='bbox 1509 2223 1777 2292; x_wconf 88' lang='lat' dir='ltr'><strong>primitias</strong></span> <span class='ocrx_word' id='word_1_198' title='bbox 1805 2225 1979 2278; x_wconf 90' lang='lat' dir='ltr'><strong>sancti</strong></span> 
     </span>
    </p>
   </div>
   <div class='ocr_carea' id='block_1_25' title="bbox 406 2310 1975 2388">
    <p class='ocr_par' dir='ltr' id='par_1_25' title="bbox 406 2310 1975 2388">
     <span class='ocr_line' id='line_1_25' title="bbox 406 2310 1975 2388; baseline 0.004 -24"><span class='ocrx_word' id='word_1_199' title='bbox 406 2310 644 2380; x_wconf 83' lang='lat' dir='ltr'><strong>Spiritus</strong></span> <span class='ocrx_word' id='word_1_200' title='bbox 673 2316 986 2382; x_wconf 89' lang='lat' dir='ltr'><strong>appellavit.</strong></span> <span class='ocrx_word' id='word_1_201' title='bbox 1018 2317 1084 2370; x_wconf 88' lang='lat' dir='ltr'><strong>Et</strong></span> <span class='ocrx_word' id='word_1_202' title='bbox 1114 2317 1235 2372; x_wconf 90' lang='lat' dir='ltr'><strong>ideo</strong></span> <span class='ocrx_word' id='word_1_203' title='bbox 1261 2319 1410 2382; x_wconf 85' lang='lat' dir='ltr'><strong>dicit,</strong></span> <span class='ocrx_word' id='word_1_204' title='bbox 1449 2338 1467 2369; x_wconf 81' lang='grc' dir='ltr'><strong>ι</strong></span> <span class='ocrx_word' id='word_1_205' title='bbox 1490 2321 1582 2374; x_wconf 89' lang='lat' dir='ltr'><strong>sed</strong></span> <span class='ocrx_word' id='word_1_206' title='bbox 1614 2330 1668 2374; x_wconf 91' lang='lat' dir='ltr'><strong>et</strong></span> <span class='ocrx_word' id='word_1_207' title='bbox 1699 2334 1796 2373; x_wconf 89' lang='lat' dir='ltr'><strong>nos</strong></span> <span class='ocrx_word' id='word_1_208' title='bbox 1820 2319 1975 2388; x_wconf 66' lang='lat' dir='ltr'><strong>ipsi.»</strong></span> 
     </span>
    </p>
   </div>
   <div class='ocr_carea' id='block_1_26' title="bbox 401 2402 1980 2480">
    <p class='ocr_par' dir='ltr' id='par_1_26' title="bbox 401 2402 1980 2480">
     <span class='ocr_line' id='line_1_26' title="bbox 401 2402 1980 2480; baseline 0.004 -22"><span class='ocrx_word' id='word_1_209' title='bbox 401 2402 462 2458; x_wconf 87' lang='lat' dir='ltr'><strong>In</strong></span> <span class='ocrx_word' id='word_1_210' title='bbox 518 2419 626 2474; x_wconf 93' lang='lat' dir='ltr'><strong>quo</strong></span> <span class='ocrx_word' id='word_1_211' title='bbox 671 2408 983 2474; x_wconf 86' lang='lat' dir='ltr'><strong>specialiter</strong></span> <span class='ocrx_word' id='word_1_212' title='bbox 1038 2410 1323 2478; x_wconf 83' lang='lat' dir='ltr'><strong>designare</strong></span> <span class='ocrx_word' id='word_1_213' title='bbox 1369 2412 1584 2465; x_wconf 88' lang='lat' dir='ltr'><strong>videtur</strong></span> <span class='ocrx_word' id='word_1_214' title='bbox 1629 2411 1980 2480; x_wconf 79' lang='lat' dir='ltr'><strong>apostolicam</strong></span> 
     </span>
    </p>
   </div>
   <div class='ocr_carea' id='block_1_27' title="bbox 401 2496 1977 2571">
    <p class='ocr_par' dir='ltr' id='par_1_27' title="bbox 401 2496 1977 2571">
     <span class='ocr_line' id='line_1_27' title="bbox 401 2496 1977 2571; baseline 0.004 -21"><span class='ocrx_word' id='word_1_215' title='bbox 401 2496 744 2567; x_wconf 77' lang='lat' dir='ltr'><strong>dignitatem.</strong></span> <span class='ocrx_word' id='word_1_216' title='bbox 791 2520 807 2548; x_wconf 80' lang='grc' dir='ltr'><strong>ι</strong></span> <span class='ocrx_word' id='word_1_217' title='bbox 841 2498 977 2554; x_wconf 68' lang='lat' dir='ltr'><strong>Nos»</strong></span> <span class='ocrx_word' id='word_1_218' title='bbox 1022 2515 1154 2568; x_wconf 81' lang='lat' dir='ltr'><strong>ergo</strong></span> <span class='ocrx_word' id='word_1_219' title='bbox 1178 2540 1192 2564; x_wconf 93' lang='lat'><strong>,</strong></span> <span class='ocrx_word' id='word_1_220' title='bbox 1227 2503 1440 2571; x_wconf 89' lang='lat' dir='ltr'><strong>inquit,</strong></span> <span class='ocrx_word' id='word_1_221' title='bbox 1486 2503 1615 2565; x_wconf 71' lang='lat' dir='ltr'><strong>«ipsi</strong></span> <span class='ocrx_word' id='word_1_222' title='bbox 1643 2543 1658 2565; x_wconf 92' lang='lat'><strong>,</strong></span> <span class='ocrx_word' id='word_1_223' title='bbox 1695 2522 1713 2554; x_wconf 76' lang='grc' dir='ltr'><strong>ι</strong></span> <span class='ocrx_word' id='word_1_224' title='bbox 1753 2503 1858 2557; x_wconf 91' lang='lat' dir='ltr'><strong>hoc</strong></span> <span class='ocrx_word' id='word_1_225' title='bbox 1892 2513 1977 2558; x_wconf 91' lang='lat' dir='ltr'><strong>est</strong></span> 
     </span>
    </p>
   </div>
   <div class='ocr_carea' id='block_1_28' title="bbox 401 2586 1982 2663">
    <p class='ocr_par' dir='ltr' id='par_1_28' title="bbox 401 2586 1982 2663">
     <span class='ocr_line' id='line_1_28' title="bbox 401 2586 1982 2663; baseline 0.006 -24"><span class='ocrx_word' id='word_1_226' title='bbox 401 2586 665 2655; x_wconf 85' lang='lat' dir='ltr'><strong>apostoli,</strong></span> <span class='ocrx_word' id='word_1_227' title='bbox 703 2609 720 2639; x_wconf 85' lang='lat' dir='ltr'><strong>t</strong></span> <span class='ocrx_word' id='word_1_228' title='bbox 746 2591 1014 2658; x_wconf 89' lang='lat' dir='ltr'><strong>primitias</strong></span> <span class='ocrx_word' id='word_1_229' title='bbox 1049 2593 1287 2662; x_wconf 86' lang='lat' dir='ltr'><strong>Spiritus</strong></span> <span class='ocrx_word' id='word_1_230' title='bbox 1317 2594 1602 2656; x_wconf 90' lang='lat' dir='ltr'><strong>habentes,</strong></span> <span class='ocrx_word' id='word_1_231' title='bbox 1633 2614 1651 2646; x_wconf 76' lang='grc' dir='ltr'><strong>ι</strong></span> <span class='ocrx_word' id='word_1_232' title='bbox 1705 2595 1795 2663; x_wconf 92' lang='lat' dir='ltr'><strong>qui</strong></span> <span class='ocrx_word' id='word_1_233' title='bbox 1826 2594 1982 2649; x_wconf 90' lang='lat' dir='ltr'><strong>electi</strong></span> 
     </span>
    </p>
   </div>
   <div class='ocr_carea' id='block_1_29' title="bbox 400 2680 1979 2754">
    <p class='ocr_par' dir='ltr' id='par_1_29' title="bbox 400 2680 1979 2754">
     <span class='ocr_line' id='line_1_29' title="bbox 400 2680 1979 2754; baseline 0.004 -23"><span class='ocrx_word' id='word_1_234' title='bbox 400 2693 589 2733; x_wconf 87' lang='lat' dir='ltr'><strong>sumus</strong></span> <span class='ocrx_word' id='word_1_235' title='bbox 619 2680 823 2736; x_wconf 86' lang='lat' dir='ltr'><strong>adhoc</strong></span> <span class='ocrx_word' id='word_1_236' title='bbox 871 2691 928 2735; x_wconf 93' lang='lat' dir='ltr'><strong>ut</strong></span> <span class='ocrx_word' id='word_1_237' title='bbox 976 2684 1249 2751; x_wconf 85' lang='lat' dir='ltr'><strong>primitias</strong></span> <span class='ocrx_word' id='word_1_238' title='bbox 1295 2683 1533 2752; x_wconf 90' lang='lat' dir='ltr'><strong>Spiritus</strong></span> <span class='ocrx_word' id='word_1_239' title='bbox 1581 2687 1979 2754; x_wconf 82' lang='lat' dir='ltr'><strong>acciperemus,</strong></span> 
     </span>
    </p>
   </div>
   <div class='ocr_carea' id='block_1_30' title="bbox 398 2771 1983 2845">
    <p class='ocr_par' dir='ltr' id='par_1_30' title="bbox 398 2771 1983 2845">
     <span class='ocr_line' id='line_1_30' title="bbox 398 2771 1983 2845; baseline 0.004 -21"><span class='ocrx_word' id='word_1_240' title='bbox 398 2771 564 2824; x_wconf 83' lang='lat' dir='ltr'><strong>etiam</strong></span> <span class='ocrx_word' id='word_1_241' title='bbox 601 2790 619 2823; x_wconf 91' lang='lat' dir='ltr'><strong>t</strong></span> <span class='ocrx_word' id='word_1_242' title='bbox 672 2772 770 2842; x_wconf 89' lang='lat' dir='ltr'><strong>ipsi</strong></span> <span class='ocrx_word' id='word_1_243' title='bbox 813 2774 952 2827; x_wconf 89' lang='lat' dir='ltr'><strong>intra</strong></span> <span class='ocrx_word' id='word_1_244' title='bbox 990 2791 1090 2830; x_wconf 87' lang='lat' dir='ltr'><strong>nos</strong></span> <span class='ocrx_word' id='word_1_245' title='bbox 1121 2777 1409 2845; x_wconf 83' lang='lat' dir='ltr'><strong>gemimus.</strong></span> <span class='ocrx_word' id='word_1_246' title='bbox 1440 2797 1458 2828; x_wconf 72' lang='grc' dir='ltr'><strong>ι</strong></span> <span class='ocrx_word' id='word_1_247' title='bbox 1513 2777 1568 2830; x_wconf 94' lang='lat' dir='ltr'><strong>ln</strong></span> <span class='ocrx_word' id='word_1_248' title='bbox 1620 2789 1867 2844; x_wconf 89' lang='lat' dir='ltr'><strong>tantmn,</strong></span> <span class='ocrx_word' id='word_1_249' title='bbox 1903 2779 1983 2830; x_wconf 86' lang='lat' dir='ltr'><strong>itt-</strong></span> 
     </span>
    </p>
   </div>
   <div class='ocr_carea' id='block_1_31' title="bbox 400 2863 1983 2940">
    <p class='ocr_par' dir='ltr' id='par_1_31' title="bbox 400 2863 1983 2940">
     <span class='ocr_line' id='line_1_31' title="bbox 400 2863 1983 2940; baseline 0.006 -25"><span class='ocrx_word' id='word_1_250' title='bbox 400 2863 542 2932; x_wconf 91' lang='lat' dir='ltr'><strong>quit,</strong></span> <span class='ocrx_word' id='word_1_251' title='bbox 578 2865 722 2918; x_wconf 89' lang='lat' dir='ltr'><strong>nulla</strong></span> <span class='ocrx_word' id='word_1_252' title='bbox 751 2878 1002 2922; x_wconf 87' lang='lat' dir='ltr'><strong>creatura</strong></span> <span class='ocrx_word' id='word_1_253' title='bbox 1037 2877 1121 2922; x_wconf 89' lang='lat' dir='ltr'><strong>est</strong></span> <span class='ocrx_word' id='word_1_254' title='bbox 1159 2884 1279 2937; x_wconf 71' lang='lat' dir='ltr'><strong>quae</strong></span> <span class='ocrx_word' id='word_1_255' title='bbox 1308 2869 1592 2923; x_wconf 81' lang='lat' dir='ltr'><strong>doloribus</strong></span> <span class='ocrx_word' id='word_1_256' title='bbox 1616 2879 1671 2924; x_wconf 95' lang='lat' dir='ltr'><strong>et</strong></span> <span class='ocrx_word' id='word_1_257' title='bbox 1697 2869 1983 2940; x_wconf 81' lang='lat' dir='ltr'><strong>gemitibus</strong></span> 
     </span>
    </p>
   </div>
   <div class='ocr_carea' id='block_1_32' title="bbox 403 2958 1980 3032">
    <p class='ocr_par' dir='ltr' id='par_1_32' title="bbox 403 2958 1980 3032">
     <span class='ocr_line' id='line_1_32' title="bbox 403 2958 1980 3032; baseline 0.006 -25"><span class='ocrx_word' id='word_1_258' title='bbox 403 2967 592 3018; x_wconf 89' lang='lat' dir='ltr'><strong>vacet,</strong></span> <span class='ocrx_word' id='word_1_259' title='bbox 659 2966 719 3010; x_wconf 92' lang='lat' dir='ltr'><strong>ut</strong></span> <span class='ocrx_word' id='word_1_260' title='bbox 769 2958 935 3012; x_wconf 89' lang='lat' dir='ltr'><strong>etiam</strong></span> <span class='ocrx_word' id='word_1_261' title='bbox 988 2974 1090 3013; x_wconf 91' lang='lat' dir='ltr'><strong>nos</strong></span> <span class='ocrx_word' id='word_1_262' title='bbox 1146 2959 1248 3028; x_wconf 92' lang='lat' dir='ltr'><strong>ipsi</strong></span> <span class='ocrx_word' id='word_1_263' title='bbox 1301 2960 1392 3029; x_wconf 91' lang='lat' dir='ltr'><strong>qui</strong></span> <span class='ocrx_word' id='word_1_264' title='bbox 1444 2976 1656 3016; x_wconf 90' lang='lat' dir='ltr'><strong>summa</strong></span> <span class='ocrx_word' id='word_1_265' title='bbox 1703 2977 1732 3015; x_wconf 89' lang='lat' dir='ltr'><strong>a</strong></span> <span class='ocrx_word' id='word_1_266' title='bbox 1779 2961 1980 3032; x_wconf 91' lang='lat' dir='ltr'><strong>Spiritu</strong></span> 
     </span>
    </p>
   </div>
   <div class='ocr_carea' id='block_1_33' title="bbox 403 3049 1982 3125">
    <p class='ocr_par' dir='ltr' id='par_1_33' title="bbox 403 3049 1982 3125">
     <span class='ocr_line' id='line_1_33' title="bbox 403 3049 1982 3125; baseline 0.006 -25"><span class='ocrx_word' id='word_1_267' title='bbox 403 3057 591 3100; x_wconf 85' lang='lat' dir='ltr'><strong>sancto</strong></span> <span class='ocrx_word' id='word_1_268' title='bbox 636 3057 691 3101; x_wconf 92' lang='lat' dir='ltr'><strong>et</strong></span> <span class='ocrx_word' id='word_1_269' title='bbox 736 3049 907 3103; x_wconf 81' lang='lat' dir='ltr'><strong>electa</strong></span> <span class='ocrx_word' id='word_1_270' title='bbox 950 3053 1092 3103; x_wconf 89' lang='lat' dir='ltr'><strong>dona</strong></span> <span class='ocrx_word' id='word_1_271' title='bbox 1139 3054 1520 3121; x_wconf 84' lang='lat' dir='ltr'><strong>percepimus,</strong></span> <span class='ocrx_word' id='word_1_272' title='bbox 1565 3064 1741 3108; x_wconf 85' lang='lat' dir='ltr'><strong>tamen</strong></span> <span class='ocrx_word' id='word_1_273' title='bbox 1783 3070 1982 3125; x_wconf 69' lang='lat' dir='ltr'><strong>exspeo</strong></span> 
     </span>
    </p>
   </div>
   <div class='ocr_carea' id='block_1_34' title="bbox 402 3135 1977 3212">
    <p class='ocr_par' dir='ltr' id='par_1_34' title="bbox 402 3135 1977 3212">
     <span class='ocr_line' id='line_1_34' title="bbox 402 3135 1977 3212; baseline 0.004 -23"><span class='ocrx_word' id='word_1_274' title='bbox 402 3145 616 3191; x_wconf 89' lang='lat' dir='ltr'><strong>ctantes</strong></span> <span class='ocrx_word' id='word_1_275' title='bbox 644 3135 756 3207; x_wconf 84' lang='lat'><strong>(20)</strong></span> <span class='ocrx_word' id='word_1_276' title='bbox 786 3138 1126 3208; x_wconf 88' lang='lat' dir='ltr'><strong>adoptionem</strong></span> <span class='ocrx_word' id='word_1_277' title='bbox 1159 3141 1415 3201; x_wconf 87' lang='lat' dir='ltr'><strong>ﬁliorum,</strong></span> <span class='ocrx_word' id='word_1_278' title='bbox 1451 3141 1502 3194; x_wconf 94' lang='lat' dir='ltr'><strong>id</strong></span> <span class='ocrx_word' id='word_1_279' title='bbox 1535 3151 1618 3195; x_wconf 91' lang='lat' dir='ltr'><strong>est</strong></span> <span class='ocrx_word' id='word_1_280' title='bbox 1639 3183 1654 3206; x_wconf 94' lang='lat'><strong>,</strong></span> <span class='ocrx_word' id='word_1_281' title='bbox 1685 3142 1977 3212; x_wconf 81' lang='lat' dir='ltr'><strong>perfectio-</strong></span> 
     </span>
    </p>
   </div>
   <div class='ocr_carea' id='block_1_35' title="bbox 407 3231 1977 3300">
    <p class='ocr_par' dir='ltr' id='par_1_35' title="bbox 407 3231 1977 3300">
     <span class='ocr_line' id='line_1_35' title="bbox 407 3231 1977 3300; baseline 0.005 -19"><span class='ocrx_word' id='word_1_282' title='bbox 407 3243 529 3282; x_wconf 89' lang='lat' dir='ltr'><strong>nem</strong></span> <span class='ocrx_word' id='word_1_283' title='bbox 563 3244 750 3283; x_wconf 91' lang='lat' dir='ltr'><strong>eorum</strong></span> <span class='ocrx_word' id='word_1_284' title='bbox 785 3246 922 3300; x_wconf 91' lang='lat' dir='ltr'><strong>quos</strong></span> <span class='ocrx_word' id='word_1_285' title='bbox 955 3231 1151 3286; x_wconf 89' lang='lat' dir='ltr'><strong>docere</strong></span> <span class='ocrx_word' id='word_1_286' title='bbox 1177 3243 1230 3286; x_wconf 91' lang='lat' dir='ltr'><strong>et</strong></span> <span class='ocrx_word' id='word_1_287' title='bbox 1258 3233 1551 3287; x_wconf 90' lang='lat' dir='ltr'><strong>instituere</strong></span> <span class='ocrx_word' id='word_1_288' title='bbox 1580 3234 1730 3288; x_wconf 87' lang='lat' dir='ltr'><strong>missi</strong></span> <span class='ocrx_word' id='word_1_289' title='bbox 1766 3249 1977 3300; x_wconf 91' lang='lat' dir='ltr'><strong>sumus,</strong></span> 
     </span>
    </p>
   </div>
   <div class='ocr_carea' id='block_1_36' title="bbox 405 3323 1976 3395">
    <p class='ocr_par' dir='ltr' id='par_1_36' title="bbox 405 3323 1976 3395">
     <span class='ocr_line' id='line_1_36' title="bbox 405 3323 1976 3395; baseline 0.002 -18"><span class='ocrx_word' id='word_1_290' title='bbox 405 3325 580 3378; x_wconf 88' lang='lat' dir='ltr'><strong>donec</strong></span> <span class='ocrx_word' id='word_1_291' title='bbox 603 3323 880 3377; x_wconf 82' lang='lat' dir='ltr'><strong>videamus</strong></span> <span class='ocrx_word' id='word_1_292' title='bbox 905 3339 998 3378; x_wconf 90' lang='lat' dir='ltr'><strong>eos</strong></span> <span class='ocrx_word' id='word_1_293' title='bbox 1021 3324 1075 3378; x_wconf 91' lang='lat' dir='ltr'><strong>in</strong></span> <span class='ocrx_word' id='word_1_294' title='bbox 1102 3333 1310 3379; x_wconf 90' lang='lat' dir='ltr'><strong>tantum</strong></span> <span class='ocrx_word' id='word_1_295' title='bbox 1336 3325 1627 3394; x_wconf 89' lang='lat' dir='ltr'><strong>proﬁcere,</strong></span> <span class='ocrx_word' id='word_1_296' title='bbox 1653 3335 1711 3380; x_wconf 93' lang='lat' dir='ltr'><strong>ut</strong></span> <span class='ocrx_word' id='word_1_297' title='bbox 1733 3325 1976 3395; x_wconf 83' lang='lat' dir='ltr'><strong>adoptari</strong></span> 
     </span>
    </p>
   </div>
   <div class='ocr_carea' id='block_1_37' title="bbox 405 3414 1980 3488">
    <p class='ocr_par' dir='ltr' id='par_1_37' title="bbox 405 3414 1980 3488">
     <span class='ocr_line' id='line_1_37' title="bbox 405 3414 1980 3488; baseline 0 -18"><span class='ocrx_word' id='word_1_298' title='bbox 405 3425 721 3470; x_wconf 87' lang='lat' dir='ltr'><strong>mereantur</strong></span> <span class='ocrx_word' id='word_1_299' title='bbox 752 3414 804 3468; x_wconf 92' lang='lat' dir='ltr'><strong>in</strong></span> <span class='ocrx_word' id='word_1_300' title='bbox 838 3414 1014 3482; x_wconf 87' lang='lat' dir='ltr'><strong>lilios,</strong></span> <span class='ocrx_word' id='word_1_301' title='bbox 1068 3418 1376 3472; x_wconf 89' lang='lat' dir='ltr'><strong>necessario</strong></span> <span class='ocrx_word' id='word_1_302' title='bbox 1429 3418 1673 3472; x_wconf 90' lang='lat' dir='ltr'><strong>dolemus</strong></span> <span class='ocrx_word' id='word_1_303' title='bbox 1713 3427 1768 3472; x_wconf 89' lang='lat' dir='ltr'><strong>et</strong></span> <span class='ocrx_word' id='word_1_304' title='bbox 1807 3418 1980 3488; x_wconf 74' lang='lat' dir='ltr'><strong>gemi-</strong></span> 
     </span>
    </p>
   </div>
   <div class='ocr_carea' id='block_1_38' title="bbox 407 3507 1984 3580">
    <p class='ocr_par' dir='ltr' id='par_1_38' title="bbox 407 3507 1984 3580">
     <span class='ocr_line' id='line_1_38' title="bbox 407 3507 1984 3580; baseline 0.002 -20"><span class='ocrx_word' id='word_1_305' title='bbox 407 3523 547 3562; x_wconf 89' lang='lat' dir='ltr'><strong>mus.</strong></span> <span class='ocrx_word' id='word_1_306' title='bbox 591 3507 772 3562; x_wconf 85' lang='lat' dir='ltr'><strong>Donec</strong></span> <span class='ocrx_word' id='word_1_307' title='bbox 802 3522 930 3576; x_wconf 74' lang='lat' dir='ltr'><strong>ergo</strong></span> <span class='ocrx_word' id='word_1_308' title='bbox 963 3524 1093 3572; x_wconf 90' lang='lat' dir='ltr'><strong>nos,</strong></span> <span class='ocrx_word' id='word_1_309' title='bbox 1128 3509 1345 3578; x_wconf 89' lang='lat' dir='ltr'><strong>inquam</strong></span> <span class='ocrx_word' id='word_1_310' title='bbox 1368 3549 1384 3574; x_wconf 97' lang='lat'><strong>,</strong></span> <span class='ocrx_word' id='word_1_311' title='bbox 1417 3509 1510 3580; x_wconf 90' lang='lat' dir='ltr'><strong>qui</strong></span> <span class='ocrx_word' id='word_1_312' title='bbox 1555 3509 1891 3564; x_wconf 88' lang='lat' dir='ltr'><strong>instituimur</strong></span> <span class='ocrx_word' id='word_1_313' title='bbox 1915 3509 1984 3563; x_wconf 90' lang='lat' dir='ltr'><strong>ab</strong></span> 
     </span>
    </p>
   </div>
   <div class='ocr_carea' id='block_1_39' title="bbox 405 3597 1984 3669">
    <p class='ocr_par' dir='ltr' id='par_1_39' title="bbox 405 3597 1984 3669">
     <span class='ocr_line' id='line_1_39' title="bbox 405 3597 1984 3669; baseline 0.001 -16"><span class='ocrx_word' id='word_1_314' title='bbox 405 3599 488 3653; x_wconf 85' lang='lat' dir='ltr'><strong>eis</strong></span> <span class='ocrx_word' id='word_1_315' title='bbox 525 3597 661 3669; x_wconf 88' lang='grc'><strong>(21),</strong></span> <span class='ocrx_word' id='word_1_316' title='bbox 698 3598 1020 3668; x_wconf 76' lang='lat' dir='ltr'><strong>negligimus</strong></span> <span class='ocrx_word' id='word_1_317' title='bbox 1040 3639 1054 3663; x_wconf 92' lang='lat'><strong>,</strong></span> <span class='ocrx_word' id='word_1_318' title='bbox 1086 3609 1141 3654; x_wconf 93' lang='lat' dir='ltr'><strong>et</strong></span> <span class='ocrx_word' id='word_1_319' title='bbox 1172 3616 1470 3665; x_wconf 89' lang='lat' dir='ltr'><strong>moramur,</strong></span> <span class='ocrx_word' id='word_1_320' title='bbox 1501 3609 1556 3655; x_wconf 93' lang='lat' dir='ltr'><strong>et</strong></span> <span class='ocrx_word' id='word_1_321' title='bbox 1582 3601 1984 3656; x_wconf 88' lang='lat' dir='ltr'><strong>emendationis</strong></span> 
     </span>
    </p>
   </div>
   <div class='ocr_carea' id='block_1_40' title="bbox 409 3689 1980 3760">
    <p class='ocr_par' dir='ltr' id='par_1_40' title="bbox 409 3689 1980 3760">
     <span class='ocr_line' id='line_1_40' title="bbox 409 3689 1980 3760; baseline 0.001 -16"><span class='ocrx_word' id='word_1_322' title='bbox 409 3699 610 3745; x_wconf 72' lang='lat' dir='ltr'><strong>nostrae</strong></span> <span class='ocrx_word' id='word_1_323' title='bbox 644 3698 856 3759; x_wconf 85' lang='lat' dir='ltr'><strong>tempus</strong></span> <span class='ocrx_word' id='word_1_324' title='bbox 888 3689 1103 3760; x_wconf 76' lang='lat' dir='ltr'><strong>longius</strong></span> <span class='ocrx_word' id='word_1_325' title='bbox 1129 3691 1459 3760; x_wconf 86' lang='lat' dir='ltr'><strong>protelamus</strong></span> <span class='ocrx_word' id='word_1_326' title='bbox 1481 3731 1496 3756; x_wconf 96' lang='lat'><strong>,</strong></span> <span class='ocrx_word' id='word_1_327' title='bbox 1529 3691 1702 3746; x_wconf 91' lang='lat' dir='ltr'><strong>donec</strong></span> <span class='ocrx_word' id='word_1_328' title='bbox 1747 3706 1851 3746; x_wconf 90' lang='lat' dir='ltr'><strong>non</strong></span> <span class='ocrx_word' id='word_1_329' title='bbox 1891 3692 1980 3746; x_wconf 90' lang='lat' dir='ltr'><strong>in-</strong></span> 
     </span>
    </p>
   </div>
   <div class='ocr_carea' id='block_1_41' title="bbox 410 3782 1985 3861">
    <p class='ocr_par' dir='ltr' id='par_1_41' title="bbox 410 3782 1985 3861">
     <span class='ocr_line' id='line_1_41' title="bbox 410 3782 1985 3861; baseline 0.001 -25"><span class='ocrx_word' id='word_1_330' title='bbox 410 3783 646 3861; x_wconf 84' lang='lat' dir='ltr'><strong>visibilia</strong></span> <span class='ocrx_word' id='word_1_331' title='bbox 673 3784 991 3852; x_wconf 70' lang='lat' dir='ltr'><strong>quaerimus,</strong></span> <span class='ocrx_word' id='word_1_332' title='bbox 1021 3784 1115 3837; x_wconf 88' lang='lat' dir='ltr'><strong>sed</strong></span> <span class='ocrx_word' id='word_1_333' title='bbox 1153 3783 1456 3837; x_wconf 87' lang='lat' dir='ltr'><strong>visibilibus</strong></span> <span class='ocrx_word' id='word_1_334' title='bbox 1487 3782 1821 3838; x_wconf 88' lang='lat' dir='ltr'><strong>delectamur</strong></span> <span class='ocrx_word' id='word_1_335' title='bbox 1841 3824 1857 3850; x_wconf 96' lang='lat'><strong>,</strong></span> <span class='ocrx_word' id='word_1_336' title='bbox 1887 3784 1985 3840; x_wconf 91' lang='lat' dir='ltr'><strong>do-</strong></span> 
     </span>
    </p>
   </div>
   <div class='ocr_carea' id='block_1_42' title="bbox 406 3877 1976 3948">
    <p class='ocr_par' dir='ltr' id='par_1_42' title="bbox 406 3877 1976 3948">
     <span class='ocr_line' id='line_1_42' title="bbox 406 3877 1976 3948; baseline 0 -16"><span class='ocrx_word' id='word_1_337' title='bbox 406 3877 552 3934; x_wconf 77' lang='lat' dir='ltr'><strong>lores</strong></span> <span class='ocrx_word' id='word_1_338' title='bbox 598 3877 856 3948; x_wconf 83' lang='lat' dir='ltr'><strong>apostolis</strong></span> <span class='ocrx_word' id='word_1_339' title='bbox 913 3891 1353 3941; x_wconf 89' lang='lat' dir='ltr'><strong>commovemus,</strong></span> <span class='ocrx_word' id='word_1_340' title='bbox 1399 3892 1463 3931; x_wconf 90' lang='lat' dir='ltr'><strong>ac</strong></span> <span class='ocrx_word' id='word_1_341' title='bbox 1509 3877 1747 3942; x_wconf 89' lang='lat' dir='ltr'><strong>luctum,</strong></span> <span class='ocrx_word' id='word_1_342' title='bbox 1798 3887 1856 3932; x_wconf 93' lang='lat' dir='ltr'><strong>ut</strong></span> <span class='ocrx_word' id='word_1_343' title='bbox 1904 3879 1976 3932; x_wconf 89' lang='lat' dir='ltr'><strong>ita</strong></span> 
     </span>
    </p>
   </div>
   <div class='ocr_carea' id='block_1_43' title="bbox 407 3969 1976 4040">
    <p class='ocr_par' dir='ltr' id='par_1_43' title="bbox 407 3969 1976 4040">
     <span class='ocr_line' id='line_1_43' title="bbox 407 3969 1976 4040; baseline -0.002 -13"><span class='ocrx_word' id='word_1_344' title='bbox 407 3972 620 4036; x_wconf 88' lang='lat' dir='ltr'><strong>dicam,</strong></span> <span class='ocrx_word' id='word_1_345' title='bbox 665 3972 932 4026; x_wconf 72' lang='lat' dir='ltr'><strong>universa:</strong></span> <span class='ocrx_word' id='word_1_346' title='bbox 959 3981 1222 4025; x_wconf 68' lang='lat' dir='ltr'><strong>creatura:</strong></span> <span class='ocrx_word' id='word_1_347' title='bbox 1249 3981 1305 4025; x_wconf 91' lang='lat' dir='ltr'><strong>et</strong></span> <span class='ocrx_word' id='word_1_348' title='bbox 1347 3969 1582 4040; x_wconf 81' lang='lat' dir='ltr'><strong>gemitus</strong></span> <span class='ocrx_word' id='word_1_349' title='bbox 1627 3970 1976 4024; x_wconf 90' lang='lat' dir='ltr'><strong>suscitamus.</strong></span> 
     </span>
    </p>
   </div>
   <div class='ocr_carea' id='block_1_44' title="bbox 412 4061 1980 4133">
    <p class='ocr_par' dir='ltr' id='par_1_44' title="bbox 412 4061 1980 4133">
     <span class='ocr_line' id='line_1_44' title="bbox 412 4061 1980 4133; baseline 0 -19"><span class='ocrx_word' id='word_1_350' title='bbox 412 4062 673 4118; x_wconf 87' lang='lat' dir='ltr'><strong>llniversa</strong></span> <span class='ocrx_word' id='word_1_351' title='bbox 705 4078 937 4132; x_wconf 88' lang='lat' dir='ltr'><strong>namque</strong></span> <span class='ocrx_word' id='word_1_352' title='bbox 978 4072 1227 4118; x_wconf 89' lang='lat' dir='ltr'><strong>creatura</strong></span> <span class='ocrx_word' id='word_1_353' title='bbox 1278 4062 1586 4133; x_wconf 83' lang='lat' dir='ltr'><strong>ingemiscit</strong></span> <span class='ocrx_word' id='word_1_354' title='bbox 1633 4073 1687 4115; x_wconf 91' lang='lat' dir='ltr'><strong>et</strong></span> <span class='ocrx_word' id='word_1_355' title='bbox 1730 4061 1980 4116; x_wconf 89' lang='lat' dir='ltr'><strong>condolet</strong></span> 
     </span>
    </p>
   </div>
   <div class='ocr_carea' id='block_1_45' title="bbox 408 4153 1974 4221">
    <p class='ocr_par' dir='ltr' id='par_1_45' title="bbox 408 4153 1974 4221">
     <span class='ocr_line' id='line_1_45' title="bbox 408 4153 1974 4221; baseline -0.001 -13"><span class='ocrx_word' id='word_1_356' title='bbox 408 4155 620 4209; x_wconf 74' lang='lat' dir='ltr'><strong>duritia:</strong></span> <span class='ocrx_word' id='word_1_357' title='bbox 647 4163 702 4209; x_wconf 90' lang='lat' dir='ltr'><strong>et</strong></span> <span class='ocrx_word' id='word_1_358' title='bbox 733 4154 1187 4209; x_wconf 87' lang='lat' dir='ltr'><strong>dissimulationis</strong></span> <span class='ocrx_word' id='word_1_359' title='bbox 1218 4164 1415 4208; x_wconf 74' lang='lat' dir='ltr'><strong>nostrae</strong></span> <span class='ocrx_word' id='word_1_360' title='bbox 1438 4153 1638 4206; x_wconf 87' lang='lat' dir='ltr'><strong>damna</strong></span> <span class='ocrx_word' id='word_1_361' title='bbox 1669 4153 1974 4221; x_wconf 86' lang='lat' dir='ltr'><strong>suspirans.</strong></span> 
     </span>
    </p>
   </div>
   <div class='ocr_carea' id='block_1_46' title="bbox 408 4243 1978 4316">
    <p class='ocr_par' dir='ltr' id='par_1_46' title="bbox 408 4243 1978 4316">
     <span class='ocr_line' id='line_1_46' title="bbox 408 4243 1978 4316; baseline -0.003 -15"><span class='ocrx_word' id='word_1_362' title='bbox 408 4248 560 4303; x_wconf 89' lang='lat' dir='ltr'><strong>Alius</strong></span> <span class='ocrx_word' id='word_1_363' title='bbox 590 4246 680 4302; x_wconf 93' lang='lat' dir='ltr'><strong>bic</strong></span> <span class='ocrx_word' id='word_1_364' title='bbox 709 4246 865 4303; x_wconf 90' lang='lat' dir='ltr'><strong>nobis</strong></span> <span class='ocrx_word' id='word_1_365' title='bbox 893 4246 1296 4316; x_wconf 82' lang='lat' dir='ltr'><strong>explanationis</strong></span> <span class='ocrx_word' id='word_1_366' title='bbox 1326 4246 1458 4300; x_wconf 88' lang='lat' dir='ltr'><strong>ordo</strong></span> <span class='ocrx_word' id='word_1_367' title='bbox 1486 4246 1554 4299; x_wconf 91' lang='lat' dir='ltr'><strong>de</strong></span> <span class='ocrx_word' id='word_1_368' title='bbox 1581 4244 1835 4314; x_wconf 90' lang='lat' dir='ltr'><strong>primitiis</strong></span> <span class='ocrx_word' id='word_1_369' title='bbox 1859 4243 1978 4313; x_wconf 90' lang='lat' dir='ltr'><strong>Spi-</strong></span> 
     </span>
    </p>
   </div>
   <div class='ocr_carea' id='block_1_47' title="bbox 475 4361 1972 4430">
    <p class='ocr_par' dir='ltr' id='par_1_47' title="bbox 475 4361 1963 4426">
     <span class='ocr_line' id='line_1_47' title="bbox 475 4361 1963 4426; baseline -0.001 -9"><span class='ocrx_word' id='word_1_370' title='bbox 475 4365 523 4395; x_wconf 76' lang='grc'><strong><em>²⁵</em></strong></span> <span class='ocrx_word' id='word_1_371' title='bbox 552 4364 567 4417; x_wconf 97' lang='lat' dir='ltr'><strong>I</strong></span> <span class='ocrx_word' id='word_1_372' title='bbox 595 4363 722 4420; x_wconf 89' lang='lat' dir='ltr'><strong>Cor.</strong></span> <span class='ocrx_word' id='word_1_373' title='bbox 750 4380 844 4426; x_wconf 87' lang='lat' dir='ltr'><strong>xv,</strong></span> <span class='ocrx_word' id='word_1_374' title='bbox 869 4363 960 4419; x_wconf 85' lang='lat'><strong>28.</strong></span> <span class='ocrx_word' id='word_1_375' title='bbox 1036 4365 1080 4396; x_wconf 78' lang='grc'><strong>³⁸</strong></span> <span class='ocrx_word' id='word_1_376' title='bbox 1109 4363 1265 4417; x_wconf 84' lang='lat' dir='ltr'><strong>.Ioan.</strong></span> <span class='ocrx_word' id='word_1_377' title='bbox 1299 4379 1404 4418; x_wconf 84' lang='lat' dir='ltr'><strong>xvn</strong></span> <span class='ocrx_word' id='word_1_378' title='bbox 1425 4403 1440 4425; x_wconf 93' lang='lat'><strong>,</strong></span> <span class='ocrx_word' id='word_1_379' title='bbox 1469 4363 1554 4417; x_wconf 84' lang='grc'><strong>10.</strong></span> <span class='ocrx_word' id='word_1_380' title='bbox 1633 4362 1680 4394; x_wconf 74' lang='grc'><strong>³⁸</strong></span> <span class='ocrx_word' id='word_1_381' title='bbox 1707 4361 1898 4416; x_wconf 84' lang='lat' dir='ltr'><strong>Matth.</strong></span> <span class='ocrx_word' id='word_1_382' title='bbox 1934 4378 1963 4415; x_wconf 85' lang='lat' dir='ltr'><strong>x</strong></span> 
     </span>
    </p>
   </div>
   <div class='ocr_carea' id='block_1_48' title="bbox 2091 4361 2316 4430">
    <p class='ocr_par' dir='ltr' id='par_1_48' title="bbox 2095 4362 2316 4430">
     <span class='ocr_line' id='line_1_48' title="bbox 2095 4362 2316 4430; baseline -0.018 -13"><span class='ocrx_word' id='word_1_383' title='bbox 2095 4362 2162 4417; x_wconf 81' lang='grc'><strong>56</strong></span> <span class='ocrx_word' id='word_1_384' title='bbox 2201 4377 2316 4430; x_wconf 91' lang='lat' dir='ltr'><strong>seq.</strong></span> 
     </span>
    </p>
   </div>
   <div class='ocr_carea' id='block_1_49' title="bbox 406 4431 1980 4502">
    <p class='ocr_par' dir='ltr' id='par_1_49' title="bbox 406 4431 1980 4502">
     <span class='ocr_line' id='line_1_49' title="bbox 406 4431 1980 4502; baseline 0 -17"><span class='ocrx_word' id='word_1_385' title='bbox 406 4432 538 4487; x_wconf 80' lang='lat' dir='ltr'><strong>lnss.</strong></span> <span class='ocrx_word' id='word_1_386' title='bbox 567 4451 607 4499; x_wconf 86' lang='grc' dir='ltr'>ι,</span> <span class='ocrx_word' id='word_1_387' title='bbox 645 4433 731 4489; x_wconf 81' lang='grc'><strong>15.</strong></span> <span class='ocrx_word' id='word_1_388' title='bbox 807 4434 851 4466; x_wconf 82' lang='grc' dir='ltr'><strong>³ο</strong></span> <span class='ocrx_word' id='word_1_389' title='bbox 886 4435 1042 4490; x_wconf 82' lang='lat' dir='ltr'><strong>Rom.</strong></span> <span class='ocrx_word' id='word_1_390' title='bbox 1086 4450 1164 4502; x_wconf 82' lang='lat' dir='ltr'><strong>xt,</strong></span> <span class='ocrx_word' id='word_1_391' title='bbox 1199 4435 1280 4489; x_wconf 84' lang='grc'><strong>16.</strong></span> <span class='ocrx_word' id='word_1_392' title='bbox 1358 4435 1399 4465; x_wconf 73' lang='grc'><strong>³³</strong></span> <span class='ocrx_word' id='word_1_393' title='bbox 1438 4434 1457 4488; x_wconf 90' lang='grc'><strong>1</strong></span> <span class='ocrx_word' id='word_1_394' title='bbox 1493 4433 1619 4488; x_wconf 82' lang='lat' dir='ltr'><strong>Cor.</strong></span> <span class='ocrx_word' id='word_1_395' title='bbox 1652 4448 1743 4498; x_wconf 87' lang='lat' dir='ltr'><strong>xu,</strong></span> <span class='ocrx_word' id='word_1_396' title='bbox 1773 4431 1862 4486; x_wconf 85' lang='lat'><strong>28.</strong></span> <span class='ocrx_word' id='word_1_397' title='bbox 1937 4433 1980 4464; x_wconf 81' lang='grc'>³³</span> 
     </span>
    </p>
   </div>
   <div class='ocr_carea' id='block_1_50' title="bbox 410 4503 936 4573">
    <p class='ocr_par' dir='ltr' id='par_1_50' title="bbox 410 4503 936 4573">
     <span class='ocr_line' id='line_1_50' title="bbox 410 4503 936 4573; baseline -0.004 -13"><span class='ocrx_word' id='word_1_398' title='bbox 410 4503 456 4535; x_wconf 78' lang='grc'><strong><em>³⁵</em></strong></span> <span class='ocrx_word' id='word_1_399' title='bbox 487 4505 665 4560; x_wconf 84' lang='lat' dir='ltr'><strong>Galat.</strong></span> <span class='ocrx_word' id='word_1_400' title='bbox 697 4520 771 4573; x_wconf 87' lang='lat' dir='ltr'><strong>tv,</strong></span> <span class='ocrx_word' id='word_1_401' title='bbox 798 4505 855 4571; x_wconf 67' lang='grc'><strong>4,</strong></span> <span class='ocrx_word' id='word_1_402' title='bbox 883 4507 936 4560; x_wconf 86' lang='grc'><strong>5.</strong></span> 
     </span>
    </p>
   </div>
   <div class='ocr_carea' id='block_1_51' title="bbox 480 4599 1598 4672">
    <p class='ocr_par' dir='ltr' id='par_1_51' title="bbox 480 4599 1598 4672">
     <span class='ocr_line' id='line_1_51' title="bbox 480 4599 1598 4672; baseline 0.001 -20"><span class='ocrx_word' id='word_1_403' title='bbox 480 4599 592 4672; x_wconf 85' lang='grc'><strong>(16)</strong></span> <span class='ocrx_word' id='word_1_404' title='bbox 621 4600 786 4666; x_wconf 89' lang='lat' dir='ltr'><strong>Editi,</strong></span> <span class='ocrx_word' id='word_1_405' title='bbox 822 4602 1164 4672; x_wconf 73' lang='lat' dir='ltr'><strong>«accepimus</strong></span> <span class='ocrx_word' id='word_1_406' title='bbox 1193 4616 1221 4654; x_wconf 91' lang='lat' dir='ltr'><strong>a</strong></span> <span class='ocrx_word' id='word_1_407' title='bbox 1256 4600 1556 4672; x_wconf 87' lang='lat' dir='ltr'><strong>Salvatore.</strong></span> <span class='ocrx_word' id='word_1_408' title='bbox 1580 4619 1598 4652; x_wconf 74' lang='grc' dir='ltr'><strong>ι</strong></span> 
     </span>
    </p>
   </div>
   <div class='ocr_carea' id='block_1_52' title="bbox 410 4669 1982 4796">
    <p class='ocr_par' dir='ltr' id='par_1_52' title="bbox 410 4669 1982 4796">
     <span class='ocr_line' id='line_1_52' title="bbox 410 4669 1982 4796; baseline 0 -72"><span class='ocrx_word' id='word_1_409' title='bbox 410 4741 452 4796; x_wconf 69' lang='grc' dir='ltr'><strong>Ρ</strong></span> <span class='ocrx_word' id='word_1_410' title='bbox 483 4669 596 4792; x_wconf 79' lang='grc'><strong>(17)</strong></span> <span class='ocrx_word' id='word_1_411' title='bbox 634 4671 810 4738; x_wconf 86' lang='lat' dir='ltr'><strong>Editi,</strong></span> <span class='ocrx_word' id='word_1_412' title='bbox 843 4692 860 4723; x_wconf 88' lang='grc' dir='ltr'><strong>ι</strong></span> <span class='ocrx_word' id='word_1_413' title='bbox 884 4669 1095 4742; x_wconf 84' lang='lat' dir='ltr'><strong>poterat</strong></span> <span class='ocrx_word' id='word_1_414' title='bbox 1122 4673 1213 4742; x_wconf 91' lang='lat' dir='ltr'><strong>qui</strong></span> <span class='ocrx_word' id='word_1_415' title='bbox 1247 4671 1414 4726; x_wconf 85' lang='lat' dir='ltr'><strong>Filius</strong></span> <span class='ocrx_word' id='word_1_416' title='bbox 1442 4680 1497 4726; x_wconf 85' lang='lat' dir='ltr'><strong>et</strong></span> <span class='ocrx_word' id='word_1_417' title='bbox 1531 4671 1712 4726; x_wconf 89' lang='lat' dir='ltr'><strong>omnia</strong></span> <span class='ocrx_word' id='word_1_418' title='bbox 1745 4679 1828 4724; x_wconf 89' lang='lat' dir='ltr'><strong>est</strong></span> <span class='ocrx_word' id='word_1_419' title='bbox 1862 4683 1982 4738; x_wconf 84' lang='lat' dir='ltr'><strong>quae</strong></span> 
     </span>
     <span class='ocr_line' id='line_1_53' title="bbox 457 4757 640 4794; baseline 0 0"><span class='ocrx_word' id='word_1_420' title='bbox 457 4758 484 4794; x_wconf 90' lang='lat' dir='ltr'><strong>a</strong></span> <span class='ocrx_word' id='word_1_421' title='bbox 515 4757 592 4794; x_wconf 88' lang='lat' dir='ltr'><strong>er.</strong></span> <span class='ocrx_word' id='word_1_422' title='bbox 622 4761 640 4794; x_wconf 69' lang='grc' dir='ltr'><strong>ι</strong></span> 
     </span>
    </p>
   </div>
   <div class='ocr_carea' id='block_1_53' title="bbox 457 4753 640 4794">
    <p class='ocr_par' dir='ltr' id='par_1_53' title="bbox 457 4753 640 4794">
     <span class='ocr_line' id='line_1_54' title="bbox 457 4753 640 4794; baseline 0 0"><span class='ocrx_word' id='word_1_423' title='bbox 457 4753 592 4794; x_wconf 88' lang='lat' dir='ltr'><strong>ater.</strong></span> <span class='ocrx_word' id='word_1_424' title='bbox 622 4761 640 4794; x_wconf 69' lang='grc' dir='ltr'><strong>ι</strong></span> 
     </span>
    </p>
   </div>
   <div class='ocr_carea' id='block_1_54' title="bbox 482 4809 1985 4882">
    <p class='ocr_par' dir='ltr' id='par_1_54' title="bbox 482 4809 1985 4882">
     <span class='ocr_line' id='line_1_55' title="bbox 482 4809 1985 4882; baseline -0.001 -16"><span class='ocrx_word' id='word_1_425' title='bbox 482 4809 598 4882; x_wconf 86' lang='grc'><strong>(18)</strong></span> <span class='ocrx_word' id='word_1_426' title='bbox 637 4809 948 4882; x_wconf 67' lang='grc' dir='ltr'>διιῌεειιικ.</span> <span class='ocrx_word' id='word_1_427' title='bbox 991 4811 1153 4866; x_wconf 89' lang='lat' dir='ltr'><strong>Deest</strong></span> <span class='ocrx_word' id='word_1_428' title='bbox 1211 4810 1472 4882; x_wconf 13' lang='lat' dir='ltr'><strong>inicditis</strong></span> <span class='ocrx_word' id='word_1_429' title='bbox 1516 4820 1570 4866; x_wconf 87' lang='lat' dir='ltr'><strong>et</strong></span> <span class='ocrx_word' id='word_1_430' title='bbox 1609 4810 1663 4864; x_wconf 89' lang='lat' dir='ltr'><strong>in</strong></span> <span class='ocrx_word' id='word_1_431' title='bbox 1715 4810 1985 4882; x_wconf 70' lang='lat' dir='ltr'><strong>plerisque</strong></span> 
     </span>
    </p>
   </div>
   <div class='ocr_carea' id='block_1_55' title="bbox 412 4879 1931 4950">
    <p class='ocr_par' dir='ltr' id='par_1_55' title="bbox 412 4879 1931 4950">
     <span class='ocr_line' id='line_1_56' title="bbox 412 4879 1931 4950; baseline -0.004 -12"><span class='ocrx_word' id='word_1_432' title='bbox 412 4879 588 4944; x_wconf 53' lang='lat' dir='ltr'><strong>ms&#39;s.,&#39;</strong></span> <span class='ocrx_word' id='word_1_433' title='bbox 617 4883 709 4936; x_wconf 86' lang='lat' dir='ltr'><strong>sed</strong></span> <span class='ocrx_word' id='word_1_434' title='bbox 741 4879 1049 4936; x_wconf 85' lang='lat' dir='ltr'><strong>restituitur</strong></span> <span class='ocrx_word' id='word_1_435' title='bbox 1083 4897 1148 4936; x_wconf 87' lang='lat' dir='ltr'><strong>ex</strong></span> <span class='ocrx_word' id='word_1_436' title='bbox 1182 4881 1368 4936; x_wconf 91' lang='lat' dir='ltr'><strong>codice</strong></span> <span class='ocrx_word' id='word_1_437' title='bbox 1394 4879 1562 4950; x_wconf 79' lang='lat' dir='ltr'><strong>Regio</strong></span> <span class='ocrx_word' id='word_1_438' title='bbox 1593 4897 1740 4933; x_wconf 90' lang='lat' dir='ltr'><strong>nmn.</strong></span> <span class='ocrx_word' id='word_1_439' title='bbox 1775 4880 1931 4934; x_wconf 78' lang='grc'><strong>1659.</strong></span> 
     </span>
    </p>
   </div>
   <div class='ocr_carea' id='block_1_56' title="bbox 483 4951 1981 5026">
    <p class='ocr_par' dir='ltr' id='par_1_56' title="bbox 483 4951 1981 5026">
     <span class='ocr_line' id='line_1_57' title="bbox 483 4951 1981 5026; baseline -0.002 -20"><span class='ocrx_word' id='word_1_440' title='bbox 483 4952 604 5026; x_wconf 64' lang='grc' dir='ltr'><strong>(19)Δ</strong></span> <span class='ocrx_word' id='word_1_441' title='bbox 627 4952 720 5007; x_wconf 87' lang='lat' dir='ltr'><strong>Sic</strong></span> <span class='ocrx_word' id='word_1_442' title='bbox 749 4967 854 5006; x_wconf 89' lang='lat' dir='ltr'><strong>ms.</strong></span> <span class='ocrx_word' id='word_1_443' title='bbox 889 4968 1026 5005; x_wconf 87' lang='lat' dir='ltr'><strong>unus</strong></span> <span class='ocrx_word' id='word_1_444' title='bbox 1053 4951 1252 5026; x_wconf 67' lang='lat' dir='ltr'><strong>liegius</strong></span> <span class='ocrx_word' id='word_1_445' title='bbox 1284 4968 1432 5005; x_wconf 91' lang='lat' dir='ltr'><strong>num.</strong></span> <span class='ocrx_word' id='word_1_446' title='bbox 1459 4951 1688 5026; x_wconf 59' lang='lat' dir='ltr'><strong>iti59et</strong></span> <span class='ocrx_word' id='word_1_447' title='bbox 1707 4951 1981 5026; x_wconf 61' lang='lat' dir='ltr'><strong>Iiabanns.</strong></span> 
     </span>
    </p>
   </div>
   <div class='ocr_carea' id='block_1_57' title="bbox 411 5021 1980 5090">
    <p class='ocr_par' dir='ltr' id='par_1_57' title="bbox 411 5021 1980 5090">
     <span class='ocr_line' id='line_1_58' title="bbox 411 5021 1980 5090; baseline -0.004 -10"><span class='ocrx_word' id='word_1_448' title='bbox 411 5021 606 5080; x_wconf 61' lang='lat' dir='ltr'><strong>Crateri</strong></span> <span class='ocrx_word' id='word_1_449' title='bbox 637 5035 768 5076; x_wconf 90' lang='lat' dir='ltr'><strong>vero</strong></span> <span class='ocrx_word' id='word_1_450' title='bbox 801 5037 930 5076; x_wconf 86' lang='lat' dir='ltr'><strong>mss.</strong></span> <span class='ocrx_word' id='word_1_451' title='bbox 961 5033 1015 5076; x_wconf 88' lang='lat' dir='ltr'><strong>et</strong></span> <span class='ocrx_word' id='word_1_452' title='bbox 1035 5022 1186 5082; x_wconf 82' lang='lat' dir='ltr'><strong>editi,</strong></span> <span class='ocrx_word' id='word_1_453' title='bbox 1225 5041 1243 5071; x_wconf 80' lang='grc' dir='ltr'><strong>ι</strong></span> <span class='ocrx_word' id='word_1_454' title='bbox 1270 5033 1324 5076; x_wconf 89' lang='lat' dir='ltr'><strong>et</strong></span> <span class='ocrx_word' id='word_1_455' title='bbox 1360 5034 1416 5075; x_wconf 91' lang='lat' dir='ltr'><strong>ut</strong></span> <span class='ocrx_word' id='word_1_456' title='bbox 1446 5021 1639 5089; x_wconf 87' lang='lat' dir='ltr'><strong>repleri</strong></span> <span class='ocrx_word' id='word_1_457' title='bbox 1669 5021 1766 5090; x_wconf 90' lang='lat' dir='ltr'><strong>(al.</strong></span> <span class='ocrx_word' id='word_1_458' title='bbox 1790 5060 1805 5083; x_wconf 97' lang='lat'><strong>,</strong></span> <span class='ocrx_word' id='word_1_459' title='bbox 1851 5039 1868 5070; x_wconf 86' lang='grc' dir='ltr'><strong>ι</strong></span> <span class='ocrx_word' id='word_1_460' title='bbox 1898 5034 1980 5073; x_wconf 90' lang='lat' dir='ltr'><strong>re-</strong></span> 
     </span>
    </p>
   </div>
   <div class='ocr_carea' id='block_1_58' title="bbox 414 5091 1976 5168">
    <p class='ocr_par' dir='ltr' id='par_1_58' title="bbox 414 5091 1976 5168">
     <span class='ocr_line' id='line_1_59' title="bbox 414 5091 1976 5168; baseline -0.002 -21"><span class='ocrx_word' id='word_1_461' title='bbox 414 5092 857 5168; x_wconf 63' lang='lat' dir='ltr'><strong>ple_ret)_possint</strong></span> <span class='ocrx_word' id='word_1_462' title='bbox 879 5091 1167 5161; x_wconf 69' lang='lat' dir='ltr'><strong>Evangelio</strong></span> <span class='ocrx_word' id='word_1_463' title='bbox 1189 5091 1309 5162; x_wconf 90' lang='lat' dir='ltr'><strong>(al.,</strong></span> <span class='ocrx_word' id='word_1_464' title='bbox 1345 5093 1441 5146; x_wconf 86' lang='lat' dir='ltr'><strong>tab</strong></span> <span class='ocrx_word' id='word_1_465' title='bbox 1461 5092 1828 5168; x_wconf 71' lang='lat' dir='ltr'><strong>Evangelio,t)</strong></span> <span class='ocrx_word' id='word_1_466' title='bbox 1869 5100 1976 5145; x_wconf 91' lang='lat' dir='ltr'><strong>etc.</strong></span> 
     </span>
    </p>
   </div>
   <div class='ocr_carea' id='block_1_59' title="bbox 487 5162 1570 5236">
    <p class='ocr_par' dir='ltr' id='par_1_59' title="bbox 487 5162 1570 5236">
     <span class='ocr_line' id='line_1_60' title="bbox 487 5162 1570 5236; baseline -0.002 -19"><span class='ocrx_word' id='word_1_467' title='bbox 487 5163 601 5236; x_wconf 78' lang='lat'><strong>(20)</strong></span> <span class='ocrx_word' id='word_1_468' title='bbox 631 5162 798 5236; x_wconf 58' lang='lat' dir='ltr'><strong>Editi,</strong></span> <span class='ocrx_word' id='word_1_469' title='bbox 834 5179 853 5213; x_wconf 85' lang='lat' dir='ltr'><strong>t</strong></span> <span class='ocrx_word' id='word_1_470' title='bbox 882 5170 1089 5236; x_wconf 79' lang='lat' dir='ltr'><strong>tantum</strong></span> <span class='ocrx_word' id='word_1_471' title='bbox 1122 5173 1522 5232; x_wconf 82' lang='lat' dir='ltr'><strong>exspectantes.</strong></span> <span class='ocrx_word' id='word_1_472' title='bbox 1549 5180 1570 5214; x_wconf 70' lang='grc' dir='ltr'><strong>ι</strong></span> 
     </span>
    </p>
   </div>
   <div class='ocr_carea' id='block_1_60' title="bbox 486 5231 1162 5308">
    <p class='ocr_par' dir='ltr' id='par_1_60' title="bbox 486 5231 1162 5308">
     <span class='ocr_line' id='line_1_61' title="bbox 486 5231 1162 5308; baseline 0 0"><span class='ocrx_word' id='word_1_473' title='bbox 486 5231 602 5308; x_wconf 69' lang='lat' dir='ltr'><strong>eo</strong></span> <span class='ocrx_word' id='word_1_474' title='bbox 631 5233 797 5308; x_wconf 54' lang='lat' dir='ltr'><strong>sua.</strong></span> <span class='ocrx_word' id='word_1_475' title='bbox 831 5249 850 5283; x_wconf 80' lang='grc' dir='ltr'>σ</span> <span class='ocrx_word' id='word_1_476' title='bbox 881 5232 948 5308; x_wconf 61' lang='lat' dir='ltr'><strong>ab</strong></span> <span class='ocrx_word' id='word_1_477' title='bbox 969 5231 1162 5308; x_wconf 61' lang='grc' dir='ltr'>ειμίβπρ</span> 
     </span>
    </p>
   </div>
   <div class='ocr_carea' id='block_1_61' title="bbox 486 5300 1981 5377">
    <p class='ocr_par' dir='ltr' id='par_1_61' title="bbox 486 5300 1981 5377">
     <span class='ocr_line' id='line_1_62' title="bbox 486 5300 1981 5377; baseline -0.002 -20"><span class='ocrx_word' id='word_1_478' title='bbox 486 5300 601 5377; x_wconf 72' lang='grc'><strong>(22)</strong></span> <span class='ocrx_word' id='word_1_479' title='bbox 630 5302 796 5377; x_wconf 79' lang='lat' dir='ltr'><strong>Editi,</strong></span> <span class='ocrx_word' id='word_1_480' title='bbox 815 5320 847 5377; x_wconf 88' lang='lat' dir='ltr'><strong>_t_</strong></span> <span class='ocrx_word' id='word_1_481' title='bbox 866 5301 1080 5377; x_wconf 76' lang='lat' dir='ltr'><strong>duritiei</strong></span> <span class='ocrx_word' id='word_1_482' title='bbox 1104 5300 1770 5377; x_wconf 67' lang='lat' dir='ltr'><strong>dissimulationisnostrae</strong></span> <span class='ocrx_word' id='word_1_483' title='bbox 1787 5300 1981 5377; x_wconf 83' lang='lat' dir='ltr'><strong>damna</strong></span> 
     </span>
    </p>
   </div>
   <div class='ocr_carea' id='block_1_62' title="bbox 415 5371 1983 5444">
    <p class='ocr_par' dir='ltr' id='par_1_62' title="bbox 415 5371 1983 5444">
     <span class='ocr_line' id='line_1_63' title="bbox 415 5371 1983 5444; baseline -0.004 -13"><span class='ocrx_word' id='word_1_484' title='bbox 415 5371 720 5444; x_wconf 73' lang='lat' dir='ltr'><strong>suspirans.</strong></span> <span class='ocrx_word' id='word_1_485' title='bbox 763 5372 921 5428; x_wconf 89' lang='lat' dir='ltr'><strong>Alius</strong></span> <span class='ocrx_word' id='word_1_486' title='bbox 964 5371 1065 5444; x_wconf 13' lang='lat' dir='ltr'><strong>hic,</strong></span> <span class='ocrx_word' id='word_1_487' title='bbox 1095 5372 1251 5426; x_wconf 89' lang='lat' dir='ltr'><strong>nobis</strong></span> <span class='ocrx_word' id='word_1_488' title='bbox 1295 5373 1695 5444; x_wconf 77' lang='lat' dir='ltr'><strong>explanationis</strong></span> <span class='ocrx_word' id='word_1_489' title='bbox 1737 5373 1869 5425; x_wconf 87' lang='lat' dir='ltr'><strong>ordo</strong></span> <span class='ocrx_word' id='word_1_490' title='bbox 1914 5373 1983 5444; x_wconf 85' lang='lat' dir='ltr'><strong>de</strong></span> 
     </span>
    </p>
   </div>
   <div class='ocr_carea' id='block_1_63' title="bbox 415 5441 1981 5516">
    <p class='ocr_par' dir='ltr' id='par_1_63' title="bbox 415 5441 1981 5516">
     <span class='ocr_line' id='line_1_64' title="bbox 415 5441 1981 5516; baseline -0.003 -17"><span class='ocrx_word' id='word_1_491' title='bbox 415 5441 936 5516; x_wconf 12' lang='lat' dir='ltr'><strong>prit&#39;nitiisispiritus</strong></span> <span class='ocrx_word' id='word_1_492' title='bbox 982 5443 1226 5503; x_wconf 86' lang='lat' dir='ltr'><strong>videtur,</strong></span> <span class='ocrx_word' id='word_1_493' title='bbox 1274 5441 1318 5495; x_wconf 89' lang='lat' dir='ltr'><strong>si</strong></span> <span class='ocrx_word' id='word_1_494' title='bbox 1368 5443 1679 5516; x_wconf 74' lang='lat' dir='ltr'><strong>probandus</strong></span> <span class='ocrx_word' id='word_1_495' title='bbox 1723 5441 1981 5516; x_wconf 77' lang='lat' dir='ltr'><strong>occurrit.</strong></span> 
     </span>
    </p>
   </div>
   <div class='ocr_carea' id='block_1_64' title="bbox 416 5512 1987 5579">
    <p class='ocr_par' dir='ltr' id='par_1_64' title="bbox 416 5512 1987 5579">
     <span class='ocr_line' id='line_1_65' title="bbox 416 5512 1987 5579; baseline -0.003 -9"><span class='ocrx_word' id='word_1_496' title='bbox 416 5512 605 5570; x_wconf 79' lang='lat' dir='ltr'><strong>Adhuc</strong></span> <span class='ocrx_word' id='word_1_497' title='bbox 632 5512 891 5569; x_wconf 75' lang='lat' dir='ltr'><strong>addemus</strong></span> <span class='ocrx_word' id='word_1_498' title='bbox 915 5530 929 5579; x_wconf 91' lang='lat'><strong>;</strong></span> <span class='ocrx_word' id='word_1_499' title='bbox 954 5532 973 5564; x_wconf 70' lang='grc' dir='ltr'><strong>ι</strong></span> <span class='ocrx_word' id='word_1_500' title='bbox 1004 5528 1106 5567; x_wconf 89' lang='lat' dir='ltr'><strong>ms.</strong></span> <span class='ocrx_word' id='word_1_501' title='bbox 1144 5529 1313 5576; x_wconf 86' lang='lat' dir='ltr'><strong>unus,</strong></span> <span class='ocrx_word' id='word_1_502' title='bbox 1350 5531 1368 5562; x_wconf 83' lang='lat' dir='ltr'><strong>t</strong></span> <span class='ocrx_word' id='word_1_503' title='bbox 1390 5514 1578 5567; x_wconf 83' lang='lat' dir='ltr'><strong>Adhuc</strong></span> <span class='ocrx_word' id='word_1_504' title='bbox 1610 5522 1786 5566; x_wconf 81' lang='lat' dir='ltr'><strong>tamen</strong></span> <span class='ocrx_word' id='word_1_505' title='bbox 1819 5512 1987 5566; x_wconf 79' lang='lat' dir='ltr'><strong>adde-</strong></span> 
     </span>
    </p>
   </div>
   <div class='ocr_carea' id='block_1_65' title="bbox 420 5593 756 5646">
    <p class='ocr_par' dir='ltr' id='par_1_65' title="bbox 420 5593 756 5646">
     <span class='ocr_line' id='line_1_66' title="bbox 420 5593 756 5646; baseline -0.003 -7"><span class='ocrx_word' id='word_1_506' title='bbox 420 5600 564 5646; x_wconf 88' lang='lat' dir='ltr'><strong>mus,</strong></span> <span class='ocrx_word' id='word_1_507' title='bbox 595 5604 614 5637; x_wconf 71' lang='grc' dir='ltr'><strong>ι</strong></span> <span class='ocrx_word' id='word_1_508' title='bbox 651 5593 756 5638; x_wconf 89' lang='lat' dir='ltr'><strong>etc.</strong></span> 
     </span>
    </p>
   </div>
   <div class='ocr_carea' id='block_1_66' title="bbox 491 5651 1983 5731">
    <p class='ocr_par' dir='ltr' id='par_1_66' title="bbox 491 5651 1983 5731">
     <span class='ocr_line' id='line_1_67' title="bbox 491 5651 1983 5731; baseline -0.003 -25"><span class='ocrx_word' id='word_1_509' title='bbox 491 5655 604 5723; x_wconf 78' lang='lat'><strong>(25)</strong></span> <span class='ocrx_word' id='word_1_510' title='bbox 635 5653 1065 5731; x_wconf 74' lang='lat' dir='ltr'><strong>Mss._pleriquc,</strong></span> <span class='ocrx_word' id='word_1_511' title='bbox 1115 5671 1133 5704; x_wconf 86' lang='lat' dir='ltr'><strong>t</strong></span> <span class='ocrx_word' id='word_1_512' title='bbox 1157 5653 1286 5709; x_wconf 87' lang='lat' dir='ltr'><strong>Item</strong></span> <span class='ocrx_word' id='word_1_513' title='bbox 1329 5653 1442 5731; x_wconf 82' lang='lat' dir='ltr'><strong>ipse</strong></span> <span class='ocrx_word' id='word_1_514' title='bbox 1469 5651 1760 5731; x_wconf 70' lang='lat' dir='ltr'><strong>Apostolus</strong></span> <span class='ocrx_word' id='word_1_515' title='bbox 1797 5651 1941 5716; x_wconf 83' lang='lat' dir='ltr'><strong>dicit,</strong></span> <span class='ocrx_word' id='word_1_516' title='bbox 1965 5670 1983 5702; x_wconf 70' lang='grc' dir='ltr'><strong>ι</strong></span> 
     </span>
    </p>
   </div>
   <div class='ocr_carea' id='block_1_67' title="bbox 426 5723 1740 5791">
    <p class='ocr_par' dir='ltr' id='par_1_67' title="bbox 426 5723 1740 5791">
     <span class='ocr_line' id='line_1_68' title="bbox 426 5723 1740 5791; baseline -0.003 -11"><span class='ocrx_word' id='word_1_517' title='bbox 426 5735 533 5780; x_wconf 87' lang='lat' dir='ltr'><strong>etc.</strong></span> <span class='ocrx_word' id='word_1_518' title='bbox 555 5763 570 5790; x_wconf 93' lang='lat'><strong>,</strong></span> <span class='ocrx_word' id='word_1_519' title='bbox 600 5733 653 5780; x_wconf 88' lang='lat' dir='ltr'><strong>et</strong></span> <span class='ocrx_word' id='word_1_520' title='bbox 684 5724 942 5781; x_wconf 90' lang='lat' dir='ltr'><strong>omittunt</strong></span> <span class='ocrx_word' id='word_1_521' title='bbox 963 5723 990 5778; x_wconf 27' lang='grc' dir='ltr'>ίι</span> <span class='ocrx_word' id='word_1_522' title='bbox 1025 5725 1241 5791; x_wconf 83' lang='lat' dir='ltr'><strong>iterum,</strong></span> <span class='ocrx_word' id='word_1_523' title='bbox 1274 5742 1292 5776; x_wconf 77' lang='grc' dir='ltr'><strong>ι</strong></span> <span class='ocrx_word' id='word_1_524' title='bbox 1333 5723 1473 5780; x_wconf 85' lang='lat' dir='ltr'><strong>sicut</strong></span> <span class='ocrx_word' id='word_1_525' title='bbox 1508 5731 1557 5778; x_wconf 86' lang='lat' dir='ltr'><strong>et</strong></span> <span class='ocrx_word' id='word_1_526' title='bbox 1587 5723 1740 5776; x_wconf 86' lang='lat' dir='ltr'><strong>editi.</strong></span> 
     </span>
    </p>
   </div>
   <div class='ocr_carea' id='block_1_68' title="bbox 2083 477 3596 550">
    <p class='ocr_par' dir='ltr' id='par_1_68' title="bbox 2083 477 3596 550">
     <span class='ocr_line' id='line_1_69' title="bbox 2083 477 3596 550; baseline 0.002 -17"><span class='ocrx_word' id='word_1_527' title='bbox 2083 480 2345 534; x_wconf 87' lang='lat' dir='ltr'><strong>addemus</strong></span> <span class='ocrx_word' id='word_1_528' title='bbox 2376 478 2490 550; x_wconf 89' lang='lat'><strong>(22)</strong></span> <span class='ocrx_word' id='word_1_529' title='bbox 2518 490 2573 534; x_wconf 92' lang='lat' dir='ltr'><strong>et</strong></span> <span class='ocrx_word' id='word_1_530' title='bbox 2602 481 2846 535; x_wconf 85' lang='lat' dir='ltr'><strong>tertium.</strong></span> <span class='ocrx_word' id='word_1_531' title='bbox 2899 481 3045 534; x_wconf 89' lang='lat' dir='ltr'><strong>Idem</strong></span> <span class='ocrx_word' id='word_1_532' title='bbox 3078 479 3191 549; x_wconf 90' lang='lat' dir='ltr'><strong>ipse</strong></span> <span class='ocrx_word' id='word_1_533' title='bbox 3225 477 3503 546; x_wconf 72' lang='lat' dir='ltr'><strong>Apostolus</strong></span> <span class='ocrx_word' id='word_1_534' title='bbox 3523 479 3596 536; x_wconf 84' lang='lat' dir='ltr'><strong>ite-</strong></span> 
     </span>
    </p>
   </div>
   <div class='ocr_carea' id='block_1_69' title="bbox 2084 569 3596 642">
    <p class='ocr_par' dir='ltr' id='par_1_69' title="bbox 2084 569 3596 642">
     <span class='ocr_line' id='line_1_70' title="bbox 2084 569 3596 642; baseline 0.001 -18"><span class='ocrx_word' id='word_1_535' title='bbox 2084 586 2202 624; x_wconf 91' lang='lat' dir='ltr'><strong>rum</strong></span> <span class='ocrx_word' id='word_1_536' title='bbox 2254 571 2378 626; x_wconf 90' lang='lat' dir='ltr'><strong>dicit</strong></span> <span class='ocrx_word' id='word_1_537' title='bbox 2430 571 2542 642; x_wconf 79' lang='grc'><strong>(25)</strong></span> <span class='ocrx_word' id='word_1_538' title='bbox 2590 570 2658 627; x_wconf 89' lang='lat' dir='ltr'><strong>dc</strong></span> <span class='ocrx_word' id='word_1_539' title='bbox 2685 570 2910 626; x_wconf 91' lang='lat' dir='ltr'><strong>Domino</strong></span> <span class='ocrx_word' id='word_1_540' title='bbox 2934 569 3062 626; x_wconf 83' lang='lat' dir='ltr'><strong>Jesu</strong></span> <span class='ocrx_word' id='word_1_541' title='bbox 3094 572 3320 626; x_wconf 82' lang='lat' dir='ltr'><strong>Christo</strong></span> <span class='ocrx_word' id='word_1_542' title='bbox 3344 611 3361 635; x_wconf 98' lang='lat'><strong>,</strong></span> <span class='ocrx_word' id='word_1_543' title='bbox 3409 571 3514 638; x_wconf 79' lang='lat' dir='ltr'><strong>quia</strong></span> <span class='ocrx_word' id='word_1_544' title='bbox 3549 573 3596 626; x_wconf 88' lang='lat' dir='ltr'><strong>sit</strong></span> 
     </span>
    </p>
   </div>
   <div class='ocr_carea' id='block_1_70' title="bbox 2089 658 3597 731">
    <p class='ocr_par' dir='ltr' id='par_1_70' title="bbox 2089 658 3597 731">
     <span class='ocr_line' id='line_1_71' title="bbox 2089 658 3597 731; baseline 0.005 -23"><span class='ocrx_word' id='word_1_545' title='bbox 2089 675 2108 708; x_wconf 77' lang='grc' dir='ltr'><strong>ι</strong></span> <span class='ocrx_word' id='word_1_546' title='bbox 2140 659 2533 729; x_wconf 84' lang='lat' dir='ltr'><strong>primogenitus</strong></span> <span class='ocrx_word' id='word_1_547' title='bbox 2569 660 2746 714; x_wconf 89' lang='lat' dir='ltr'><strong>omnis</strong></span> <span class='ocrx_word' id='word_1_548' title='bbox 2784 674 3048 714; x_wconf 74' lang='lat' dir='ltr'><strong>creatura:</strong></span> <span class='ocrx_word' id='word_1_549' title='bbox 3078 662 3142 712; x_wconf 76' lang='grc'><strong>’⁸.</strong></span> <span class='ocrx_word' id='word_1_550' title='bbox 3167 679 3187 712; x_wconf 71' lang='grc' dir='ltr'><strong>ι</strong></span> <span class='ocrx_word' id='word_1_551' title='bbox 3226 658 3308 713; x_wconf 73' lang='lat' dir='ltr'><strong>Ne</strong></span> <span class='ocrx_word' id='word_1_552' title='bbox 3348 658 3480 714; x_wconf 69' lang='lat' dir='ltr'><strong>forte</strong></span> <span class='ocrx_word' id='word_1_553' title='bbox 3509 675 3597 731; x_wconf 74' lang='lat' dir='ltr'><strong>ergo</strong></span> 
     </span>
    </p>
   </div>
   <div class='ocr_carea' id='block_1_71' title="bbox 2084 749 3597 826">
    <p class='ocr_par' dir='ltr' id='par_1_71' title="bbox 2084 749 3597 826">
     <span class='ocr_line' id='line_1_72' title="bbox 2084 749 3597 826; baseline 0.003 -22"><span class='ocrx_word' id='word_1_554' title='bbox 2084 761 2144 804; x_wconf 92' lang='lat' dir='ltr'><strong>ut</strong></span> <span class='ocrx_word' id='word_1_555' title='bbox 2189 749 2277 806; x_wconf 90' lang='lat' dir='ltr'><strong>ille</strong></span> <span class='ocrx_word' id='word_1_556' title='bbox 2313 769 2330 800; x_wconf 84' lang='lat' dir='ltr'><strong>t</strong></span> <span class='ocrx_word' id='word_1_557' title='bbox 2362 752 2756 822; x_wconf 78' lang='lat' dir='ltr'><strong>primogenitus</strong></span> <span class='ocrx_word' id='word_1_558' title='bbox 2785 752 2897 826; x_wconf 74' lang='grc'><strong>(21)</strong></span> <span class='ocrx_word' id='word_1_559' title='bbox 2931 772 2950 805; x_wconf 71' lang='grc' dir='ltr'><strong>ι</strong></span> <span class='ocrx_word' id='word_1_560' title='bbox 2985 753 3183 808; x_wconf 90' lang='lat' dir='ltr'><strong>dicitur</strong></span> <span class='ocrx_word' id='word_1_561' title='bbox 3220 769 3243 802; x_wconf 76' lang='grc' dir='ltr'><strong>ι</strong></span> <span class='ocrx_word' id='word_1_562' title='bbox 3275 751 3449 806; x_wconf 86' lang='lat' dir='ltr'><strong>omnis</strong></span> <span class='ocrx_word' id='word_1_563' title='bbox 3482 767 3597 808; x_wconf 77' lang='lat' dir='ltr'><strong>crea-</strong></span> 
     </span>
    </p>
   </div>
   <div class='ocr_carea' id='block_1_72' title="bbox 2086 845 3598 915">
    <p class='ocr_par' dir='ltr' id='par_1_72' title="bbox 2086 845 3598 915">
     <span class='ocr_line' id='line_1_73' title="bbox 2086 845 3598 915; baseline 0.003 -19"><span class='ocrx_word' id='word_1_564' title='bbox 2086 853 2220 899; x_wconf 73' lang='lat' dir='ltr'><strong>turte</strong></span> <span class='ocrx_word' id='word_1_565' title='bbox 2240 884 2256 909; x_wconf 94' lang='lat'><strong>,</strong></span> <span class='ocrx_word' id='word_1_566' title='bbox 2287 863 2306 897; x_wconf 85' lang='grc'><strong>›</strong></span> <span class='ocrx_word' id='word_1_567' title='bbox 2338 846 2429 899; x_wconf 91' lang='lat' dir='ltr'><strong>tali</strong></span> <span class='ocrx_word' id='word_1_568' title='bbox 2462 847 2697 915; x_wconf 88' lang='lat' dir='ltr'><strong>quadam</strong></span> <span class='ocrx_word' id='word_1_569' title='bbox 2729 849 2940 903; x_wconf 81' lang='lat' dir='ltr'><strong>ratione</strong></span> <span class='ocrx_word' id='word_1_570' title='bbox 2969 849 3130 903; x_wconf 85' lang='lat' dir='ltr'><strong>etiam</strong></span> <span class='ocrx_word' id='word_1_571' title='bbox 3162 845 3454 900; x_wconf 83' lang='lat' dir='ltr'><strong>multorum</strong></span> <span class='ocrx_word' id='word_1_572' title='bbox 3481 849 3598 915; x_wconf 83' lang='lat' dir='ltr'><strong>spiri-</strong></span> 
     </span>
    </p>
   </div>
   <div class='ocr_carea' id='block_1_73' title="bbox 2088 936 3600 1009">
    <p class='ocr_par' dir='ltr' id='par_1_73' title="bbox 2088 936 3600 1009">
     <span class='ocr_line' id='line_1_74' title="bbox 2088 936 3600 1009; baseline 0.003 -20"><span class='ocrx_word' id='word_1_573' title='bbox 2088 946 2237 990; x_wconf 90' lang='lat' dir='ltr'><strong>tuum</strong></span> <span class='ocrx_word' id='word_1_574' title='bbox 2267 937 2520 1005; x_wconf 82' lang='lat' dir='ltr'><strong>primitiae</strong></span> <span class='ocrx_word' id='word_1_575' title='bbox 2555 939 2769 995; x_wconf 89' lang='lat' dir='ltr'><strong>dicatur</strong></span> <span class='ocrx_word' id='word_1_576' title='bbox 2797 941 3030 1009; x_wconf 85' lang='lat' dir='ltr'><strong>Spiritus</strong></span> <span class='ocrx_word' id='word_1_577' title='bbox 3055 950 3306 995; x_wconf 84' lang='lat' dir='ltr'><strong>sanetus.</strong></span> <span class='ocrx_word' id='word_1_578' title='bbox 3348 936 3432 991; x_wconf 92' lang='lat' dir='ltr'><strong>Sit</strong></span> <span class='ocrx_word' id='word_1_579' title='bbox 3455 948 3503 992; x_wconf 88' lang='lat' dir='ltr'><strong>et</strong></span> <span class='ocrx_word' id='word_1_580' title='bbox 3531 940 3600 993; x_wconf 82' lang='lat' dir='ltr'><strong>iste</strong></span> 
     </span>
    </p>
   </div>
   <div class='ocr_carea' id='block_1_74' title="bbox 2082 1026 3600 1100">
    <p class='ocr_par' dir='ltr' id='par_1_74' title="bbox 2082 1026 3600 1100">
     <span class='ocr_line' id='line_1_75' title="bbox 2082 1026 3600 1100; baseline 0.005 -21"><span class='ocrx_word' id='word_1_581' title='bbox 2082 1026 2435 1094; x_wconf 78' lang='lat' dir='ltr'><strong>expositionis</strong></span> <span class='ocrx_word' id='word_1_582' title='bbox 2463 1029 2654 1084; x_wconf 91' lang='lat' dir='ltr'><strong>tertius</strong></span> <span class='ocrx_word' id='word_1_583' title='bbox 2683 1029 2793 1100; x_wconf 84' lang='lat'><strong>(25)</strong></span> <span class='ocrx_word' id='word_1_584' title='bbox 2833 1045 3044 1084; x_wconf 86' lang='lat' dir='ltr'><strong>mouus.</strong></span> <span class='ocrx_word' id='word_1_585' title='bbox 3088 1029 3295 1086; x_wconf 86' lang='lat' dir='ltr'><strong>Probet</strong></span> <span class='ocrx_word' id='word_1_586' title='bbox 3337 1038 3501 1082; x_wconf 88' lang='lat' dir='ltr'><strong>autem</strong></span> <span class='ocrx_word' id='word_1_587' title='bbox 3538 1031 3600 1098; x_wconf 86' lang='lat' dir='ltr'><strong>qui</strong></span> 
     </span>
    </p>
   </div>
   <div class='ocr_carea' id='block_1_75' title="bbox 2084 1117 3604 1193">
    <p class='ocr_par' dir='ltr' id='par_1_75' title="bbox 2084 1117 3604 1193">
     <span class='ocr_line' id='line_1_76' title="bbox 2084 1117 3604 1193; baseline 0.003 -23"><span class='ocrx_word' id='word_1_588' title='bbox 2084 1117 2244 1188; x_wconf 85' lang='lat' dir='ltr'><strong>legit,</strong></span> <span class='ocrx_word' id='word_1_589' title='bbox 2293 1119 2422 1188; x_wconf 88' lang='lat' dir='ltr'><strong>quid</strong></span> <span class='ocrx_word' id='word_1_590' title='bbox 2469 1121 2658 1175; x_wconf 85' lang='lat' dir='ltr'><strong>horum</strong></span> <span class='ocrx_word' id='word_1_591' title='bbox 2709 1123 2878 1193; x_wconf 82' lang='lat' dir='ltr'><strong>magis</strong></span> <span class='ocrx_word' id='word_1_592' title='bbox 2921 1122 3104 1177; x_wconf 89' lang='lat' dir='ltr'><strong>sensui</strong></span> <span class='ocrx_word' id='word_1_593' title='bbox 3155 1121 3450 1176; x_wconf 82' lang='lat' dir='ltr'><strong>conveniat</strong></span> <span class='ocrx_word' id='word_1_594' title='bbox 3483 1122 3604 1192; x_wconf 72' lang='grc' dir='ltr'><strong>ϐω</strong></span> 
     </span>
    </p>
   </div>
   <div class='ocr_carea' id='block_1_76' title="bbox 2082 1214 3604 1286">
    <p class='ocr_par' dir='ltr' id='par_1_76' title="bbox 2082 1214 3604 1286">
     <span class='ocr_line' id='line_1_77' title="bbox 2082 1214 3604 1286; baseline 0.002 -20"><span class='ocrx_word' id='word_1_595' title='bbox 2082 1214 2399 1280; x_wconf 89' lang='lat' dir='ltr'><strong>apostolico.</strong></span> <span class='ocrx_word' id='word_1_596' title='bbox 2432 1215 2488 1268; x_wconf 93' lang='lat' dir='ltr'><strong>Si</strong></span> <span class='ocrx_word' id='word_1_597' title='bbox 2523 1231 2655 1270; x_wconf 91' lang='lat' dir='ltr'><strong>vero</strong></span> <span class='ocrx_word' id='word_1_598' title='bbox 2685 1218 2826 1286; x_wconf 92' lang='lat' dir='ltr'><strong>quod</strong></span> <span class='ocrx_word' id='word_1_599' title='bbox 2858 1218 3027 1280; x_wconf 80' lang='lat' dir='ltr'><strong>dixit,</strong></span> <span class='ocrx_word' id='word_1_600' title='bbox 3070 1235 3088 1266; x_wconf 82' lang='grc' dir='ltr'><strong>ι</strong></span> <span class='ocrx_word' id='word_1_601' title='bbox 3123 1215 3191 1270; x_wconf 89' lang='grc' dir='ltr'>Ει</span> <span class='ocrx_word' id='word_1_602' title='bbox 3217 1230 3322 1269; x_wconf 88' lang='lat' dir='ltr'><strong>nos</strong></span> <span class='ocrx_word' id='word_1_603' title='bbox 3351 1215 3444 1283; x_wconf 90' lang='lat' dir='ltr'><strong>ipsi</strong></span> <span class='ocrx_word' id='word_1_604' title='bbox 3468 1218 3604 1284; x_wconf 84' lang='lat' dir='ltr'><strong>primi-</strong></span> 
     </span>
    </p>
   </div>
   <div class='ocr_carea' id='block_1_77' title="bbox 2085 1307 3604 1376">
    <p class='ocr_par' dir='ltr' id='par_1_77' title="bbox 2085 1307 3604 1376">
     <span class='ocr_line' id='line_1_78' title="bbox 2085 1307 3604 1376; baseline 0.001 -17"><span class='ocrx_word' id='word_1_605' title='bbox 2085 1307 2187 1360; x_wconf 86' lang='lat' dir='ltr'><strong>tias</strong></span> <span class='ocrx_word' id='word_1_606' title='bbox 2233 1307 2470 1376; x_wconf 89' lang='lat' dir='ltr'><strong>Spiritus</strong></span> <span class='ocrx_word' id='word_1_607' title='bbox 2517 1309 2814 1376; x_wconf 84' lang='lat' dir='ltr'><strong>habentes,</strong></span> <span class='ocrx_word' id='word_1_608' title='bbox 2841 1327 2859 1361; x_wconf 74' lang='grc' dir='ltr'><strong>ι</strong></span> <span class='ocrx_word' id='word_1_609' title='bbox 2905 1309 2971 1364; x_wconf 91' lang='lat' dir='ltr'><strong>de</strong></span> <span class='ocrx_word' id='word_1_610' title='bbox 3011 1310 3266 1362; x_wconf 91' lang='lat' dir='ltr'><strong>omnibus</strong></span> <span class='ocrx_word' id='word_1_611' title='bbox 3315 1307 3504 1360; x_wconf 87' lang='lat' dir='ltr'><strong>dictum</strong></span> <span class='ocrx_word' id='word_1_612' title='bbox 3541 1310 3604 1375; x_wconf 89' lang='lat' dir='ltr'><strong>qui</strong></span> 
     </span>
    </p>
   </div>
   <div class='ocr_carea' id='block_1_78' title="bbox 2083 1395 3605 1466">
    <p class='ocr_par' dir='ltr' id='par_1_78' title="bbox 2083 1395 3605 1466">
     <span class='ocr_line' id='line_1_79' title="bbox 2083 1395 3605 1466; baseline -0.001 -16"><span class='ocrx_word' id='word_1_613' title='bbox 2083 1401 2312 1466; x_wconf 78' lang='lat' dir='ltr'><strong>gratlam</strong></span> <span class='ocrx_word' id='word_1_614' title='bbox 2341 1397 2595 1466; x_wconf 90' lang='lat' dir='ltr'><strong>baptismi</strong></span> <span class='ocrx_word' id='word_1_615' title='bbox 2623 1397 2902 1451; x_wconf 89' lang='lat' dir='ltr'><strong>consecuti</strong></span> <span class='ocrx_word' id='word_1_616' title='bbox 2932 1397 3182 1452; x_wconf 87' lang='lat' dir='ltr'><strong>videntur</strong></span> <span class='ocrx_word' id='word_1_617' title='bbox 3212 1395 3453 1464; x_wconf 79' lang='lat' dir='ltr'><strong>accipias</strong></span> <span class='ocrx_word' id='word_1_618' title='bbox 3474 1435 3488 1456; x_wconf 92' lang='lat'><strong>,</strong></span> <span class='ocrx_word' id='word_1_619' title='bbox 3514 1410 3605 1462; x_wconf 87' lang='lat' dir='ltr'><strong>spe-</strong></span> 
     </span>
    </p>
   </div>
   <div class='ocr_carea' id='block_1_79' title="bbox 2083 1487 3600 1560">
    <p class='ocr_par' dir='ltr' id='par_1_79' title="bbox 2083 1487 3600 1560">
     <span class='ocr_line' id='line_1_80' title="bbox 2083 1487 3600 1560; baseline -0.001 -20"><span class='ocrx_word' id='word_1_620' title='bbox 2083 1488 2314 1541; x_wconf 87' lang='lat' dir='ltr'><strong>randum</strong></span> <span class='ocrx_word' id='word_1_621' title='bbox 2361 1497 2447 1544; x_wconf 81' lang='lat' dir='ltr'><strong>est.</strong></span> <span class='ocrx_word' id='word_1_622' title='bbox 2491 1489 2620 1542; x_wconf 92' lang='lat' dir='ltr'><strong>illud</strong></span> <span class='ocrx_word' id='word_1_623' title='bbox 2666 1490 2809 1560; x_wconf 89' lang='lat' dir='ltr'><strong>quod</strong></span> <span class='ocrx_word' id='word_1_624' title='bbox 2859 1490 3000 1544; x_wconf 90' lang='lat' dir='ltr'><strong>idem</strong></span> <span class='ocrx_word' id='word_1_625' title='bbox 3048 1488 3349 1558; x_wconf 84' lang='lat' dir='ltr'><strong>Apostolus</strong></span> <span class='ocrx_word' id='word_1_626' title='bbox 3395 1487 3600 1541; x_wconf 72' lang='lat' dir='ltr'><strong>dixit”:</strong></span> 
     </span>
    </p>
   </div>
   <div class='ocr_carea' id='block_1_80' title="bbox 2087 1577 3603 1648">
    <p class='ocr_par' dir='ltr' id='par_1_80' title="bbox 2087 1577 3603 1648">
     <span class='ocr_line' id='line_1_81' title="bbox 2087 1577 3603 1648; baseline 0.002 -18"><span class='ocrx_word' id='word_1_627' title='bbox 2087 1596 2106 1630; x_wconf 87' lang='lat' dir='ltr'><strong>t</strong></span> <span class='ocrx_word' id='word_1_628' title='bbox 2138 1577 2290 1644; x_wconf 84' lang='lat' dir='ltr'><strong>Quod</strong></span> <span class='ocrx_word' id='word_1_629' title='bbox 2318 1579 2362 1634; x_wconf 89' lang='lat' dir='ltr'><strong>si</strong></span> <span class='ocrx_word' id='word_1_630' title='bbox 2396 1580 2652 1648; x_wconf 61' lang='lat' dir='ltr'><strong>primitiae</strong></span> <span class='ocrx_word' id='word_1_631' title='bbox 2697 1589 2898 1635; x_wconf 71' lang='lat' dir='ltr'><strong>sancta:</strong></span> <span class='ocrx_word' id='word_1_632' title='bbox 2923 1617 2939 1643; x_wconf 88' lang='lat'><strong>,</strong></span> <span class='ocrx_word' id='word_1_633' title='bbox 2980 1589 3034 1634; x_wconf 90' lang='lat' dir='ltr'><strong>et</strong></span> <span class='ocrx_word' id='word_1_634' title='bbox 3079 1594 3262 1635; x_wconf 85' lang='lat' dir='ltr'><strong>massa</strong></span> <span class='ocrx_word' id='word_1_635' title='bbox 3297 1597 3312 1634; x_wconf 92' lang='lat'>:</span> <span class='ocrx_word' id='word_1_636' title='bbox 3349 1589 3406 1632; x_wconf 91' lang='lat' dir='ltr'><strong>et</strong></span> <span class='ocrx_word' id='word_1_637' title='bbox 3429 1580 3467 1631; x_wconf 90' lang='lat' dir='ltr'><strong>si</strong></span> <span class='ocrx_word' id='word_1_638' title='bbox 3493 1581 3603 1633; x_wconf 81' lang='lat' dir='ltr'><strong>radit</strong></span> 
     </span>
    </p>
   </div>
   <div class='ocr_carea' id='block_1_81' title="bbox 2083 1671 3603 1739">
    <p class='ocr_par' dir='ltr' id='par_1_81' title="bbox 2083 1671 3603 1739">
     <span class='ocr_line' id='line_1_82' title="bbox 2083 1671 3603 1739; baseline -0.001 -13"><span class='ocrx_word' id='word_1_639' title='bbox 2083 1681 2293 1736; x_wconf 80' lang='lat' dir='ltr'><strong>saneta,</strong></span> <span class='ocrx_word' id='word_1_640' title='bbox 2328 1681 2384 1727; x_wconf 92' lang='lat' dir='ltr'><strong>et</strong></span> <span class='ocrx_word' id='word_1_641' title='bbox 2409 1674 2566 1726; x_wconf 90' lang='lat' dir='ltr'><strong>rami.</strong></span> <span class='ocrx_word' id='word_1_642' title='bbox 2599 1692 2617 1725; x_wconf 76' lang='grc' dir='ltr'><strong>ι</strong></span> <span class='ocrx_word' id='word_1_643' title='bbox 2655 1672 2804 1739; x_wconf 84' lang='lat' dir='ltr'><strong>Quod</strong></span> <span class='ocrx_word' id='word_1_644' title='bbox 2842 1681 2898 1727; x_wconf 88' lang='lat' dir='ltr'><strong>et</strong></span> <span class='ocrx_word' id='word_1_645' title='bbox 2940 1673 2984 1726; x_wconf 90' lang='lat' dir='ltr'><strong>si</strong></span> <span class='ocrx_word' id='word_1_646' title='bbox 3018 1673 3088 1726; x_wconf 92' lang='lat' dir='ltr'><strong>ita</strong></span> <span class='ocrx_word' id='word_1_647' title='bbox 3118 1673 3220 1737; x_wconf 91' lang='lat' dir='ltr'><strong>sit,</strong></span> <span class='ocrx_word' id='word_1_648' title='bbox 3272 1681 3448 1724; x_wconf 83' lang='lat' dir='ltr'><strong>tamen</strong></span> <span class='ocrx_word' id='word_1_649' title='bbox 3481 1671 3603 1737; x_wconf 78' lang='lat' dir='ltr'><strong>ipsius</strong></span> 
     </span>
    </p>
   </div>
   <div class='ocr_carea' id='block_1_82' title="bbox 2015 1746 3601 1830">
    <p class='ocr_par' dir='ltr' id='par_1_82' title="bbox 2015 1746 3601 1830">
     <span class='ocr_line' id='line_1_83' title="bbox 2015 1746 3601 1830; baseline -0.001 -16"><span class='ocrx_word' id='word_1_650' title='bbox 2015 1746 2060 1806; x_wconf 79' lang='grc' dir='ltr'><strong><em>Β</em></strong></span> <span class='ocrx_word' id='word_1_651' title='bbox 2088 1779 2276 1816; x_wconf 69' lang='lat' dir='ltr'><strong>massa:</strong></span> <span class='ocrx_word' id='word_1_652' title='bbox 2307 1762 2359 1816; x_wconf 92' lang='lat' dir='ltr'><strong>in</strong></span> <span class='ocrx_word' id='word_1_653' title='bbox 2391 1777 2495 1830; x_wconf 88' lang='lat' dir='ltr'><strong>qua</strong></span> <span class='ocrx_word' id='word_1_654' title='bbox 2540 1763 2754 1818; x_wconf 90' lang='lat' dir='ltr'><strong>videtur</strong></span> <span class='ocrx_word' id='word_1_655' title='bbox 2794 1762 3021 1817; x_wconf 86' lang='lat' dir='ltr'><strong>indicari</strong></span> <span class='ocrx_word' id='word_1_656' title='bbox 3057 1761 3354 1816; x_wconf 91' lang='lat' dir='ltr'><strong>multitudo</strong></span> <span class='ocrx_word' id='word_1_657' title='bbox 3393 1760 3601 1826; x_wconf 82' lang='lat' dir='ltr'><strong>ﬁdeliu,</strong></span> 
     </span>
    </p>
   </div>
   <div class='ocr_carea' id='block_1_83' title="bbox 2086 1853 3602 1923">
    <p class='ocr_par' dir='ltr' id='par_1_83' title="bbox 2086 1853 3602 1923">
     <span class='ocr_line' id='line_1_84' title="bbox 2086 1853 3602 1923; baseline -0.001 -17"><span class='ocrx_word' id='word_1_658' title='bbox 2086 1854 2338 1922; x_wconf 76' lang='lat' dir='ltr'><strong>primitia:</strong></span> <span class='ocrx_word' id='word_1_659' title='bbox 2383 1856 2690 1909; x_wconf 85' lang='lat' dir='ltr'><strong>necessario</strong></span> <span class='ocrx_word' id='word_1_660' title='bbox 2743 1854 3068 1909; x_wconf 83' lang='lat' dir='ltr'><strong>videbuntur</strong></span> <span class='ocrx_word' id='word_1_661' title='bbox 3115 1853 3232 1923; x_wconf 83' lang='grc'><strong>(26)</strong></span> <span class='ocrx_word' id='word_1_662' title='bbox 3289 1853 3344 1906; x_wconf 90' lang='lat' dir='ltr'><strong>in</strong></span> <span class='ocrx_word' id='word_1_663' title='bbox 3398 1853 3602 1920; x_wconf 78' lang='lat' dir='ltr'><strong>apostorts</strong></span> 
     </span>
    </p>
   </div>
   <div class='ocr_carea' id='block_1_84' title="bbox 2085 1943 3600 2014">
    <p class='ocr_par' dir='ltr' id='par_1_84' title="bbox 2085 1943 3600 2014">
     <span class='ocr_line' id='line_1_85' title="bbox 2085 1943 3600 2014; baseline -0.002 -16"><span class='ocrx_word' id='word_1_664' title='bbox 2085 1944 2380 1999; x_wconf 72' lang='lat' dir='ltr'><strong>collocatae.</strong></span> <span class='ocrx_word' id='word_1_665' title='bbox 2431 1944 2521 1999; x_wconf 87' lang='lat' dir='ltr'><strong>Sic</strong></span> <span class='ocrx_word' id='word_1_666' title='bbox 2563 1945 2711 1999; x_wconf 90' lang='lat' dir='ltr'><strong>enim</strong></span> <span class='ocrx_word' id='word_1_667' title='bbox 2755 1945 3014 2014; x_wconf 90' lang='lat' dir='ltr'><strong>scriptum</strong></span> <span class='ocrx_word' id='word_1_668' title='bbox 3045 1953 3130 1998; x_wconf 87' lang='lat' dir='ltr'><strong>est</strong></span> <span class='ocrx_word' id='word_1_669' title='bbox 3155 1943 3222 2006; x_wconf 61' lang='lat'><strong>3&quot;,</strong></span> <span class='ocrx_word' id='word_1_670' title='bbox 3255 1945 3384 2013; x_wconf 89' lang='lat' dir='ltr'><strong>quia</strong></span> <span class='ocrx_word' id='word_1_671' title='bbox 3430 1943 3509 1995; x_wconf 83' lang='lat' dir='ltr'><strong>tin</strong></span> <span class='ocrx_word' id='word_1_672' title='bbox 3534 1943 3600 1995; x_wconf 83' lang='lat' dir='ltr'><strong>Ec-</strong></span> 
     </span>
    </p>
   </div>
   <div class='ocr_carea' id='block_1_85' title="bbox 2085 2037 3598 2107">
    <p class='ocr_par' dir='ltr' id='par_1_85' title="bbox 2085 2037 3598 2107">
     <span class='ocr_line' id='line_1_86' title="bbox 2085 2037 3598 2107; baseline -0.002 -14"><span class='ocrx_word' id='word_1_673' title='bbox 2085 2038 2246 2093; x_wconf 88' lang='lat' dir='ltr'><strong>clesia</strong></span> <span class='ocrx_word' id='word_1_674' title='bbox 2291 2038 2471 2107; x_wconf 90' lang='lat' dir='ltr'><strong>posuit</strong></span> <span class='ocrx_word' id='word_1_675' title='bbox 2509 2037 2651 2092; x_wconf 90' lang='lat' dir='ltr'><strong>Deus</strong></span> <span class='ocrx_word' id='word_1_676' title='bbox 2693 2039 2868 2107; x_wconf 89' lang='lat' dir='ltr'><strong>primo</strong></span> <span class='ocrx_word' id='word_1_677' title='bbox 2901 2038 3208 2106; x_wconf 83' lang='lat' dir='ltr'><strong>apostolos,</strong></span> <span class='ocrx_word' id='word_1_678' title='bbox 3259 2038 3488 2090; x_wconf 89' lang='lat' dir='ltr'><strong>secundo</strong></span> <span class='ocrx_word' id='word_1_679' title='bbox 3510 2051 3598 2104; x_wconf 78' lang='lat' dir='ltr'><strong>pro-</strong></span> 
     </span>
    </p>
   </div>
   <div class='ocr_carea' id='block_1_86' title="bbox 2087 2128 3599 2200">
    <p class='ocr_par' dir='ltr' id='par_1_86' title="bbox 2087 2128 3599 2200">
     <span class='ocr_line' id='line_1_87' title="bbox 2087 2128 3599 2200; baseline -0.001 -17"><span class='ocrx_word' id='word_1_680' title='bbox 2087 2129 2314 2199; x_wconf 88' lang='lat' dir='ltr'><strong>phetas,</strong></span> <span class='ocrx_word' id='word_1_681' title='bbox 2347 2132 2508 2184; x_wconf 86' lang='lat' dir='ltr'><strong>tertio</strong></span> <span class='ocrx_word' id='word_1_682' title='bbox 2541 2131 2817 2186; x_wconf 87' lang='lat' dir='ltr'><strong>doctores.</strong></span> <span class='ocrx_word' id='word_1_683' title='bbox 2849 2149 2869 2181; x_wconf 69' lang='grc' dir='ltr'><strong>ι</strong></span> <span class='ocrx_word' id='word_1_684' title='bbox 2920 2130 3007 2184; x_wconf 90' lang='lat' dir='ltr'><strong>lsti</strong></span> <span class='ocrx_word' id='word_1_685' title='bbox 3039 2146 3167 2200; x_wconf 84' lang='lat' dir='ltr'><strong>ergo</strong></span> <span class='ocrx_word' id='word_1_686' title='bbox 3206 2131 3306 2200; x_wconf 81' lang='lat' dir='ltr'><strong>qui</strong></span> <span class='ocrx_word' id='word_1_687' title='bbox 3337 2131 3496 2198; x_wconf 86' lang='lat' dir='ltr'><strong>primo</strong></span> <span class='ocrx_word' id='word_1_688' title='bbox 3520 2128 3599 2182; x_wconf 80' lang='lat' dir='ltr'><strong>ioco</strong></span> 
     </span>
    </p>
   </div>
   <div class='ocr_carea' id='block_1_87' title="bbox 2085 2221 3598 2291">
    <p class='ocr_par' dir='ltr' id='par_1_87' title="bbox 2085 2221 3598 2291">
     <span class='ocr_line' id='line_1_88' title="bbox 2085 2221 3598 2291; baseline -0.001 -15"><span class='ocrx_word' id='word_1_689' title='bbox 2085 2223 2361 2276; x_wconf 89' lang='lat' dir='ltr'><strong>constituti</strong></span> <span class='ocrx_word' id='word_1_690' title='bbox 2406 2232 2570 2287; x_wconf 88' lang='lat' dir='ltr'><strong>sunt,</strong></span> <span class='ocrx_word' id='word_1_691' title='bbox 2603 2232 2975 2291; x_wconf 86' lang='lat' dir='ltr'><strong>competenter</strong></span> <span class='ocrx_word' id='word_1_692' title='bbox 3017 2223 3296 2290; x_wconf 79' lang='lat' dir='ltr'><strong>primitias</strong></span> <span class='ocrx_word' id='word_1_693' title='bbox 3326 2223 3489 2275; x_wconf 88' lang='lat' dir='ltr'><strong>sancti</strong></span> <span class='ocrx_word' id='word_1_694' title='bbox 3513 2221 3598 2288; x_wconf 82' lang='lat' dir='ltr'><strong>Spi-</strong></span> 
     </span>
    </p>
   </div>
   <div class='ocr_carea' id='block_1_88' title="bbox 2085 2312 3598 2385">
    <p class='ocr_par' dir='ltr' id='par_1_88' title="bbox 2085 2312 3598 2385">
     <span class='ocr_line' id='line_1_89' title="bbox 2085 2312 3598 2385; baseline -0.001 -18"><span class='ocrx_word' id='word_1_695' title='bbox 2085 2315 2221 2367; x_wconf 87' lang='lat' dir='ltr'><strong>ritus</strong></span> <span class='ocrx_word' id='word_1_696' title='bbox 2250 2315 2442 2385; x_wconf 75' lang='lat' dir='ltr'><strong>gratia:</strong></span> <span class='ocrx_word' id='word_1_697' title='bbox 2479 2315 2740 2383; x_wconf 86' lang='lat' dir='ltr'><strong>spiritalis</strong></span> <span class='ocrx_word' id='word_1_698' title='bbox 2783 2315 2982 2368; x_wconf 86' lang='lat' dir='ltr'><strong>habere</strong></span> <span class='ocrx_word' id='word_1_699' title='bbox 3013 2316 3326 2368; x_wconf 88' lang='lat' dir='ltr'><strong>credentur.</strong></span> <span class='ocrx_word' id='word_1_700' title='bbox 3367 2312 3598 2380; x_wconf 80' lang='lat' dir='ltr'><strong>Nuncjatu</strong></span> 
     </span>
    </p>
   </div>
   <div class='ocr_carea' id='block_1_89' title="bbox 2085 2405 3599 2476">
    <p class='ocr_par' dir='ltr' id='par_1_89' title="bbox 2085 2405 3599 2476">
     <span class='ocr_line' id='line_1_90' title="bbox 2085 2405 3599 2476; baseline -0.002 -17"><span class='ocrx_word' id='word_1_701' title='bbox 2085 2408 2365 2462; x_wconf 82' lang='lat' dir='ltr'><strong>videamus</strong></span> <span class='ocrx_word' id='word_1_702' title='bbox 2394 2407 2664 2476; x_wconf 88' lang='lat' dir='ltr'><strong>quomodo</strong></span> <span class='ocrx_word' id='word_1_703' title='bbox 2691 2406 3033 2474; x_wconf 87' lang='lat' dir='ltr'><strong>adoptionem</strong></span> <span class='ocrx_word' id='word_1_704' title='bbox 3071 2405 3310 2460; x_wconf 91' lang='lat' dir='ltr'><strong>ﬁliorum</strong></span> <span class='ocrx_word' id='word_1_705' title='bbox 3340 2415 3599 2473; x_wconf 78' lang='lat' dir='ltr'><strong>exspectare</strong></span> 
     </span>
    </p>
   </div>
   <div class='ocr_carea' id='block_1_90' title="bbox 2086 2497 3599 2569">
    <p class='ocr_par' dir='ltr' id='par_1_90' title="bbox 2086 2497 3599 2569">
     <span class='ocr_line' id='line_1_91' title="bbox 2086 2497 3599 2569; baseline -0.001 -17"><span class='ocrx_word' id='word_1_706' title='bbox 2086 2513 2143 2552; x_wconf 85' lang='lat' dir='ltr'><strong>se</strong></span> <span class='ocrx_word' id='word_1_707' title='bbox 2192 2499 2335 2554; x_wconf 89' lang='lat' dir='ltr'><strong>dicat</strong></span> <span class='ocrx_word' id='word_1_708' title='bbox 2358 2501 2449 2568; x_wconf 93' lang='lat' dir='ltr'><strong>qui</strong></span> <span class='ocrx_word' id='word_1_709' title='bbox 2501 2498 2554 2553; x_wconf 92' lang='lat' dir='ltr'><strong>in</strong></span> <span class='ocrx_word' id='word_1_710' title='bbox 2604 2498 2977 2569; x_wconf 89' lang='lat' dir='ltr'><strong>superioribus</strong></span> <span class='ocrx_word' id='word_1_711' title='bbox 3025 2499 3158 2554; x_wconf 82' lang='lat' dir='ltr'><strong>dixit</strong></span> <span class='ocrx_word' id='word_1_712' title='bbox 3187 2499 3274 2562; x_wconf 76' lang='lat'><strong>&quot;,.</strong></span> <span class='ocrx_word' id='word_1_713' title='bbox 3305 2499 3432 2566; x_wconf 91' lang='lat' dir='ltr'><strong>quia</strong></span> <span class='ocrx_word' id='word_1_714' title='bbox 3481 2497 3599 2564; x_wconf 71' lang='lat' dir='ltr'><strong>«ipse</strong></span> 
     </span>
    </p>
   </div>
   <div class='ocr_carea' id='block_1_91' title="bbox 2085 2590 3596 2661">
    <p class='ocr_par' dir='ltr' id='par_1_91' title="bbox 2085 2590 3596 2661">
     <span class='ocr_line' id='line_1_92' title="bbox 2085 2590 3596 2661; baseline -0.003 -17"><span class='ocrx_word' id='word_1_715' title='bbox 2085 2590 2317 2659; x_wconf 90' lang='lat' dir='ltr'><strong>Spiritus</strong></span> <span class='ocrx_word' id='word_1_716' title='bbox 2359 2592 2723 2646; x_wconf 91' lang='lat' dir='ltr'><strong>testimonium</strong></span> <span class='ocrx_word' id='word_1_717' title='bbox 2774 2591 2951 2645; x_wconf 91' lang='lat' dir='ltr'><strong>reddit</strong></span> <span class='ocrx_word' id='word_1_718' title='bbox 2993 2591 3207 2661; x_wconf 89' lang='lat' dir='ltr'><strong>spiritui</strong></span> <span class='ocrx_word' id='word_1_719' title='bbox 3249 2600 3471 2654; x_wconf 86' lang='lat' dir='ltr'><strong>nostro,</strong></span> <span class='ocrx_word' id='word_1_720' title='bbox 3508 2591 3596 2656; x_wconf 81' lang='lat' dir='ltr'><strong>quia</strong></span> 
     </span>
    </p>
   </div>
   <div class='ocr_carea' id='block_1_92' title="bbox 2084 2683 3596 2751">
    <p class='ocr_par' dir='ltr' id='par_1_92' title="bbox 2084 2683 3596 2751">
     <span class='ocr_line' id='line_1_93' title="bbox 2084 2683 3596 2751; baseline -0.004 -12"><span class='ocrx_word' id='word_1_721' title='bbox 2084 2700 2269 2739; x_wconf 83' lang='lat' dir='ltr'><strong>Sumus</strong></span> <span class='ocrx_word' id='word_1_722' title='bbox 2319 2685 2414 2738; x_wconf 92' lang='lat' dir='ltr'><strong>ﬁlii</strong></span> <span class='ocrx_word' id='word_1_723' title='bbox 2459 2685 2590 2748; x_wconf 89' lang='lat' dir='ltr'><strong>Dei;</strong></span> <span class='ocrx_word' id='word_1_724' title='bbox 2622 2704 2640 2736; x_wconf 77' lang='grc' dir='ltr'><strong>ι</strong></span> <span class='ocrx_word' id='word_1_725' title='bbox 2695 2695 2750 2738; x_wconf 90' lang='lat' dir='ltr'><strong>et</strong></span> <span class='ocrx_word' id='word_1_726' title='bbox 2779 2687 2972 2739; x_wconf 89' lang='lat' dir='ltr'><strong>iterum</strong></span> <span class='ocrx_word' id='word_1_727' title='bbox 3017 2685 3292 2751; x_wconf 88' lang='lat' dir='ltr'><strong>quomodo</strong></span> <span class='ocrx_word' id='word_1_728' title='bbox 3324 2683 3596 2748; x_wconf 86' lang='lat' dir='ltr'><strong>redemptio-</strong></span> 
     </span>
    </p>
   </div>
   <div class='ocr_carea' id='block_1_93' title="bbox 2088 2769 3591 2845">
    <p class='ocr_par' dir='ltr' id='par_1_93' title="bbox 2088 2769 3591 2845">
     <span class='ocr_line' id='line_1_94' title="bbox 2088 2769 3591 2845; baseline -0.006 -17"><span class='ocrx_word' id='word_1_729' title='bbox 2088 2788 2214 2828; x_wconf 89' lang='lat' dir='ltr'><strong>nem</strong></span> <span class='ocrx_word' id='word_1_730' title='bbox 2245 2774 2483 2843; x_wconf 88' lang='lat' dir='ltr'><strong>eorporis</strong></span> <span class='ocrx_word' id='word_1_731' title='bbox 2523 2785 2704 2845; x_wconf 85' lang='lat' dir='ltr'><strong>sperat</strong></span> <span class='ocrx_word' id='word_1_732' title='bbox 2751 2775 2842 2844; x_wconf 91' lang='lat' dir='ltr'><strong>qui</strong></span> <span class='ocrx_word' id='word_1_733' title='bbox 2887 2776 2942 2829; x_wconf 81' lang='lat' dir='ltr'><strong>in</strong></span> <span class='ocrx_word' id='word_1_734' title='bbox 2986 2774 3102 2828; x_wconf 90' lang='lat' dir='ltr'><strong>aliis</strong></span> <span class='ocrx_word' id='word_1_735' title='bbox 3137 2773 3271 2828; x_wconf 86' lang='lat' dir='ltr'><strong>dicit</strong></span> <span class='ocrx_word' id='word_1_736' title='bbox 3303 2791 3315 2825; x_wconf 90' lang='lat'><strong>:</strong></span> <span class='ocrx_word' id='word_1_737' title='bbox 3352 2791 3372 2822; x_wconf 77' lang='grc' dir='ltr'><strong>ι</strong></span> <span class='ocrx_word' id='word_1_738' title='bbox 3401 2769 3591 2825; x_wconf 80' lang='lat' dir='ltr'><strong>Christus</strong></span> 
     </span>
    </p>
   </div>
   <div class='ocr_carea' id='block_1_94' title="bbox 2087 2861 3593 2936">
    <p class='ocr_par' dir='ltr' id='par_1_94' title="bbox 2087 2861 3593 2936">
     <span class='ocr_line' id='line_1_95' title="bbox 2087 2861 3593 2936; baseline -0.008 -13"><span class='ocrx_word' id='word_1_739' title='bbox 2087 2883 2186 2927; x_wconf 88' lang='lat' dir='ltr'><strong>nos</strong></span> <span class='ocrx_word' id='word_1_740' title='bbox 2227 2866 2453 2921; x_wconf 87' lang='lat' dir='ltr'><strong>redemit</strong></span> <span class='ocrx_word' id='word_1_741' title='bbox 2477 2867 2544 2921; x_wconf 83' lang='grc'><strong>⁸³.</strong></span> <span class='ocrx_word' id='word_1_742' title='bbox 2584 2885 2602 2917; x_wconf 76' lang='grc' dir='ltr'><strong>ι</strong></span> <span class='ocrx_word' id='word_1_743' title='bbox 2629 2866 2733 2920; x_wconf 87' lang='lat' dir='ltr'><strong>Sed</strong></span> <span class='ocrx_word' id='word_1_744' title='bbox 2753 2867 2883 2936; x_wconf 84' lang='lat'><strong>(27),</strong></span> <span class='ocrx_word' id='word_1_745' title='bbox 2908 2875 2968 2920; x_wconf 85' lang='lat' dir='ltr'><strong>ut</strong></span> <span class='ocrx_word' id='word_1_746' title='bbox 2990 2867 3117 2920; x_wconf 88' lang='lat' dir='ltr'><strong>mihi</strong></span> <span class='ocrx_word' id='word_1_747' title='bbox 3144 2866 3380 2927; x_wconf 87' lang='lat' dir='ltr'><strong>videtur,</strong></span> <span class='ocrx_word' id='word_1_748' title='bbox 3410 2864 3507 2932; x_wconf 88' lang='lat' dir='ltr'><strong>ipse</strong></span> <span class='ocrx_word' id='word_1_749' title='bbox 3524 2861 3593 2913; x_wconf 87' lang='lat' dir='ltr'><strong>hoc</strong></span> 
     </span>
    </p>
   </div>
   <div class='ocr_carea' id='block_1_95' title="bbox 2083 2951 3592 3030">
    <p class='ocr_par' dir='ltr' id='par_1_95' title="bbox 2083 2951 3592 3030">
     <span class='ocr_line' id='line_1_96' title="bbox 2083 2951 3592 3030; baseline -0.013 -14"><span class='ocrx_word' id='word_1_750' title='bbox 2083 2977 2147 3016; x_wconf 88' lang='lat' dir='ltr'><strong>eo</strong></span> <span class='ocrx_word' id='word_1_751' title='bbox 2177 2975 2426 3015; x_wconf 85' lang='lat' dir='ltr'><strong>sermone</strong></span> <span class='ocrx_word' id='word_1_752' title='bbox 2457 2959 2548 3030; x_wconf 86' lang='lat' dir='ltr'><strong>qui</strong></span> <span class='ocrx_word' id='word_1_753' title='bbox 2600 2959 2652 3012; x_wconf 93' lang='lat' dir='ltr'><strong>in</strong></span> <span class='ocrx_word' id='word_1_754' title='bbox 2698 2958 3047 3026; x_wconf 90' lang='lat' dir='ltr'><strong>sequentibus</strong></span> <span class='ocrx_word' id='word_1_755' title='bbox 3081 2956 3314 3010; x_wconf 89' lang='lat' dir='ltr'><strong>habetur</strong></span> <span class='ocrx_word' id='word_1_756' title='bbox 3339 2994 3355 3018; x_wconf 90' lang='lat'><strong>,</strong></span> <span class='ocrx_word' id='word_1_757' title='bbox 3397 2951 3592 3008; x_wconf 74' lang='lat' dir='ltr'><strong>absolvit.</strong></span> 
     </span>
    </p>
   </div>
   <div class='ocr_carea' id='block_1_96' title="bbox 2086 3046 3594 3121">
    <p class='ocr_par' dir='ltr' id='par_1_96' title="bbox 2086 3046 3594 3121">
     <span class='ocr_line' id='line_1_97' title="bbox 2086 3046 3594 3121; baseline -0.008 -15"><span class='ocrx_word' id='word_1_758' title='bbox 2086 3052 2174 3106; x_wconf 83' lang='lat' dir='ltr'><strong>Ait</strong></span> <span class='ocrx_word' id='word_1_759' title='bbox 2219 3051 2365 3106; x_wconf 89' lang='lat' dir='ltr'><strong>enim</strong></span> <span class='ocrx_word' id='word_1_760' title='bbox 2400 3069 2412 3103; x_wconf 89' lang='lat'><strong>:</strong></span> <span class='ocrx_word' id='word_1_761' title='bbox 2451 3070 2470 3102; x_wconf 86' lang='grc' dir='ltr'><strong>ι</strong></span> <span class='ocrx_word' id='word_1_762' title='bbox 2503 3049 2610 3119; x_wconf 90' lang='lat' dir='ltr'><strong>Spe</strong></span> <span class='ocrx_word' id='word_1_763' title='bbox 2653 3050 2782 3103; x_wconf 89' lang='lat' dir='ltr'><strong>salvi</strong></span> <span class='ocrx_word' id='word_1_764' title='bbox 2833 3049 2961 3103; x_wconf 79' lang='lat' dir='ltr'><strong>facti</strong></span> <span class='ocrx_word' id='word_1_765' title='bbox 3003 3062 3210 3102; x_wconf 90' lang='lat' dir='ltr'><strong>sumus.</strong></span> <span class='ocrx_word' id='word_1_766' title='bbox 3245 3065 3265 3098; x_wconf 75' lang='grc' dir='ltr'><strong>ι</strong></span> <span class='ocrx_word' id='word_1_767' title='bbox 3309 3046 3462 3121; x_wconf 77' lang='grc' dir='ltr'>Ωιιοά</span> <span class='ocrx_word' id='word_1_768' title='bbox 3505 3057 3594 3109; x_wconf 81' lang='lat' dir='ltr'><strong>ergo</strong></span> 
     </span>
    </p>
   </div>
   <div class='ocr_carea' id='block_1_97' title="bbox 2087 3134 3592 3209">
    <p class='ocr_par' dir='ltr' id='par_1_97' title="bbox 2087 3134 3592 3209">
     <span class='ocr_line' id='line_1_98' title="bbox 2087 3134 3592 3209; baseline -0.009 -11"><span class='ocrx_word' id='word_1_769' title='bbox 2087 3144 2179 3198; x_wconf 88' lang='lat' dir='ltr'><strong>ﬁlii</strong></span> <span class='ocrx_word' id='word_1_770' title='bbox 2235 3159 2465 3206; x_wconf 86' lang='lat' dir='ltr'><strong>smnus,</strong></span> <span class='ocrx_word' id='word_1_771' title='bbox 2511 3152 2566 3196; x_wconf 91' lang='lat' dir='ltr'><strong>et</strong></span> <span class='ocrx_word' id='word_1_772' title='bbox 2611 3142 2869 3209; x_wconf 84' lang='lat' dir='ltr'><strong>redempti</strong></span> <span class='ocrx_word' id='word_1_773' title='bbox 2916 3155 3131 3203; x_wconf 88' lang='lat' dir='ltr'><strong>suums,</strong></span> <span class='ocrx_word' id='word_1_774' title='bbox 3177 3150 3232 3192; x_wconf 94' lang='lat' dir='ltr'><strong>et</strong></span> <span class='ocrx_word' id='word_1_775' title='bbox 3274 3137 3413 3206; x_wconf 89' lang='lat' dir='ltr'><strong>quod</strong></span> <span class='ocrx_word' id='word_1_776' title='bbox 3449 3134 3592 3189; x_wconf 80' lang='lat' dir='ltr'><strong>salvati</strong></span> 
     </span>
    </p>
   </div>
   <div class='ocr_carea' id='block_1_98' title="bbox 2085 3230 3596 3303">
    <p class='ocr_par' dir='ltr' id='par_1_98' title="bbox 2085 3230 3596 3303">
     <span class='ocr_line' id='line_1_99' title="bbox 2085 3230 3596 3303; baseline -0.007 -14"><span class='ocrx_word' id='word_1_777' title='bbox 2085 3251 2296 3299; x_wconf 91' lang='lat' dir='ltr'><strong>sumus,</strong></span> <span class='ocrx_word' id='word_1_778' title='bbox 2332 3234 2386 3287; x_wconf 91' lang='lat' dir='ltr'><strong>in</strong></span> <span class='ocrx_word' id='word_1_779' title='bbox 2414 3249 2510 3303; x_wconf 89' lang='lat' dir='ltr'><strong>spe</strong></span> <span class='ocrx_word' id='word_1_780' title='bbox 2549 3233 2815 3287; x_wconf 90' lang='lat' dir='ltr'><strong>consistit.</strong></span> <span class='ocrx_word' id='word_1_781' title='bbox 2869 3249 2887 3282; x_wconf 86' lang='lat' dir='ltr'><strong>t</strong></span> <span class='ocrx_word' id='word_1_782' title='bbox 2913 3230 3064 3285; x_wconf 85' lang='lat' dir='ltr'><strong>Nunc</strong></span> <span class='ocrx_word' id='word_1_783' title='bbox 3094 3231 3234 3284; x_wconf 88' lang='lat' dir='ltr'><strong>enim</strong></span> <span class='ocrx_word' id='word_1_784' title='bbox 3271 3230 3498 3283; x_wconf 88' lang='lat' dir='ltr'><strong>videmus</strong></span> <span class='ocrx_word' id='word_1_785' title='bbox 3531 3239 3596 3292; x_wconf 82' lang='lat' dir='ltr'><strong>per</strong></span> 
     </span>
    </p>
   </div>
   <div class='ocr_carea' id='block_1_99' title="bbox 2085 3315 3594 3399">
    <p class='ocr_par' dir='ltr' id='par_1_99' title="bbox 2085 3315 3594 3399">
     <span class='ocr_line' id='line_1_100' title="bbox 2085 3315 3594 3399; baseline -0.007 -17"><span class='ocrx_word' id='word_1_786' title='bbox 2085 3328 2385 3399; x_wconf 91' lang='lat' dir='ltr'><strong>speculum,</strong></span> <span class='ocrx_word' id='word_1_787' title='bbox 2435 3336 2491 3381; x_wconf 91' lang='lat' dir='ltr'><strong>et</strong></span> <span class='ocrx_word' id='word_1_788' title='bbox 2540 3325 2592 3380; x_wconf 91' lang='lat' dir='ltr'><strong>in</strong></span> <span class='ocrx_word' id='word_1_789' title='bbox 2625 3325 2947 3394; x_wconf 69' lang='lat' dir='ltr'><strong>aenigmate;</strong></span> <span class='ocrx_word' id='word_1_790' title='bbox 2995 3335 3124 3377; x_wconf 93' lang='lat' dir='ltr'><strong>tunc</strong></span> <span class='ocrx_word' id='word_1_791' title='bbox 3171 3332 3352 3376; x_wconf 89' lang='lat' dir='ltr'><strong>autem</strong></span> <span class='ocrx_word' id='word_1_792' title='bbox 3399 3320 3515 3374; x_wconf 77' lang='lat' dir='ltr'><strong>facie</strong></span> <span class='ocrx_word' id='word_1_793' title='bbox 3548 3315 3594 3372; x_wconf 74' lang='lat' dir='ltr'><strong>ad</strong></span> 
     </span>
    </p>
   </div>
   <div class='ocr_carea' id='block_1_100' title="bbox 2087 3409 3594 3484">
    <p class='ocr_par' dir='ltr' id='par_1_100' title="bbox 2087 3409 3594 3484">
     <span class='ocr_line' id='line_1_101' title="bbox 2087 3409 3594 3484; baseline -0.011 -12"><span class='ocrx_word' id='word_1_794' title='bbox 2087 3417 2278 3472; x_wconf 74' lang='lat' dir='ltr'><strong>faciem</strong></span> <span class='ocrx_word' id='word_1_795' title='bbox 2303 3417 2347 3449; x_wconf 67' lang='grc'><strong>³⁵</strong></span> <span class='ocrx_word' id='word_1_796' title='bbox 2377 3433 2391 3471; x_wconf 92' lang='lat'><strong>:</strong></span> <span class='ocrx_word' id='word_1_797' title='bbox 2424 3434 2451 3468; x_wconf 81' lang='grc'><strong>›-</strong></span> <span class='ocrx_word' id='word_1_798' title='bbox 2480 3428 2578 3484; x_wconf 89' lang='lat' dir='ltr'><strong>per</strong></span> <span class='ocrx_word' id='word_1_799' title='bbox 2605 3412 2880 3483; x_wconf 88' lang='lat' dir='ltr'><strong>speculum</strong></span> <span class='ocrx_word' id='word_1_800' title='bbox 2909 3425 3039 3480; x_wconf 74' lang='lat' dir='ltr'><strong>ergo</strong></span> <span class='ocrx_word' id='word_1_801' title='bbox 3070 3419 3124 3465; x_wconf 92' lang='lat' dir='ltr'><strong>et</strong></span> <span class='ocrx_word' id='word_1_802' title='bbox 3155 3410 3206 3464; x_wconf 93' lang='lat' dir='ltr'><strong>in</strong></span> <span class='ocrx_word' id='word_1_803' title='bbox 3238 3409 3502 3477; x_wconf 61' lang='lat' dir='ltr'><strong>aenigmate</strong></span> <span class='ocrx_word' id='word_1_804' title='bbox 3532 3419 3594 3457; x_wconf 82' lang='lat' dir='ltr'><strong>ac-</strong></span> 
     </span>
    </p>
   </div>
   <div class='ocr_carea' id='block_1_101' title="bbox 2082 3494 3591 3579">
    <p class='ocr_par' dir='ltr' id='par_1_101' title="bbox 2082 3494 3591 3579">
     <span class='ocr_line' id='line_1_102' title="bbox 2082 3494 3591 3579; baseline -0.01 -17"><span class='ocrx_word' id='word_1_805' title='bbox 2082 3508 2312 3578; x_wconf 90' lang='lat' dir='ltr'><strong>cipimus</strong></span> <span class='ocrx_word' id='word_1_806' title='bbox 2342 3505 2456 3579; x_wconf 75' lang='lat'><strong>(28)</strong></span> <span class='ocrx_word' id='word_1_807' title='bbox 2489 3515 2544 3560; x_wconf 93' lang='lat' dir='ltr'><strong>et</strong></span> <span class='ocrx_word' id='word_1_808' title='bbox 2564 3505 2908 3573; x_wconf 89' lang='lat' dir='ltr'><strong>adoptionem</strong></span> <span class='ocrx_word' id='word_1_809' title='bbox 2931 3512 2988 3556; x_wconf 91' lang='lat' dir='ltr'><strong>et</strong></span> <span class='ocrx_word' id='word_1_810' title='bbox 3012 3500 3447 3570; x_wconf 88' lang='lat' dir='ltr'><strong>redemptionem.</strong></span> <span class='ocrx_word' id='word_1_811' title='bbox 3483 3494 3591 3548; x_wconf 73' lang='lat' dir='ltr'><strong>utd-</strong></span> 
     </span>
    </p>
   </div>
   <div class='ocr_carea' id='block_1_102' title="bbox 2082 3587 3593 3666">
    <p class='ocr_par' dir='ltr' id='par_1_102' title="bbox 2082 3587 3593 3666">
     <span class='ocr_line' id='line_1_103' title="bbox 2082 3587 3593 3666; baseline -0.009 -14"><span class='ocrx_word' id='word_1_812' title='bbox 2082 3600 2230 3654; x_wconf 89' lang='lat' dir='ltr'><strong>venit</strong></span> <span class='ocrx_word' id='word_1_813' title='bbox 2261 3618 2278 3650; x_wconf 76' lang='grc' dir='ltr'><strong>ι</strong></span> <span class='ocrx_word' id='word_1_814' title='bbox 2328 3599 2474 3652; x_wconf 91' lang='lat' dir='ltr'><strong>enim</strong></span> <span class='ocrx_word' id='word_1_815' title='bbox 2527 3615 2544 3648; x_wconf 86' lang='lat' dir='ltr'><strong>t</strong></span> <span class='ocrx_word' id='word_1_816' title='bbox 2570 3596 2846 3666; x_wconf 89' lang='lat' dir='ltr'><strong>plenitudo</strong></span> <span class='ocrx_word' id='word_1_817' title='bbox 2899 3603 3245 3662; x_wconf 88' lang='lat' dir='ltr'><strong>temporum,</strong></span> <span class='ocrx_word' id='word_1_818' title='bbox 3280 3613 3299 3644; x_wconf 72' lang='grc' dir='ltr'><strong>ι</strong></span> <span class='ocrx_word' id='word_1_819' title='bbox 3349 3601 3400 3647; x_wconf 91' lang='lat' dir='ltr'><strong>et</strong></span> <span class='ocrx_word' id='word_1_820' title='bbox 3445 3607 3462 3641; x_wconf 91' lang='lat' dir='ltr'><strong>t</strong></span> <span class='ocrx_word' id='word_1_821' title='bbox 3488 3587 3593 3643; x_wconf 87' lang='lat' dir='ltr'><strong>misit</strong></span> 
     </span>
    </p>
   </div>
   <div class='ocr_carea' id='block_1_103' title="bbox 2083 3679 3589 3750">
    <p class='ocr_par' dir='ltr' id='par_1_103' title="bbox 2083 3679 3589 3750">
     <span class='ocr_line' id='line_1_104' title="bbox 2083 3679 3589 3750; baseline -0.007 -6"><span class='ocrx_word' id='word_1_822' title='bbox 2083 3691 2223 3746; x_wconf 91' lang='lat' dir='ltr'><strong>Deus</strong></span> <span class='ocrx_word' id='word_1_823' title='bbox 2252 3688 2446 3744; x_wconf 86' lang='lat' dir='ltr'><strong>Filium</strong></span> <span class='ocrx_word' id='word_1_824' title='bbox 2475 3704 2630 3744; x_wconf 86' lang='lat' dir='ltr'><strong>suum</strong></span> <span class='ocrx_word' id='word_1_825' title='bbox 2670 3688 2869 3742; x_wconf 84' lang='lat' dir='ltr'><strong>factum</strong></span> <span class='ocrx_word' id='word_1_826' title='bbox 2900 3702 2968 3742; x_wconf 86' lang='lat' dir='ltr'><strong>ex</strong></span> <span class='ocrx_word' id='word_1_827' title='bbox 3011 3685 3238 3742; x_wconf 86' lang='lat' dir='ltr'><strong>muliere</strong></span> <span class='ocrx_word' id='word_1_828' title='bbox 3259 3728 3275 3750; x_wconf 93' lang='lat'><strong>,</strong></span> <span class='ocrx_word' id='word_1_829' title='bbox 3308 3685 3486 3740; x_wconf 82' lang='lat' dir='ltr'><strong>factum</strong></span> <span class='ocrx_word' id='word_1_830' title='bbox 3521 3679 3589 3736; x_wconf 80' lang='lat' dir='ltr'><strong>sub</strong></span> 
     </span>
    </p>
   </div>
   <div class='ocr_carea' id='block_1_104' title="bbox 2082 3771 3591 3852">
    <p class='ocr_par' dir='ltr' id='par_1_104' title="bbox 2082 3771 3591 3852">
     <span class='ocr_line' id='line_1_105' title="bbox 2082 3771 3591 3852; baseline -0.008 -15"><span class='ocrx_word' id='word_1_831' title='bbox 2082 3784 2220 3852; x_wconf 79' lang='lat' dir='ltr'><strong>lege,</strong></span> <span class='ocrx_word' id='word_1_832' title='bbox 2266 3791 2324 3836; x_wconf 91' lang='lat' dir='ltr'><strong>ut</strong></span> <span class='ocrx_word' id='word_1_833' title='bbox 2357 3797 2450 3836; x_wconf 90' lang='lat' dir='ltr'><strong>eos</strong></span> <span class='ocrx_word' id='word_1_834' title='bbox 2492 3782 2586 3851; x_wconf 91' lang='lat' dir='ltr'><strong>qui</strong></span> <span class='ocrx_word' id='word_1_835' title='bbox 2615 3782 2715 3836; x_wconf 88' lang='lat' dir='ltr'><strong>sub</strong></span> <span class='ocrx_word' id='word_1_836' title='bbox 2761 3780 2878 3847; x_wconf 85' lang='lat' dir='ltr'><strong>lege</strong></span> <span class='ocrx_word' id='word_1_837' title='bbox 2932 3787 3086 3832; x_wconf 89' lang='lat' dir='ltr'><strong>erant</strong></span> <span class='ocrx_word' id='word_1_838' title='bbox 3131 3779 3437 3840; x_wconf 85' lang='lat' dir='ltr'><strong>redimeret,</strong></span> <span class='ocrx_word' id='word_1_839' title='bbox 3462 3771 3591 3828; x_wconf 83' lang='lat' dir='ltr'><strong>utad-</strong></span> 
     </span>
    </p>
   </div>
   <div class='ocr_carea' id='block_1_105' title="bbox 2087 3870 3589 3943">
    <p class='ocr_par' dir='ltr' id='par_1_105' title="bbox 2087 3870 3589 3943">
     <span class='ocr_line' id='line_1_106' title="bbox 2087 3870 3589 3943; baseline -0.009 -14"><span class='ocrx_word' id='word_1_840' title='bbox 2087 3877 2358 3943; x_wconf 82' lang='lat' dir='ltr'><strong>0ptionem</strong></span> <span class='ocrx_word' id='word_1_841' title='bbox 2392 3875 2626 3928; x_wconf 91' lang='lat' dir='ltr'><strong>ﬁliorum</strong></span> <span class='ocrx_word' id='word_1_842' title='bbox 2662 3875 3026 3942; x_wconf 87' lang='lat' dir='ltr'><strong>reciperemus</strong></span> <span class='ocrx_word' id='word_1_843' title='bbox 3057 3872 3123 3928; x_wconf 85' lang='grc'><strong>³⁵.</strong></span> <span class='ocrx_word' id='word_1_844' title='bbox 3145 3890 3163 3923; x_wconf 71' lang='grc' dir='ltr'><strong>ι</strong></span> <span class='ocrx_word' id='word_1_845' title='bbox 3192 3870 3481 3938; x_wconf 82' lang='lat' dir='ltr'><strong>Recipimus</strong></span> <span class='ocrx_word' id='word_1_846' title='bbox 3499 3877 3589 3932; x_wconf 79' lang='lat' dir='ltr'><strong>ergo</strong></span> 
     </span>
    </p>
   </div>
   <div class='ocr_carea' id='block_1_106' title="bbox 2091 3957 3585 4038">
    <p class='ocr_par' dir='ltr' id='par_1_106' title="bbox 2091 3957 3585 4038">
     <span class='ocr_line' id='line_1_107' title="bbox 2091 3957 3585 4038; baseline -0.013 -14"><span class='ocrx_word' id='word_1_847' title='bbox 2091 3969 2201 4038; x_wconf 87' lang='grc'><strong>(29)</strong></span> <span class='ocrx_word' id='word_1_848' title='bbox 2243 3968 2584 4037; x_wconf 90' lang='lat' dir='ltr'><strong>adoptionem</strong></span> <span class='ocrx_word' id='word_1_849' title='bbox 2606 4007 2620 4031; x_wconf 95' lang='lat'><strong>,</strong></span> <span class='ocrx_word' id='word_1_850' title='bbox 2666 3968 2759 4021; x_wconf 87' lang='lat' dir='ltr'><strong>sed</strong></span> <span class='ocrx_word' id='word_1_851' title='bbox 2791 3965 2950 4020; x_wconf 88' lang='lat' dir='ltr'><strong>istam</strong></span> <span class='ocrx_word' id='word_1_852' title='bbox 2979 3980 3097 4033; x_wconf 70' lang='lat' dir='ltr'><strong>quae</strong></span> <span class='ocrx_word' id='word_1_853' title='bbox 3134 3975 3215 4018; x_wconf 91' lang='lat' dir='ltr'><strong>est</strong></span> <span class='ocrx_word' id='word_1_854' title='bbox 3249 3978 3343 4032; x_wconf 86' lang='lat' dir='ltr'><strong>per</strong></span> <span class='ocrx_word' id='word_1_855' title='bbox 3368 3957 3585 4029; x_wconf 87' lang='lat' dir='ltr'><strong>speculum</strong></span> 
     </span>
    </p>
   </div>
   <div class='ocr_carea' id='block_1_107' title="bbox 2087 4046 3584 4132">
    <p class='ocr_par' dir='ltr' id='par_1_107' title="bbox 2087 4046 3584 4132">
     <span class='ocr_line' id='line_1_108' title="bbox 2087 4046 3584 4132; baseline -0.012 -16"><span class='ocrx_word' id='word_1_856' title='bbox 2087 4074 2139 4117; x_wconf 92' lang='lat' dir='ltr'><strong>et</strong></span> <span class='ocrx_word' id='word_1_857' title='bbox 2173 4064 2223 4116; x_wconf 88' lang='lat' dir='ltr'><strong>in</strong></span> <span class='ocrx_word' id='word_1_858' title='bbox 2255 4061 2557 4132; x_wconf 70' lang='lat' dir='ltr'><strong>aenigmate.</strong></span> <span class='ocrx_word' id='word_1_859' title='bbox 2587 4059 2719 4114; x_wconf 92' lang='lat' dir='ltr'><strong>Cum</strong></span> <span class='ocrx_word' id='word_1_860' title='bbox 2772 4068 2949 4113; x_wconf 89' lang='lat' dir='ltr'><strong>autem</strong></span> <span class='ocrx_word' id='word_1_861' title='bbox 2981 4056 3231 4112; x_wconf 88' lang='lat' dir='ltr'><strong>venerint</strong></span> <span class='ocrx_word' id='word_1_862' title='bbox 3255 4068 3374 4118; x_wconf 66' lang='lat' dir='ltr'><strong>qua:</strong></span> <span class='ocrx_word' id='word_1_863' title='bbox 3408 4046 3584 4122; x_wconf 77' lang='lat' dir='ltr'><strong>perfecta</strong></span> 
     </span>
    </p>
   </div>
   <div class='ocr_carea' id='block_1_108' title="bbox 2089 4147 3585 4223">
    <p class='ocr_par' dir='ltr' id='par_1_108' title="bbox 2089 4147 3585 4223">
     <span class='ocr_line' id='line_1_109' title="bbox 2089 4147 3585 4223; baseline -0.01 -15"><span class='ocrx_word' id='word_1_864' title='bbox 2089 4164 2234 4220; x_wconf 90' lang='lat' dir='ltr'><strong>sunt,</strong></span> <span class='ocrx_word' id='word_1_865' title='bbox 2276 4165 2404 4208; x_wconf 92' lang='lat' dir='ltr'><strong>tunc</strong></span> <span class='ocrx_word' id='word_1_866' title='bbox 2446 4154 2788 4223; x_wconf 87' lang='lat' dir='ltr'><strong>adoptionem</strong></span> <span class='ocrx_word' id='word_1_867' title='bbox 2835 4169 2852 4202; x_wconf 90' lang='lat' dir='ltr'><strong>t</strong></span> <span class='ocrx_word' id='word_1_868' title='bbox 2887 4151 3025 4205; x_wconf 87' lang='lat' dir='ltr'><strong>lacie</strong></span> <span class='ocrx_word' id='word_1_869' title='bbox 3069 4149 3134 4203; x_wconf 88' lang='lat' dir='ltr'><strong>ad</strong></span> <span class='ocrx_word' id='word_1_870' title='bbox 3178 4147 3372 4202; x_wconf 83' lang='lat' dir='ltr'><strong>faciem</strong></span> <span class='ocrx_word' id='word_1_871' title='bbox 3399 4163 3419 4195; x_wconf 68' lang='grc' dir='ltr'><strong>ι</strong></span> <span class='ocrx_word' id='word_1_872' title='bbox 3445 4151 3585 4196; x_wconf 82' lang='lat' dir='ltr'><strong>conse-</strong></span> 
     </span>
    </p>
   </div>
   <div class='ocr_carea' id='block_1_109' title="bbox 2011 4237 3584 4314">
    <p class='ocr_par' dir='ltr' id='par_1_109' title="bbox 2011 4237 3584 4314">
     <span class='ocr_line' id='line_1_110' title="bbox 2011 4237 3584 4314; baseline -0.011 -14"><span class='ocrx_word' id='word_1_873' title='bbox 2011 4258 2056 4313; x_wconf 81' lang='grc' dir='ltr'>ι)</span> <span class='ocrx_word' id='word_1_874' title='bbox 2085 4261 2336 4314; x_wconf 89' lang='lat' dir='ltr'><strong>quemur.</strong></span> <span class='ocrx_word' id='word_1_875' title='bbox 2368 4245 2522 4311; x_wconf 89' lang='lat' dir='ltr'><strong>Quod</strong></span> <span class='ocrx_word' id='word_1_876' title='bbox 2549 4252 2732 4297; x_wconf 88' lang='lat' dir='ltr'><strong>autem</strong></span> <span class='ocrx_word' id='word_1_877' title='bbox 2762 4242 2920 4306; x_wconf 80' lang='lat' dir='ltr'><strong>dixit,</strong></span> <span class='ocrx_word' id='word_1_878' title='bbox 2953 4259 2971 4291; x_wconf 90' lang='grc' dir='ltr'><strong>ι</strong></span> <span class='ocrx_word' id='word_1_879' title='bbox 3000 4237 3413 4307; x_wconf 88' lang='lat' dir='ltr'><strong>redemptionem</strong></span> <span class='ocrx_word' id='word_1_880' title='bbox 3438 4243 3584 4298; x_wconf 85' lang='lat' dir='ltr'><strong>corpo-</strong></span> 
     </span>
    </p>
   </div>
   <div class='ocr_carea' id='block_1_110' title="bbox 2392 4345 3582 4419">
    <p class='ocr_par' dir='ltr' id='par_1_110' title="bbox 2392 4345 3582 4419">
     <span class='ocr_line' id='line_1_111' title="bbox 2392 4345 3582 4419; baseline -0.008 -5"><span class='ocrx_word' id='word_1_881' title='bbox 2392 4361 2435 4392; x_wconf 86' lang='lat'><strong>&quot;’</strong></span> <span class='ocrx_word' id='word_1_882' title='bbox 2467 4359 2511 4414; x_wconf 92' lang='grc'><strong>11</strong></span> <span class='ocrx_word' id='word_1_883' title='bbox 2536 4359 2661 4412; x_wconf 90' lang='lat' dir='ltr'><strong>Cor.</strong></span> <span class='ocrx_word' id='word_1_884' title='bbox 2696 4355 2842 4419; x_wconf 71' lang='lat'><strong>&quot;1,6.</strong></span> <span class='ocrx_word' id='word_1_885' title='bbox 2917 4357 2961 4388; x_wconf 76' lang='grc'><strong>’⁸</strong></span> <span class='ocrx_word' id='word_1_886' title='bbox 2998 4355 3150 4409; x_wconf 78' lang='lat' dir='ltr'><strong>Rom.</strong></span> <span class='ocrx_word' id='word_1_887' title='bbox 3181 4369 3272 4416; x_wconf 77' lang='lat' dir='ltr'><strong>xv,</strong></span> <span class='ocrx_word' id='word_1_888' title='bbox 3307 4351 3388 4405; x_wconf 85' lang='grc'><strong>19.</strong></span> <span class='ocrx_word' id='word_1_889' title='bbox 3451 4348 3488 4380; x_wconf 77' lang='grc'><strong>’⁸</strong></span> 
     </span>
    </p>
   </div>
   <div class='ocr_carea' id='block_1_111' title="bbox 2018 4414 3580 4497">
    <p class='ocr_par' dir='ltr' id='par_1_111' title="bbox 2018 4414 3580 4497">
     <span class='ocr_line' id='line_1_112' title="bbox 2018 4414 3580 4497; baseline -0.015 -10"><span class='ocrx_word' id='word_1_890' title='bbox 2018 4414 2177 4488; x_wconf 61' lang='lat' dir='ltr'><strong>liam.</strong></span> <span class='ocrx_word' id='word_1_891' title='bbox 2203 4414 2330 4497; x_wconf 55' lang='lat' dir='ltr'><strong>inii,</strong></span> <span class='ocrx_word' id='word_1_892' title='bbox 2366 4431 2451 4486; x_wconf 84' lang='grc'><strong>16.</strong></span> <span class='ocrx_word' id='word_1_893' title='bbox 2539 4429 2583 4461; x_wconf 80' lang='grc'>³³</span> <span class='ocrx_word' id='word_1_894' title='bbox 2624 4414 2800 4483; x_wconf 75' lang='lat' dir='ltr'><strong>Galat.</strong></span> <span class='ocrx_word' id='word_1_895' title='bbox 2833 4443 2916 4492; x_wconf 84' lang='grc' dir='ltr'>ιιι,</span> <span class='ocrx_word' id='word_1_896' title='bbox 2949 4427 3035 4481; x_wconf 77' lang='grc'><strong>15.</strong></span> <span class='ocrx_word' id='word_1_897' title='bbox 3113 4425 3160 4456; x_wconf 70' lang='grc'>³⁸</span> <span class='ocrx_word' id='word_1_898' title='bbox 3189 4425 3209 4478; x_wconf 93' lang='grc'><strong>1</strong></span> <span class='ocrx_word' id='word_1_899' title='bbox 3240 4414 3362 4478; x_wconf 81' lang='lat' dir='ltr'><strong>Cor.</strong></span> <span class='ocrx_word' id='word_1_900' title='bbox 3394 4434 3496 4483; x_wconf 80' lang='lat' dir='ltr'><strong>xm,</strong></span> <span class='ocrx_word' id='word_1_901' title='bbox 3525 4414 3580 4467; x_wconf 72' lang='lat' dir='ltr'><strong>l2.</strong></span> 
     </span>
    </p>
   </div>
   <div class='ocr_carea' id='block_1_112' title="bbox 2175 4585 3577 4668">
    <p class='ocr_par' dir='ltr' id='par_1_112' title="bbox 2175 4585 3577 4668">
     <span class='ocr_line' id='line_1_113' title="bbox 2175 4585 3577 4668; baseline -0.021 -2"><span class='ocrx_word' id='word_1_902' title='bbox 2175 4599 2265 4664; x_wconf 60' lang='grc'><strong>24)</strong></span> <span class='ocrx_word' id='word_1_903' title='bbox 2293 4597 2437 4652; x_wconf 88' lang='lat' dir='ltr'><strong>Editi</strong></span> <span class='ocrx_word' id='word_1_904' title='bbox 2457 4638 2472 4661; x_wconf 86' lang='lat'><strong>,</strong></span> <span class='ocrx_word' id='word_1_905' title='bbox 2505 4617 2525 4649; x_wconf 78' lang='grc' dir='ltr'><strong>ι</strong></span> <span class='ocrx_word' id='word_1_906' title='bbox 2549 4597 2625 4652; x_wconf 84' lang='lat' dir='ltr'><strong>Ne</strong></span> <span class='ocrx_word' id='word_1_907' title='bbox 2652 4596 2789 4652; x_wconf 77' lang='lat' dir='ltr'><strong>forte</strong></span> <span class='ocrx_word' id='word_1_908' title='bbox 2809 4610 2941 4664; x_wconf 82' lang='lat' dir='ltr'><strong>ergo</strong></span> <span class='ocrx_word' id='word_1_909' title='bbox 2965 4594 3052 4647; x_wconf 89' lang='lat' dir='ltr'><strong>ubi</strong></span> <span class='ocrx_word' id='word_1_910' title='bbox 3077 4585 3577 4668; x_wconf 68' lang='lat' dir='ltr'><strong>illeprimogenitusv</strong></span> 
     </span>
    </p>
   </div>
   <div class='ocr_carea' id='block_1_113' title="bbox 2152 4597 3577 4741">
    <p class='ocr_par' dir='ltr' id='par_1_113' title="bbox 2152 4597 3577 4741">
     <span class='ocr_line' id='line_1_114' title="bbox 2175 4597 3577 4664; baseline -0.026 2"><span class='ocrx_word' id='word_1_911' title='bbox 2175 4599 2265 4664; x_wconf 60' lang='grc'><strong>24)</strong></span> <span class='ocrx_word' id='word_1_912' title='bbox 2293 4597 2437 4652; x_wconf 88' lang='lat' dir='ltr'><strong>Editi</strong></span> <span class='ocrx_word' id='word_1_913' title='bbox 2457 4638 2472 4661; x_wconf 86' lang='lat'><strong>,</strong></span> <span class='ocrx_word' id='word_1_914' title='bbox 2505 4617 2525 4649; x_wconf 78' lang='grc' dir='ltr'><strong>ι</strong></span> <span class='ocrx_word' id='word_1_915' title='bbox 2549 4597 2625 4652; x_wconf 84' lang='lat' dir='ltr'><strong>Ne</strong></span> <span class='ocrx_word' id='word_1_916' title='bbox 2652 4597 2789 4652; x_wconf 76' lang='lat' dir='ltr'><strong>forte</strong></span> <span class='ocrx_word' id='word_1_917' title='bbox 2809 4610 2941 4664; x_wconf 82' lang='lat' dir='ltr'><strong>ergo</strong></span> <span class='ocrx_word' id='word_1_918' title='bbox 2965 4597 3052 4647; x_wconf 89' lang='lat' dir='ltr'><strong>ubi</strong></span> <span class='ocrx_word' id='word_1_919' title='bbox 3077 4597 3168 4647; x_wconf 91' lang='lat' dir='ltr'><strong>ille</strong></span> <span class='ocrx_word' id='word_1_920' title='bbox 3201 4597 3577 4658; x_wconf 64' lang='lat' dir='ltr'><strong>primogenitum</strong></span> 
     </span>
     <span class='ocr_line' id='line_1_115' title="bbox 2152 4597 3577 4741; baseline -0.012 -18"><span class='ocrx_word' id='word_1_921' title='bbox 2152 4597 2268 4740; x_wconf 49' lang='lat'><strong>£25)</strong></span> <span class='ocrx_word' id='word_1_922' title='bbox 2303 4669 2496 4741; x_wconf 83' lang='lat' dir='ltr'><strong>Editi_,_</strong></span> <span class='ocrx_word' id='word_1_923' title='bbox 2529 4686 2548 4719; x_wconf 87' lang='lat' dir='ltr'><strong>t</strong></span> <span class='ocrx_word' id='word_1_924' title='bbox 2581 4668 2816 4741; x_wconf 80' lang='lat' dir='ltr'><strong>Spiritus</strong></span> <span class='ocrx_word' id='word_1_925' title='bbox 2858 4675 3098 4720; x_wconf 90' lang='lat' dir='ltr'><strong>sanctus.</strong></span> <span class='ocrx_word' id='word_1_926' title='bbox 3146 4662 3226 4741; x_wconf 76' lang='lat' dir='ltr'><strong>Sit</strong></span> <span class='ocrx_word' id='word_1_927' title='bbox 3251 4675 3378 4741; x_wconf 74' lang='lat' dir='ltr'><strong>ergo</strong></span> <span class='ocrx_word' id='word_1_928' title='bbox 3408 4658 3577 4741; x_wconf 72' lang='lat' dir='ltr'><strong>iste</strong></span> 
     </span>
    </p>
   </div>
   <div class='ocr_carea' id='block_1_114' title="bbox 2081 4726 3580 4811">
    <p class='ocr_par' dir='ltr' id='par_1_114' title="bbox 2081 4726 3580 4811">
     <span class='ocr_line' id='line_1_116' title="bbox 2081 4726 3580 4811; baseline -0.009 -17"><span class='ocrx_word' id='word_1_929' title='bbox 2081 4726 2362 4811; x_wconf 75' lang='lat' dir='ltr'><strong>positionis</strong></span> <span class='ocrx_word' id='word_1_930' title='bbox 2437 4726 2880 4811; x_wconf 81' lang='lat' dir='ltr'><strong>(Cenebrardus,</strong></span> <span class='ocrx_word' id='word_1_931' title='bbox 2955 4726 3443 4804; x_wconf 60' lang='lat' dir='ltr'><strong>(propositionum)</strong></span> <span class='ocrx_word' id='word_1_932' title='bbox 3508 4733 3580 4775; x_wconf 45' lang='lat' dir='ltr'><strong>terr</strong></span> 
     </span>
    </p>
   </div>
   <div class='ocr_carea' id='block_1_115' title="bbox 2084 4823 2412 4866">
    <p class='ocr_par' dir='ltr' id='par_1_115' title="bbox 2084 4823 2412 4866">
     <span class='ocr_line' id='line_1_117' title="bbox 2084 4823 2412 4866; baseline -0.006 -2"><span class='ocrx_word' id='word_1_933' title='bbox 2084 4823 2191 4866; x_wconf 83' lang='lat' dir='ltr'><strong>tius</strong></span> <span class='ocrx_word' id='word_1_934' title='bbox 2209 4851 2224 4866; x_wconf 81' lang='lat'><strong>.</strong></span> <span class='ocrx_word' id='word_1_935' title='bbox 2251 4830 2268 4862; x_wconf 70' lang='grc' dir='ltr'><strong>ι</strong></span> <span class='ocrx_word' id='word_1_936' title='bbox 2304 4823 2412 4864; x_wconf 91' lang='lat' dir='ltr'><strong>etc.</strong></span> 
     </span>
    </p>
   </div>
   <div class='ocr_carea' id='block_1_116' title="bbox 2156 4851 3575 4952">
    <p class='ocr_par' dir='ltr' id='par_1_116' title="bbox 2156 4851 3575 4952">
     <span class='ocr_line' id='line_1_118' title="bbox 2156 4851 3575 4952; baseline -0.013 -17"><span class='ocrx_word' id='word_1_937' title='bbox 2436 4879 2564 4952; x_wconf 89' lang='lat' dir='ltr'><strong>editi</strong></span> <span class='ocrx_word' id='word_1_938' title='bbox 2609 4889 2665 4933; x_wconf 89' lang='lat' dir='ltr'><strong>et</strong></span> <span class='ocrx_word' id='word_1_939' title='bbox 2709 4887 2810 4932; x_wconf 86' lang='lat' dir='ltr'><strong>ms.</strong></span> <span class='ocrx_word' id='word_1_940' title='bbox 2848 4891 3008 4930; x_wconf 90' lang='lat' dir='ltr'><strong>unus.</strong></span> <span class='ocrx_word' id='word_1_941' title='bbox 3039 4873 3234 4930; x_wconf 70' lang='lat' dir='ltr'><strong>Caeteri</strong></span> <span class='ocrx_word' id='word_1_942' title='bbox 3266 4885 3384 4928; x_wconf 88' lang='lat' dir='ltr'><strong>vero</strong></span> <span class='ocrx_word' id='word_1_943' title='bbox 3412 4879 3514 4921; x_wconf 85' lang='lat' dir='ltr'><strong>mss.</strong></span> <span class='ocrx_word' id='word_1_944' title='bbox 3540 4871 3575 4914; x_wconf 80' lang='lat' dir='ltr'><strong>et</strong></span> 
     </span>
    </p>
   </div>
   <div class='ocr_carea' id='block_1_117' title="bbox 2089 4950 2835 5014">
    <p class='ocr_par' dir='ltr' id='par_1_117' title="bbox 2089 4950 2835 5014">
     <span class='ocr_line' id='line_1_119' title="bbox 2089 4950 2835 5014; baseline -0.008 -8"><span class='ocrx_word' id='word_1_945' title='bbox 2089 4950 2366 5014; x_wconf 75' lang='lat' dir='ltr'><strong>Raltanus,</strong></span> <span class='ocrx_word' id='word_1_946' title='bbox 2404 4969 2422 5001; x_wconf 86' lang='lat' dir='ltr'><strong>t</strong></span> <span class='ocrx_word' id='word_1_947' title='bbox 2451 4950 2792 5004; x_wconf 82' lang='lat' dir='ltr'><strong>videbantur.</strong></span> <span class='ocrx_word' id='word_1_948' title='bbox 2815 4967 2835 5000; x_wconf 75' lang='grc' dir='ltr'><strong>ι</strong></span> 
     </span>
    </p>
   </div>
   <div class='ocr_carea' id='block_1_118' title="bbox 2187 5019 2890 5082">
    <p class='ocr_par' dir='ltr' id='par_1_118' title="bbox 2187 5019 2890 5082">
     <span class='ocr_line' id='line_1_120' title="bbox 2187 5019 2890 5082; baseline -0.009 -8"><span class='ocrx_word' id='word_1_949' title='bbox 2187 5022 2277 5082; x_wconf 78' lang='grc'><strong>271</strong></span> <span class='ocrx_word' id='word_1_950' title='bbox 2309 5021 2440 5074; x_wconf 84' lang='lat' dir='ltr'><strong>Sed.</strong></span> <span class='ocrx_word' id='word_1_951' title='bbox 2477 5021 2642 5082; x_wconf 85' lang='lat' dir='ltr'><strong>Editi,</strong></span> <span class='ocrx_word' id='word_1_952' title='bbox 2681 5037 2699 5068; x_wconf 83' lang='lat' dir='ltr'><strong>t</strong></span> <span class='ocrx_word' id='word_1_953' title='bbox 2731 5019 2844 5072; x_wconf 87' lang='lat' dir='ltr'><strong>Sic.</strong></span> <span class='ocrx_word' id='word_1_954' title='bbox 2871 5035 2890 5068; x_wconf 67' lang='grc' dir='ltr'><strong>ι</strong></span> 
     </span>
    </p>
   </div>
   <div class='ocr_carea' id='block_1_119' title="bbox 2165 5023 3571 5165">
    <p class='ocr_par' dir='ltr' id='par_1_119' title="bbox 2165 5023 3571 5165">
     <span class='ocr_line' id='line_1_121' title="bbox 2187 5023 2890 5082; baseline -0.009 -8"><span class='ocrx_word' id='word_1_955' title='bbox 2187 5023 2277 5076; x_wconf 75' lang='grc'><strong>271</strong></span> <span class='ocrx_word' id='word_1_956' title='bbox 2309 5023 2440 5074; x_wconf 84' lang='lat' dir='ltr'><strong>Sed.</strong></span> <span class='ocrx_word' id='word_1_957' title='bbox 2477 5023 2642 5082; x_wconf 84' lang='lat' dir='ltr'><strong>Editi,</strong></span> <span class='ocrx_word' id='word_1_958' title='bbox 2681 5037 2699 5068; x_wconf 83' lang='lat' dir='ltr'><strong>t</strong></span> <span class='ocrx_word' id='word_1_959' title='bbox 2731 5023 2844 5072; x_wconf 87' lang='lat' dir='ltr'><strong>Sic.</strong></span> <span class='ocrx_word' id='word_1_960' title='bbox 2871 5035 2890 5068; x_wconf 66' lang='grc' dir='ltr'><strong>ι</strong></span> 
     </span>
     <span class='ocr_line' id='line_1_122' title="bbox 2165 5023 3571 5165; baseline -0.018 -13"><span class='ocrx_word' id='word_1_961' title='bbox 2165 5023 2280 5164; x_wconf 46' lang='grc' dir='ltr'><strong>ἷξε)</strong></span> <span class='ocrx_word' id='word_1_962' title='bbox 2310 5091 2473 5165; x_wconf 85' lang='lat' dir='ltr'><strong>Editi,</strong></span> <span class='ocrx_word' id='word_1_963' title='bbox 2512 5109 2534 5165; x_wconf 61' lang='grc' dir='ltr'><strong>ι</strong></span> <span class='ocrx_word' id='word_1_964' title='bbox 2563 5089 2716 5144; x_wconf 83' lang='lat' dir='ltr'><strong>Nune</strong></span> <span class='ocrx_word' id='word_1_965' title='bbox 2739 5098 2920 5142; x_wconf 90' lang='lat' dir='ltr'><strong>autem</strong></span> <span class='ocrx_word' id='word_1_966' title='bbox 2948 5087 3193 5165; x_wconf 75' lang='lat' dir='ltr'><strong>videmus</strong></span> <span class='ocrx_word' id='word_1_967' title='bbox 3221 5097 3316 5165; x_wconf 71' lang='lat' dir='ltr'><strong>per</strong></span> <span class='ocrx_word' id='word_1_968' title='bbox 3348 5073 3571 5165; x_wconf 40' lang='lat' dir='ltr'><strong>speculum:</strong></span> 
     </span>
    </p>
   </div>
   <div class='ocr_carea' id='block_1_120' title="bbox 2090 5150 3572 5232">
    <p class='ocr_par' dir='ltr' id='par_1_120' title="bbox 2090 5150 3572 5232">
     <span class='ocr_line' id='line_1_123' title="bbox 2090 5150 3572 5232; baseline -0.012 -16"><span class='ocrx_word' id='word_1_969' title='bbox 2090 5150 2336 5217; x_wconf 56' lang='lat' dir='ltr'><strong>vid‘em&#39;us</strong></span> <span class='ocrx_word' id='word_1_970' title='bbox 2361 5163 2414 5215; x_wconf 90' lang='lat' dir='ltr'><strong>in</strong></span> <span class='ocrx_word' id='word_1_971' title='bbox 2437 5150 2722 5232; x_wconf 59' lang='lat' dir='ltr'><strong>aenigmate</strong></span> <span class='ocrx_word' id='word_1_972' title='bbox 2753 5178 2764 5212; x_wconf 91' lang='lat'>:</span> <span class='ocrx_word' id='word_1_973' title='bbox 2797 5156 3188 5232; x_wconf 61' lang='lat' dir='ltr'><strong>perspeculnm</strong></span> <span class='ocrx_word' id='word_1_974' title='bbox 3213 5150 3267 5208; x_wconf 82' lang='lat' dir='ltr'><strong>et</strong></span> <span class='ocrx_word' id='word_1_975' title='bbox 3279 5150 3572 5232; x_wconf 40' lang='lat' dir='ltr'><strong>iniungas)?</strong></span> 
     </span>
    </p>
   </div>
   <div class='ocr_carea' id='block_1_121' title="bbox 2091 5213 3570 5301">
    <p class='ocr_par' dir='ltr' id='par_1_121' title="bbox 2091 5213 3570 5301">
     <span class='ocr_line' id='line_1_124' title="bbox 2091 5213 3570 5301; baseline -0.009 -14"><span class='ocrx_word' id='word_1_976' title='bbox 2091 5213 2572 5301; x_wconf 17' lang='lat' dir='ltr'><strong>accipitribus—pete:</strong></span> <span class='ocrx_word' id='word_1_977' title='bbox 2585 5213 2588 5214; x_wconf 13' lang='grc' dir='ltr'><em>ν</em></span> <span class='ocrx_word' id='word_1_978' title='bbox 2602 5213 2710 5284; x_wconf 78' lang='lat' dir='ltr'><strong>Ms.</strong></span> <span class='ocrx_word' id='word_1_979' title='bbox 2727 5213 2864 5301; x_wconf 63' lang='lat' dir='ltr'><strong>units</strong></span> <span class='ocrx_word' id='word_1_980' title='bbox 2891 5213 3257 5301; x_wconf 67' lang='lat' dir='ltr'><strong>liegiusnum.</strong></span> <span class='ocrx_word' id='word_1_981' title='bbox 3274 5219 3416 5276; x_wconf 74' lang='grc'><strong>1639,</strong></span> <span class='ocrx_word' id='word_1_982' title='bbox 3437 5233 3451 5266; x_wconf 73' lang='grc' dir='ltr'><strong>ι</strong></span> 
     </span>
    </p>
   </div>
   <div class='ocr_carea' id='block_1_122' title="bbox 2091 5292 3568 5374">
    <p class='ocr_par' dir='ltr' id='par_1_122' title="bbox 2091 5292 3568 5374">
     <span class='ocr_line' id='line_1_125' title="bbox 2091 5292 3568 5374; baseline -0.011 -16"><span class='ocrx_word' id='word_1_983' title='bbox 2091 5292 2232 5358; x_wconf 81' lang='lat' dir='ltr'><strong>enim</strong></span> <span class='ocrx_word' id='word_1_984' title='bbox 2251 5292 2492 5374; x_wconf 81' lang='lat' dir='ltr'><strong>videmus</strong></span> <span class='ocrx_word' id='word_1_985' title='bbox 2516 5299 2905 5374; x_wconf 29' lang='lat' dir='ltr'><strong>perispeculmn</strong></span> <span class='ocrx_word' id='word_1_986' title='bbox 2925 5292 2993 5374; x_wconf 72' lang='lat' dir='ltr'><strong>iii</strong></span> <span class='ocrx_word' id='word_1_987' title='bbox 3006 5298 3312 5374; x_wconf 67' lang='lat' dir='ltr'><strong>aenigmate,</strong></span> <span class='ocrx_word' id='word_1_988' title='bbox 3326 5302 3430 5374; x_wconf 81' lang='lat' dir='ltr'><strong>tunc</strong></span> <span class='ocrx_word' id='word_1_989' title='bbox 3443 5292 3568 5374; x_wconf 45' lang='lat' dir='ltr'><strong>an)?</strong></span> 
     </span>
    </p>
   </div>
   <div class='ocr_carea' id='block_1_123' title="bbox 2091 5360 3564 5438">
    <p class='ocr_par' dir='ltr' id='par_1_123' title="bbox 2091 5360 3564 5438">
     <span class='ocr_line' id='line_1_126' title="bbox 2091 5360 3564 5438; baseline -0.019 -10"><span class='ocrx_word' id='word_1_990' title='bbox 2091 5375 2232 5428; x_wconf 83' lang='lat' dir='ltr'><strong>facie</strong></span> <span class='ocrx_word' id='word_1_991' title='bbox 2261 5373 2324 5425; x_wconf 90' lang='lat' dir='ltr'><strong>ad</strong></span> <span class='ocrx_word' id='word_1_992' title='bbox 2356 5360 2568 5426; x_wconf 80' lang='lat' dir='ltr'><strong>faciem.</strong></span> <span class='ocrx_word' id='word_1_993' title='bbox 2601 5360 2740 5438; x_wconf 71' lang='lat' dir='ltr'><strong>Ergo</strong></span> <span class='ocrx_word' id='word_1_994' title='bbox 2764 5381 2818 5423; x_wconf 89' lang='lat' dir='ltr'><strong>et</strong></span> <span class='ocrx_word' id='word_1_995' title='bbox 2837 5360 3467 5438; x_wconf 28' lang='lat' dir='ltr'><strong>mnigtnatafaecipimus,i</strong></span> <span class='ocrx_word' id='word_1_996' title='bbox 3492 5360 3564 5438; x_wconf 59' lang='lat' dir='ltr'><strong>etc.</strong></span> 
     </span>
    </p>
   </div>
   <div class='ocr_carea' id='block_1_124' title="bbox 2093 5434 3567 5502">
    <p class='ocr_par' dir='ltr' id='par_1_124' title="bbox 2093 5434 3567 5502">
     <span class='ocr_line' id='line_1_127' title="bbox 2093 5434 3567 5502; baseline -0.012 -3"><span class='ocrx_word' id='word_1_997' title='bbox 2093 5445 2195 5499; x_wconf 87' lang='lat' dir='ltr'><strong>Alii</strong></span> <span class='ocrx_word' id='word_1_998' title='bbox 2243 5458 2370 5496; x_wconf 88' lang='lat' dir='ltr'><strong>vero</strong></span> <span class='ocrx_word' id='word_1_999' title='bbox 2404 5459 2536 5496; x_wconf 87' lang='lat' dir='ltr'><strong>mss.</strong></span> <span class='ocrx_word' id='word_1_1000' title='bbox 2559 5483 2573 5502; x_wconf 88' lang='lat'><strong>,</strong></span> <span class='ocrx_word' id='word_1_1001' title='bbox 2612 5461 2629 5493; x_wconf 77' lang='grc' dir='ltr'><strong>ι</strong></span> <span class='ocrx_word' id='word_1_1002' title='bbox 2655 5434 2806 5494; x_wconf 77' lang='lat' dir='ltr'><strong>Nunc</strong></span> <span class='ocrx_word' id='word_1_1003' title='bbox 2835 5434 3012 5492; x_wconf 76' lang='lat' dir='ltr'><strong>autem</strong></span> <span class='ocrx_word' id='word_1_1004' title='bbox 3047 5437 3292 5489; x_wconf 89' lang='lat' dir='ltr'><strong>videmus</strong></span> <span class='ocrx_word' id='word_1_1005' title='bbox 3331 5444 3412 5498; x_wconf 88' lang='lat' dir='ltr'><strong>per</strong></span> <span class='ocrx_word' id='word_1_1006' title='bbox 3430 5434 3567 5502; x_wconf 55' lang='lat' dir='ltr'><strong>sps-CW</strong></span> 
     </span>
    </p>
   </div>
   <div class='ocr_carea' id='block_1_125' title="bbox 2094 5501 3563 5584">
    <p class='ocr_par' dir='ltr' id='par_1_125' title="bbox 2094 5501 3563 5584">
     <span class='ocr_line' id='line_1_128' title="bbox 2094 5501 3563 5584; baseline -0.016 -16"><span class='ocrx_word' id='word_1_1007' title='bbox 2094 5515 2203 5568; x_wconf 86' lang='lat' dir='ltr'><strong>lntn</strong></span> <span class='ocrx_word' id='word_1_1008' title='bbox 2253 5525 2308 5568; x_wconf 88' lang='lat' dir='ltr'><strong>et</strong></span> <span class='ocrx_word' id='word_1_1009' title='bbox 2358 5514 2409 5566; x_wconf 89' lang='lat' dir='ltr'><strong>in</strong></span> <span class='ocrx_word' id='word_1_1010' title='bbox 2461 5501 2742 5584; x_wconf 64' lang='lat' dir='ltr'><strong>aenigmate</strong></span> <span class='ocrx_word' id='word_1_1011' title='bbox 2776 5525 2792 5564; x_wconf 89' lang='lat'><strong>:</strong></span> <span class='ocrx_word' id='word_1_1012' title='bbox 2829 5523 2924 5579; x_wconf 89' lang='lat' dir='ltr'><strong>per</strong></span> <span class='ocrx_word' id='word_1_1013' title='bbox 2952 5506 3230 5577; x_wconf 88' lang='lat' dir='ltr'><strong>speculum</strong></span> <span class='ocrx_word' id='word_1_1014' title='bbox 3257 5514 3439 5571; x_wconf 62' lang='lat' dir='ltr'><strong>ergo,»</strong></span> <span class='ocrx_word' id='word_1_1015' title='bbox 3465 5501 3563 5548; x_wconf 69' lang='lat' dir='ltr'><strong>etc.</strong></span> 
     </span>
    </p>
   </div>
   <div class='ocr_carea' id='block_1_126' title="bbox 2095 5587 2434 5638">
    <p class='ocr_par' dir='ltr' id='par_1_126' title="bbox 2095 5587 2434 5638">
     <span class='ocr_line' id='line_1_129' title="bbox 2095 5587 2434 5638; baseline -0.009 0"><span class='ocrx_word' id='word_1_1016' title='bbox 2095 5595 2153 5638; x_wconf 85' lang='lat' dir='ltr'><strong>ut</strong></span> <span class='ocrx_word' id='word_1_1017' title='bbox 2184 5587 2234 5637; x_wconf 93' lang='lat' dir='ltr'><strong>in</strong></span> <span class='ocrx_word' id='word_1_1018' title='bbox 2267 5593 2434 5637; x_wconf 83' lang='lat' dir='ltr'><strong>textu.</strong></span> 
     </span>
    </p>
   </div>
   <div class='ocr_carea' id='block_1_127' title="bbox 2166 5647 3364 5724">
    <p class='ocr_par' dir='ltr' id='par_1_127' title="bbox 2166 5647 3364 5724">
     <span class='ocr_line' id='line_1_130' title="bbox 2166 5647 3364 5724; baseline -0.012 -17"><span class='ocrx_word' id='word_1_1019' title='bbox 2166 5655 2280 5724; x_wconf 74' lang='lat'><strong>(29)</strong></span> <span class='ocrx_word' id='word_1_1020' title='bbox 2315 5653 2454 5710; x_wconf 81' lang='lat' dir='ltr'><strong>Editi</strong></span> <span class='ocrx_word' id='word_1_1021' title='bbox 2481 5651 2744 5723; x_wconf 80' lang='lat' dir='ltr'><strong>plerique,</strong></span> <span class='ocrx_word' id='word_1_1022' title='bbox 2782 5668 2799 5701; x_wconf 86' lang='lat' dir='ltr'><strong>t</strong></span> <span class='ocrx_word' id='word_1_1023' title='bbox 2832 5647 3151 5720; x_wconf 79' lang='lat' dir='ltr'><strong>Recepimus</strong></span> <span class='ocrx_word' id='word_1_1024' title='bbox 3187 5657 3364 5715; x_wconf 81' lang='lat' dir='ltr'><strong>ergo.t</strong></span> 
     </span>
    </p>
   </div>
  </div>
