  <div class='ocr_page' id='page_1' title='image "/cluster/home/n/w/nwhite01/storage/ocr_20150623/14/mdp.39015052831362/642.png"; bbox 0 0 3692 6138; ppageno 0'>
   <div class='ocr_carea' id='block_1_1' title="bbox 81 221 3383 327">
    <p class='ocr_par' dir='ltr' id='par_1_1' title="bbox 81 221 3383 327">
     <span class='ocr_line' id='line_1_1' title="bbox 81 221 3383 327; baseline 0.006 -53"><span class='ocrx_word' id='word_1_1' title='bbox 81 221 240 281; x_wconf 70' lang='lat' dir='ltr'><strong>ill“!</strong></span> <span class='ocrx_word' id='word_1_2' title='bbox 1097 235 1454 294; x_wconf 82' lang='lat' dir='ltr'><strong>COMMENT.</strong></span> <span class='ocrx_word' id='word_1_3' title='bbox 1495 235 1562 292; x_wconf 82' lang='lat' dir='ltr'><strong>IN</strong></span> <span class='ocrx_word' id='word_1_4' title='bbox 1599 233 1818 290; x_wconf 82' lang='lat' dir='ltr'><strong>EPIST.</strong></span> <span class='ocrx_word' id='word_1_5' title='bbox 1858 233 1948 289; x_wconf 81' lang='lat' dir='ltr'><strong>AD</strong></span> <span class='ocrx_word' id='word_1_6' title='bbox 1987 234 2152 293; x_wconf 82' lang='lat' dir='ltr'><strong>ROM.</strong></span> <span class='ocrx_word' id='word_1_7' title='bbox 2187 235 2314 327; x_wconf 77' lang='lat' dir='ltr'><strong>LIB.</strong></span> <span class='ocrx_word' id='word_1_8' title='bbox 2357 237 2470 294; x_wconf 81' lang='lat' dir='ltr'><strong>VII.</strong></span> <span class='ocrx_word' id='word_1_9' title='bbox 3257 239 3383 295; x_wconf 84' lang='lat' dir='ltr'><strong>IH8</strong></span> 
     </span>
    </p>
   </div>
   <div class='ocr_carea' id='block_1_2' title="bbox 78 342 3383 429">
    <p class='ocr_par' dir='ltr' id='par_1_2' title="bbox 78 342 3383 429">
     <span class='ocr_line' id='line_1_2' title="bbox 78 342 3383 429; baseline 0.003 -31"><span class='ocrx_word' id='word_1_10' title='bbox 78 342 165 399; x_wconf 81' lang='lat' dir='ltr'><strong>ris</strong></span> <span class='ocrx_word' id='word_1_11' title='bbox 202 350 442 418; x_wconf 92' lang='lat' dir='ltr'><strong>nostri,</strong></span> <span class='ocrx_word' id='word_1_12' title='bbox 487 371 513 404; x_wconf 73' lang='grc' dir='ltr'><strong><em>ι</em></strong></span> <span class='ocrx_word' id='word_1_13' title='bbox 553 368 656 424; x_wconf 88' lang='lat' dir='ltr'><strong>ego</strong></span> <span class='ocrx_word' id='word_1_14' title='bbox 685 356 924 411; x_wconf 89' lang='lat' dir='ltr'><strong>arbitror</strong></span> <span class='ocrx_word' id='word_1_15' title='bbox 969 359 1113 427; x_wconf 89' lang='lat' dir='ltr'><strong>quod</strong></span> <span class='ocrx_word' id='word_1_16' title='bbox 1166 358 1332 412; x_wconf 83' lang='lat' dir='ltr'><strong>totius</strong></span> <span class='ocrx_word' id='word_1_17' title='bbox 1361 356 1612 412; x_wconf 72' lang='lat' dir='ltr'><strong>Ecclesia:</strong></span> <span class='ocrx_word' id='word_1_18' title='bbox 1643 358 1724 410; x_wconf 92' lang='lat' dir='ltr'><strong>in—</strong></span> <span class='ocrx_word' id='word_1_19' title='bbox 1751 361 1799 417; x_wconf 83' lang='lat' dir='ltr'><strong>A</strong></span> <span class='ocrx_word' id='word_1_20' title='bbox 1826 371 1949 412; x_wconf 90' lang='lat' dir='ltr'><strong>cum</strong></span> <span class='ocrx_word' id='word_1_21' title='bbox 1982 367 2226 429; x_wconf 91' lang='lat' dir='ltr'><strong>tempore</strong></span> <span class='ocrx_word' id='word_1_22' title='bbox 2258 357 2537 420; x_wconf 85' lang='lat' dir='ltr'><strong>ﬁniuntur,</strong></span> <span class='ocrx_word' id='word_1_23' title='bbox 2580 373 2601 408; x_wconf 71' lang='grc' dir='ltr'>ι</span> <span class='ocrx_word' id='word_1_24' title='bbox 2629 370 2747 426; x_wconf 66' lang='lat' dir='ltr'><strong>quae</strong></span> <span class='ocrx_word' id='word_1_25' title='bbox 2773 363 2952 412; x_wconf 84' lang='lat' dir='ltr'><strong>autem</strong></span> <span class='ocrx_word' id='word_1_26' title='bbox 2975 369 3082 412; x_wconf 92' lang='lat' dir='ltr'><strong>non</strong></span> <span class='ocrx_word' id='word_1_27' title='bbox 3113 352 3383 422; x_wconf 80' lang='lat' dir='ltr'><strong>videntur,</strong></span> 
     </span>
    </p>
   </div>
   <div class='ocr_carea' id='block_1_3' title="bbox 78 434 3385 518">
    <p class='ocr_par' dir='ltr' id='par_1_3' title="bbox 78 434 3385 518">
     <span class='ocr_line' id='line_1_3' title="bbox 78 434 3385 518; baseline 0.004 -29"><span class='ocrx_word' id='word_1_28' title='bbox 78 434 247 493; x_wconf 84' lang='lat' dir='ltr'><strong>dicet</strong></span> <span class='ocrx_word' id='word_1_29' title='bbox 279 456 548 512; x_wconf 84' lang='lat' dir='ltr'><strong>corpus,</strong></span> <span class='ocrx_word' id='word_1_30' title='bbox 578 449 718 502; x_wconf 86' lang='lat' dir='ltr'><strong>sicut</strong></span> <span class='ocrx_word' id='word_1_31' title='bbox 739 458 794 502; x_wconf 93' lang='lat' dir='ltr'><strong>et</strong></span> <span class='ocrx_word' id='word_1_32' title='bbox 816 449 942 504; x_wconf 83' lang='lat' dir='ltr'><strong>alibi</strong></span> <span class='ocrx_word' id='word_1_33' title='bbox 974 449 1104 503; x_wconf 85' lang='lat' dir='ltr'><strong>dicit</strong></span> <span class='ocrx_word' id='word_1_34' title='bbox 1136 466 1151 504; x_wconf 90' lang='lat'><strong>:</strong></span> <span class='ocrx_word' id='word_1_35' title='bbox 1195 467 1213 500; x_wconf 79' lang='grc' dir='ltr'>ι</span> <span class='ocrx_word' id='word_1_36' title='bbox 1247 447 1352 504; x_wconf 87' lang='lat' dir='ltr'><strong>Vos</strong></span> <span class='ocrx_word' id='word_1_37' title='bbox 1377 459 1555 505; x_wconf 88' lang='lat' dir='ltr'><strong>autem</strong></span> <span class='ocrx_word' id='word_1_38' title='bbox 1585 449 1716 504; x_wconf 86' lang='lat' dir='ltr'><strong>estis</strong></span> <span class='ocrx_word' id='word_1_39' title='bbox 1815 457 2018 503; x_wconf 67' lang='lat' dir='ltr'><strong>mterna</strong></span> <span class='ocrx_word' id='word_1_40' title='bbox 2050 458 2208 514; x_wconf 91' lang='lat' dir='ltr'><strong>sunt,</strong></span> <span class='ocrx_word' id='word_1_41' title='bbox 2234 467 2254 500; x_wconf 72' lang='grc' dir='ltr'><strong>ι</strong></span> <span class='ocrx_word' id='word_1_42' title='bbox 2293 463 2416 518; x_wconf 69' lang='lat' dir='ltr'><strong>quae</strong></span> <span class='ocrx_word' id='word_1_43' title='bbox 2455 449 2720 516; x_wconf 87' lang='lat' dir='ltr'><strong>speranda</strong></span> <span class='ocrx_word' id='word_1_44' title='bbox 2754 446 3043 517; x_wconf 84' lang='lat' dir='ltr'><strong>Apostolus</strong></span> <span class='ocrx_word' id='word_1_45' title='bbox 3086 446 3262 502; x_wconf 85' lang='lat' dir='ltr'><strong>docet.</strong></span> <span class='ocrx_word' id='word_1_46' title='bbox 3303 447 3385 501; x_wconf 91' lang='lat' dir='ltr'><strong>ld-</strong></span> 
     </span>
    </p>
   </div>
   <div class='ocr_carea' id='block_1_4' title="bbox 75 525 3382 613">
    <p class='ocr_par' dir='ltr' id='par_1_4' title="bbox 75 525 3382 613">
     <span class='ocr_line' id='line_1_4' title="bbox 75 525 3382 613; baseline 0.004 -31"><span class='ocrx_word' id='word_1_47' title='bbox 75 541 307 598; x_wconf 84' lang='lat' dir='ltr'><strong>corpns</strong></span> <span class='ocrx_word' id='word_1_48' title='bbox 333 531 596 601; x_wconf 86' lang='lat' dir='ltr'><strong>Christi,</strong></span> <span class='ocrx_word' id='word_1_49' title='bbox 628 550 681 592; x_wconf 90' lang='lat' dir='ltr'><strong>et</strong></span> <span class='ocrx_word' id='word_1_50' title='bbox 704 541 943 594; x_wconf 87' lang='lat' dir='ltr'><strong>membra</strong></span> <span class='ocrx_word' id='word_1_51' title='bbox 967 556 1032 595; x_wconf 82' lang='lat' dir='ltr'><strong>ex</strong></span> <span class='ocrx_word' id='word_1_52' title='bbox 1064 552 1216 611; x_wconf 87' lang='lat' dir='ltr'><strong>parte</strong></span> <span class='ocrx_word' id='word_1_53' title='bbox 1248 541 1314 594; x_wconf 78' lang='grc'><strong>³⁵.</strong></span> <span class='ocrx_word' id='word_1_54' title='bbox 1349 560 1368 592; x_wconf 74' lang='grc' dir='ltr'><strong><em>ι</em></strong></span> <span class='ocrx_word' id='word_1_55' title='bbox 1399 539 1570 597; x_wconf 91' lang='lat' dir='ltr'><strong>Omne</strong></span> <span class='ocrx_word' id='word_1_56' title='bbox 1589 557 1718 613; x_wconf 90' lang='lat' dir='ltr'><strong>ergo</strong></span> <span class='ocrx_word' id='word_1_57' title='bbox 1814 539 1961 594; x_wconf 91' lang='lat' dir='ltr'><strong>circo</strong></span> <span class='ocrx_word' id='word_1_58' title='bbox 2003 554 2236 610; x_wconf 83' lang='lat' dir='ltr'><strong>namque</strong></span> <span class='ocrx_word' id='word_1_59' title='bbox 2273 548 2328 594; x_wconf 90' lang='lat' dir='ltr'><strong>et</strong></span> <span class='ocrx_word' id='word_1_60' title='bbox 2369 539 2484 610; x_wconf 90' lang='lat' dir='ltr'><strong>ipsa</strong></span> <span class='ocrx_word' id='word_1_61' title='bbox 2521 539 2766 608; x_wconf 88' lang='lat' dir='ltr'><strong>corporis</strong></span> <span class='ocrx_word' id='word_1_62' title='bbox 2800 541 2974 593; x_wconf 84' lang='lat' dir='ltr'><strong>nostri</strong></span> <span class='ocrx_word' id='word_1_63' title='bbox 3018 525 3288 608; x_wconf 82' lang='lat' dir='ltr'><strong>reparatio</strong></span> <span class='ocrx_word' id='word_1_64' title='bbox 3313 555 3382 595; x_wconf 77' lang='lat' dir='ltr'><strong>ex</strong></span> 
     </span>
    </p>
   </div>
   <div class='ocr_carea' id='block_1_5' title="bbox 76 623 3380 702">
    <p class='ocr_par' dir='ltr' id='par_1_5' title="bbox 76 623 3380 702">
     <span class='ocr_line' id='line_1_5' title="bbox 76 623 3380 702; baseline 0.003 -28"><span class='ocrx_word' id='word_1_65' title='bbox 76 633 305 690; x_wconf 83' lang='lat' dir='ltr'><strong>corpus</strong></span> <span class='ocrx_word' id='word_1_66' title='bbox 344 623 632 682; x_wconf 67' lang='lat' dir='ltr'><strong>Ecclesiae</strong></span> <span class='ocrx_word' id='word_1_67' title='bbox 667 629 1036 684; x_wconf 91' lang='lat' dir='ltr'><strong>redimendum</strong></span> <span class='ocrx_word' id='word_1_68' title='bbox 1063 641 1246 700; x_wconf 82' lang='lat' dir='ltr'><strong>sperat</strong></span> <span class='ocrx_word' id='word_1_69' title='bbox 1275 631 1582 702; x_wconf 80' lang='lat' dir='ltr'><strong>Apostolus,</strong></span> <span class='ocrx_word' id='word_1_70' title='bbox 1617 647 1716 688; x_wconf 91' lang='lat' dir='ltr'><strong>nec</strong></span> <span class='ocrx_word' id='word_1_71' title='bbox 1813 631 2160 701; x_wconf 85' lang='lat' dir='ltr'><strong>corruptibili</strong></span> <span class='ocrx_word' id='word_1_72' title='bbox 2192 631 2638 702; x_wconf 89' lang='lat' dir='ltr'><strong>incorruptibilis,</strong></span> <span class='ocrx_word' id='word_1_73' title='bbox 2668 640 2725 686; x_wconf 90' lang='lat' dir='ltr'><strong>et</strong></span> <span class='ocrx_word' id='word_1_74' title='bbox 2748 646 2817 686; x_wconf 77' lang='lat' dir='ltr'><strong>ex</strong></span> <span class='ocrx_word' id='word_1_75' title='bbox 2846 630 3058 688; x_wconf 85' lang='lat' dir='ltr'><strong>mortin</strong></span> <span class='ocrx_word' id='word_1_76' title='bbox 3094 631 3380 687; x_wconf 82' lang='lat' dir='ltr'><strong>immorta-</strong></span> 
     </span>
    </p>
   </div>
   <div class='ocr_carea' id='block_1_6' title="bbox 76 718 3376 792">
    <p class='ocr_par' dir='ltr' id='par_1_6' title="bbox 76 718 3376 792">
     <span class='ocr_line' id='line_1_6' title="bbox 76 718 3376 792; baseline 0.004 -28"><span class='ocrx_word' id='word_1_77' title='bbox 76 719 254 776; x_wconf 82' lang='lat' dir='ltr'><strong>pntat</strong></span> <span class='ocrx_word' id='word_1_78' title='bbox 285 727 485 782; x_wconf 81' lang='lat' dir='ltr'><strong>posse</strong></span> <span class='ocrx_word' id='word_1_79' title='bbox 521 733 640 787; x_wconf 68' lang='lat' dir='ltr'><strong>quae</strong></span> <span class='ocrx_word' id='word_1_80' title='bbox 669 718 910 787; x_wconf 81' lang='lat' dir='ltr'><strong>perfecta</strong></span> <span class='ocrx_word' id='word_1_81' title='bbox 939 729 1064 775; x_wconf 87' lang='lat' dir='ltr'><strong>sunt</strong></span> <span class='ocrx_word' id='word_1_82' title='bbox 1091 721 1210 777; x_wconf 87' lang='lat' dir='ltr'><strong>dari</strong></span> <span class='ocrx_word' id='word_1_83' title='bbox 1239 721 1466 792; x_wconf 87' lang='lat' dir='ltr'><strong>singulis</strong></span> <span class='ocrx_word' id='word_1_84' title='bbox 1495 723 1715 792; x_wconf 89' lang='lat' dir='ltr'><strong>quibus-</strong></span> <span class='ocrx_word' id='word_1_85' title='bbox 1813 721 1902 788; x_wconf 93' lang='lat' dir='ltr'><strong>lis,</strong></span> <span class='ocrx_word' id='word_1_86' title='bbox 1924 731 1978 778; x_wconf 90' lang='lat' dir='ltr'><strong>et</strong></span> <span class='ocrx_word' id='word_1_87' title='bbox 2000 738 2069 779; x_wconf 81' lang='lat' dir='ltr'><strong>ex</strong></span> <span class='ocrx_word' id='word_1_88' title='bbox 2097 724 2408 779; x_wconf 84' lang='lat' dir='ltr'><strong>inﬁrmitate</strong></span> <span class='ocrx_word' id='word_1_89' title='bbox 2437 724 2490 778; x_wconf 86' lang='lat' dir='ltr'><strong>in</strong></span> <span class='ocrx_word' id='word_1_90' title='bbox 2516 725 2714 779; x_wconf 85' lang='lat' dir='ltr'><strong>virtute</strong></span> <span class='ocrx_word' id='word_1_91' title='bbox 2740 724 3066 790; x_wconf 90' lang='lat' dir='ltr'><strong>restituitur,</strong></span> <span class='ocrx_word' id='word_1_92' title='bbox 3091 733 3146 780; x_wconf 90' lang='lat' dir='ltr'><strong>et</strong></span> <span class='ocrx_word' id='word_1_93' title='bbox 3161 738 3226 780; x_wconf 80' lang='lat' dir='ltr'><strong>ex</strong></span> <span class='ocrx_word' id='word_1_94' title='bbox 3256 725 3376 779; x_wconf 84' lang='lat' dir='ltr'><strong>ani-</strong></span> 
     </span>
    </p>
   </div>
   <div class='ocr_carea' id='block_1_7' title="bbox 75 805 3376 884">
    <p class='ocr_par' dir='ltr' id='par_1_7' title="bbox 75 805 3376 884">
     <span class='ocr_line' id='line_1_7' title="bbox 75 805 3376 884; baseline 0.004 -28"><span class='ocrx_word' id='word_1_95' title='bbox 75 815 197 871; x_wconf 90' lang='lat' dir='ltr'><strong>que</strong></span> <span class='ocrx_word' id='word_1_96' title='bbox 219 805 556 876; x_wconf 84' lang='lat' dir='ltr'><strong>membris,</strong></span> <span class='ocrx_word' id='word_1_97' title='bbox 586 809 687 866; x_wconf 88' lang='lat' dir='ltr'><strong>nisi</strong></span> <span class='ocrx_word' id='word_1_98' title='bbox 713 810 1021 866; x_wconf 86' lang='lat' dir='ltr'><strong>universum</strong></span> <span class='ocrx_word' id='word_1_99' title='bbox 1049 826 1247 883; x_wconf 89' lang='lat' dir='ltr'><strong>corpus</strong></span> <span class='ocrx_word' id='word_1_100' title='bbox 1274 815 1326 868; x_wconf 89' lang='lat' dir='ltr'><strong>in</strong></span> <span class='ocrx_word' id='word_1_101' title='bbox 1361 830 1524 870; x_wconf 89' lang='lat' dir='ltr'><strong>unum</strong></span> <span class='ocrx_word' id='word_1_102' title='bbox 1552 815 1715 872; x_wconf 81' lang='lat' dir='ltr'><strong>fuerit</strong></span> <span class='ocrx_word' id='word_1_103' title='bbox 1811 812 1936 866; x_wconf 86' lang='lat' dir='ltr'><strong>mali</strong></span> <span class='ocrx_word' id='word_1_104' title='bbox 1965 824 2189 882; x_wconf 81' lang='lat' dir='ltr'><strong>corpore</strong></span> <span class='ocrx_word' id='word_1_105' title='bbox 2219 828 2414 883; x_wconf 90' lang='lat' dir='ltr'><strong>corpus</strong></span> <span class='ocrx_word' id='word_1_106' title='bbox 2440 812 2670 868; x_wconf 74' lang='lat' dir='ltr'><strong>edicitur</strong></span> <span class='ocrx_word' id='word_1_107' title='bbox 2689 813 2954 884; x_wconf 83' lang='lat' dir='ltr'><strong>spiritale,</strong></span> <span class='ocrx_word' id='word_1_108' title='bbox 2975 823 3055 878; x_wconf 89' lang='lat' dir='ltr'><strong>ut,</strong></span> <span class='ocrx_word' id='word_1_109' title='bbox 3075 829 3197 869; x_wconf 91' lang='lat' dir='ltr'><strong>cum</strong></span> <span class='ocrx_word' id='word_1_110' title='bbox 3220 815 3376 884; x_wconf 86' lang='lat' dir='ltr'><strong>spiri-</strong></span> 
     </span>
    </p>
   </div>
   <div class='ocr_carea' id='block_1_8' title="bbox 77 899 3374 974">
    <p class='ocr_par' dir='ltr' id='par_1_8' title="bbox 77 899 3374 974">
     <span class='ocr_line' id='line_1_8' title="bbox 77 899 3374 974; baseline 0.002 -24"><span class='ocrx_word' id='word_1_111' title='bbox 77 906 559 964; x_wconf 78' lang='lat' dir='ltr'><strong>congregatum.</strong></span> <span class='ocrx_word' id='word_1_112' title='bbox 594 899 776 955; x_wconf 86' lang='lat' dir='ltr'><strong>Potest</strong></span> <span class='ocrx_word' id='word_1_113' title='bbox 805 910 982 956; x_wconf 86' lang='lat' dir='ltr'><strong>autem</strong></span> <span class='ocrx_word' id='word_1_114' title='bbox 1013 912 1066 956; x_wconf 90' lang='lat' dir='ltr'><strong>et</strong></span> <span class='ocrx_word' id='word_1_115' title='bbox 1092 903 1170 959; x_wconf 87' lang='lat' dir='ltr'><strong>sic</strong></span> <span class='ocrx_word' id='word_1_116' title='bbox 1214 904 1479 974; x_wconf 77' lang='lat' dir='ltr'><strong>intelligi,</strong></span> <span class='ocrx_word' id='word_1_117' title='bbox 1521 915 1578 961; x_wconf 71' lang='lat' dir='ltr'><strong>ui</strong></span> <span class='ocrx_word' id='word_1_118' title='bbox 1621 921 1712 962; x_wconf 76' lang='lat' dir='ltr'><strong>re.</strong></span> <span class='ocrx_word' id='word_1_119' title='bbox 1812 899 1918 954; x_wconf 88' lang='lat' dir='ltr'><strong>tale</strong></span> <span class='ocrx_word' id='word_1_120' title='bbox 1947 900 2145 955; x_wconf 76' lang='lat' dir='ltr'><strong>factum</strong></span> <span class='ocrx_word' id='word_1_121' title='bbox 2174 900 2357 965; x_wconf 85' lang='lat' dir='ltr'><strong>fuerit,</strong></span> <span class='ocrx_word' id='word_1_122' title='bbox 2387 903 2558 971; x_wconf 88' lang='lat' dir='ltr'><strong>possit</strong></span> <span class='ocrx_word' id='word_1_123' title='bbox 2586 902 2748 956; x_wconf 89' lang='lat' dir='ltr'><strong>etiam</strong></span> <span class='ocrx_word' id='word_1_124' title='bbox 2775 900 3142 958; x_wconf 89' lang='lat' dir='ltr'><strong>invisibilibus</strong></span> <span class='ocrx_word' id='word_1_125' title='bbox 3171 903 3374 972; x_wconf 81' lang='lat' dir='ltr'><strong>perfrui</strong></span> 
     </span>
    </p>
   </div>
   <div class='ocr_carea' id='block_1_9' title="bbox 78 983 3374 1067">
    <p class='ocr_par' dir='ltr' id='par_1_9' title="bbox 78 983 3374 1067">
     <span class='ocr_line' id='line_1_9' title="bbox 78 983 3374 1067; baseline 0.006 -29"><span class='ocrx_word' id='word_1_126' title='bbox 78 983 516 1054; x_wconf 83' lang='lat' dir='ltr'><strong>detnptionem</strong></span> <span class='ocrx_word' id='word_1_127' title='bbox 545 993 787 1060; x_wconf 89' lang='lat' dir='ltr'><strong>corporis</strong></span> <span class='ocrx_word' id='word_1_128' title='bbox 821 994 990 1047; x_wconf 82' lang='lat' dir='ltr'><strong>nostri</strong></span> <span class='ocrx_word' id='word_1_129' title='bbox 1027 995 1172 1048; x_wconf 85' lang='lat' dir='ltr'><strong>dicat</strong></span> <span class='ocrx_word' id='word_1_130' title='bbox 1204 995 1348 1050; x_wconf 85' lang='lat' dir='ltr'><strong>illaut</strong></span> <span class='ocrx_word' id='word_1_131' title='bbox 1380 1013 1499 1067; x_wconf 58' lang='lat' dir='ltr'><strong>quae</strong></span> <span class='ocrx_word' id='word_1_132' title='bbox 1533 999 1584 1053; x_wconf 92' lang='lat' dir='ltr'><strong>in</strong></span> <span class='ocrx_word' id='word_1_133' title='bbox 1621 1015 1709 1055; x_wconf 88' lang='lat' dir='ltr'><strong>re-</strong></span> <span class='ocrx_word' id='word_1_134' title='bbox 1809 991 1966 1047; x_wconf 70' lang='lat' dir='ltr'><strong>bonis</strong></span> <span class='ocrx_word' id='word_1_135' title='bbox 2005 1007 2020 1043; x_wconf 73' lang='grc' dir='ltr'>ε</span> <span class='ocrx_word' id='word_1_136' title='bbox 2063 1007 2182 1060; x_wconf 74' lang='lat' dir='ltr'><strong>qua:</strong></span> <span class='ocrx_word' id='word_1_137' title='bbox 2220 992 2356 1046; x_wconf 72' lang='lat' dir='ltr'><strong>bona</strong></span> <span class='ocrx_word' id='word_1_138' title='bbox 2385 994 2436 1047; x_wconf 74' lang='lat' dir='ltr'><strong>in</strong></span> <span class='ocrx_word' id='word_1_139' title='bbox 2471 993 2718 1063; x_wconf 61' lang='lat' dir='ltr'><strong>P712580“</strong></span> <span class='ocrx_word' id='word_1_140' title='bbox 2745 993 2940 1048; x_wconf 64' lang='lat'><strong>3230010</strong></span> <span class='ocrx_word' id='word_1_141' title='bbox 2971 1009 3074 1049; x_wconf 81' lang='grc' dir='ltr'><strong>ηοη</strong></span> <span class='ocrx_word' id='word_1_142' title='bbox 3107 995 3374 1058; x_wconf 75' lang='lat' dir='ltr'><strong>Videltles.</strong></span> 
     </span>
    </p>
   </div>
   <div class='ocr_carea' id='block_1_10' title="bbox 76 1076 3373 1156">
    <p class='ocr_par' dir='ltr' id='par_1_10' title="bbox 76 1076 3373 1156">
     <span class='ocr_line' id='line_1_10' title="bbox 76 1076 3373 1156; baseline 0.005 -29"><span class='ocrx_word' id='word_1_143' title='bbox 76 1076 480 1131; x_wconf 88' lang='lat' dir='ltr'><strong>surrectione</strong></span> <span class='ocrx_word' id='word_1_144' title='bbox 525 1079 702 1134; x_wconf 78' lang='lat' dir='ltr'><strong>futura</strong></span> <span class='ocrx_word' id='word_1_145' title='bbox 735 1092 843 1146; x_wconf 86' lang='lat' dir='ltr'><strong>est,</strong></span> <span class='ocrx_word' id='word_1_146' title='bbox 872 1097 995 1136; x_wconf 90' lang='lat' dir='ltr'><strong>cum</strong></span> <span class='ocrx_word' id='word_1_147' title='bbox 1031 1099 1136 1136; x_wconf 92' lang='lat' dir='ltr'><strong>non</strong></span> <span class='ocrx_word' id='word_1_148' title='bbox 1165 1084 1337 1139; x_wconf 88' lang='lat' dir='ltr'><strong>solum</strong></span> <span class='ocrx_word' id='word_1_149' title='bbox 1369 1087 1581 1147; x_wconf 68' lang='lat' dir='ltr'><strong>animm.</strong></span> <span class='ocrx_word' id='word_1_150' title='bbox 1617 1088 1709 1143; x_wconf 89' lang='lat' dir='ltr'><strong>sed</strong></span> <span class='ocrx_word' id='word_1_151' title='bbox 1809 1099 1906 1152; x_wconf 87' lang='lat' dir='ltr'><strong>per</strong></span> <span class='ocrx_word' id='word_1_152' title='bbox 1921 1098 2070 1152; x_wconf 88' lang='lat' dir='ltr'><strong>spem</strong></span> <span class='ocrx_word' id='word_1_153' title='bbox 2093 1099 2395 1151; x_wconf 86' lang='lat' dir='ltr'><strong>speramus,</strong></span> <span class='ocrx_word' id='word_1_154' title='bbox 2410 1094 2462 1139; x_wconf 92' lang='lat' dir='ltr'><strong>et</strong></span> <span class='ocrx_word' id='word_1_155' title='bbox 2479 1099 2575 1154; x_wconf 89' lang='lat' dir='ltr'><strong>per</strong></span> <span class='ocrx_word' id='word_1_156' title='bbox 2592 1084 2904 1152; x_wconf 79' lang='lat' dir='ltr'><strong>patientiam</strong></span> <span class='ocrx_word' id='word_1_157' title='bbox 2923 1087 3373 1156; x_wconf 69' lang='lat' dir='ltr'><strong>exspectamus“.</strong></span> 
     </span>
    </p>
   </div>
   <div class='ocr_carea' id='block_1_11' title="bbox 76 1172 3376 1246">
    <p class='ocr_par' dir='ltr' id='par_1_11' title="bbox 76 1172 3376 1246">
     <span class='ocr_line' id='line_1_11' title="bbox 76 1172 3376 1246; baseline 0.005 -30"><span class='ocrx_word' id='word_1_158' title='bbox 76 1173 137 1216; x_wconf 90' lang='lat' dir='ltr'><strong>et</strong></span> <span class='ocrx_word' id='word_1_159' title='bbox 185 1179 466 1237; x_wconf 83' lang='lat' dir='ltr'><strong>corpora</strong></span> <span class='ocrx_word' id='word_1_160' title='bbox 515 1173 731 1226; x_wconf 73' lang='lat' dir='ltr'><strong>venient</strong></span> <span class='ocrx_word' id='word_1_161' title='bbox 770 1191 789 1224; x_wconf 74' lang='grc' dir='ltr'>ι</span> <span class='ocrx_word' id='word_1_162' title='bbox 821 1185 946 1229; x_wconf 64' lang='lat' dir='ltr'><strong>ante</strong></span> <span class='ocrx_word' id='word_1_163' title='bbox 976 1176 1212 1232; x_wconf 65' lang='lat' dir='ltr'><strong>tribunal</strong></span> <span class='ocrx_word' id='word_1_164' title='bbox 1245 1178 1446 1234; x_wconf 55' lang='lat' dir='ltr'><strong>Christi</strong></span> <span class='ocrx_word' id='word_1_165' title='bbox 1476 1220 1490 1246; x_wconf 75' lang='grc'>,</span> <span class='ocrx_word' id='word_1_166' title='bbox 1526 1188 1583 1232; x_wconf 80' lang='grc' dir='ltr'><strong>ιιι</strong></span> <span class='ocrx_word' id='word_1_167' title='bbox 1620 1197 1708 1235; x_wconf 71' lang='grc' dir='ltr'><strong>τε-</strong></span> <span class='ocrx_word' id='word_1_168' title='bbox 1919 1172 1974 1225; x_wconf 83' lang='grc'><strong>6.</strong></span> <span class='ocrx_word' id='word_1_169' title='bbox 2047 1192 2064 1224; x_wconf 75' lang='grc' dir='ltr'>ι</span> <span class='ocrx_word' id='word_1_170' title='bbox 2097 1173 2363 1229; x_wconf 86' lang='lat' dir='ltr'><strong>Similiter</strong></span> <span class='ocrx_word' id='word_1_171' title='bbox 2435 1185 2490 1229; x_wconf 90' lang='lat' dir='ltr'><strong>et</strong></span> <span class='ocrx_word' id='word_1_172' title='bbox 2559 1174 2794 1243; x_wconf 85' lang='lat' dir='ltr'><strong>Spiritus</strong></span> <span class='ocrx_word' id='word_1_173' title='bbox 2863 1175 3078 1244; x_wconf 81' lang='lat' dir='ltr'><strong>adjuvat</strong></span> <span class='ocrx_word' id='word_1_174' title='bbox 3149 1177 3376 1233; x_wconf 52' lang='lat' dir='ltr'><strong>inﬁrmi.</strong></span> 
     </span>
    </p>
   </div>
   <div class='ocr_carea' id='block_1_12' title="bbox 79 1262 3372 1336">
    <p class='ocr_par' dir='ltr' id='par_1_12' title="bbox 79 1262 3372 1336">
     <span class='ocr_line' id='line_1_12' title="bbox 79 1262 3372 1336; baseline 0.005 -30"><span class='ocrx_word' id='word_1_175' title='bbox 79 1262 713 1329; x_wconf 85' lang='lat' dir='ltr'><strong>portetunusquisque</strong></span> <span class='ocrx_word' id='word_1_176' title='bbox 736 1263 1214 1334; x_wconf 87' lang='lat' dir='ltr'><strong>propriacorporis</strong></span> <span class='ocrx_word' id='word_1_177' title='bbox 1239 1267 1700 1336; x_wconf 68' lang='lat' dir='ltr'><strong>proutgessit&quot;,o</strong></span> <span class='ocrx_word' id='word_1_178' title='bbox 1808 1271 1970 1318; x_wconf 90' lang='lat' dir='ltr'><strong>tatem</strong></span> <span class='ocrx_word' id='word_1_179' title='bbox 2043 1273 2310 1320; x_wconf 88' lang='lat' dir='ltr'><strong>nostram.</strong></span> <span class='ocrx_word' id='word_1_180' title='bbox 2383 1265 2516 1321; x_wconf 90' lang='lat' dir='ltr'><strong>Nam</strong></span> <span class='ocrx_word' id='word_1_181' title='bbox 2587 1267 2720 1336; x_wconf 89' lang='lat' dir='ltr'><strong>quid</strong></span> <span class='ocrx_word' id='word_1_182' title='bbox 2788 1281 3007 1323; x_wconf 87' lang='lat' dir='ltr'><strong>oremus</strong></span> <span class='ocrx_word' id='word_1_183' title='bbox 3077 1269 3372 1324; x_wconf 88' lang='lat' dir='ltr'><strong>secundum</strong></span> 
     </span>
    </p>
   </div>
   <div class='ocr_carea' id='block_1_13' title="bbox 77 1348 3374 1432">
    <p class='ocr_par' dir='ltr' id='par_1_13' title="bbox 77 1348 3374 1432">
     <span class='ocr_line' id='line_1_13' title="bbox 77 1348 3374 1432; baseline 0.005 -32"><span class='ocrx_word' id='word_1_184' title='bbox 77 1355 137 1399; x_wconf 89' lang='lat' dir='ltr'><strong>et</strong></span> <span class='ocrx_word' id='word_1_185' title='bbox 183 1348 532 1404; x_wconf 87' lang='lat' dir='ltr'><strong>secundum</strong></span> <span class='ocrx_word' id='word_1_186' title='bbox 565 1351 694 1406; x_wconf 90' lang='lat' dir='ltr'><strong>illud</strong></span> <span class='ocrx_word' id='word_1_187' title='bbox 723 1356 865 1422; x_wconf 92' lang='lat' dir='ltr'><strong>quod</strong></span> <span class='ocrx_word' id='word_1_188' title='bbox 897 1355 1097 1411; x_wconf 91' lang='lat' dir='ltr'><strong>dictum</strong></span> <span class='ocrx_word' id='word_1_189' title='bbox 1129 1367 1256 1412; x_wconf 90' lang='lat' dir='ltr'><strong>est:</strong></span> <span class='ocrx_word' id='word_1_190' title='bbox 1298 1375 1317 1410; x_wconf 73' lang='grc' dir='ltr'>ι</span> <span class='ocrx_word' id='word_1_191' title='bbox 1351 1359 1560 1413; x_wconf 87' lang='lat' dir='ltr'><strong>Timete</strong></span> <span class='ocrx_word' id='word_1_192' title='bbox 1593 1375 1707 1413; x_wconf 84' lang='lat' dir='ltr'><strong>ma-</strong></span> <span class='ocrx_word' id='word_1_193' title='bbox 1806 1355 1947 1420; x_wconf 86' lang='lat' dir='ltr'><strong>quod</strong></span> <span class='ocrx_word' id='word_1_194' title='bbox 2000 1363 2215 1424; x_wconf 88' lang='lat' dir='ltr'><strong>oportet</strong></span> <span class='ocrx_word' id='word_1_195' title='bbox 2275 1358 2583 1422; x_wconf 88' lang='lat' dir='ltr'><strong>nescimus;</strong></span> <span class='ocrx_word' id='word_1_196' title='bbox 2635 1357 2730 1412; x_wconf 87' lang='lat' dir='ltr'><strong>sed</strong></span> <span class='ocrx_word' id='word_1_197' title='bbox 2791 1359 2913 1428; x_wconf 87' lang='lat' dir='ltr'><strong>ipse</strong></span> <span class='ocrx_word' id='word_1_198' title='bbox 2975 1358 3213 1430; x_wconf 88' lang='lat' dir='ltr'><strong>Spiritus</strong></span> <span class='ocrx_word' id='word_1_199' title='bbox 3272 1375 3374 1432; x_wconf 90' lang='lat' dir='ltr'><strong>pro</strong></span> 
     </span>
    </p>
   </div>
   <div class='ocr_carea' id='block_1_14' title="bbox 80 1439 3367 1519">
    <p class='ocr_par' dir='ltr' id='par_1_14' title="bbox 80 1439 3367 1519">
     <span class='ocr_line' id='line_1_14' title="bbox 80 1439 3367 1519; baseline 0.004 -28"><span class='ocrx_word' id='word_1_200' title='bbox 80 1439 169 1507; x_wconf 88' lang='lat' dir='ltr'><strong>gis</strong></span> <span class='ocrx_word' id='word_1_201' title='bbox 201 1455 346 1495; x_wconf 88' lang='lat' dir='ltr'><strong>eum</strong></span> <span class='ocrx_word' id='word_1_202' title='bbox 381 1442 492 1510; x_wconf 88' lang='lat' dir='ltr'><strong>qui</strong></span> <span class='ocrx_word' id='word_1_203' title='bbox 537 1455 713 1512; x_wconf 83' lang='lat' dir='ltr'><strong>potest</strong></span> <span class='ocrx_word' id='word_1_204' title='bbox 739 1455 794 1499; x_wconf 93' lang='lat' dir='ltr'><strong>et</strong></span> <span class='ocrx_word' id='word_1_205' title='bbox 819 1461 1017 1516; x_wconf 90' lang='lat' dir='ltr'><strong>corpus</strong></span> <span class='ocrx_word' id='word_1_206' title='bbox 1047 1458 1102 1502; x_wconf 90' lang='lat' dir='ltr'><strong>et</strong></span> <span class='ocrx_word' id='word_1_207' title='bbox 1124 1449 1362 1504; x_wconf 88' lang='lat' dir='ltr'><strong>animam</strong></span> <span class='ocrx_word' id='word_1_208' title='bbox 1395 1451 1618 1519; x_wconf 85' lang='lat' dir='ltr'><strong>perdere</strong></span> <span class='ocrx_word' id='word_1_209' title='bbox 1649 1453 1702 1505; x_wconf 92' lang='lat' dir='ltr'><strong>in</strong></span> <span class='ocrx_word' id='word_1_210' title='bbox 1805 1443 1963 1513; x_wconf 74' lang='grc' dir='ltr'><strong>θοι</strong></span> <span class='ocrx_word' id='word_1_211' title='bbox 2012 1445 2169 1500; x_wconf 91' lang='lat' dir='ltr'><strong>nobis</strong></span> <span class='ocrx_word' id='word_1_212' title='bbox 2218 1446 2529 1517; x_wconf 86' lang='lat' dir='ltr'><strong>interpellat</strong></span> <span class='ocrx_word' id='word_1_213' title='bbox 2563 1449 2858 1517; x_wconf 79' lang='lat' dir='ltr'><strong>gemitibus</strong></span> <span class='ocrx_word' id='word_1_214' title='bbox 2893 1449 3367 1506; x_wconf 89' lang='lat' dir='ltr'><strong>inenarrabilibus.</strong></span> 
     </span>
    </p>
   </div>
   <div class='ocr_carea' id='block_1_15' title="bbox 80 1531 3373 1612">
    <p class='ocr_par' dir='ltr' id='par_1_15' title="bbox 80 1531 3373 1612">
     <span class='ocr_line' id='line_1_15' title="bbox 80 1531 3373 1612; baseline 0.004 -29"><span class='ocrx_word' id='word_1_215' title='bbox 80 1531 422 1597; x_wconf 82' lang='lat' dir='ltr'><strong>gehennam</strong></span> <span class='ocrx_word' id='word_1_216' title='bbox 466 1534 534 1590; x_wconf 77' lang='grc'><strong>⁸⁸.</strong></span> <span class='ocrx_word' id='word_1_217' title='bbox 570 1555 588 1587; x_wconf 74' lang='grc' dir='ltr'><strong>ι</strong></span> <span class='ocrx_word' id='word_1_218' title='bbox 634 1537 698 1591; x_wconf 81' lang='lat' dir='ltr'><strong>Et</strong></span> <span class='ocrx_word' id='word_1_219' title='bbox 727 1537 848 1592; x_wconf 90' lang='lat' dir='ltr'><strong>ideo</strong></span> <span class='ocrx_word' id='word_1_220' title='bbox 888 1539 1178 1594; x_wconf 88' lang='lat' dir='ltr'><strong>dolendum</strong></span> <span class='ocrx_word' id='word_1_221' title='bbox 1217 1541 1505 1610; x_wconf 87' lang='lat' dir='ltr'><strong>unicuique</strong></span> <span class='ocrx_word' id='word_1_222' title='bbox 1534 1552 1619 1595; x_wconf 90' lang='lat' dir='ltr'><strong>est</strong></span> <span class='ocrx_word' id='word_1_223' title='bbox 1647 1543 1699 1596; x_wconf 93' lang='lat' dir='ltr'><strong>in</strong></span> <span class='ocrx_word' id='word_1_224' title='bbox 1803 1534 1907 1601; x_wconf 82' lang='lat' dir='ltr'><strong>Qui</strong></span> <span class='ocrx_word' id='word_1_225' title='bbox 1930 1544 2107 1589; x_wconf 89' lang='lat' dir='ltr'><strong>autem</strong></span> <span class='ocrx_word' id='word_1_226' title='bbox 2141 1547 2414 1593; x_wconf 89' lang='lat' dir='ltr'><strong>scrutatur</strong></span> <span class='ocrx_word' id='word_1_227' title='bbox 2441 1541 2630 1606; x_wconf 90' lang='lat' dir='ltr'><strong>corda,</strong></span> <span class='ocrx_word' id='word_1_228' title='bbox 2659 1543 2765 1596; x_wconf 88' lang='lat' dir='ltr'><strong>scit</strong></span> <span class='ocrx_word' id='word_1_229' title='bbox 2789 1541 2918 1609; x_wconf 90' lang='lat' dir='ltr'><strong>quid</strong></span> <span class='ocrx_word' id='word_1_230' title='bbox 2947 1541 3220 1596; x_wconf 82' lang='lat' dir='ltr'><strong>desideret</strong></span> <span class='ocrx_word' id='word_1_231' title='bbox 3249 1542 3373 1612; x_wconf 86' lang='lat' dir='ltr'><strong>Spi-</strong></span> 
     </span>
    </p>
   </div>
   <div class='ocr_carea' id='block_1_16' title="bbox 82 1621 3366 1701">
    <p class='ocr_par' dir='ltr' id='par_1_16' title="bbox 82 1621 3366 1701">
     <span class='ocr_line' id='line_1_16' title="bbox 82 1621 3366 1701; baseline 0.005 -28"><span class='ocrx_word' id='word_1_232' title='bbox 82 1621 192 1676; x_wconf 85' lang='lat' dir='ltr'><strong>hoc</strong></span> <span class='ocrx_word' id='word_1_233' title='bbox 217 1623 451 1678; x_wconf 68' lang='lat' dir='ltr'><strong>saeculo</strong></span> <span class='ocrx_word' id='word_1_234' title='bbox 481 1637 532 1681; x_wconf 90' lang='lat' dir='ltr'><strong>et</strong></span> <span class='ocrx_word' id='word_1_235' title='bbox 564 1629 914 1696; x_wconf 89' lang='lat' dir='ltr'><strong>gemendum,</strong></span> <span class='ocrx_word' id='word_1_236' title='bbox 947 1646 1011 1684; x_wconf 93' lang='lat' dir='ltr'><strong>ne</strong></span> <span class='ocrx_word' id='word_1_237' title='bbox 1041 1631 1178 1686; x_wconf 80' lang='lat' dir='ltr'><strong>forte</strong></span> <span class='ocrx_word' id='word_1_238' title='bbox 1208 1647 1307 1700; x_wconf 86' lang='lat' dir='ltr'><strong>per</strong></span> <span class='ocrx_word' id='word_1_239' title='bbox 1334 1633 1509 1687; x_wconf 86' lang='lat' dir='ltr'><strong>malos</strong></span> <span class='ocrx_word' id='word_1_240' title='bbox 1539 1642 1696 1687; x_wconf 88' lang='lat' dir='ltr'><strong>actus</strong></span> <span class='ocrx_word' id='word_1_241' title='bbox 1804 1627 1970 1692; x_wconf 76' lang='lat' dir='ltr'><strong>ritus;</strong></span> <span class='ocrx_word' id='word_1_242' title='bbox 2015 1629 2140 1697; x_wconf 84' lang='lat' dir='ltr'><strong>quia</strong></span> <span class='ocrx_word' id='word_1_243' title='bbox 2197 1631 2489 1684; x_wconf 73' lang='lat' dir='ltr'><strong>secundum</strong></span> <span class='ocrx_word' id='word_1_244' title='bbox 2540 1631 2706 1686; x_wconf 85' lang='lat' dir='ltr'><strong>Deum</strong></span> <span class='ocrx_word' id='word_1_245' title='bbox 2740 1632 3046 1700; x_wconf 90' lang='lat' dir='ltr'><strong>interpellat</strong></span> <span class='ocrx_word' id='word_1_246' title='bbox 3087 1649 3182 1701; x_wconf 91' lang='lat' dir='ltr'><strong>pro</strong></span> <span class='ocrx_word' id='word_1_247' title='bbox 3238 1649 3366 1688; x_wconf 87' lang='lat' dir='ltr'><strong>san-</strong></span> 
     </span>
    </p>
   </div>
   <div class='ocr_carea' id='block_1_17' title="bbox 78 1701 3368 1792">
    <p class='ocr_par' dir='ltr' id='par_1_17' title="bbox 78 1701 3368 1792">
     <span class='ocr_line' id='line_1_17' title="bbox 78 1701 3368 1792; baseline 0.008 -26"><span class='ocrx_word' id='word_1_248' title='bbox 78 1721 138 1766; x_wconf 91' lang='lat' dir='ltr'><strong>et</strong></span> <span class='ocrx_word' id='word_1_249' title='bbox 190 1719 523 1783; x_wconf 66' lang='lat' dir='ltr'><strong>praesentis</strong></span> <span class='ocrx_word' id='word_1_250' title='bbox 566 1720 687 1772; x_wconf 69' lang='lat' dir='ltr'><strong>vitae</strong></span> <span class='ocrx_word' id='word_1_251' title='bbox 723 1721 1100 1790; x_wconf 77' lang='lat' dir='ltr'><strong>negligentiam</strong></span> <span class='ocrx_word' id='word_1_252' title='bbox 1147 1738 1250 1776; x_wconf 93' lang='lat' dir='ltr'><strong>non</strong></span> <span class='ocrx_word' id='word_1_253' title='bbox 1302 1734 1575 1778; x_wconf 87' lang='lat' dir='ltr'><strong>mereatur</strong></span> <span class='ocrx_word' id='word_1_254' title='bbox 1615 1741 1698 1779; x_wconf 86' lang='lat' dir='ltr'><strong>re-</strong></span> <span class='ocrx_word' id='word_1_255' title='bbox 1728 1701 1772 1756; x_wconf 80' lang='grc' dir='ltr'>Β</span> <span class='ocrx_word' id='word_1_256' title='bbox 1797 1717 1897 1771; x_wconf 71' lang='grc' dir='ltr'><strong>οιίε</strong></span> <span class='ocrx_word' id='word_1_257' title='bbox 1917 1717 1984 1773; x_wconf 68' lang='grc' dir='ltr'><strong>⁸⁸η</strong></span> <span class='ocrx_word' id='word_1_258' title='bbox 2008 1738 2026 1770; x_wconf 67' lang='grc' dir='ltr'><strong><em>ν</em></strong></span> <span class='ocrx_word' id='word_1_259' title='bbox 2057 1717 2189 1773; x_wconf 70' lang='lat' dir='ltr'><strong>Cum</strong></span> <span class='ocrx_word' id='word_1_260' title='bbox 2224 1720 2275 1774; x_wconf 78' lang='grc' dir='ltr'><strong>Ῐη</strong></span> <span class='ocrx_word' id='word_1_261' title='bbox 2307 1721 2674 1790; x_wconf 71' lang='grc' dir='ltr'><strong>διιρετίοτίιωε</strong></span> <span class='ocrx_word' id='word_1_262' title='bbox 2691 1723 2916 1777; x_wconf 72' lang='grc' dir='ltr'><strong>ἀίιίεεει</strong></span> <span class='ocrx_word' id='word_1_263' title='bbox 2939 1723 3007 1788; x_wconf 68' lang='grc'><strong>⁸⁸,</strong></span> <span class='ocrx_word' id='word_1_264' title='bbox 3035 1726 3161 1792; x_wconf 65' lang='grc' dir='ltr'><strong>(Ιυίθ</strong></span> <span class='ocrx_word' id='word_1_265' title='bbox 3189 1724 3368 1777; x_wconf 61' lang='lat' dir='ltr'><strong>omni“</strong></span> 
     </span>
    </p>
   </div>
   <div class='ocr_carea' id='block_1_18' title="bbox 81 1806 3362 1882">
    <p class='ocr_par' dir='ltr' id='par_1_18' title="bbox 81 1806 3362 1882">
     <span class='ocr_line' id='line_1_18' title="bbox 81 1806 3362 1882; baseline 0.003 -25"><span class='ocrx_word' id='word_1_266' title='bbox 81 1806 494 1875; x_wconf 85' lang='lat' dir='ltr'><strong>demptionetn</strong></span> <span class='ocrx_word' id='word_1_267' title='bbox 538 1811 784 1878; x_wconf 89' lang='lat' dir='ltr'><strong>corporis</strong></span> <span class='ocrx_word' id='word_1_268' title='bbox 837 1812 919 1865; x_wconf 90' lang='lat' dir='ltr'><strong>sui</strong></span> <span class='ocrx_word' id='word_1_269' title='bbox 970 1813 1269 1882; x_wconf 88' lang='lat' dir='ltr'><strong>consequi;</strong></span> <span class='ocrx_word' id='word_1_270' title='bbox 1321 1814 1414 1868; x_wconf 89' lang='lat' dir='ltr'><strong>sed</strong></span> <span class='ocrx_word' id='word_1_271' title='bbox 1462 1814 1699 1868; x_wconf 84' lang='lat' dir='ltr'><strong>inveniat</strong></span> <span class='ocrx_word' id='word_1_272' title='bbox 1799 1815 2047 1862; x_wconf 81' lang='lat' dir='ltr'><strong>creatura</strong></span> <span class='ocrx_word' id='word_1_273' title='bbox 2089 1808 2173 1861; x_wconf 89' lang='lat' dir='ltr'><strong>his</strong></span> <span class='ocrx_word' id='word_1_274' title='bbox 2211 1809 2302 1877; x_wconf 91' lang='lat' dir='ltr'><strong>qui</strong></span> <span class='ocrx_word' id='word_1_275' title='bbox 2333 1809 2386 1863; x_wconf 90' lang='lat' dir='ltr'><strong>in</strong></span> <span class='ocrx_word' id='word_1_276' title='bbox 2424 1825 2595 1879; x_wconf 87' lang='lat' dir='ltr'><strong>agone</strong></span> <span class='ocrx_word' id='word_1_277' title='bbox 2654 1809 2812 1879; x_wconf 83' lang='lat' dir='ltr'><strong>hujus</strong></span> <span class='ocrx_word' id='word_1_278' title='bbox 2857 1813 2979 1866; x_wconf 72' lang='lat' dir='ltr'><strong>vitae</strong></span> <span class='ocrx_word' id='word_1_279' title='bbox 3029 1823 3154 1867; x_wconf 90' lang='lat' dir='ltr'><strong>sunt</strong></span> <span class='ocrx_word' id='word_1_280' title='bbox 3206 1815 3362 1882; x_wconf 87' lang='lat' dir='ltr'><strong>positi</strong></span> 
     </span>
    </p>
   </div>
   <div class='ocr_carea' id='block_1_19' title="bbox 79 1898 3361 1972">
    <p class='ocr_par' dir='ltr' id='par_1_19' title="bbox 79 1898 3361 1972">
     <span class='ocr_line' id='line_1_19' title="bbox 79 1898 3361 1972; baseline 0.006 -24"><span class='ocrx_word' id='word_1_281' title='bbox 79 1910 213 1948; x_wconf 88' lang='lat' dir='ltr'><strong>enm</strong></span> <span class='ocrx_word' id='word_1_282' title='bbox 244 1898 364 1951; x_wconf 87' lang='lat' dir='ltr'><strong>ista</strong></span> <span class='ocrx_word' id='word_1_283' title='bbox 397 1902 680 1954; x_wconf 79' lang='lat' dir='ltr'><strong>sententia</strong></span> <span class='ocrx_word' id='word_1_284' title='bbox 711 1917 829 1968; x_wconf 71' lang='lat' dir='ltr'><strong>quae</strong></span> <span class='ocrx_word' id='word_1_285' title='bbox 863 1918 1055 1972; x_wconf 88' lang='lat' dir='ltr'><strong>corpus</strong></span> <span class='ocrx_word' id='word_1_286' title='bbox 1085 1913 1135 1958; x_wconf 90' lang='lat' dir='ltr'><strong>et</strong></span> <span class='ocrx_word' id='word_1_287' title='bbox 1169 1903 1402 1956; x_wconf 90' lang='lat' dir='ltr'><strong>animam</strong></span> <span class='ocrx_word' id='word_1_288' title='bbox 1437 1905 1698 1972; x_wconf 68' lang='lat' dir='ltr'><strong>gehennae</strong></span> <span class='ocrx_word' id='word_1_289' title='bbox 1797 1901 2229 1969; x_wconf 78' lang='lat' dir='ltr'><strong>congemisceret</strong></span> <span class='ocrx_word' id='word_1_290' title='bbox 2257 1911 2310 1954; x_wconf 88' lang='lat' dir='ltr'><strong>et</strong></span> <span class='ocrx_word' id='word_1_291' title='bbox 2345 1903 2692 1966; x_wconf 79' lang='lat' dir='ltr'><strong>coudolerel.</strong></span> <span class='ocrx_word' id='word_1_292' title='bbox 2724 1905 2825 1958; x_wconf 79' lang='lat' dir='ltr'><strong>hoc</strong></span> <span class='ocrx_word' id='word_1_293' title='bbox 2861 1914 2946 1959; x_wconf 73' lang='grc' dir='ltr'><strong>εει</strong></span> <span class='ocrx_word' id='word_1_294' title='bbox 2974 1905 3361 1969; x_wconf 68' lang='lat' dir='ltr'><strong>COllabOI&#39;al&#39;el.</strong></span> 
     </span>
    </p>
   </div>
   <div class='ocr_carea' id='block_1_20' title="bbox 86 1987 3364 2064">
    <p class='ocr_par' dir='ltr' id='par_1_20' title="bbox 86 1987 3364 2064">
     <span class='ocr_line' id='line_1_20' title="bbox 86 1987 3364 2064; baseline 0.004 -26"><span class='ocrx_word' id='word_1_295' title='bbox 86 1987 326 2056; x_wconf 78' lang='lat' dir='ltr'><strong>ignibus</strong></span> <span class='ocrx_word' id='word_1_296' title='bbox 369 1989 610 2044; x_wconf 77' lang='lat' dir='ltr'><strong>damnat</strong></span> <span class='ocrx_word' id='word_1_297' title='bbox 650 1992 784 2062; x_wconf 80' lang='lat'><strong>(50).</strong></span> <span class='ocrx_word' id='word_1_298' title='bbox 828 1993 956 2048; x_wconf 84' lang='lat' dir='ltr'><strong>Post</strong></span> <span class='ocrx_word' id='word_1_299' title='bbox 990 1995 1104 2048; x_wconf 63' lang='lat' dir='ltr'><strong>haec</strong></span> <span class='ocrx_word' id='word_1_300' title='bbox 1138 1994 1270 2048; x_wconf 88' lang='lat' dir='ltr'><strong>dicit</strong></span> <span class='ocrx_word' id='word_1_301' title='bbox 1303 2011 1316 2048; x_wconf 94' lang='lat'><strong>:</strong></span> <span class='ocrx_word' id='word_1_302' title='bbox 1356 2013 1375 2046; x_wconf 71' lang='grc' dir='ltr'><strong>ε</strong></span> <span class='ocrx_word' id='word_1_303' title='bbox 1411 1993 1518 2064; x_wconf 91' lang='lat' dir='ltr'><strong>Spe</strong></span> <span class='ocrx_word' id='word_1_304' title='bbox 1552 1999 1694 2048; x_wconf 91' lang='lat' dir='ltr'><strong>enim</strong></span> <span class='ocrx_word' id='word_1_305' title='bbox 1796 1993 2051 2061; x_wconf 79' lang='lat' dir='ltr'><strong>viresque</strong></span> <span class='ocrx_word' id='word_1_306' title='bbox 2096 1991 2388 2058; x_wconf 80' lang='lat' dir='ltr'><strong>conferret,</strong></span> <span class='ocrx_word' id='word_1_307' title='bbox 2445 2001 2555 2046; x_wconf 91' lang='lat' dir='ltr'><strong>tum</strong></span> <span class='ocrx_word' id='word_1_308' title='bbox 2602 1993 2768 2047; x_wconf 90' lang='lat' dir='ltr'><strong>etiam</strong></span> <span class='ocrx_word' id='word_1_309' title='bbox 2799 1994 3034 2064; x_wconf 89' lang='lat' dir='ltr'><strong>seipsum</strong></span> <span class='ocrx_word' id='word_1_310' title='bbox 3063 1993 3266 2050; x_wconf 86' lang='lat' dir='ltr'><strong>Paulus</strong></span> <span class='ocrx_word' id='word_1_311' title='bbox 3299 2010 3364 2050; x_wconf 86' lang='lat' dir='ltr'><strong>ac</strong></span> 
     </span>
    </p>
   </div>
   <div class='ocr_carea' id='block_1_21' title="bbox 87 2078 3361 2156">
    <p class='ocr_par' dir='ltr' id='par_1_21' title="bbox 87 2078 3361 2156">
     <span class='ocr_line' id='line_1_21' title="bbox 87 2078 3361 2156; baseline 0.003 -25"><span class='ocrx_word' id='word_1_312' title='bbox 87 2079 235 2134; x_wconf 85' lang='lat' dir='ltr'><strong>salvi</strong></span> <span class='ocrx_word' id='word_1_313' title='bbox 266 2078 417 2136; x_wconf 76' lang='lat' dir='ltr'><strong>facti</strong></span> <span class='ocrx_word' id='word_1_314' title='bbox 453 2098 663 2138; x_wconf 87' lang='lat' dir='ltr'><strong>sumus.</strong></span> <span class='ocrx_word' id='word_1_315' title='bbox 700 2082 836 2154; x_wconf 90' lang='lat' dir='ltr'><strong>Spes</strong></span> <span class='ocrx_word' id='word_1_316' title='bbox 861 2095 1040 2140; x_wconf 88' lang='lat' dir='ltr'><strong>autem</strong></span> <span class='ocrx_word' id='word_1_317' title='bbox 1071 2101 1190 2156; x_wconf 67' lang='lat' dir='ltr'><strong>quae</strong></span> <span class='ocrx_word' id='word_1_318' title='bbox 1214 2086 1444 2150; x_wconf 88' lang='lat' dir='ltr'><strong>videtur,</strong></span> <span class='ocrx_word' id='word_1_319' title='bbox 1475 2101 1579 2141; x_wconf 91' lang='lat' dir='ltr'><strong>non</strong></span> <span class='ocrx_word' id='word_1_320' title='bbox 1614 2096 1695 2142; x_wconf 92' lang='lat' dir='ltr'><strong>est</strong></span> <span class='ocrx_word' id='word_1_321' title='bbox 1796 2084 1878 2137; x_wconf 89' lang='lat' dir='ltr'><strong>sui</strong></span> <span class='ocrx_word' id='word_1_322' title='bbox 1912 2082 2118 2137; x_wconf 88' lang='lat' dir='ltr'><strong>similes</strong></span> <span class='ocrx_word' id='word_1_323' title='bbox 2154 2083 2393 2152; x_wconf 80' lang='lat' dir='ltr'><strong>proferre</strong></span> <span class='ocrx_word' id='word_1_324' title='bbox 2419 2084 2655 2153; x_wconf 85' lang='lat' dir='ltr'><strong>gemitus</strong></span> <span class='ocrx_word' id='word_1_325' title='bbox 2689 2099 2786 2152; x_wconf 92' lang='lat' dir='ltr'><strong>pro</strong></span> <span class='ocrx_word' id='word_1_326' title='bbox 2832 2084 3206 2140; x_wconf 85' lang='lat' dir='ltr'><strong>laborantibus</strong></span> <span class='ocrx_word' id='word_1_327' title='bbox 3247 2101 3361 2140; x_wconf 65' lang='lat' dir='ltr'><strong>meo</strong></span> 
     </span>
    </p>
   </div>
   <div class='ocr_carea' id='block_1_22' title="bbox 88 2170 3361 2248">
    <p class='ocr_par' dir='ltr' id='par_1_22' title="bbox 88 2170 3361 2248">
     <span class='ocr_line' id='line_1_22' title="bbox 88 2170 3361 2248; baseline 0.002 -24"><span class='ocrx_word' id='word_1_328' title='bbox 88 2184 243 2238; x_wconf 85' lang='lat' dir='ltr'><strong>spes.</strong></span> <span class='ocrx_word' id='word_1_329' title='bbox 269 2191 292 2224; x_wconf 76' lang='grc' dir='ltr'><strong><em>ι</em></strong></span> <span class='ocrx_word' id='word_1_330' title='bbox 327 2170 500 2248; x_wconf 80' lang='lat' dir='ltr'><strong>Sicut</strong></span> <span class='ocrx_word' id='word_1_331' title='bbox 527 2177 775 2244; x_wconf 88' lang='lat' dir='ltr'><strong>superius</strong></span> <span class='ocrx_word' id='word_1_332' title='bbox 799 2179 864 2231; x_wconf 91' lang='lat' dir='ltr'><strong>de</strong></span> <span class='ocrx_word' id='word_1_333' title='bbox 886 2186 1133 2232; x_wconf 86' lang='lat' dir='ltr'><strong>creatura</strong></span> <span class='ocrx_word' id='word_1_334' title='bbox 1159 2177 1393 2238; x_wconf 83' lang='lat' dir='ltr'><strong>dixerat,</strong></span> <span class='ocrx_word' id='word_1_335' title='bbox 1415 2178 1538 2245; x_wconf 86' lang='lat' dir='ltr'><strong>quia</strong></span> <span class='ocrx_word' id='word_1_336' title='bbox 1571 2195 1590 2231; x_wconf 70' lang='grc' dir='ltr'><strong><em>ι</em></strong></span> <span class='ocrx_word' id='word_1_337' title='bbox 1612 2193 1698 2230; x_wconf 84' lang='lat' dir='ltr'><strong>ra-</strong></span> <span class='ocrx_word' id='word_1_338' title='bbox 1797 2184 2064 2228; x_wconf 88' lang='lat' dir='ltr'><strong>morasset</strong></span> <span class='ocrx_word' id='word_1_339' title='bbox 2085 2173 2152 2238; x_wconf 70' lang='grc'><strong>⁸⁷,</strong></span> <span class='ocrx_word' id='word_1_340' title='bbox 2176 2183 2234 2226; x_wconf 82' lang='grc' dir='ltr'>ιιι</span> <span class='ocrx_word' id='word_1_341' title='bbox 2265 2189 2360 2242; x_wconf 91' lang='lat' dir='ltr'><strong>per</strong></span> <span class='ocrx_word' id='word_1_342' title='bbox 2393 2175 2508 2230; x_wconf 82' lang='lat' dir='ltr'><strong>haec</strong></span> <span class='ocrx_word' id='word_1_343' title='bbox 2542 2174 2812 2230; x_wconf 85' lang='lat' dir='ltr'><strong>solaretur</strong></span> <span class='ocrx_word' id='word_1_344' title='bbox 2855 2176 2909 2230; x_wconf 90' lang='lat' dir='ltr'><strong>in</strong></span> <span class='ocrx_word' id='word_1_345' title='bbox 2942 2178 3242 2230; x_wconf 88' lang='lat' dir='ltr'><strong>certamine</strong></span> <span class='ocrx_word' id='word_1_346' title='bbox 3264 2192 3361 2244; x_wconf 86' lang='lat' dir='ltr'><strong>po-</strong></span> 
     </span>
    </p>
   </div>
   <div class='ocr_carea' id='block_1_23' title="bbox 89 2264 3362 2340">
    <p class='ocr_par' dir='ltr' id='par_1_23' title="bbox 89 2264 3362 2340">
     <span class='ocr_line' id='line_1_23' title="bbox 89 2264 3362 2340; baseline 0.003 -27"><span class='ocrx_word' id='word_1_347' title='bbox 89 2264 260 2318; x_wconf 88' lang='lat' dir='ltr'><strong>nitati</strong></span> <span class='ocrx_word' id='word_1_348' title='bbox 321 2267 583 2335; x_wconf 89' lang='lat' dir='ltr'><strong>subjecta</strong></span> <span class='ocrx_word' id='word_1_349' title='bbox 641 2279 724 2323; x_wconf 86' lang='lat' dir='ltr'><strong>est</strong></span> <span class='ocrx_word' id='word_1_350' title='bbox 773 2280 992 2340; x_wconf 89' lang='lat' dir='ltr'><strong>propter</strong></span> <span class='ocrx_word' id='word_1_351' title='bbox 1040 2285 1161 2325; x_wconf 91' lang='lat' dir='ltr'><strong>eum</strong></span> <span class='ocrx_word' id='word_1_352' title='bbox 1215 2271 1308 2339; x_wconf 94' lang='lat' dir='ltr'><strong>qui</strong></span> <span class='ocrx_word' id='word_1_353' title='bbox 1354 2269 1576 2339; x_wconf 89' lang='lat' dir='ltr'><strong>subjecit</strong></span> <span class='ocrx_word' id='word_1_354' title='bbox 1640 2272 1692 2325; x_wconf 92' lang='lat' dir='ltr'><strong>in</strong></span> <span class='ocrx_word' id='word_1_355' title='bbox 1793 2267 1948 2331; x_wconf 91' lang='lat' dir='ltr'><strong>sitos,</strong></span> <span class='ocrx_word' id='word_1_356' title='bbox 1997 2281 2121 2320; x_wconf 92' lang='lat' dir='ltr'><strong>cum</strong></span> <span class='ocrx_word' id='word_1_357' title='bbox 2164 2266 2410 2320; x_wconf 88' lang='lat' dir='ltr'><strong>viderent</strong></span> <span class='ocrx_word' id='word_1_358' title='bbox 2438 2281 2628 2321; x_wconf 86' lang='lat' dir='ltr'><strong>omnes</strong></span> <span class='ocrx_word' id='word_1_359' title='bbox 2676 2277 2896 2322; x_wconf 84' lang='lat' dir='ltr'><strong>sanctos</strong></span> <span class='ocrx_word' id='word_1_360' title='bbox 2940 2267 3362 2335; x_wconf 85' lang='lat' dir='ltr'><strong>universamque</strong></span> 
     </span>
    </p>
   </div>
   <div class='ocr_carea' id='block_1_24' title="bbox 91 2354 3359 2431">
    <p class='ocr_par' dir='ltr' id='par_1_24' title="bbox 91 2354 3359 2431">
     <span class='ocr_line' id='line_1_24' title="bbox 91 2354 3359 2431; baseline 0.002 -26"><span class='ocrx_word' id='word_1_361' title='bbox 91 2369 190 2420; x_wconf 90' lang='lat' dir='ltr'><strong>spe</strong></span> <span class='ocrx_word' id='word_1_362' title='bbox 217 2354 314 2415; x_wconf 62' lang='grc' dir='ltr'><strong>’νε</strong></span> <span class='ocrx_word' id='word_1_363' title='bbox 360 2377 378 2407; x_wconf 79' lang='grc' dir='ltr'>ι</span> <span class='ocrx_word' id='word_1_364' title='bbox 418 2357 495 2412; x_wconf 90' lang='lat' dir='ltr'><strong>ita</strong></span> <span class='ocrx_word' id='word_1_365' title='bbox 528 2370 584 2413; x_wconf 93' lang='lat' dir='ltr'><strong>et</strong></span> <span class='ocrx_word' id='word_1_366' title='bbox 631 2360 720 2414; x_wconf 88' lang='lat' dir='ltr'><strong>bic</strong></span> <span class='ocrx_word' id='word_1_367' title='bbox 766 2363 832 2416; x_wconf 91' lang='lat' dir='ltr'><strong>de</strong></span> <span class='ocrx_word' id='word_1_368' title='bbox 875 2363 1166 2430; x_wconf 90' lang='lat' dir='ltr'><strong>semetipso</strong></span> <span class='ocrx_word' id='word_1_369' title='bbox 1210 2362 1299 2416; x_wconf 90' lang='lat' dir='ltr'><strong>vel</strong></span> <span class='ocrx_word' id='word_1_370' title='bbox 1338 2377 1692 2431; x_wconf 89' lang='lat' dir='ltr'><strong>quoscunque</strong></span> <span class='ocrx_word' id='word_1_371' title='bbox 1793 2365 2104 2409; x_wconf 89' lang='lat' dir='ltr'><strong>creaturam</strong></span> <span class='ocrx_word' id='word_1_372' title='bbox 2139 2355 2333 2410; x_wconf 75' lang='lat' dir='ltr'><strong>all‘ectu</strong></span> <span class='ocrx_word' id='word_1_373' title='bbox 2365 2371 2547 2411; x_wconf 88' lang='lat' dir='ltr'><strong>secum</strong></span> <span class='ocrx_word' id='word_1_374' title='bbox 2579 2357 2854 2423; x_wconf 88' lang='lat' dir='ltr'><strong>laborare,</strong></span> <span class='ocrx_word' id='word_1_375' title='bbox 2878 2355 3222 2428; x_wconf 78' lang='lat' dir='ltr'><strong>gemitusque</strong></span> <span class='ocrx_word' id='word_1_376' title='bbox 3244 2357 3359 2428; x_wconf 73' lang='lat'><strong>(32)</strong></span> 
     </span>
    </p>
   </div>
   <div class='ocr_carea' id='block_1_25' title="bbox 93 2452 1690 2521">
    <p class='ocr_par' dir='ltr' id='par_1_25' title="bbox 93 2452 1690 2521">
     <span class='ocr_line' id='line_1_25' title="bbox 93 2452 1690 2521; baseline 0.008 -26"><span class='ocrx_word' id='word_1_377' title='bbox 93 2458 292 2499; x_wconf 77' lang='lat' dir='ltr'><strong>secum</strong></span> <span class='ocrx_word' id='word_1_378' title='bbox 327 2452 693 2504; x_wconf 86' lang='lat' dir='ltr'><strong>annumerari</strong></span> <span class='ocrx_word' id='word_1_379' title='bbox 734 2452 918 2518; x_wconf 90' lang='lat' dir='ltr'><strong>novit,</strong></span> <span class='ocrx_word' id='word_1_380' title='bbox 963 2452 1135 2506; x_wconf 88' lang='lat' dir='ltr'><strong>dicit:</strong></span> <span class='ocrx_word' id='word_1_381' title='bbox 1175 2469 1196 2504; x_wconf 70' lang='grc' dir='ltr'>ι</span> <span class='ocrx_word' id='word_1_382' title='bbox 1229 2452 1336 2521; x_wconf 92' lang='lat' dir='ltr'><strong>Spe</strong></span> <span class='ocrx_word' id='word_1_383' title='bbox 1367 2453 1510 2506; x_wconf 86' lang='lat' dir='ltr'><strong>enim</strong></span> <span class='ocrx_word' id='word_1_384' title='bbox 1556 2453 1690 2508; x_wconf 88' lang='lat' dir='ltr'><strong>salvi</strong></span> 
     </span>
    </p>
   </div>
   <div class='ocr_carea' id='block_1_26' title="bbox 99 2538 1691 2616">
    <p class='ocr_par' dir='ltr' id='par_1_26' title="bbox 99 2538 1691 2616">
     <span class='ocr_line' id='line_1_26' title="bbox 99 2538 1691 2616; baseline 0.006 -24"><span class='ocrx_word' id='word_1_385' title='bbox 99 2538 234 2596; x_wconf 76' lang='lat' dir='ltr'><strong>facti</strong></span> <span class='ocrx_word' id='word_1_386' title='bbox 281 2557 492 2598; x_wconf 88' lang='lat' dir='ltr'><strong>sumus</strong></span> <span class='ocrx_word' id='word_1_387' title='bbox 527 2561 542 2597; x_wconf 90' lang='lat'><strong>:</strong></span> <span class='ocrx_word' id='word_1_388' title='bbox 586 2564 604 2597; x_wconf 77' lang='grc' dir='ltr'><strong><em>ι</em></strong></span> <span class='ocrx_word' id='word_1_389' title='bbox 644 2545 784 2600; x_wconf 90' lang='lat' dir='ltr'><strong>sicut</strong></span> <span class='ocrx_word' id='word_1_390' title='bbox 820 2555 875 2600; x_wconf 91' lang='lat' dir='ltr'><strong>et</strong></span> <span class='ocrx_word' id='word_1_391' title='bbox 921 2547 1211 2616; x_wconf 86' lang='lat' dir='ltr'><strong>gemitibus</strong></span> <span class='ocrx_word' id='word_1_392' title='bbox 1247 2555 1515 2601; x_wconf 66' lang='lat' dir='ltr'><strong>creaturae</strong></span> <span class='ocrx_word' id='word_1_393' title='bbox 1561 2561 1691 2601; x_wconf 90' lang='lat' dir='ltr'><strong>suos</strong></span> 
     </span>
    </p>
   </div>
   <div class='ocr_carea' id='block_1_27' title="bbox 97 2634 1691 2707">
    <p class='ocr_par' dir='ltr' id='par_1_27' title="bbox 97 2634 1691 2707">
     <span class='ocr_line' id='line_1_27' title="bbox 97 2634 1691 2707; baseline 0.006 -25"><span class='ocrx_word' id='word_1_394' title='bbox 97 2644 329 2701; x_wconf 85' lang='lat' dir='ltr'><strong>quoque</strong></span> <span class='ocrx_word' id='word_1_395' title='bbox 366 2634 612 2704; x_wconf 86' lang='lat' dir='ltr'><strong>gemitus</strong></span> <span class='ocrx_word' id='word_1_396' title='bbox 659 2636 909 2689; x_wconf 88' lang='lat' dir='ltr'><strong>sociavit.</strong></span> <span class='ocrx_word' id='word_1_397' title='bbox 951 2635 1229 2702; x_wconf 86' lang='lat' dir='ltr'><strong>Quomodo</strong></span> <span class='ocrx_word' id='word_1_398' title='bbox 1268 2647 1444 2691; x_wconf 89' lang='lat' dir='ltr'><strong>autem</strong></span> <span class='ocrx_word' id='word_1_399' title='bbox 1497 2638 1549 2690; x_wconf 92' lang='lat' dir='ltr'><strong>in</strong></span> <span class='ocrx_word' id='word_1_400' title='bbox 1595 2653 1691 2707; x_wconf 89' lang='lat' dir='ltr'><strong>spe</strong></span> 
     </span>
    </p>
   </div>
   <div class='ocr_carea' id='block_1_28' title="bbox 101 2722 1689 2796">
    <p class='ocr_par' dir='ltr' id='par_1_28' title="bbox 101 2722 1689 2796">
     <span class='ocr_line' id='line_1_28' title="bbox 101 2722 1689 2796; baseline 0.005 -21"><span class='ocrx_word' id='word_1_401' title='bbox 101 2722 174 2776; x_wconf 89' lang='lat' dir='ltr'><strong>sit</strong></span> <span class='ocrx_word' id='word_1_402' title='bbox 206 2723 366 2779; x_wconf 86' lang='lat' dir='ltr'><strong>salus</strong></span> <span class='ocrx_word' id='word_1_403' title='bbox 397 2724 518 2796; x_wconf 80' lang='lat'><strong>(3|)</strong></span> <span class='ocrx_word' id='word_1_404' title='bbox 551 2742 567 2778; x_wconf 88' lang='lat'><strong>:</strong></span> <span class='ocrx_word' id='word_1_405' title='bbox 603 2740 727 2795; x_wconf 86' lang='lat' dir='ltr'><strong>spes</strong></span> <span class='ocrx_word' id='word_1_406' title='bbox 769 2741 898 2779; x_wconf 88' lang='lat' dir='ltr'><strong>vero</strong></span> <span class='ocrx_word' id='word_1_407' title='bbox 927 2741 1029 2780; x_wconf 90' lang='lat' dir='ltr'><strong>non</strong></span> <span class='ocrx_word' id='word_1_408' title='bbox 1057 2728 1127 2780; x_wconf 89' lang='lat' dir='ltr'><strong>sit</strong></span> <span class='ocrx_word' id='word_1_409' title='bbox 1171 2727 1222 2780; x_wconf 92' lang='lat' dir='ltr'><strong>in</strong></span> <span class='ocrx_word' id='word_1_410' title='bbox 1256 2727 1340 2782; x_wconf 89' lang='lat' dir='ltr'><strong>bis</strong></span> <span class='ocrx_word' id='word_1_411' title='bbox 1369 2727 1539 2796; x_wconf 86' lang='lat' dir='ltr'><strong>posita</strong></span> <span class='ocrx_word' id='word_1_412' title='bbox 1567 2743 1689 2796; x_wconf 66' lang='lat' dir='ltr'><strong>quae</strong></span> 
     </span>
    </p>
   </div>
   <div class='ocr_carea' id='block_1_29' title="bbox 99 2819 1691 2893">
    <p class='ocr_par' dir='ltr' id='par_1_29' title="bbox 99 2819 1691 2893">
     <span class='ocr_line' id='line_1_29' title="bbox 99 2819 1691 2893; baseline 0.007 -24"><span class='ocrx_word' id='word_1_413' title='bbox 99 2819 392 2887; x_wconf 71' lang='lat' dir='ltr'><strong>videntur,</strong></span> <span class='ocrx_word' id='word_1_414' title='bbox 427 2823 523 2877; x_wconf 90' lang='lat' dir='ltr'><strong>sed</strong></span> <span class='ocrx_word' id='word_1_415' title='bbox 549 2836 670 2890; x_wconf 74' lang='lat' dir='ltr'><strong>quae</strong></span> <span class='ocrx_word' id='word_1_416' title='bbox 697 2837 804 2876; x_wconf 91' lang='lat' dir='ltr'><strong>non</strong></span> <span class='ocrx_word' id='word_1_417' title='bbox 835 2822 1113 2884; x_wconf 89' lang='lat' dir='ltr'><strong>videntur,</strong></span> <span class='ocrx_word' id='word_1_418' title='bbox 1145 2824 1257 2893; x_wconf 89' lang='lat' dir='ltr'><strong>jam</strong></span> <span class='ocrx_word' id='word_1_419' title='bbox 1286 2825 1533 2892; x_wconf 85' lang='lat' dir='ltr'><strong>superius</strong></span> <span class='ocrx_word' id='word_1_420' title='bbox 1561 2825 1691 2879; x_wconf 90' lang='lat' dir='ltr'><strong>edo-</strong></span> 
     </span>
    </p>
   </div>
   <div class='ocr_carea' id='block_1_30' title="bbox 101 2914 1687 2986">
    <p class='ocr_par' dir='ltr' id='par_1_30' title="bbox 101 2914 1687 2986">
     <span class='ocr_line' id='line_1_30' title="bbox 101 2914 1687 2986; baseline 0.005 -22"><span class='ocrx_word' id='word_1_421' title='bbox 101 2914 344 2968; x_wconf 90' lang='lat' dir='ltr'><strong>cuimus.</strong></span> <span class='ocrx_word' id='word_1_422' title='bbox 378 2914 520 2969; x_wconf 86' lang='lat' dir='ltr'><strong>Illud</strong></span> <span class='ocrx_word' id='word_1_423' title='bbox 552 2915 722 2969; x_wconf 87' lang='lat' dir='ltr'><strong>solum</strong></span> <span class='ocrx_word' id='word_1_424' title='bbox 754 2914 989 2969; x_wconf 83' lang='lat' dir='ltr'><strong>breviter</strong></span> <span class='ocrx_word' id='word_1_425' title='bbox 1028 2917 1324 2978; x_wconf 88' lang='lat' dir='ltr'><strong>addemus,</strong></span> <span class='ocrx_word' id='word_1_426' title='bbox 1355 2918 1495 2986; x_wconf 89' lang='lat' dir='ltr'><strong>quod</strong></span> <span class='ocrx_word' id='word_1_427' title='bbox 1526 2927 1580 2972; x_wconf 91' lang='lat' dir='ltr'><strong>et</strong></span> <span class='ocrx_word' id='word_1_428' title='bbox 1621 2933 1687 2972; x_wconf 78' lang='lat' dir='ltr'><strong>ex</strong></span> 
     </span>
    </p>
   </div>
   <div class='ocr_carea' id='block_1_31' title="bbox 100 3004 1684 3077">
    <p class='ocr_par' dir='ltr' id='par_1_31' title="bbox 100 3004 1684 3077">
     <span class='ocr_line' id='line_1_31' title="bbox 100 3004 1684 3077; baseline 0.004 -21"><span class='ocrx_word' id='word_1_429' title='bbox 100 3004 185 3059; x_wconf 87' lang='lat' dir='ltr'><strong>his</strong></span> <span class='ocrx_word' id='word_1_430' title='bbox 211 3007 573 3062; x_wconf 89' lang='lat' dir='ltr'><strong>sermonibus</strong></span> <span class='ocrx_word' id='word_1_431' title='bbox 596 3048 612 3074; x_wconf 96' lang='lat'><strong>,</strong></span> <span class='ocrx_word' id='word_1_432' title='bbox 645 3018 698 3062; x_wconf 89' lang='lat' dir='ltr'><strong>et</strong></span> <span class='ocrx_word' id='word_1_433' title='bbox 730 3023 793 3060; x_wconf 79' lang='lat' dir='ltr'><strong>ex</strong></span> <span class='ocrx_word' id='word_1_434' title='bbox 846 3007 949 3061; x_wconf 86' lang='lat' dir='ltr'><strong>illis</strong></span> <span class='ocrx_word' id='word_1_435' title='bbox 990 3009 1040 3061; x_wconf 94' lang='lat' dir='ltr'><strong>in</strong></span> <span class='ocrx_word' id='word_1_436' title='bbox 1081 3008 1278 3077; x_wconf 88' lang='lat' dir='ltr'><strong>quibus</strong></span> <span class='ocrx_word' id='word_1_437' title='bbox 1310 3010 1469 3075; x_wconf 86' lang='lat' dir='ltr'><strong>dicit,</strong></span> <span class='ocrx_word' id='word_1_438' title='bbox 1518 3027 1536 3060; x_wconf 71' lang='grc' dir='ltr'>ε</span> <span class='ocrx_word' id='word_1_439' title='bbox 1571 3009 1684 3063; x_wconf 82' lang='lat' dir='ltr'><strong>Non</strong></span> 
     </span>
    </p>
   </div>
   <div class='ocr_carea' id='block_1_32' title="bbox 101 3099 1684 3171">
    <p class='ocr_par' dir='ltr' id='par_1_32' title="bbox 101 3099 1684 3171">
     <span class='ocr_line' id='line_1_32' title="bbox 101 3099 1684 3171; baseline 0.004 -21"><span class='ocrx_word' id='word_1_440' title='bbox 101 3099 476 3167; x_wconf 75' lang='lat' dir='ltr'><strong>respicientes</strong></span> <span class='ocrx_word' id='word_1_441' title='bbox 511 3100 598 3153; x_wconf 87' lang='lat' dir='ltr'><strong>illa</strong></span> <span class='ocrx_word' id='word_1_442' title='bbox 628 3116 746 3169; x_wconf 64' lang='lat' dir='ltr'><strong>quae</strong></span> <span class='ocrx_word' id='word_1_443' title='bbox 785 3103 1054 3164; x_wconf 85' lang='lat' dir='ltr'><strong>ridentur,</strong></span> <span class='ocrx_word' id='word_1_444' title='bbox 1086 3103 1178 3156; x_wconf 86' lang='lat' dir='ltr'><strong>sed</strong></span> <span class='ocrx_word' id='word_1_445' title='bbox 1211 3117 1330 3171; x_wconf 78' lang='lat' dir='ltr'><strong>qua:</strong></span> <span class='ocrx_word' id='word_1_446' title='bbox 1366 3118 1470 3156; x_wconf 93' lang='lat' dir='ltr'><strong>non</strong></span> <span class='ocrx_word' id='word_1_447' title='bbox 1503 3103 1684 3158; x_wconf 89' lang='lat' dir='ltr'><strong>viden-</strong></span> 
     </span>
    </p>
   </div>
   <div class='ocr_carea' id='block_1_33' title="bbox 101 3190 1684 3256">
    <p class='ocr_par' dir='ltr' id='par_1_33' title="bbox 101 3190 1684 3256">
     <span class='ocr_line' id='line_1_33' title="bbox 101 3190 1684 3256; baseline 0.005 -14"><span class='ocrx_word' id='word_1_448' title='bbox 101 3199 188 3244; x_wconf 93' lang='lat' dir='ltr'><strong>tur</strong></span> <span class='ocrx_word' id='word_1_449' title='bbox 215 3190 286 3256; x_wconf 74' lang='grc'><strong>⁵⁸,</strong></span> <span class='ocrx_word' id='word_1_450' title='bbox 319 3211 340 3244; x_wconf 77' lang='grc' dir='ltr'><strong><em>ι</em></strong></span> <span class='ocrx_word' id='word_1_451' title='bbox 379 3193 577 3247; x_wconf 90' lang='lat' dir='ltr'><strong>edocet</strong></span> <span class='ocrx_word' id='word_1_452' title='bbox 622 3209 720 3248; x_wconf 90' lang='lat' dir='ltr'><strong>nos</strong></span> <span class='ocrx_word' id='word_1_453' title='bbox 766 3194 817 3248; x_wconf 93' lang='lat' dir='ltr'><strong>in</strong></span> <span class='ocrx_word' id='word_1_454' title='bbox 866 3194 1062 3248; x_wconf 80' lang='lat' dir='ltr'><strong>futuris</strong></span> <span class='ocrx_word' id='word_1_455' title='bbox 1118 3195 1275 3250; x_wconf 92' lang='lat' dir='ltr'><strong>bonis</strong></span> <span class='ocrx_word' id='word_1_456' title='bbox 1315 3195 1449 3249; x_wconf 87' lang='lat' dir='ltr'><strong>nihil</strong></span> <span class='ocrx_word' id='word_1_457' title='bbox 1501 3211 1684 3250; x_wconf 90' lang='lat' dir='ltr'><strong>eorum</strong></span> 
     </span>
    </p>
   </div>
   <div class='ocr_carea' id='block_1_34' title="bbox 100 3283 1678 3355">
    <p class='ocr_par' dir='ltr' id='par_1_34' title="bbox 100 3283 1678 3355">
     <span class='ocr_line' id='line_1_34' title="bbox 100 3283 1678 3355; baseline 0.006 -22"><span class='ocrx_word' id='word_1_458' title='bbox 100 3293 221 3344; x_wconf 66' lang='lat' dir='ltr'><strong>qua</strong></span> <span class='ocrx_word' id='word_1_459' title='bbox 254 3296 414 3336; x_wconf 89' lang='lat' dir='ltr'><strong>nunc</strong></span> <span class='ocrx_word' id='word_1_460' title='bbox 447 3283 718 3347; x_wconf 89' lang='lat' dir='ltr'><strong>videntur,</strong></span> <span class='ocrx_word' id='word_1_461' title='bbox 753 3284 834 3338; x_wconf 83' lang='lat' dir='ltr'><strong>vel</strong></span> <span class='ocrx_word' id='word_1_462' title='bbox 861 3284 1030 3338; x_wconf 78' lang='lat' dir='ltr'><strong>rideri</strong></span> <span class='ocrx_word' id='word_1_463' title='bbox 1061 3295 1307 3353; x_wconf 90' lang='lat' dir='ltr'><strong>possunt,</strong></span> <span class='ocrx_word' id='word_1_464' title='bbox 1337 3301 1558 3355; x_wconf 88' lang='lat' dir='ltr'><strong>sperare</strong></span> <span class='ocrx_word' id='word_1_465' title='bbox 1589 3287 1678 3342; x_wconf 90' lang='lat' dir='ltr'><strong>de-</strong></span> 
     </span>
    </p>
   </div>
   <div class='ocr_carea' id='block_1_35' title="bbox 101 3363 1680 3442">
    <p class='ocr_par' dir='ltr' id='par_1_35' title="bbox 101 3363 1680 3442">
     <span class='ocr_line' id='line_1_35' title="bbox 101 3363 1680 3442; baseline 0.008 -24"><span class='ocrx_word' id='word_1_466' title='bbox 101 3363 252 3430; x_wconf 88' lang='lat' dir='ltr'><strong>bere,</strong></span> <span class='ocrx_word' id='word_1_467' title='bbox 308 3370 532 3424; x_wconf 84' lang='lat' dir='ltr'><strong>etiamsi</strong></span> <span class='ocrx_word' id='word_1_468' title='bbox 573 3372 769 3426; x_wconf 65' lang='lat' dir='ltr'><strong>caelum</strong></span> <span class='ocrx_word' id='word_1_469' title='bbox 812 3373 993 3427; x_wconf 87' lang='lat' dir='ltr'><strong>videas</strong></span> <span class='ocrx_word' id='word_1_470' title='bbox 1025 3372 1168 3426; x_wconf 86' lang='lat' dir='ltr'><strong>istud</strong></span> <span class='ocrx_word' id='word_1_471' title='bbox 1203 3375 1436 3442; x_wconf 87' lang='lat' dir='ltr'><strong>visibile,</strong></span> <span class='ocrx_word' id='word_1_472' title='bbox 1471 3377 1680 3431; x_wconf 89' lang='lat' dir='ltr'><strong>etiamsi</strong></span> 
     </span>
    </p>
   </div>
   <div class='ocr_carea' id='block_1_36' title="bbox 102 3461 1681 3536">
    <p class='ocr_par' dir='ltr' id='par_1_36' title="bbox 102 3461 1681 3536">
     <span class='ocr_line' id='line_1_36' title="bbox 102 3461 1681 3536; baseline 0.01 -31"><span class='ocrx_word' id='word_1_473' title='bbox 102 3464 326 3512; x_wconf 86' lang='lat' dir='ltr'><strong>terram.</strong></span> <span class='ocrx_word' id='word_1_474' title='bbox 359 3461 504 3514; x_wconf 81' lang='lat' dir='ltr'><strong>Audi</strong></span> <span class='ocrx_word' id='word_1_475' title='bbox 533 3461 597 3514; x_wconf 88' lang='lat' dir='ltr'><strong>de</strong></span> <span class='ocrx_word' id='word_1_476' title='bbox 631 3462 738 3526; x_wconf 88' lang='lat' dir='ltr'><strong>bis,</strong></span> <span class='ocrx_word' id='word_1_477' title='bbox 767 3463 894 3532; x_wconf 88' lang='lat' dir='ltr'><strong>quia</strong></span> <span class='ocrx_word' id='word_1_478' title='bbox 927 3463 1161 3518; x_wconf 76' lang='lat' dir='ltr'><strong>tcmlum</strong></span> <span class='ocrx_word' id='word_1_479' title='bbox 1191 3473 1247 3518; x_wconf 92' lang='lat' dir='ltr'><strong>et</strong></span> <span class='ocrx_word' id='word_1_480' title='bbox 1287 3475 1426 3520; x_wconf 88' lang='lat' dir='ltr'><strong>terra</strong></span> <span class='ocrx_word' id='word_1_481' title='bbox 1456 3475 1681 3536; x_wconf 56' lang='lat' dir='ltr'><strong>praeter-</strong></span> 
     </span>
    </p>
   </div>
   <div class='ocr_carea' id='block_1_37' title="bbox 101 3544 1678 3625">
    <p class='ocr_par' dir='ltr' id='par_1_37' title="bbox 101 3544 1678 3625">
     <span class='ocr_line' id='line_1_37' title="bbox 101 3544 1678 3625; baseline 0.01 -28"><span class='ocrx_word' id='word_1_482' title='bbox 101 3544 254 3601; x_wconf 90' lang='lat' dir='ltr'><strong>ibunt</strong></span> <span class='ocrx_word' id='word_1_483' title='bbox 293 3549 379 3615; x_wconf 71' lang='grc' dir='ltr'><strong>δι,</strong></span> <span class='ocrx_word' id='word_1_484' title='bbox 416 3569 434 3602; x_wconf 73' lang='grc' dir='ltr'><strong><em>ι</em></strong></span> <span class='ocrx_word' id='word_1_485' title='bbox 507 3551 738 3605; x_wconf 90' lang='lat' dir='ltr'><strong>visibilia</strong></span> <span class='ocrx_word' id='word_1_486' title='bbox 797 3554 942 3608; x_wconf 90' lang='lat' dir='ltr'><strong>enim</strong></span> <span class='ocrx_word' id='word_1_487' title='bbox 1001 3563 1167 3621; x_wconf 89' lang='lat' dir='ltr'><strong>sunt;</strong></span> <span class='ocrx_word' id='word_1_488' title='bbox 1224 3565 1281 3610; x_wconf 92' lang='lat' dir='ltr'><strong>et</strong></span> <span class='ocrx_word' id='word_1_489' title='bbox 1325 3557 1466 3625; x_wconf 90' lang='lat' dir='ltr'><strong>quod</strong></span> <span class='ocrx_word' id='word_1_490' title='bbox 1509 3558 1678 3622; x_wconf 88' lang='lat' dir='ltr'><strong>vides,</strong></span> 
     </span>
    </p>
   </div>
   <div class='ocr_carea' id='block_1_38' title="bbox 101 3641 1681 3718">
    <p class='ocr_par' dir='ltr' id='par_1_38' title="bbox 101 3641 1681 3718">
     <span class='ocr_line' id='line_1_38' title="bbox 101 3641 1681 3718; baseline 0.008 -26"><span class='ocrx_word' id='word_1_491' title='bbox 101 3641 231 3706; x_wconf 87' lang='lat' dir='ltr'><strong>quid</strong></span> <span class='ocrx_word' id='word_1_492' title='bbox 256 3657 455 3710; x_wconf 80' lang='lat' dir='ltr'><strong>speras</strong></span> <span class='ocrx_word' id='word_1_493' title='bbox 484 3643 572 3697; x_wconf 77' lang='lat'><strong>&quot;?</strong></span> <span class='ocrx_word' id='word_1_494' title='bbox 609 3643 753 3700; x_wconf 88' lang='lat' dir='ltr'><strong>Nihil</strong></span> <span class='ocrx_word' id='word_1_495' title='bbox 789 3661 920 3716; x_wconf 91' lang='lat' dir='ltr'><strong>ergo</strong></span> <span class='ocrx_word' id='word_1_496' title='bbox 959 3663 1181 3716; x_wconf 90' lang='lat' dir='ltr'><strong>prorsus</strong></span> <span class='ocrx_word' id='word_1_497' title='bbox 1229 3649 1556 3718; x_wconf 88' lang='lat' dir='ltr'><strong>sperandum</strong></span> <span class='ocrx_word' id='word_1_498' title='bbox 1597 3659 1681 3706; x_wconf 88' lang='lat' dir='ltr'><strong>est</strong></span> 
     </span>
    </p>
   </div>
   <div class='ocr_carea' id='block_1_39' title="bbox 101 3729 1675 3806">
    <p class='ocr_par' dir='ltr' id='par_1_39' title="bbox 101 3729 1675 3806">
     <span class='ocr_line' id='line_1_39' title="bbox 101 3729 1675 3806; baseline 0.008 -24"><span class='ocrx_word' id='word_1_499' title='bbox 101 3729 152 3784; x_wconf 91' lang='lat' dir='ltr'><strong>in</strong></span> <span class='ocrx_word' id='word_1_500' title='bbox 176 3731 365 3789; x_wconf 81' lang='lat' dir='ltr'><strong>futuro</strong></span> <span class='ocrx_word' id='word_1_501' title='bbox 393 3738 459 3791; x_wconf 89' lang='lat' dir='ltr'><strong>de</strong></span> <span class='ocrx_word' id='word_1_502' title='bbox 485 3736 567 3790; x_wconf 90' lang='lat' dir='ltr'><strong>bis</strong></span> <span class='ocrx_word' id='word_1_503' title='bbox 590 3751 708 3806; x_wconf 74' lang='lat' dir='ltr'><strong>qua:</strong></span> <span class='ocrx_word' id='word_1_504' title='bbox 731 3737 1006 3793; x_wconf 88' lang='lat' dir='ltr'><strong>videntur.</strong></span> <span class='ocrx_word' id='word_1_505' title='bbox 1037 3756 1056 3790; x_wconf 76' lang='grc' dir='ltr'>ι</span> <span class='ocrx_word' id='word_1_506' title='bbox 1077 3737 1275 3794; x_wconf 91' lang='lat' dir='ltr'><strong>Oculus</strong></span> <span class='ocrx_word' id='word_1_507' title='bbox 1297 3757 1317 3792; x_wconf 73' lang='grc' dir='ltr'><strong><em>ι</em></strong></span> <span class='ocrx_word' id='word_1_508' title='bbox 1355 3741 1498 3793; x_wconf 91' lang='lat' dir='ltr'><strong>enim</strong></span> <span class='ocrx_word' id='word_1_509' title='bbox 1527 3757 1546 3789; x_wconf 72' lang='grc' dir='ltr'><strong><em>ι</em></strong></span> <span class='ocrx_word' id='word_1_510' title='bbox 1573 3756 1675 3794; x_wconf 81' lang='lat' dir='ltr'><strong>non</strong></span> 
     </span>
    </p>
   </div>
   <div class='ocr_carea' id='block_1_40' title="bbox 103 3825 1670 3901">
    <p class='ocr_par' dir='ltr' id='par_1_40' title="bbox 103 3825 1670 3901">
     <span class='ocr_line' id='line_1_40' title="bbox 103 3825 1670 3901; baseline 0.005 -27"><span class='ocrx_word' id='word_1_511' title='bbox 103 3825 234 3879; x_wconf 73' lang='lat' dir='ltr'><strong>vidit</strong></span> <span class='ocrx_word' id='word_1_512' title='bbox 260 3843 390 3896; x_wconf 64' lang='lat' dir='ltr'><strong>quas</strong></span> <span class='ocrx_word' id='word_1_513' title='bbox 413 3830 736 3899; x_wconf 77' lang='lat' dir='ltr'><strong>przeparavit</strong></span> <span class='ocrx_word' id='word_1_514' title='bbox 761 3831 901 3884; x_wconf 89' lang='lat' dir='ltr'><strong>Deus</strong></span> <span class='ocrx_word' id='word_1_515' title='bbox 936 3829 1020 3885; x_wconf 90' lang='lat' dir='ltr'><strong>his</strong></span> <span class='ocrx_word' id='word_1_516' title='bbox 1047 3831 1137 3900; x_wconf 90' lang='lat' dir='ltr'><strong>qui</strong></span> <span class='ocrx_word' id='word_1_517' title='bbox 1166 3829 1400 3901; x_wconf 88' lang='lat' dir='ltr'><strong>diligunt</strong></span> <span class='ocrx_word' id='word_1_518' title='bbox 1429 3831 1670 3884; x_wconf 55' lang='lat' dir='ltr'><strong>cuum.»</strong></span> 
     </span>
    </p>
   </div>
   <div class='ocr_carea' id='block_1_41' title="bbox 105 3913 1675 3991">
    <p class='ocr_par' dir='ltr' id='par_1_41' title="bbox 105 3913 1675 3991">
     <span class='ocr_line' id='line_1_41' title="bbox 105 3913 1675 3991; baseline 0.006 -25"><span class='ocrx_word' id='word_1_519' title='bbox 105 3913 259 3970; x_wconf 82' lang='lat' dir='ltr'><strong>Videt</strong></span> <span class='ocrx_word' id='word_1_520' title='bbox 298 3930 484 3974; x_wconf 90' lang='lat' dir='ltr'><strong>autem</strong></span> <span class='ocrx_word' id='word_1_521' title='bbox 530 3919 720 3975; x_wconf 89' lang='lat' dir='ltr'><strong>oculus</strong></span> <span class='ocrx_word' id='word_1_522' title='bbox 763 3919 959 3974; x_wconf 75' lang='lat' dir='ltr'><strong>cadum</strong></span> <span class='ocrx_word' id='word_1_523' title='bbox 1000 3928 1055 3974; x_wconf 92' lang='lat' dir='ltr'><strong>et</strong></span> <span class='ocrx_word' id='word_1_524' title='bbox 1101 3931 1342 3984; x_wconf 88' lang='lat' dir='ltr'><strong>terram;</strong></span> <span class='ocrx_word' id='word_1_525' title='bbox 1389 3937 1495 3975; x_wconf 92' lang='lat' dir='ltr'><strong>non</strong></span> <span class='ocrx_word' id='word_1_526' title='bbox 1547 3938 1675 3991; x_wconf 81' lang='lat' dir='ltr'><strong>ergo</strong></span> 
     </span>
    </p>
   </div>
   <div class='ocr_carea' id='block_1_42' title="bbox 105 4011 1672 4082">
    <p class='ocr_par' dir='ltr' id='par_1_42' title="bbox 105 4011 1672 4082">
     <span class='ocr_line' id='line_1_42' title="bbox 105 4011 1672 4082; baseline 0.006 -24"><span class='ocrx_word' id='word_1_527' title='bbox 105 4017 319 4072; x_wconf 85' lang='lat' dir='ltr'><strong>oportet</strong></span> <span class='ocrx_word' id='word_1_528' title='bbox 349 4011 453 4066; x_wconf 91' lang='lat' dir='ltr'><strong>hoc</strong></span> <span class='ocrx_word' id='word_1_529' title='bbox 487 4012 628 4080; x_wconf 91' lang='lat' dir='ltr'><strong>quod</strong></span> <span class='ocrx_word' id='word_1_530' title='bbox 662 4011 894 4076; x_wconf 90' lang='lat' dir='ltr'><strong>videtur,</strong></span> <span class='ocrx_word' id='word_1_531' title='bbox 924 4011 1071 4066; x_wconf 88' lang='lat' dir='ltr'><strong>credi</strong></span> <span class='ocrx_word' id='word_1_532' title='bbox 1105 4023 1462 4082; x_wconf 66' lang='lat' dir='ltr'><strong>prarparatum</strong></span> <span class='ocrx_word' id='word_1_533' title='bbox 1493 4029 1612 4068; x_wconf 89' lang='lat' dir='ltr'><strong>esse</strong></span> <span class='ocrx_word' id='word_1_534' title='bbox 1643 4031 1672 4068; x_wconf 87' lang='lat' dir='ltr'><strong>a</strong></span> 
     </span>
    </p>
   </div>
   <div class='ocr_carea' id='block_1_43' title="bbox 109 4097 1673 4174">
    <p class='ocr_par' dir='ltr' id='par_1_43' title="bbox 109 4097 1673 4174">
     <span class='ocr_line' id='line_1_43' title="bbox 109 4097 1673 4174; baseline 0.007 -25"><span class='ocrx_word' id='word_1_535' title='bbox 109 4097 212 4152; x_wconf 85' lang='lat' dir='ltr'><strong>Deo</strong></span> <span class='ocrx_word' id='word_1_536' title='bbox 235 4101 321 4156; x_wconf 89' lang='lat' dir='ltr'><strong>his</strong></span> <span class='ocrx_word' id='word_1_537' title='bbox 363 4105 456 4169; x_wconf 88' lang='lat' dir='ltr'><strong>qui</strong></span> <span class='ocrx_word' id='word_1_538' title='bbox 503 4103 730 4172; x_wconf 77' lang='lat' dir='ltr'><strong>diligunt</strong></span> <span class='ocrx_word' id='word_1_539' title='bbox 758 4118 882 4158; x_wconf 88' lang='lat' dir='ltr'><strong>eum</strong></span> <span class='ocrx_word' id='word_1_540' title='bbox 909 4118 924 4168; x_wconf 95' lang='lat'><strong>;</strong></span> <span class='ocrx_word' id='word_1_541' title='bbox 955 4104 1048 4157; x_wconf 90' lang='lat' dir='ltr'><strong>sed</strong></span> <span class='ocrx_word' id='word_1_542' title='bbox 1070 4104 1265 4158; x_wconf 86' lang='lat' dir='ltr'><strong>coelum</strong></span> <span class='ocrx_word' id='word_1_543' title='bbox 1290 4105 1531 4174; x_wconf 87' lang='lat' dir='ltr'><strong>quidem,</strong></span> <span class='ocrx_word' id='word_1_544' title='bbox 1564 4107 1673 4160; x_wconf 89' lang='lat' dir='ltr'><strong>imo</strong></span> 
     </span>
    </p>
   </div>
   <div class='ocr_carea' id='block_1_44' title="bbox 107 4191 1668 4260">
    <p class='ocr_par' dir='ltr' id='par_1_44' title="bbox 107 4191 1668 4260">
     <span class='ocr_line' id='line_1_44' title="bbox 107 4191 1668 4260; baseline 0.004 -17"><span class='ocrx_word' id='word_1_545' title='bbox 107 4191 284 4256; x_wconf 87' lang='lat' dir='ltr'><strong>potius</strong></span> <span class='ocrx_word' id='word_1_546' title='bbox 333 4195 506 4248; x_wconf 74' lang='lat' dir='ltr'><strong>cmlos</strong></span> <span class='ocrx_word' id='word_1_547' title='bbox 555 4193 724 4248; x_wconf 91' lang='lat' dir='ltr'><strong>multo</strong></span> <span class='ocrx_word' id='word_1_548' title='bbox 773 4193 1164 4248; x_wconf 87' lang='lat' dir='ltr'><strong>eminentiores</strong></span> <span class='ocrx_word' id='word_1_549' title='bbox 1214 4204 1270 4248; x_wconf 90' lang='lat' dir='ltr'><strong>et</strong></span> <span class='ocrx_word' id='word_1_550' title='bbox 1320 4195 1668 4260; x_wconf 81' lang='lat' dir='ltr'><strong>excelsiores,</strong></span> 
     </span>
    </p>
   </div>
   <div class='ocr_carea' id='block_1_45' title="bbox 106 4285 1668 4356">
    <p class='ocr_par' dir='ltr' id='par_1_45' title="bbox 106 4285 1668 4356">
     <span class='ocr_line' id='line_1_45' title="bbox 106 4285 1668 4356; baseline 0.004 -23"><span class='ocrx_word' id='word_1_551' title='bbox 106 4296 260 4347; x_wconf 86' lang='lat' dir='ltr'><strong>quam</strong></span> <span class='ocrx_word' id='word_1_552' title='bbox 294 4293 379 4339; x_wconf 89' lang='lat' dir='ltr'><strong>est</strong></span> <span class='ocrx_word' id='word_1_553' title='bbox 406 4285 530 4339; x_wconf 90' lang='lat' dir='ltr'><strong>illud</strong></span> <span class='ocrx_word' id='word_1_554' title='bbox 562 4288 955 4340; x_wconf 88' lang='lat' dir='ltr'><strong>ﬁrmamentum</strong></span> <span class='ocrx_word' id='word_1_555' title='bbox 996 4286 1138 4354; x_wconf 91' lang='lat' dir='ltr'><strong>quod</strong></span> <span class='ocrx_word' id='word_1_556' title='bbox 1172 4287 1338 4340; x_wconf 89' lang='lat' dir='ltr'><strong>videri</strong></span> <span class='ocrx_word' id='word_1_557' title='bbox 1369 4288 1542 4342; x_wconf 90' lang='lat' dir='ltr'><strong>oculis</strong></span> <span class='ocrx_word' id='word_1_558' title='bbox 1575 4306 1668 4356; x_wconf 87' lang='lat' dir='ltr'><strong>po-</strong></span> 
     </span>
    </p>
   </div>
   <div class='ocr_carea' id='block_1_46' title="bbox 1793 2447 3357 2516">
    <p class='ocr_par' dir='ltr' id='par_1_46' title="bbox 1793 2447 3357 2516">
     <span class='ocr_line' id='line_1_46' title="bbox 1793 2447 3357 2516; baseline 0.001 -16"><span class='ocrx_word' id='word_1_559' title='bbox 1793 2447 2146 2516; x_wconf 85' lang='lat' dir='ltr'><strong>conjnngere;</strong></span> <span class='ocrx_word' id='word_1_560' title='bbox 2175 2447 2324 2503; x_wconf 88' lang='lat' dir='ltr'><strong>addit</strong></span> <span class='ocrx_word' id='word_1_561' title='bbox 2364 2462 2509 2502; x_wconf 91' lang='lat' dir='ltr'><strong>nunc</strong></span> <span class='ocrx_word' id='word_1_562' title='bbox 2547 2449 2814 2502; x_wconf 80' lang='lat' dir='ltr'><strong>excelsius</strong></span> <span class='ocrx_word' id='word_1_563' title='bbox 2847 2448 3048 2516; x_wconf 89' lang='lat' dir='ltr'><strong>aliquid</strong></span> <span class='ocrx_word' id='word_1_564' title='bbox 3093 2459 3148 2502; x_wconf 90' lang='lat' dir='ltr'><strong>et</strong></span> <span class='ocrx_word' id='word_1_565' title='bbox 3183 2450 3357 2502; x_wconf 88' lang='lat' dir='ltr'><strong>subli-</strong></span> 
     </span>
    </p>
   </div>
   <div class='ocr_carea' id='block_1_47' title="bbox 1792 2535 3356 2607">
    <p class='ocr_par' dir='ltr' id='par_1_47' title="bbox 1792 2535 3356 2607">
     <span class='ocr_line' id='line_1_47' title="bbox 1792 2535 3356 2607; baseline 0.001 -17"><span class='ocrx_word' id='word_1_566' title='bbox 1792 2537 1954 2590; x_wconf 91' lang='lat' dir='ltr'><strong>mius.</strong></span> <span class='ocrx_word' id='word_1_567' title='bbox 1980 2535 2078 2601; x_wconf 84' lang='lat' dir='ltr'><strong>Ne,</strong></span> <span class='ocrx_word' id='word_1_568' title='bbox 2109 2537 2304 2605; x_wconf 90' lang='lat' dir='ltr'><strong>inquit,</strong></span> <span class='ocrx_word' id='word_1_569' title='bbox 2339 2551 2567 2606; x_wconf 91' lang='lat' dir='ltr'><strong>parvum</strong></span> <span class='ocrx_word' id='word_1_570' title='bbox 2597 2537 2712 2606; x_wconf 80' lang='grc'>(55)</span> <span class='ocrx_word' id='word_1_571' title='bbox 2747 2539 2945 2607; x_wconf 91' lang='lat' dir='ltr'><strong>putetis</strong></span> <span class='ocrx_word' id='word_1_572' title='bbox 2982 2538 3123 2607; x_wconf 85' lang='lat' dir='ltr'><strong>quod</strong></span> <span class='ocrx_word' id='word_1_573' title='bbox 3175 2539 3356 2592; x_wconf 89' lang='lat' dir='ltr'><strong>omnis</strong></span> 
     </span>
    </p>
   </div>
   <div class='ocr_carea' id='block_1_48' title="bbox 1793 2626 3357 2696">
    <p class='ocr_par' dir='ltr' id='par_1_48' title="bbox 1793 2626 3357 2696">
     <span class='ocr_line' id='line_1_48' title="bbox 1793 2626 3357 2696; baseline 0.001 -15"><span class='ocrx_word' id='word_1_574' title='bbox 1793 2627 2076 2681; x_wconf 91' lang='lat' dir='ltr'><strong>nobiscum</strong></span> <span class='ocrx_word' id='word_1_575' title='bbox 2125 2626 2481 2696; x_wconf 82' lang='lat' dir='ltr'><strong>congemiscit</strong></span> <span class='ocrx_word' id='word_1_576' title='bbox 2536 2636 2589 2681; x_wconf 92' lang='lat' dir='ltr'><strong>et</strong></span> <span class='ocrx_word' id='word_1_577' title='bbox 2635 2628 2886 2681; x_wconf 91' lang='lat' dir='ltr'><strong>condolet</strong></span> <span class='ocrx_word' id='word_1_578' title='bbox 2936 2639 3234 2682; x_wconf 88' lang='lat' dir='ltr'><strong>creatura:</strong></span> <span class='ocrx_word' id='word_1_579' title='bbox 3289 2645 3357 2683; x_wconf 87' lang='lat' dir='ltr'><strong>ne</strong></span> 
     </span>
    </p>
   </div>
   <div class='ocr_carea' id='block_1_49' title="bbox 1790 2719 3357 2792">
    <p class='ocr_par' dir='ltr' id='par_1_49' title="bbox 1790 2719 3357 2792">
     <span class='ocr_line' id='line_1_49' title="bbox 1790 2719 3357 2792; baseline -0.001 -17"><span class='ocrx_word' id='word_1_580' title='bbox 1790 2737 2014 2792; x_wconf 86' lang='lat' dir='ltr'><strong>parvum</strong></span> <span class='ocrx_word' id='word_1_581' title='bbox 2041 2719 2287 2776; x_wconf 83' lang='lat' dir='ltr'><strong>videatur</strong></span> <span class='ocrx_word' id='word_1_582' title='bbox 2327 2721 2472 2790; x_wconf 90' lang='lat' dir='ltr'><strong>quod</strong></span> <span class='ocrx_word' id='word_1_583' title='bbox 2508 2735 2606 2774; x_wconf 89' lang='lat' dir='ltr'><strong>nos</strong></span> <span class='ocrx_word' id='word_1_584' title='bbox 2639 2719 2738 2789; x_wconf 92' lang='lat' dir='ltr'><strong>ipsi</strong></span> <span class='ocrx_word' id='word_1_585' title='bbox 2769 2721 3035 2789; x_wconf 87' lang='lat' dir='ltr'><strong>gemimus</strong></span> <span class='ocrx_word' id='word_1_586' title='bbox 3071 2734 3168 2789; x_wconf 89' lang='lat' dir='ltr'><strong>pro</strong></span> <span class='ocrx_word' id='word_1_587' title='bbox 3207 2719 3357 2774; x_wconf 83' lang='lat' dir='ltr'><strong>labo-</strong></span> 
     </span>
    </p>
   </div>
   <div class='ocr_carea' id='block_1_50' title="bbox 1791 2815 3354 2884">
    <p class='ocr_par' dir='ltr' id='par_1_50' title="bbox 1791 2815 3354 2884">
     <span class='ocr_line' id='line_1_50' title="bbox 1791 2815 3354 2884; baseline -0.001 -15"><span class='ocrx_word' id='word_1_588' title='bbox 1791 2817 1938 2871; x_wconf 87' lang='lat' dir='ltr'><strong>ribus</strong></span> <span class='ocrx_word' id='word_1_589' title='bbox 1967 2817 2181 2870; x_wconf 90' lang='lat' dir='ltr'><strong>vestris.</strong></span> <span class='ocrx_word' id='word_1_590' title='bbox 2216 2815 2388 2869; x_wconf 88' lang='lat' dir='ltr'><strong>Etiam</strong></span> <span class='ocrx_word' id='word_1_591' title='bbox 2415 2815 2613 2869; x_wconf 71' lang='lat' dir='ltr'><strong>divina:</strong></span> <span class='ocrx_word' id='word_1_592' title='bbox 2637 2815 2737 2882; x_wconf 89' lang='lat' dir='ltr'><strong>ipsi</strong></span> <span class='ocrx_word' id='word_1_593' title='bbox 2769 2823 2972 2868; x_wconf 74' lang='lat' dir='ltr'><strong>natura:</strong></span> <span class='ocrx_word' id='word_1_594' title='bbox 2996 2829 3124 2884; x_wconf 84' lang='lat' dir='ltr'><strong>erga</strong></span> <span class='ocrx_word' id='word_1_595' title='bbox 3151 2829 3354 2882; x_wconf 89' lang='lat' dir='ltr'><strong>agones</strong></span> 
     </span>
    </p>
   </div>
   <div class='ocr_carea' id='block_1_51' title="bbox 1791 2903 3354 2978">
    <p class='ocr_par' dir='ltr' id='par_1_51' title="bbox 1791 2903 3354 2978">
     <span class='ocr_line' id='line_1_51' title="bbox 1791 2903 3354 2978; baseline -0.001 -18"><span class='ocrx_word' id='word_1_596' title='bbox 1791 2917 2005 2962; x_wconf 88' lang='lat' dir='ltr'><strong>nostros</strong></span> <span class='ocrx_word' id='word_1_597' title='bbox 2028 2907 2330 2977; x_wconf 85' lang='lat' dir='ltr'><strong>(vobiscum</strong></span> <span class='ocrx_word' id='word_1_598' title='bbox 2355 2907 2499 2961; x_wconf 86' lang='lat' dir='ltr'><strong>enim</strong></span> <span class='ocrx_word' id='word_1_599' title='bbox 2534 2921 2618 2961; x_wconf 91' lang='lat' dir='ltr'><strong>me</strong></span> <span class='ocrx_word' id='word_1_600' title='bbox 2648 2920 2866 2978; x_wconf 89' lang='lat' dir='ltr'><strong>quoque</strong></span> <span class='ocrx_word' id='word_1_601' title='bbox 2885 2903 3174 2974; x_wconf 84' lang='lat' dir='ltr'><strong>conjungo)</strong></span> <span class='ocrx_word' id='word_1_602' title='bbox 3212 2905 3354 2958; x_wconf 90' lang='lat' dir='ltr'><strong>inest</strong></span> 
     </span>
    </p>
   </div>
   <div class='ocr_carea' id='block_1_52' title="bbox 1789 2992 3348 3066">
    <p class='ocr_par' dir='ltr' id='par_1_52' title="bbox 1789 2992 3348 3066">
     <span class='ocr_line' id='line_1_52' title="bbox 1789 2992 3348 3066; baseline -0.004 -14"><span class='ocrx_word' id='word_1_603' title='bbox 1789 2999 2004 3066; x_wconf 88' lang='lat' dir='ltr'><strong>quidam</strong></span> <span class='ocrx_word' id='word_1_604' title='bbox 2035 2995 2398 3051; x_wconf 88' lang='lat' dir='ltr'><strong>miserationis</strong></span> <span class='ocrx_word' id='word_1_605' title='bbox 2429 2995 2673 3061; x_wconf 74' lang='lat' dir='ltr'><strong>aﬁectus,</strong></span> <span class='ocrx_word' id='word_1_606' title='bbox 2706 3006 2761 3050; x_wconf 90' lang='lat' dir='ltr'><strong>et</strong></span> <span class='ocrx_word' id='word_1_607' title='bbox 2788 2996 2903 3062; x_wconf 90' lang='lat' dir='ltr'><strong>ipse</strong></span> <span class='ocrx_word' id='word_1_608' title='bbox 2939 3011 2957 3043; x_wconf 78' lang='grc' dir='ltr'>ι</span> <span class='ocrx_word' id='word_1_609' title='bbox 2987 2992 3228 3062; x_wconf 89' lang='lat' dir='ltr'><strong>Spiritus</strong></span> <span class='ocrx_word' id='word_1_610' title='bbox 3249 2994 3348 3046; x_wconf 91' lang='lat' dir='ltr'><strong>ad-</strong></span> 
     </span>
    </p>
   </div>
   <div class='ocr_carea' id='block_1_53' title="bbox 1742 3080 3352 3160">
    <p class='ocr_par' dir='ltr' id='par_1_53' title="bbox 1742 3080 3352 3160">
     <span class='ocr_line' id='line_1_53' title="bbox 1742 3080 3352 3160; baseline -0.002 -16"><span class='ocrx_word' id='word_1_611' title='bbox 1742 3080 1754 3099; x_wconf 83' lang='grc'><em>⁴</em></span> <span class='ocrx_word' id='word_1_612' title='bbox 1782 3090 1933 3158; x_wconf 88' lang='lat' dir='ltr'><strong>juvat</strong></span> <span class='ocrx_word' id='word_1_613' title='bbox 1961 3088 2073 3160; x_wconf 70' lang='grc'>(54)</span> <span class='ocrx_word' id='word_1_614' title='bbox 2101 3089 2469 3142; x_wconf 89' lang='lat' dir='ltr'><strong>inﬁrmitatem</strong></span> <span class='ocrx_word' id='word_1_615' title='bbox 2500 3099 2760 3144; x_wconf 89' lang='lat' dir='ltr'><strong>nostram.</strong></span> <span class='ocrx_word' id='word_1_616' title='bbox 2789 3106 2808 3140; x_wconf 77' lang='grc' dir='ltr'><strong>ι</strong></span> <span class='ocrx_word' id='word_1_617' title='bbox 2842 3087 3083 3156; x_wconf 84' lang='lat' dir='ltr'><strong>Denique</strong></span> <span class='ocrx_word' id='word_1_618' title='bbox 3102 3087 3228 3154; x_wconf 88' lang='lat' dir='ltr'><strong>quid</strong></span> <span class='ocrx_word' id='word_1_619' title='bbox 3253 3099 3352 3140; x_wconf 82' lang='lat' dir='ltr'><strong>nos</strong></span> 
     </span>
    </p>
   </div>
   <div class='ocr_carea' id='block_1_54' title="bbox 1786 3178 3351 3251">
    <p class='ocr_par' dir='ltr' id='par_1_54' title="bbox 1786 3178 3351 3251">
     <span class='ocr_line' id='line_1_54' title="bbox 1786 3178 3351 3251; baseline -0.003 -15"><span class='ocrx_word' id='word_1_620' title='bbox 1786 3197 1964 3246; x_wconf 88' lang='lat' dir='ltr'><strong>orare,</strong></span> <span class='ocrx_word' id='word_1_621' title='bbox 1990 3181 2120 3251; x_wconf 90' lang='lat' dir='ltr'><strong>quid</strong></span> <span class='ocrx_word' id='word_1_622' title='bbox 2151 3197 2178 3234; x_wconf 87' lang='lat' dir='ltr'><strong>a</strong></span> <span class='ocrx_word' id='word_1_623' title='bbox 2210 3181 2317 3236; x_wconf 88' lang='lat' dir='ltr'><strong>Deo</strong></span> <span class='ocrx_word' id='word_1_624' title='bbox 2360 3192 2544 3250; x_wconf 88' lang='lat' dir='ltr'><strong>petere</strong></span> <span class='ocrx_word' id='word_1_625' title='bbox 2587 3190 2855 3250; x_wconf 87' lang='lat' dir='ltr'><strong>oporteat,</strong></span> <span class='ocrx_word' id='word_1_626' title='bbox 2898 3179 3230 3249; x_wconf 87' lang='lat' dir='ltr'><strong>ignoramus.</strong></span> <span class='ocrx_word' id='word_1_627' title='bbox 3264 3178 3351 3231; x_wconf 85' lang='lat' dir='ltr'><strong>ln-</strong></span> 
     </span>
    </p>
   </div>
   <div class='ocr_carea' id='block_1_55' title="bbox 1787 3269 3347 3340">
    <p class='ocr_par' dir='ltr' id='par_1_55' title="bbox 1787 3269 3347 3340">
     <span class='ocr_line' id='line_1_55' title="bbox 1787 3269 3347 3340; baseline -0.001 -14"><span class='ocrx_word' id='word_1_628' title='bbox 1787 3273 1998 3326; x_wconf 89' lang='lat' dir='ltr'><strong>terdum</strong></span> <span class='ocrx_word' id='word_1_629' title='bbox 2030 3272 2174 3326; x_wconf 91' lang='lat' dir='ltr'><strong>enim</strong></span> <span class='ocrx_word' id='word_1_630' title='bbox 2211 3287 2330 3340; x_wconf 71' lang='lat' dir='ltr'><strong>quae</strong></span> <span class='ocrx_word' id='word_1_631' title='bbox 2369 3271 2638 3326; x_wconf 88' lang='lat' dir='ltr'><strong>contraria</strong></span> <span class='ocrx_word' id='word_1_632' title='bbox 2689 3271 2849 3326; x_wconf 88' lang='lat' dir='ltr'><strong>saluti</strong></span> <span class='ocrx_word' id='word_1_633' title='bbox 2899 3278 3026 3324; x_wconf 91' lang='lat' dir='ltr'><strong>sunt</strong></span> <span class='ocrx_word' id='word_1_634' title='bbox 3073 3269 3347 3339; x_wconf 90' lang='lat' dir='ltr'><strong>cupimus,</strong></span> 
     </span>
    </p>
   </div>
   <div class='ocr_carea' id='block_1_56' title="bbox 1786 3359 3347 3432">
    <p class='ocr_par' dir='ltr' id='par_1_56' title="bbox 1786 3359 3347 3432">
     <span class='ocr_line' id='line_1_56' title="bbox 1786 3359 3347 3432; baseline -0.003 -16"><span class='ocrx_word' id='word_1_635' title='bbox 1786 3362 2099 3416; x_wconf 86' lang='lat' dir='ltr'><strong>inﬁrmitate</strong></span> <span class='ocrx_word' id='word_1_636' title='bbox 2130 3370 2378 3432; x_wconf 87' lang='lat' dir='ltr'><strong>cogente.</strong></span> <span class='ocrx_word' id='word_1_637' title='bbox 2413 3361 2566 3415; x_wconf 84' lang='lat' dir='ltr'><strong>Sicut</strong></span> <span class='ocrx_word' id='word_1_638' title='bbox 2592 3359 2736 3415; x_wconf 89' lang='lat' dir='ltr'><strong>enim</strong></span> <span class='ocrx_word' id='word_1_639' title='bbox 2778 3361 2903 3428; x_wconf 90' lang='lat' dir='ltr'><strong>quis</strong></span> <span class='ocrx_word' id='word_1_640' title='bbox 2936 3359 2989 3412; x_wconf 92' lang='lat' dir='ltr'><strong>in</strong></span> <span class='ocrx_word' id='word_1_641' title='bbox 3029 3360 3347 3427; x_wconf 70' lang='lat' dir='ltr'><strong>mgritudine</strong></span> 
     </span>
    </p>
   </div>
   <div class='ocr_carea' id='block_1_57' title="bbox 1782 3448 3344 3520">
    <p class='ocr_par' dir='ltr' id='par_1_57' title="bbox 1782 3448 3344 3520">
     <span class='ocr_line' id='line_1_57' title="bbox 1782 3448 3344 3520; baseline -0.002 -16"><span class='ocrx_word' id='word_1_642' title='bbox 1782 3451 2024 3520; x_wconf 89' lang='lat' dir='ltr'><strong>corporis</strong></span> <span class='ocrx_word' id='word_1_643' title='bbox 2055 3451 2261 3519; x_wconf 92' lang='lat' dir='ltr'><strong>positus</strong></span> <span class='ocrx_word' id='word_1_644' title='bbox 2289 3465 2394 3504; x_wconf 92' lang='lat' dir='ltr'><strong>non</strong></span> <span class='ocrx_word' id='word_1_645' title='bbox 2429 3465 2492 3504; x_wconf 88' lang='lat' dir='ltr'><strong>ea</strong></span> <span class='ocrx_word' id='word_1_646' title='bbox 2524 3464 2643 3519; x_wconf 72' lang='lat' dir='ltr'><strong>qua:</strong></span> <span class='ocrx_word' id='word_1_647' title='bbox 2669 3449 2887 3502; x_wconf 87' lang='lat' dir='ltr'><strong>sanitati</strong></span> <span class='ocrx_word' id='word_1_648' title='bbox 2923 3457 3228 3517; x_wconf 90' lang='lat' dir='ltr'><strong>congruunt</strong></span> <span class='ocrx_word' id='word_1_649' title='bbox 3262 3448 3344 3502; x_wconf 90' lang='lat' dir='ltr'><strong>vel</strong></span> 
     </span>
    </p>
   </div>
   <div class='ocr_carea' id='block_1_58' title="bbox 1779 3540 3347 3612">
    <p class='ocr_par' dir='ltr' id='par_1_58' title="bbox 1779 3540 3347 3612">
     <span class='ocr_line' id='line_1_58' title="bbox 1779 3540 3347 3612; baseline -0.003 -15"><span class='ocrx_word' id='word_1_650' title='bbox 1779 3546 2110 3608; x_wconf 88' lang='lat' dir='ltr'><strong>conducunt,</strong></span> <span class='ocrx_word' id='word_1_651' title='bbox 2140 3544 2231 3598; x_wconf 90' lang='lat' dir='ltr'><strong>sed</strong></span> <span class='ocrx_word' id='word_1_652' title='bbox 2255 3558 2317 3597; x_wconf 89' lang='lat' dir='ltr'><strong>ea</strong></span> <span class='ocrx_word' id='word_1_653' title='bbox 2356 3557 2476 3612; x_wconf 70' lang='lat' dir='ltr'><strong>qua:</strong></span> <span class='ocrx_word' id='word_1_654' title='bbox 2520 3543 2802 3612; x_wconf 63' lang='lat' dir='ltr'><strong>praesentis</strong></span> <span class='ocrx_word' id='word_1_655' title='bbox 2842 3542 3174 3596; x_wconf 88' lang='lat' dir='ltr'><strong>inﬁrmitatis</strong></span> <span class='ocrx_word' id='word_1_656' title='bbox 3199 3540 3347 3594; x_wconf 87' lang='lat' dir='ltr'><strong>desi-</strong></span> 
     </span>
    </p>
   </div>
   <div class='ocr_carea' id='block_1_59' title="bbox 1780 3633 3341 3703">
    <p class='ocr_par' dir='ltr' id='par_1_59' title="bbox 1780 3633 3341 3703">
     <span class='ocr_line' id='line_1_59' title="bbox 1780 3633 3341 3703; baseline -0.001 -13"><span class='ocrx_word' id='word_1_657' title='bbox 1780 3637 1987 3690; x_wconf 91' lang='lat' dir='ltr'><strong>derium</strong></span> <span class='ocrx_word' id='word_1_658' title='bbox 2023 3634 2378 3703; x_wconf 84' lang='lat' dir='ltr'><strong>suggesserit,</strong></span> <span class='ocrx_word' id='word_1_659' title='bbox 2412 3633 2586 3703; x_wconf 86' lang='lat' dir='ltr'><strong>poscit</strong></span> <span class='ocrx_word' id='word_1_660' title='bbox 2612 3649 2640 3687; x_wconf 87' lang='lat' dir='ltr'><strong>a</strong></span> <span class='ocrx_word' id='word_1_661' title='bbox 2670 3635 2920 3689; x_wconf 89' lang='lat' dir='ltr'><strong>medico:</strong></span> <span class='ocrx_word' id='word_1_662' title='bbox 2957 3633 3028 3687; x_wconf 90' lang='lat' dir='ltr'><strong>ita</strong></span> <span class='ocrx_word' id='word_1_663' title='bbox 3063 3643 3119 3688; x_wconf 90' lang='lat' dir='ltr'><strong>et</strong></span> <span class='ocrx_word' id='word_1_664' title='bbox 3157 3649 3256 3688; x_wconf 91' lang='lat' dir='ltr'><strong>nos</strong></span> <span class='ocrx_word' id='word_1_665' title='bbox 3289 3635 3341 3688; x_wconf 94' lang='lat' dir='ltr'><strong>in</strong></span> 
     </span>
    </p>
   </div>
   <div class='ocr_carea' id='block_1_60' title="bbox 1778 3724 3342 3795">
    <p class='ocr_par' dir='ltr' id='par_1_60' title="bbox 1778 3724 3342 3795">
     <span class='ocr_line' id='line_1_60' title="bbox 1778 3724 3342 3795; baseline -0.003 -16"><span class='ocrx_word' id='word_1_666' title='bbox 1778 3725 1938 3795; x_wconf 86' lang='lat' dir='ltr'><strong>hujus</strong></span> <span class='ocrx_word' id='word_1_667' title='bbox 1964 3725 2089 3779; x_wconf 72' lang='lat' dir='ltr'><strong>vita:</strong></span> <span class='ocrx_word' id='word_1_668' title='bbox 2135 3724 2247 3795; x_wconf 76' lang='lat'><strong>(35)</strong></span> <span class='ocrx_word' id='word_1_669' title='bbox 2298 3724 2618 3778; x_wconf 87' lang='lat' dir='ltr'><strong>inﬁrmitate</strong></span> <span class='ocrx_word' id='word_1_670' title='bbox 2653 3725 2967 3794; x_wconf 85' lang='lat' dir='ltr'><strong>languentes</strong></span> <span class='ocrx_word' id='word_1_671' title='bbox 3005 3724 3270 3778; x_wconf 89' lang='lat' dir='ltr'><strong>interdum</strong></span> <span class='ocrx_word' id='word_1_672' title='bbox 3313 3739 3342 3776; x_wconf 85' lang='lat' dir='ltr'><strong>a</strong></span> 
     </span>
    </p>
   </div>
   <div class='ocr_carea' id='block_1_61' title="bbox 1778 3813 3343 3884">
    <p class='ocr_par' dir='ltr' id='par_1_61' title="bbox 1778 3813 3343 3884">
     <span class='ocr_line' id='line_1_61' title="bbox 1778 3813 3343 3884; baseline 0 -16"><span class='ocrx_word' id='word_1_673' title='bbox 1778 3815 1889 3869; x_wconf 80' lang='lat' dir='ltr'><strong>Deo</strong></span> <span class='ocrx_word' id='word_1_674' title='bbox 1919 3816 2148 3884; x_wconf 90' lang='lat' dir='ltr'><strong>petimus</strong></span> <span class='ocrx_word' id='word_1_675' title='bbox 2178 3815 2322 3884; x_wconf 91' lang='lat' dir='ltr'><strong>quod</strong></span> <span class='ocrx_word' id='word_1_676' title='bbox 2366 3829 2474 3869; x_wconf 92' lang='lat' dir='ltr'><strong>non</strong></span> <span class='ocrx_word' id='word_1_677' title='bbox 2507 3817 2725 3884; x_wconf 82' lang='lat' dir='ltr'><strong>expedit</strong></span> <span class='ocrx_word' id='word_1_678' title='bbox 2756 3815 2933 3869; x_wconf 88' lang='lat' dir='ltr'><strong>nobis.</strong></span> <span class='ocrx_word' id='word_1_679' title='bbox 2964 3813 3205 3883; x_wconf 90' lang='lat' dir='ltr'><strong>Denique</strong></span> <span class='ocrx_word' id='word_1_680' title='bbox 3242 3829 3343 3884; x_wconf 88' lang='lat' dir='ltr'><strong>ego</strong></span> 
     </span>
    </p>
   </div>
   <div class='ocr_carea' id='block_1_62' title="bbox 1777 3904 3342 3976">
    <p class='ocr_par' dir='ltr' id='par_1_62' title="bbox 1777 3904 3342 3976">
     <span class='ocr_line' id='line_1_62' title="bbox 1777 3904 3342 3976; baseline 0 -17"><span class='ocrx_word' id='word_1_681' title='bbox 1777 3907 1891 3974; x_wconf 90' lang='lat' dir='ltr'><strong>ipse</strong></span> <span class='ocrx_word' id='word_1_682' title='bbox 1929 3905 2128 3960; x_wconf 88' lang='lat' dir='ltr'><strong>Paulus</strong></span> <span class='ocrx_word' id='word_1_683' title='bbox 2157 3906 2248 3974; x_wconf 92' lang='lat' dir='ltr'><strong>qui</strong></span> <span class='ocrx_word' id='word_1_684' title='bbox 2275 3905 2390 3959; x_wconf 77' lang='lat' dir='ltr'><strong>lucc</strong></span> <span class='ocrx_word' id='word_1_685' title='bbox 2427 3904 2620 3973; x_wconf 89' lang='lat' dir='ltr'><strong>loquor</strong></span> <span class='ocrx_word' id='word_1_686' title='bbox 2647 3906 2714 3959; x_wconf 87' lang='lat' dir='ltr'><strong>ad</strong></span> <span class='ocrx_word' id='word_1_687' title='bbox 2739 3921 2855 3969; x_wconf 91' lang='lat' dir='ltr'><strong>vos,</strong></span> <span class='ocrx_word' id='word_1_688' title='bbox 2897 3921 3018 3959; x_wconf 87' lang='lat' dir='ltr'><strong>cum</strong></span> <span class='ocrx_word' id='word_1_689' title='bbox 3047 3907 3176 3959; x_wconf 89' lang='lat' dir='ltr'><strong>tnibi</strong></span> <span class='ocrx_word' id='word_1_690' title='bbox 3217 3921 3342 3976; x_wconf 91' lang='lat' dir='ltr'><strong>pro-</strong></span> 
     </span>
    </p>
   </div>
   <div class='ocr_carea' id='block_1_63' title="bbox 1776 3995 3342 4066">
    <p class='ocr_par' dir='ltr' id='par_1_63' title="bbox 1776 3995 3342 4066">
     <span class='ocr_line' id='line_1_63' title="bbox 1776 3995 3342 4066; baseline 0.003 -18"><span class='ocrx_word' id='word_1_691' title='bbox 1776 4007 1894 4066; x_wconf 84' lang='lat' dir='ltr'><strong>pter</strong></span> <span class='ocrx_word' id='word_1_692' title='bbox 1922 3999 2306 4051; x_wconf 88' lang='lat' dir='ltr'><strong>sublimitatem</strong></span> <span class='ocrx_word' id='word_1_693' title='bbox 2341 3995 2732 4051; x_wconf 87' lang='lat' dir='ltr'><strong>revelationum</strong></span> <span class='ocrx_word' id='word_1_694' title='bbox 2760 4012 2826 4051; x_wconf 92' lang='lat' dir='ltr'><strong>ne</strong></span> <span class='ocrx_word' id='word_1_695' title='bbox 2858 3998 3150 4052; x_wconf 83' lang='lat' dir='ltr'><strong>extollerer</strong></span> <span class='ocrx_word' id='word_1_696' title='bbox 3182 3999 3342 4052; x_wconf 82' lang='lat' dir='ltr'><strong>datus</strong></span> 
     </span>
    </p>
   </div>
   <div class='ocr_carea' id='block_1_64' title="bbox 1775 4087 3338 4158">
    <p class='ocr_par' dir='ltr' id='par_1_64' title="bbox 1775 4087 3338 4158">
     <span class='ocr_line' id='line_1_64' title="bbox 1775 4087 3338 4158; baseline 0.003 -19"><span class='ocrx_word' id='word_1_697' title='bbox 1775 4089 1964 4141; x_wconf 75' lang='lat' dir='ltr'><strong>fuisset</strong></span> <span class='ocrx_word' id='word_1_698' title='bbox 1990 4105 2020 4140; x_wconf 89' lang='lat' dir='ltr'><strong>a</strong></span> <span class='ocrx_word' id='word_1_699' title='bbox 2067 4087 2292 4141; x_wconf 88' lang='lat' dir='ltr'><strong>Domino</strong></span> <span class='ocrx_word' id='word_1_700' title='bbox 2326 4105 2344 4138; x_wconf 75' lang='grc' dir='ltr'>ι</span> <span class='ocrx_word' id='word_1_701' title='bbox 2375 4088 2599 4158; x_wconf 88' lang='lat' dir='ltr'><strong>angelus</strong></span> <span class='ocrx_word' id='word_1_702' title='bbox 2637 4089 2851 4143; x_wconf 73' lang='lat' dir='ltr'><strong>Satanae</strong></span> <span class='ocrx_word' id='word_1_703' title='bbox 2885 4090 2979 4158; x_wconf 91' lang='lat' dir='ltr'><strong>qui</strong></span> <span class='ocrx_word' id='word_1_704' title='bbox 3021 4104 3104 4142; x_wconf 91' lang='lat' dir='ltr'><strong>me</strong></span> <span class='ocrx_word' id='word_1_705' title='bbox 3131 4108 3149 4140; x_wconf 70' lang='grc' dir='ltr'><strong><em>ι</em></strong></span> <span class='ocrx_word' id='word_1_706' title='bbox 3190 4090 3338 4144; x_wconf 86' lang='lat' dir='ltr'><strong>cola-</strong></span> 
     </span>
    </p>
   </div>
   <div class='ocr_carea' id='block_1_65' title="bbox 1771 4178 3338 4252">
    <p class='ocr_par' dir='ltr' id='par_1_65' title="bbox 1771 4178 3338 4252">
     <span class='ocr_line' id='line_1_65' title="bbox 1771 4178 3338 4252; baseline 0.002 -21"><span class='ocrx_word' id='word_1_707' title='bbox 1771 4180 2034 4249; x_wconf 79' lang='lat' dir='ltr'><strong>pbiznret,</strong></span> <span class='ocrx_word' id='word_1_708' title='bbox 2088 4196 2106 4229; x_wconf 79' lang='lat' dir='ltr'><strong>t</strong></span> <span class='ocrx_word' id='word_1_709' title='bbox 2140 4189 2222 4231; x_wconf 89' lang='lat' dir='ltr'><strong>ter</strong></span> <span class='ocrx_word' id='word_1_710' title='bbox 2276 4178 2564 4234; x_wconf 87' lang='lat' dir='ltr'><strong>Dominum</strong></span> <span class='ocrx_word' id='word_1_711' title='bbox 2615 4182 2798 4252; x_wconf 85' lang='lat' dir='ltr'><strong>rogavi</strong></span> <span class='ocrx_word' id='word_1_712' title='bbox 2853 4192 2911 4234; x_wconf 93' lang='lat' dir='ltr'><strong>ut</strong></span> <span class='ocrx_word' id='word_1_713' title='bbox 2963 4182 3266 4235; x_wconf 89' lang='lat' dir='ltr'><strong>discederet</strong></span> <span class='ocrx_word' id='word_1_714' title='bbox 3308 4196 3338 4234; x_wconf 86' lang='lat' dir='ltr'><strong>a</strong></span> 
     </span>
    </p>
   </div>
   <div class='ocr_carea' id='block_1_66' title="bbox 1772 4270 3341 4342">
    <p class='ocr_par' dir='ltr' id='par_1_66' title="bbox 1772 4270 3341 4342">
     <span class='ocr_line' id='line_1_66' title="bbox 1772 4270 3341 4342; baseline 0.002 -19"><span class='ocrx_word' id='word_1_715' title='bbox 1772 4287 1858 4324; x_wconf 90' lang='lat' dir='ltr'><strong>me</strong></span> <span class='ocrx_word' id='word_1_716' title='bbox 1885 4271 1950 4334; x_wconf 57' lang='grc'><strong>⁸⁸,</strong></span> <span class='ocrx_word' id='word_1_717' title='bbox 1978 4291 1996 4322; x_wconf 71' lang='grc' dir='ltr'><strong><em>ι</em></strong></span> <span class='ocrx_word' id='word_1_718' title='bbox 2032 4271 2281 4325; x_wconf 87' lang='lat' dir='ltr'><strong>nesciens</strong></span> <span class='ocrx_word' id='word_1_719' title='bbox 2344 4270 2473 4339; x_wconf 91' lang='lat' dir='ltr'><strong>quid</strong></span> <span class='ocrx_word' id='word_1_720' title='bbox 2518 4286 2730 4326; x_wconf 88' lang='lat' dir='ltr'><strong>orarem</strong></span> <span class='ocrx_word' id='word_1_721' title='bbox 2762 4289 2776 4326; x_wconf 90' lang='lat'><strong>:</strong></span> <span class='ocrx_word' id='word_1_722' title='bbox 2814 4284 2869 4326; x_wconf 88' lang='lat' dir='ltr'><strong>et</strong></span> <span class='ocrx_word' id='word_1_723' title='bbox 2908 4273 3027 4327; x_wconf 89' lang='lat' dir='ltr'><strong>ideo</strong></span> <span class='ocrx_word' id='word_1_724' title='bbox 3067 4273 3192 4342; x_wconf 88' lang='lat' dir='ltr'><strong>quia</strong></span> <span class='ocrx_word' id='word_1_725' title='bbox 3247 4289 3341 4327; x_wconf 87' lang='lat' dir='ltr'><strong>ne-</strong></span> 
     </span>
    </p>
   </div>
   <div class='ocr_carea' id='block_1_67' title="bbox 107 4367 1653 4450">
    <p class='ocr_par' dir='ltr' id='par_1_67' title="bbox 107 4372 1653 4450">
     <span class='ocr_line' id='line_1_67' title="bbox 107 4372 1653 4450; baseline 0.006 -27"><span class='ocrx_word' id='word_1_726' title='bbox 107 4377 225 4426; x_wconf 87' lang='lat' dir='ltr'><strong>test.</strong></span> <span class='ocrx_word' id='word_1_727' title='bbox 252 4372 358 4430; x_wconf 88' lang='lat' dir='ltr'><strong>Sed</strong></span> <span class='ocrx_word' id='word_1_728' title='bbox 383 4387 439 4431; x_wconf 89' lang='lat' dir='ltr'><strong>et</strong></span> <span class='ocrx_word' id='word_1_729' title='bbox 469 4388 612 4431; x_wconf 87' lang='lat' dir='ltr'><strong>terra</strong></span> <span class='ocrx_word' id='word_1_730' title='bbox 643 4377 909 4446; x_wconf 87' lang='lat' dir='ltr'><strong>speranda</strong></span> <span class='ocrx_word' id='word_1_731' title='bbox 933 4388 1035 4442; x_wconf 90' lang='lat' dir='ltr'><strong>est,</strong></span> <span class='ocrx_word' id='word_1_732' title='bbox 1063 4393 1167 4432; x_wconf 92' lang='lat' dir='ltr'><strong>non</strong></span> <span class='ocrx_word' id='word_1_733' title='bbox 1200 4389 1376 4432; x_wconf 86' lang='lat' dir='ltr'><strong>tamen</strong></span> <span class='ocrx_word' id='word_1_734' title='bbox 1413 4381 1524 4434; x_wconf 56' lang='lat' dir='ltr'><strong>haec</strong></span> <span class='ocrx_word' id='word_1_735' title='bbox 1548 4397 1653 4450; x_wconf 73' lang='lat' dir='ltr'><strong>qua</strong></span> 
     </span>
    </p>
   </div>
   <div class='ocr_carea' id='block_1_68' title="bbox 1826 4367 3339 4450">
    <p class='ocr_par' dir='ltr' id='par_1_68' title="bbox 1826 4367 3339 4438">
     <span class='ocr_line' id='line_1_68' title="bbox 1826 4367 3339 4438; baseline -0.002 -17"><span class='ocrx_word' id='word_1_736' title='bbox 1826 4367 2010 4422; x_wconf 86' lang='lat' dir='ltr'><strong>:iebam</strong></span> <span class='ocrx_word' id='word_1_737' title='bbox 2037 4368 2328 4422; x_wconf 86' lang='lat' dir='ltr'><strong>secundum</strong></span> <span class='ocrx_word' id='word_1_738' title='bbox 2352 4369 2496 4438; x_wconf 92' lang='lat' dir='ltr'><strong>quod</strong></span> <span class='ocrx_word' id='word_1_739' title='bbox 2527 4375 2743 4435; x_wconf 90' lang='lat' dir='ltr'><strong>oportet</strong></span> <span class='ocrx_word' id='word_1_740' title='bbox 2775 4380 2954 4428; x_wconf 84' lang='lat' dir='ltr'><strong>orare,</strong></span> <span class='ocrx_word' id='word_1_741' title='bbox 2987 4381 3091 4419; x_wconf 91' lang='lat' dir='ltr'><strong>non</strong></span> <span class='ocrx_word' id='word_1_742' title='bbox 3129 4378 3214 4418; x_wconf 89' lang='lat' dir='ltr'><strong>me</strong></span> <span class='ocrx_word' id='word_1_743' title='bbox 3244 4379 3339 4418; x_wconf 87' lang='lat' dir='ltr'><strong>au-</strong></span> 
     </span>
    </p>
   </div>
   <div class='ocr_carea' id='block_1_69' title="bbox 106 4462 1661 4536">
    <p class='ocr_par' dir='ltr' id='par_1_69' title="bbox 106 4462 1661 4536">
     <span class='ocr_line' id='line_1_69' title="bbox 106 4462 1661 4536; baseline 0.007 -24"><span class='ocrx_word' id='word_1_744' title='bbox 106 4462 252 4517; x_wconf 79' lang='lat' dir='ltr'><strong>arida</strong></span> <span class='ocrx_word' id='word_1_745' title='bbox 283 4468 488 4522; x_wconf 89' lang='lat' dir='ltr'><strong>dicitur</strong></span> <span class='ocrx_word' id='word_1_746' title='bbox 519 4477 574 4522; x_wconf 90' lang='lat' dir='ltr'><strong>et</strong></span> <span class='ocrx_word' id='word_1_747' title='bbox 599 4469 772 4521; x_wconf 89' lang='lat' dir='ltr'><strong>oculis</strong></span> <span class='ocrx_word' id='word_1_748' title='bbox 807 4468 1078 4536; x_wconf 90' lang='lat' dir='ltr'><strong>subjacet,</strong></span> <span class='ocrx_word' id='word_1_749' title='bbox 1115 4469 1208 4521; x_wconf 87' lang='lat' dir='ltr'><strong>sed</strong></span> <span class='ocrx_word' id='word_1_750' title='bbox 1240 4468 1327 4521; x_wconf 84' lang='lat' dir='ltr'><strong>illa</strong></span> <span class='ocrx_word' id='word_1_751' title='bbox 1363 4471 1468 4523; x_wconf 87' lang='lat' dir='ltr'><strong>erit</strong></span> <span class='ocrx_word' id='word_1_752' title='bbox 1505 4487 1661 4523; x_wconf 88' lang='lat' dir='ltr'><strong>man-</strong></span> 
     </span>
    </p>
   </div>
   <div class='ocr_carea' id='block_1_70' title="bbox 107 4558 1664 4628">
    <p class='ocr_par' dir='ltr' id='par_1_70' title="bbox 107 4558 1664 4628">
     <span class='ocr_line' id='line_1_70' title="bbox 107 4558 1664 4628; baseline 0.005 -22"><span class='ocrx_word' id='word_1_753' title='bbox 107 4566 377 4611; x_wconf 86' lang='lat' dir='ltr'><strong>suetorum</strong></span> <span class='ocrx_word' id='word_1_754' title='bbox 406 4567 549 4612; x_wconf 85' lang='lat' dir='ltr'><strong>terra</strong></span> <span class='ocrx_word' id='word_1_755' title='bbox 579 4574 740 4628; x_wconf 90' lang='lat' dir='ltr'><strong>quam</strong></span> <span class='ocrx_word' id='word_1_756' title='bbox 771 4559 958 4613; x_wconf 91' lang='lat' dir='ltr'><strong>oculus</strong></span> <span class='ocrx_word' id='word_1_757' title='bbox 990 4574 1095 4612; x_wconf 92' lang='lat' dir='ltr'><strong>nou</strong></span> <span class='ocrx_word' id='word_1_758' title='bbox 1129 4559 1284 4612; x_wconf 88' lang='lat' dir='ltr'><strong>vidit.</strong></span> <span class='ocrx_word' id='word_1_759' title='bbox 1318 4558 1551 4614; x_wconf 83' lang='lat' dir='ltr'><strong>Evidens</strong></span> <span class='ocrx_word' id='word_1_760' title='bbox 1579 4569 1664 4614; x_wconf 86' lang='lat' dir='ltr'><strong>est</strong></span> 
     </span>
    </p>
   </div>
   <div class='ocr_carea' id='block_1_71' title="bbox 107 4647 1664 4719">
    <p class='ocr_par' dir='ltr' id='par_1_71' title="bbox 107 4647 1664 4719">
     <span class='ocr_line' id='line_1_71' title="bbox 107 4647 1664 4719; baseline 0.004 -20"><span class='ocrx_word' id='word_1_761' title='bbox 107 4647 246 4699; x_wconf 89' lang='lat' dir='ltr'><strong>enim</strong></span> <span class='ocrx_word' id='word_1_762' title='bbox 273 4649 516 4718; x_wconf 82' lang='lat' dir='ltr'><strong>Apostoli</strong></span> <span class='ocrx_word' id='word_1_763' title='bbox 551 4652 840 4715; x_wconf 85' lang='lat' dir='ltr'><strong>sententia,</strong></span> <span class='ocrx_word' id='word_1_764' title='bbox 876 4666 996 4719; x_wconf 66' lang='lat' dir='ltr'><strong>qua:</strong></span> <span class='ocrx_word' id='word_1_765' title='bbox 1024 4651 1179 4705; x_wconf 90' lang='lat' dir='ltr'><strong>docet</strong></span> <span class='ocrx_word' id='word_1_766' title='bbox 1213 4664 1317 4704; x_wconf 91' lang='lat' dir='ltr'><strong>non</strong></span> <span class='ocrx_word' id='word_1_767' title='bbox 1347 4651 1579 4704; x_wconf 87' lang='lat' dir='ltr'><strong>visibilia</strong></span> <span class='ocrx_word' id='word_1_768' title='bbox 1611 4662 1664 4707; x_wconf 89' lang='lat' dir='ltr'><strong>et</strong></span> 
     </span>
    </p>
   </div>
   <div class='ocr_carea' id='block_1_72' title="bbox 109 4743 1664 4814">
    <p class='ocr_par' dir='ltr' id='par_1_72' title="bbox 109 4743 1664 4814">
     <span class='ocr_line' id='line_1_72' title="bbox 109 4743 1664 4814; baseline 0.006 -26"><span class='ocrx_word' id='word_1_769' title='bbox 109 4745 401 4809; x_wconf 88' lang='lat' dir='ltr'><strong>corporalia</strong></span> <span class='ocrx_word' id='word_1_770' title='bbox 457 4745 726 4814; x_wconf 88' lang='lat' dir='ltr'><strong>speranda</strong></span> <span class='ocrx_word' id='word_1_771' title='bbox 776 4745 828 4799; x_wconf 93' lang='lat' dir='ltr'><strong>in</strong></span> <span class='ocrx_word' id='word_1_772' title='bbox 880 4743 1104 4810; x_wconf 78' lang='lat' dir='ltr'><strong>futuris,</strong></span> <span class='ocrx_word' id='word_1_773' title='bbox 1152 4743 1244 4796; x_wconf 88' lang='lat' dir='ltr'><strong>sed</strong></span> <span class='ocrx_word' id='word_1_774' title='bbox 1296 4743 1561 4811; x_wconf 84' lang='lat' dir='ltr'><strong>spiritalia</strong></span> <span class='ocrx_word' id='word_1_775' title='bbox 1609 4757 1664 4797; x_wconf 87' lang='lat' dir='ltr'><strong>et</strong></span> 
     </span>
    </p>
   </div>
   <div class='ocr_carea' id='block_1_73' title="bbox 109 4833 1663 4908">
    <p class='ocr_par' dir='ltr' id='par_1_73' title="bbox 109 4833 1663 4908">
     <span class='ocr_line' id='line_1_73' title="bbox 109 4833 1663 4908; baseline 0.004 -25"><span class='ocrx_word' id='word_1_776' title='bbox 109 4843 297 4890; x_wconf 77' lang='lat' dir='ltr'><strong>teterna</strong></span> <span class='ocrx_word' id='word_1_777' title='bbox 329 4851 345 4890; x_wconf 90' lang='lat'><strong>:</strong></span> <span class='ocrx_word' id='word_1_778' title='bbox 373 4839 501 4908; x_wconf 91' lang='lat' dir='ltr'><strong>quia</strong></span> <span class='ocrx_word' id='word_1_779' title='bbox 542 4855 561 4889; x_wconf 75' lang='grc' dir='ltr'>ι</span> <span class='ocrx_word' id='word_1_780' title='bbox 591 4853 712 4908; x_wconf 68' lang='lat' dir='ltr'><strong>quae</strong></span> <span class='ocrx_word' id='word_1_781' title='bbox 740 4838 991 4893; x_wconf 88' lang='lat' dir='ltr'><strong>videntur</strong></span> <span class='ocrx_word' id='word_1_782' title='bbox 1042 4833 1356 4903; x_wconf 88' lang='lat' dir='ltr'><strong>temporalia</strong></span> <span class='ocrx_word' id='word_1_783' title='bbox 1385 4845 1529 4901; x_wconf 89' lang='lat' dir='ltr'><strong>sunt,</strong></span> <span class='ocrx_word' id='word_1_784' title='bbox 1554 4854 1572 4886; x_wconf 72' lang='grc' dir='ltr'><strong><em>ι</em></strong></span> <span class='ocrx_word' id='word_1_785' title='bbox 1607 4844 1663 4889; x_wconf 92' lang='lat' dir='ltr'><strong>et</strong></span> 
     </span>
    </p>
   </div>
   <div class='ocr_carea' id='block_1_74' title="bbox 169 4923 1681 4992">
    <p class='ocr_par' dir='ltr' id='par_1_74' title="bbox 169 4923 1681 4992">
     <span class='ocr_line' id='line_1_74' title="bbox 169 4923 1681 4992; baseline 0.001 -14"><span class='ocrx_word' id='word_1_786' title='bbox 169 4923 212 4954; x_wconf 83' lang='lat'><strong>&quot;</strong></span> <span class='ocrx_word' id='word_1_787' title='bbox 237 4924 398 4982; x_wconf 90' lang='lat' dir='ltr'><strong>lCor.</strong></span> <span class='ocrx_word' id='word_1_788' title='bbox 420 4945 509 4992; x_wconf 77' lang='lat' dir='ltr'><strong>xu,</strong></span> <span class='ocrx_word' id='word_1_789' title='bbox 532 4929 623 4982; x_wconf 73' lang='lat'><strong>27.</strong></span> <span class='ocrx_word' id='word_1_790' title='bbox 699 4927 742 4958; x_wconf 82' lang='grc'>³⁷</span> <span class='ocrx_word' id='word_1_791' title='bbox 766 4926 805 4980; x_wconf 88' lang='lat' dir='ltr'><strong>ll</strong></span> <span class='ocrx_word' id='word_1_792' title='bbox 836 4929 959 4979; x_wconf 68' lang='lat' dir='ltr'><strong>(lor.</strong></span> <span class='ocrx_word' id='word_1_793' title='bbox 989 4941 1040 4988; x_wconf 87' lang='lat' dir='ltr'><strong>v,</strong></span> <span class='ocrx_word' id='word_1_794' title='bbox 1062 4926 1148 4978; x_wconf 85' lang='grc'><strong>10.</strong></span> <span class='ocrx_word' id='word_1_795' title='bbox 1226 4923 1270 4956; x_wconf 82' lang='grc'><strong>³⁸</strong></span> <span class='ocrx_word' id='word_1_796' title='bbox 1291 4923 1480 4978; x_wconf 81' lang='lat' dir='ltr'><strong>Matth.</strong></span> <span class='ocrx_word' id='word_1_797' title='bbox 1507 4941 1563 4989; x_wconf 75' lang='grc' dir='ltr'><strong>χ,</strong></span> <span class='ocrx_word' id='word_1_798' title='bbox 1586 4926 1681 4979; x_wconf 76' lang='lat'><strong>&#39;28.</strong></span> 
     </span>
    </p>
   </div>
   <div class='ocr_carea' id='block_1_75' title="bbox 1768 4457 3334 4532">
    <p class='ocr_par' dir='ltr' id='par_1_75' title="bbox 1768 4457 3334 4532">
     <span class='ocr_line' id='line_1_75' title="bbox 1768 4457 3334 4532; baseline -0.002 -18"><span class='ocrx_word' id='word_1_799' title='bbox 1768 4461 1903 4515; x_wconf 89' lang='lat' dir='ltr'><strong>divit</strong></span> <span class='ocrx_word' id='word_1_800' title='bbox 1934 4459 2216 4525; x_wconf 90' lang='lat' dir='ltr'><strong>Dominus,</strong></span> <span class='ocrx_word' id='word_1_801' title='bbox 2266 4461 2361 4516; x_wconf 90' lang='lat' dir='ltr'><strong>sed</strong></span> <span class='ocrx_word' id='word_1_802' title='bbox 2397 4461 2537 4516; x_wconf 79' lang='lat' dir='ltr'><strong>dixit</strong></span> <span class='ocrx_word' id='word_1_803' title='bbox 2573 4462 2702 4515; x_wconf 89' lang='lat' dir='ltr'><strong>mibi</strong></span> <span class='ocrx_word' id='word_1_804' title='bbox 2743 4460 2856 4532; x_wconf 76' lang='grc'>(56)</span> <span class='ocrx_word' id='word_1_805' title='bbox 2889 4478 2902 4512; x_wconf 91' lang='lat'>:</span> <span class='ocrx_word' id='word_1_806' title='bbox 2939 4479 2957 4511; x_wconf 75' lang='grc' dir='ltr'>ι</span> <span class='ocrx_word' id='word_1_807' title='bbox 2989 4459 3195 4513; x_wconf 85' lang='lat' dir='ltr'><strong>Snﬁicit</strong></span> <span class='ocrx_word' id='word_1_808' title='bbox 3235 4457 3334 4512; x_wconf 89' lang='lat' dir='ltr'><strong>tibi</strong></span> 
     </span>
    </p>
   </div>
   <div class='ocr_carea' id='block_1_76' title="bbox 1768 4550 3330 4625">
    <p class='ocr_par' dir='ltr' id='par_1_76' title="bbox 1768 4550 3330 4625">
     <span class='ocr_line' id='line_1_76' title="bbox 1768 4550 3330 4625; baseline -0.001 -17"><span class='ocrx_word' id='word_1_809' title='bbox 1768 4557 1938 4625; x_wconf 88' lang='lat' dir='ltr'><strong>gratia</strong></span> <span class='ocrx_word' id='word_1_810' title='bbox 1963 4569 2106 4619; x_wconf 89' lang='lat' dir='ltr'><strong>mea,</strong></span> <span class='ocrx_word' id='word_1_811' title='bbox 2138 4570 2258 4609; x_wconf 89' lang='lat' dir='ltr'><strong>nam</strong></span> <span class='ocrx_word' id='word_1_812' title='bbox 2290 4555 2461 4608; x_wconf 89' lang='lat' dir='ltr'><strong>virtus</strong></span> <span class='ocrx_word' id='word_1_813' title='bbox 2485 4554 2537 4608; x_wconf 91' lang='lat' dir='ltr'><strong>in</strong></span> <span class='ocrx_word' id='word_1_814' title='bbox 2576 4553 2893 4607; x_wconf 87' lang='lat' dir='ltr'><strong>inﬁrmitate</strong></span> <span class='ocrx_word' id='word_1_815' title='bbox 2917 4552 3200 4621; x_wconf 88' lang='lat' dir='ltr'><strong>perﬁcitur</strong></span> <span class='ocrx_word' id='word_1_816' title='bbox 3226 4550 3330 4612; x_wconf 72' lang='grc'><strong>⁸⁸.»</strong></span> 
     </span>
    </p>
   </div>
   <div class='ocr_carea' id='block_1_77' title="bbox 1770 4646 3334 4717">
    <p class='ocr_par' dir='ltr' id='par_1_77' title="bbox 1770 4646 3334 4717">
     <span class='ocr_line' id='line_1_77' title="bbox 1770 4646 3334 4717; baseline -0.001 -15"><span class='ocrx_word' id='word_1_817' title='bbox 1770 4649 1860 4702; x_wconf 85' lang='lat' dir='ltr'><strong>Sic</strong></span> <span class='ocrx_word' id='word_1_818' title='bbox 1883 4662 2013 4717; x_wconf 90' lang='lat' dir='ltr'><strong>ergo</strong></span> <span class='ocrx_word' id='word_1_819' title='bbox 2043 4664 2062 4698; x_wconf 73' lang='grc' dir='ltr'>ι</span> <span class='ocrx_word' id='word_1_820' title='bbox 2085 4647 2214 4716; x_wconf 90' lang='lat' dir='ltr'><strong>quid</strong></span> <span class='ocrx_word' id='word_1_821' title='bbox 2244 4661 2463 4700; x_wconf 89' lang='lat' dir='ltr'><strong>oremus</strong></span> <span class='ocrx_word' id='word_1_822' title='bbox 2489 4647 2785 4699; x_wconf 89' lang='lat' dir='ltr'><strong>secundum</strong></span> <span class='ocrx_word' id='word_1_823' title='bbox 2821 4646 2964 4714; x_wconf 89' lang='lat' dir='ltr'><strong>quod</strong></span> <span class='ocrx_word' id='word_1_824' title='bbox 2994 4655 3214 4714; x_wconf 89' lang='lat' dir='ltr'><strong>oportet</strong></span> <span class='ocrx_word' id='word_1_825' title='bbox 3237 4660 3334 4700; x_wconf 86' lang='lat' dir='ltr'><strong>ne-</strong></span> 
     </span>
    </p>
   </div>
   <div class='ocr_carea' id='block_1_78' title="bbox 1767 4736 3336 4810">
    <p class='ocr_par' dir='ltr' id='par_1_78' title="bbox 1767 4736 3336 4810">
     <span class='ocr_line' id='line_1_78' title="bbox 1767 4736 3336 4810; baseline -0.003 -15"><span class='ocrx_word' id='word_1_826' title='bbox 1767 4742 2008 4806; x_wconf 78' lang='lat' dir='ltr'><strong>Scimus;</strong></span> <span class='ocrx_word' id='word_1_827' title='bbox 2040 4740 2134 4794; x_wconf 91' lang='lat' dir='ltr'><strong>sed</strong></span> <span class='ocrx_word' id='word_1_828' title='bbox 2166 4740 2280 4810; x_wconf 90' lang='lat' dir='ltr'><strong>ipse</strong></span> <span class='ocrx_word' id='word_1_829' title='bbox 2321 4737 2558 4806; x_wconf 89' lang='lat' dir='ltr'><strong>Spiritus</strong></span> <span class='ocrx_word' id='word_1_830' title='bbox 2589 4736 2896 4806; x_wconf 85' lang='lat' dir='ltr'><strong>interpellat</strong></span> <span class='ocrx_word' id='word_1_831' title='bbox 2926 4751 3023 4805; x_wconf 90' lang='lat' dir='ltr'><strong>pro</strong></span> <span class='ocrx_word' id='word_1_832' title='bbox 3055 4737 3211 4791; x_wconf 86' lang='lat' dir='ltr'><strong>nobis</strong></span> <span class='ocrx_word' id='word_1_833' title='bbox 3239 4751 3336 4806; x_wconf 85' lang='lat' dir='ltr'><strong>ge-</strong></span> 
     </span>
    </p>
   </div>
   <div class='ocr_carea' id='block_1_79' title="bbox 1769 4827 3333 4898">
    <p class='ocr_par' dir='ltr' id='par_1_79' title="bbox 1769 4827 3333 4898">
     <span class='ocr_line' id='line_1_79' title="bbox 1769 4827 3333 4898; baseline -0.004 -12"><span class='ocrx_word' id='word_1_834' title='bbox 1769 4832 1988 4886; x_wconf 90' lang='lat' dir='ltr'><strong>mitibus</strong></span> <span class='ocrx_word' id='word_1_835' title='bbox 2007 4829 2517 4884; x_wconf 64' lang='lat' dir='ltr'><strong>inenarrabilibus.»</strong></span> <span class='ocrx_word' id='word_1_836' title='bbox 2550 4829 2800 4898; x_wconf 85' lang='lat' dir='ltr'><strong>Magnum</strong></span> <span class='ocrx_word' id='word_1_837' title='bbox 2831 4827 3013 4881; x_wconf 91' lang='lat' dir='ltr'><strong>nescio</strong></span> <span class='ocrx_word' id='word_1_838' title='bbox 3035 4828 3162 4897; x_wconf 90' lang='lat' dir='ltr'><strong>quid</strong></span> <span class='ocrx_word' id='word_1_839' title='bbox 3189 4827 3333 4880; x_wconf 80' lang='lat' dir='ltr'><strong>Pau-</strong></span> 
     </span>
    </p>
   </div>
   <div class='ocr_carea' id='block_1_80' title="bbox 1755 4918 3327 4986">
    <p class='ocr_par' dir='ltr' id='par_1_80' title="bbox 1755 4918 3327 4986">
     <span class='ocr_line' id='line_1_80' title="bbox 1755 4918 3327 4986; baseline -0.003 -10"><span class='ocrx_word' id='word_1_840' title='bbox 1755 4925 1798 4956; x_wconf 74' lang='grc'><strong>³⁵</strong></span> <span class='ocrx_word' id='word_1_841' title='bbox 1826 4923 1984 4977; x_wconf 82' lang='lat' dir='ltr'><strong>Rom.</strong></span> <span class='ocrx_word' id='word_1_842' title='bbox 2019 4921 2245 4982; x_wconf 69' lang='lat' dir='ltr'><strong>vm.20.</strong></span> <span class='ocrx_word' id='word_1_843' title='bbox 2312 4923 2356 4953; x_wconf 69' lang='grc' dir='ltr'><strong>⁸ο</strong></span> <span class='ocrx_word' id='word_1_844' title='bbox 2384 4921 2422 4974; x_wconf 93' lang='lat' dir='ltr'><strong>ll</strong></span> <span class='ocrx_word' id='word_1_845' title='bbox 2453 4921 2577 4974; x_wconf 84' lang='lat' dir='ltr'><strong>Cor.</strong></span> <span class='ocrx_word' id='word_1_846' title='bbox 2607 4936 2684 4986; x_wconf 88' lang='lat' dir='ltr'><strong>tv,</strong></span> <span class='ocrx_word' id='word_1_847' title='bbox 2720 4919 2808 4976; x_wconf 84' lang='grc'><strong>18.</strong></span> <span class='ocrx_word' id='word_1_848' title='bbox 2885 4919 2928 4950; x_wconf 70' lang='grc'><strong>⁸¹</strong></span> <span class='ocrx_word' id='word_1_849' title='bbox 2957 4918 3148 4973; x_wconf 81' lang='lat' dir='ltr'><strong>Matth.</strong></span> <span class='ocrx_word' id='word_1_850' title='bbox 3178 4935 3327 4985; x_wconf 74' lang='lat' dir='ltr'><strong>utv,</strong></span> 
     </span>
    </p>
   </div>
   <div class='ocr_carea' id='block_1_81' title="bbox 112 4989 3326 5064">
    <p class='ocr_par' dir='ltr' id='par_1_81' title="bbox 112 4989 3326 5064">
     <span class='ocr_line' id='line_1_81' title="bbox 112 4989 3326 5064; baseline -0.002 -14"><span class='ocrx_word' id='word_1_851' title='bbox 112 4989 210 5064; x_wconf 24' lang='grc' dir='ltr'><strong>ᾆδε-</strong></span> <span class='ocrx_word' id='word_1_852' title='bbox 259 4998 311 5064; x_wconf 45' lang='grc'><strong>,⁸⁸</strong></span> <span class='ocrx_word' id='word_1_853' title='bbox 339 4989 751 5059; x_wconf 52' lang='grc' dir='ltr'><strong>Βοιιιζνηιᾶὶ.</strong></span> <span class='ocrx_word' id='word_1_854' title='bbox 821 4997 865 5028; x_wconf 70' lang='grc'>⁸³</span> <span class='ocrx_word' id='word_1_855' title='bbox 889 4998 909 5050; x_wconf 88' lang='lat'><strong>1</strong></span> <span class='ocrx_word' id='word_1_856' title='bbox 937 4996 1061 5050; x_wconf 90' lang='lat' dir='ltr'><strong>Cor.</strong></span> <span class='ocrx_word' id='word_1_857' title='bbox 1091 5011 1155 5061; x_wconf 86' lang='lat' dir='ltr'><strong>tt,</strong></span> <span class='ocrx_word' id='word_1_858' title='bbox 1184 4995 1238 5050; x_wconf 90' lang='lat'><strong>9.</strong></span> <span class='ocrx_word' id='word_1_859' title='bbox 1301 4994 1348 5026; x_wconf 77' lang='lat'><strong>“</strong></span> <span class='ocrx_word' id='word_1_860' title='bbox 1368 4993 1524 5049; x_wconf 84' lang='lat' dir='ltr'><strong>Rom.</strong></span> <span class='ocrx_word' id='word_1_861' title='bbox 1551 5011 1671 5064; x_wconf 84' lang='lat' dir='ltr'><strong>vut,</strong></span> <span class='ocrx_word' id='word_1_862' title='bbox 1700 4995 1790 5050; x_wconf 74' lang='lat'><strong>25.</strong></span> <span class='ocrx_word' id='word_1_863' title='bbox 1863 4994 1906 5026; x_wconf 68' lang='grc'><strong>⁸⁸</strong></span> <span class='ocrx_word' id='word_1_864' title='bbox 1927 4993 2066 5049; x_wconf 82' lang='lat' dir='ltr'><strong>Ibid.</strong></span> <span class='ocrx_word' id='word_1_865' title='bbox 2096 5008 2245 5059; x_wconf 72' lang='lat' dir='ltr'><strong>xxw,</strong></span> <span class='ocrx_word' id='word_1_866' title='bbox 2271 4991 2364 5046; x_wconf 76' lang='lat'><strong>27.</strong></span> <span class='ocrx_word' id='word_1_867' title='bbox 2437 4989 2484 5022; x_wconf 71' lang='grc'><strong>⁸⁸</strong></span> <span class='ocrx_word' id='word_1_868' title='bbox 2507 4991 2664 5046; x_wconf 73' lang='lat' dir='ltr'><strong>llom.</strong></span> <span class='ocrx_word' id='word_1_869' title='bbox 2688 5005 2812 5056; x_wconf 71' lang='lat' dir='ltr'><strong>vui,</strong></span> <span class='ocrx_word' id='word_1_870' title='bbox 2841 4989 2933 5045; x_wconf 71' lang='lat'><strong>22.</strong></span> <span class='ocrx_word' id='word_1_871' title='bbox 3009 4989 3054 5021; x_wconf 80' lang='lat'><strong>&quot;</strong></span> <span class='ocrx_word' id='word_1_872' title='bbox 3084 4989 3191 5045; x_wconf 90' lang='lat' dir='ltr'><strong>ibid</strong></span> <span class='ocrx_word' id='word_1_873' title='bbox 3233 4989 3326 5045; x_wconf 67' lang='lat'><strong>23.</strong></span> 
     </span>
    </p>
   </div>
   <div class='ocr_carea' id='block_1_82' title="bbox 112 5057 1024 5134">
    <p class='ocr_par' dir='ltr' id='par_1_82' title="bbox 112 5057 1024 5134">
     <span class='ocr_line' id='line_1_82' title="bbox 112 5057 1024 5134; baseline 0.002 -18"><span class='ocrx_word' id='word_1_874' title='bbox 112 5057 357 5125; x_wconf 74' lang='lat' dir='ltr'><strong>“llCor.</strong></span> <span class='ocrx_word' id='word_1_875' title='bbox 385 5085 482 5134; x_wconf 77' lang='lat' dir='ltr'><strong>xtl,</strong></span> <span class='ocrx_word' id='word_1_876' title='bbox 515 5070 564 5130; x_wconf 85' lang='lat'><strong>7,</strong></span> <span class='ocrx_word' id='word_1_877' title='bbox 600 5057 654 5122; x_wconf 82' lang='lat'><strong>8.</strong></span> <span class='ocrx_word' id='word_1_878' title='bbox 729 5068 774 5099; x_wconf 75' lang='grc'><strong>⁴⁹</strong></span> <span class='ocrx_word' id='word_1_879' title='bbox 808 5067 938 5122; x_wconf 91' lang='lat' dir='ltr'><strong>ibid.</strong></span> <span class='ocrx_word' id='word_1_880' title='bbox 970 5067 1024 5120; x_wconf 87' lang='grc'><strong>9.</strong></span> 
     </span>
    </p>
   </div>
   <div class='ocr_carea' id='block_1_83' title="bbox 178 5156 1654 5230">
    <p class='ocr_par' dir='ltr' id='par_1_83' title="bbox 178 5156 1654 5230">
     <span class='ocr_line' id='line_1_83' title="bbox 178 5156 1654 5230; baseline 0.004 -18"><span class='ocrx_word' id='word_1_881' title='bbox 178 5156 287 5230; x_wconf 78' lang='lat'><strong>(30)</strong></span> <span class='ocrx_word' id='word_1_882' title='bbox 321 5164 495 5229; x_wconf 85' lang='lat' dir='ltr'><strong>Editi,</strong></span> <span class='ocrx_word' id='word_1_883' title='bbox 544 5183 562 5214; x_wconf 74' lang='grc' dir='ltr'><strong><em>ι</em></strong></span> <span class='ocrx_word' id='word_1_884' title='bbox 593 5163 686 5218; x_wconf 90' lang='lat' dir='ltr'><strong>sed</strong></span> <span class='ocrx_word' id='word_1_885' title='bbox 722 5164 1032 5220; x_wconf 88' lang='lat' dir='ltr'><strong>inveniatur</strong></span> <span class='ocrx_word' id='word_1_886' title='bbox 1071 5175 1192 5216; x_wconf 91' lang='lat' dir='ltr'><strong>cum</strong></span> <span class='ocrx_word' id='word_1_887' title='bbox 1236 5161 1336 5214; x_wconf 90' lang='lat' dir='ltr'><strong>ista</strong></span> <span class='ocrx_word' id='word_1_888' title='bbox 1383 5165 1654 5218; x_wconf 89' lang='lat' dir='ltr'><strong>sententia</strong></span> 
     </span>
    </p>
   </div>
   <div class='ocr_carea' id='block_1_84' title="bbox 209 5237 580 5288">
    <p class='ocr_par' dir='ltr' id='par_1_84' title="bbox 209 5237 580 5288">
     <span class='ocr_line' id='line_1_84' title="bbox 209 5237 580 5288; baseline 0.016 -8"><span class='ocrx_word' id='word_1_889' title='bbox 209 5269 219 5280; x_wconf 93' lang='lat'><strong>.</strong></span> <span class='ocrx_word' id='word_1_890' title='bbox 251 5271 264 5285; x_wconf 95' lang='lat'><strong>.</strong></span> <span class='ocrx_word' id='word_1_891' title='bbox 294 5237 536 5288; x_wconf 88' lang='lat' dir='ltr'><strong>damnet.</strong></span> <span class='ocrx_word' id='word_1_892' title='bbox 560 5253 580 5286; x_wconf 85' lang='grc'><strong>›</strong></span> 
     </span>
    </p>
   </div>
   <div class='ocr_carea' id='block_1_85' title="bbox 181 5299 1649 5374">
    <p class='ocr_par' dir='ltr' id='par_1_85' title="bbox 181 5299 1649 5374">
     <span class='ocr_line' id='line_1_85' title="bbox 181 5299 1649 5374; baseline 0.004 -22"><span class='ocrx_word' id='word_1_893' title='bbox 181 5299 287 5374; x_wconf 77' lang='lat' dir='ltr'><strong>(3i)</strong></span> <span class='ocrx_word' id='word_1_894' title='bbox 313 5305 485 5369; x_wconf 84' lang='lat' dir='ltr'><strong>Alias,</strong></span> <span class='ocrx_word' id='word_1_895' title='bbox 517 5323 535 5354; x_wconf 76' lang='grc' dir='ltr'><strong><em>ο</em></strong></span> <span class='ocrx_word' id='word_1_896' title='bbox 562 5303 1052 5374; x_wconf 85' lang='lat' dir='ltr'><strong>gemitussociant.</strong></span> <span class='ocrx_word' id='word_1_897' title='bbox 1084 5301 1363 5368; x_wconf 89' lang='lat' dir='ltr'><strong>Quomodo</strong></span> <span class='ocrx_word' id='word_1_898' title='bbox 1389 5313 1568 5358; x_wconf 91' lang='lat' dir='ltr'><strong>autem</strong></span> <span class='ocrx_word' id='word_1_899' title='bbox 1599 5305 1649 5358; x_wconf 91' lang='lat' dir='ltr'><strong>in</strong></span> 
     </span>
    </p>
   </div>
   <div class='ocr_carea' id='block_1_86' title="bbox 118 5373 1144 5442">
    <p class='ocr_par' dir='ltr' id='par_1_86' title="bbox 118 5373 1144 5442">
     <span class='ocr_line' id='line_1_86' title="bbox 118 5373 1144 5442; baseline 0.001 -19"><span class='ocrx_word' id='word_1_900' title='bbox 118 5377 201 5442; x_wconf 75' lang='lat' dir='ltr'><strong>Spe</strong></span> <span class='ocrx_word' id='word_1_901' title='bbox 227 5373 292 5425; x_wconf 84' lang='lat' dir='ltr'><strong>sit</strong></span> <span class='ocrx_word' id='word_1_902' title='bbox 323 5375 466 5442; x_wconf 82' lang='lat' dir='ltr'><strong>,(al.,</strong></span> <span class='ocrx_word' id='word_1_903' title='bbox 502 5391 521 5425; x_wconf 73' lang='grc' dir='ltr'>ι</span> <span class='ocrx_word' id='word_1_904' title='bbox 554 5373 610 5427; x_wconf 87' lang='lat' dir='ltr'><strong>Iit</strong></span> <span class='ocrx_word' id='word_1_905' title='bbox 641 5378 687 5436; x_wconf 72' lang='grc' dir='ltr'><strong>ι)</strong></span> <span class='ocrx_word' id='word_1_906' title='bbox 739 5373 957 5433; x_wconf 83' lang='lat' dir='ltr'><strong>salvus,</strong></span> <span class='ocrx_word' id='word_1_907' title='bbox 983 5391 1000 5422; x_wconf 84' lang='grc'><strong>›</strong></span> <span class='ocrx_word' id='word_1_908' title='bbox 1039 5383 1144 5426; x_wconf 90' lang='lat' dir='ltr'><strong>etc.</strong></span> 
     </span>
    </p>
   </div>
   <div class='ocr_carea' id='block_1_87' title="bbox 178 5438 1644 5515">
    <p class='ocr_par' dir='ltr' id='par_1_87' title="bbox 178 5438 1644 5515">
     <span class='ocr_line' id='line_1_87' title="bbox 178 5438 1644 5515; baseline 0.001 -20"><span class='ocrx_word' id='word_1_909' title='bbox 178 5438 277 5515; x_wconf 64' lang='grc' dir='ltr'>(ῖξῇ</span> <span class='ocrx_word' id='word_1_910' title='bbox 304 5438 463 5515; x_wconf 77' lang='lat' dir='ltr'><strong>Editi,</strong></span> <span class='ocrx_word' id='word_1_911' title='bbox 539 5469 556 5498; x_wconf 77' lang='grc' dir='ltr'>ι</span> <span class='ocrx_word' id='word_1_912' title='bbox 599 5462 783 5502; x_wconf 87' lang='lat' dir='ltr'><strong>secum</strong></span> <span class='ocrx_word' id='word_1_913' title='bbox 840 5445 1049 5500; x_wconf 84' lang='lat' dir='ltr'><strong>labores</strong></span> <span class='ocrx_word' id='word_1_914' title='bbox 1099 5443 1456 5515; x_wconf 88' lang='lat' dir='ltr'><strong>gemitusque,</strong></span> <span class='ocrx_word' id='word_1_915' title='bbox 1485 5462 1504 5494; x_wconf 70' lang='grc' dir='ltr'><em>ι</em></span> <span class='ocrx_word' id='word_1_916' title='bbox 1535 5453 1644 5496; x_wconf 91' lang='lat' dir='ltr'><strong>etc.</strong></span> 
     </span>
    </p>
   </div>
   <div class='ocr_carea' id='block_1_88' title="bbox 180 5509 1260 5580">
    <p class='ocr_par' dir='ltr' id='par_1_88' title="bbox 180 5509 1260 5580">
     <span class='ocr_line' id='line_1_88' title="bbox 180 5509 1260 5580; baseline 0.001 -16"><span class='ocrx_word' id='word_1_917' title='bbox 180 5509 281 5580; x_wconf 48' lang='grc' dir='ltr'>(κδ)</span> <span class='ocrx_word' id='word_1_918' title='bbox 307 5509 470 5574; x_wconf 79' lang='lat' dir='ltr'><strong>Alias.</strong></span> <span class='ocrx_word' id='word_1_919' title='bbox 510 5529 757 5580; x_wconf 72' lang='lat' dir='ltr'><strong>(parum,</strong></span> <span class='ocrx_word' id='word_1_920' title='bbox 789 5532 806 5562; x_wconf 73' lang='grc' dir='ltr'>ι</span> <span class='ocrx_word' id='word_1_921' title='bbox 843 5516 983 5566; x_wconf 85' lang='lat' dir='ltr'><strong>sicut</strong></span> <span class='ocrx_word' id='word_1_922' title='bbox 1010 5520 1065 5562; x_wconf 86' lang='lat' dir='ltr'><strong>et</strong></span> <span class='ocrx_word' id='word_1_923' title='bbox 1095 5509 1260 5568; x_wconf 66' lang='lat' dir='ltr'><strong>i&#39;nfra.</strong></span> 
     </span>
    </p>
   </div>
   <div class='ocr_carea' id='block_1_89' title="bbox 179 5511 1644 5651">
    <p class='ocr_par' dir='ltr' id='par_1_89' title="bbox 179 5511 1644 5651">
     <span class='ocr_line' id='line_1_89' title="bbox 180 5511 1361 5580; baseline 0.002 -17"><span class='ocrx_word' id='word_1_924' title='bbox 180 5511 261 5569; x_wconf 43' lang='lat'><strong>(&#39;85</strong></span> <span class='ocrx_word' id='word_1_925' title='bbox 307 5513 470 5574; x_wconf 79' lang='lat' dir='ltr'><strong>Alias.</strong></span> <span class='ocrx_word' id='word_1_926' title='bbox 510 5529 757 5580; x_wconf 72' lang='lat' dir='ltr'><strong>(parum,</strong></span> <span class='ocrx_word' id='word_1_927' title='bbox 789 5532 806 5562; x_wconf 73' lang='grc' dir='ltr'>ι</span> <span class='ocrx_word' id='word_1_928' title='bbox 843 5516 983 5566; x_wconf 85' lang='lat' dir='ltr'><strong>sicut</strong></span> <span class='ocrx_word' id='word_1_929' title='bbox 1010 5520 1065 5562; x_wconf 86' lang='lat' dir='ltr'><strong>et</strong></span> <span class='ocrx_word' id='word_1_930' title='bbox 1095 5511 1260 5568; x_wconf 64' lang='lat' dir='ltr'><strong>i&#39;nfra.</strong></span> <span class='ocrx_word' id='word_1_931' title='bbox 1352 5511 1361 5512; x_wconf 28' lang='grc' dir='ltr'>ί</span> 
     </span>
     <span class='ocr_line' id='line_1_90' title="bbox 179 5511 1644 5651; baseline 0.002 -20"><span class='ocrx_word' id='word_1_932' title='bbox 179 5511 281 5651; x_wconf 54' lang='lat'><strong>(34;</strong></span> <span class='ocrx_word' id='word_1_933' title='bbox 303 5581 392 5635; x_wconf 90' lang='lat' dir='ltr'><strong>Sic</strong></span> <span class='ocrx_word' id='word_1_934' title='bbox 409 5600 596 5638; x_wconf 87' lang='lat' dir='ltr'><strong>omnes</strong></span> <span class='ocrx_word' id='word_1_935' title='bbox 619 5601 746 5637; x_wconf 88' lang='lat' dir='ltr'><strong>mss.</strong></span> <span class='ocrx_word' id='word_1_936' title='bbox 766 5585 931 5637; x_wconf 88' lang='lat' dir='ltr'><strong>nostri</strong></span> <span class='ocrx_word' id='word_1_937' title='bbox 954 5591 1010 5636; x_wconf 88' lang='lat' dir='ltr'><strong>et</strong></span> <span class='ocrx_word' id='word_1_938' title='bbox 1033 5581 1308 5638; x_wconf 71' lang='lat' dir='ltr'><strong>liabanus.</strong></span> <span class='ocrx_word' id='word_1_939' title='bbox 1330 5583 1471 5637; x_wconf 84' lang='lat' dir='ltr'><strong>Editi</strong></span> <span class='ocrx_word' id='word_1_940' title='bbox 1497 5597 1644 5648; x_wconf 84' lang='lat' dir='ltr'><strong>vero,</strong></span> 
     </span>
    </p>
   </div>
   <div class='ocr_carea' id='block_1_90' title="bbox 123 5652 1649 5725">
    <p class='ocr_par' dir='ltr' id='par_1_90' title="bbox 123 5652 1649 5725">
     <span class='ocr_line' id='line_1_91' title="bbox 123 5652 1649 5725; baseline 0.005 -24"><span class='ocrx_word' id='word_1_941' title='bbox 123 5662 138 5694; x_wconf 83' lang='lat' dir='ltr'><strong>t</strong></span> <span class='ocrx_word' id='word_1_942' title='bbox 173 5652 521 5711; x_wconf 88' lang='lat' dir='ltr'><strong>miserationis</strong></span> <span class='ocrx_word' id='word_1_943' title='bbox 549 5654 793 5710; x_wconf 80' lang='lat' dir='ltr'><strong>aﬂ&#39;ectns.</strong></span> <span class='ocrx_word' id='word_1_944' title='bbox 827 5653 939 5721; x_wconf 88' lang='lat' dir='ltr'><strong>Ipse</strong></span> <span class='ocrx_word' id='word_1_945' title='bbox 971 5653 1137 5719; x_wconf 90' lang='lat' dir='ltr'><strong>enim,</strong></span> <span class='ocrx_word' id='word_1_946' title='bbox 1171 5655 1376 5725; x_wconf 89' lang='lat' dir='ltr'><strong>inquit,</strong></span> <span class='ocrx_word' id='word_1_947' title='bbox 1415 5653 1649 5723; x_wconf 86' lang='lat' dir='ltr'><strong>Spiritus</strong></span> 
     </span>
    </p>
   </div>
   <div class='ocr_carea' id='block_1_91' title="bbox 1758 5162 2192 5229">
    <p class='ocr_par' dir='ltr' id='par_1_91' title="bbox 1758 5162 2192 5229">
     <span class='ocr_line' id='line_1_92' title="bbox 1758 5162 2192 5229; baseline -0.005 -13"><span class='ocrx_word' id='word_1_948' title='bbox 1758 5162 1998 5229; x_wconf 84' lang='lat' dir='ltr'><strong>adjuvat.</strong></span> <span class='ocrx_word' id='word_1_949' title='bbox 2033 5179 2052 5212; x_wconf 83' lang='grc'>›</span> <span class='ocrx_word' id='word_1_950' title='bbox 2083 5173 2192 5215; x_wconf 90' lang='lat' dir='ltr'><strong>etc.</strong></span> 
     </span>
    </p>
   </div>
   <div class='ocr_carea' id='block_1_92' title="bbox 1828 5227 3328 5304">
    <p class='ocr_par' dir='ltr' id='par_1_92' title="bbox 1828 5227 3328 5304">
     <span class='ocr_line' id='line_1_93' title="bbox 1828 5227 3328 5304; baseline -0.003 -19"><span class='ocrx_word' id='word_1_951' title='bbox 1828 5227 1940 5304; x_wconf 78' lang='grc'>(55)</span> <span class='ocrx_word' id='word_1_952' title='bbox 1969 5233 2139 5298; x_wconf 82' lang='lat' dir='ltr'><strong>Alias,</strong></span> <span class='ocrx_word' id='word_1_953' title='bbox 2192 5249 2211 5281; x_wconf 76' lang='grc' dir='ltr'>ι</span> <span class='ocrx_word' id='word_1_954' title='bbox 2251 5229 2470 5304; x_wconf 84' lang='lat' dir='ltr'><strong>sanitati</strong></span> <span class='ocrx_word' id='word_1_955' title='bbox 2515 5229 2822 5304; x_wconf 82' lang='lat' dir='ltr'><strong>conducunt</strong></span> <span class='ocrx_word' id='word_1_956' title='bbox 2863 5227 2981 5304; x_wconf 60' lang='lat' dir='ltr'><strong>(ab,</strong></span> <span class='ocrx_word' id='word_1_957' title='bbox 3029 5245 3048 5277; x_wconf 74' lang='grc' dir='ltr'><strong>ε</strong></span> <span class='ocrx_word' id='word_1_958' title='bbox 3082 5227 3146 5280; x_wconf 90' lang='lat' dir='ltr'><strong>ad</strong></span> <span class='ocrx_word' id='word_1_959' title='bbox 3177 5227 3328 5304; x_wconf 37' lang='lat' dir='ltr'><strong>sanis</strong></span> 
     </span>
    </p>
   </div>
   <div class='ocr_carea' id='block_1_93' title="bbox 1756 5299 3323 5367">
    <p class='ocr_par' dir='ltr' id='par_1_93' title="bbox 1756 5299 3323 5367">
     <span class='ocr_line' id='line_1_94' title="bbox 1756 5299 3323 5367; baseline -0.004 -11"><span class='ocrx_word' id='word_1_960' title='bbox 1756 5299 1928 5356; x_wconf 81' lang='lat' dir='ltr'><strong>tatem</strong></span> <span class='ocrx_word' id='word_1_961' title='bbox 1943 5307 2280 5367; x_wconf 89' lang='lat' dir='ltr'><strong>conducunt;</strong></span> <span class='ocrx_word' id='word_1_962' title='bbox 2311 5320 2330 5353; x_wconf 76' lang='grc' dir='ltr'><strong>ι</strong></span> <span class='ocrx_word' id='word_1_963' title='bbox 2369 5301 2462 5364; x_wconf 85' lang='lat' dir='ltr'><strong>aL,</strong></span> <span class='ocrx_word' id='word_1_964' title='bbox 2494 5319 2511 5351; x_wconf 78' lang='grc' dir='ltr'>ι</span> <span class='ocrx_word' id='word_1_965' title='bbox 2544 5301 2830 5354; x_wconf 89' lang='lat' dir='ltr'><strong>sanitatem</strong></span> <span class='ocrx_word' id='word_1_966' title='bbox 2853 5299 3123 5352; x_wconf 84' lang='lat' dir='ltr'><strong>adducunt</strong></span> <span class='ocrx_word' id='word_1_967' title='bbox 3154 5306 3202 5363; x_wconf 69' lang='grc' dir='ltr'>ι)</span> <span class='ocrx_word' id='word_1_968' title='bbox 3229 5300 3323 5350; x_wconf 83' lang='lat' dir='ltr'><strong>sed</strong></span> 
     </span>
    </p>
   </div>
   <div class='ocr_carea' id='block_1_94' title="bbox 1749 5368 3323 5440">
    <p class='ocr_par' dir='ltr' id='par_1_94' title="bbox 1749 5368 3323 5440">
     <span class='ocr_line' id='line_1_95' title="bbox 1749 5368 3323 5440; baseline -0.003 -14"><span class='ocrx_word' id='word_1_969' title='bbox 1749 5388 1812 5426; x_wconf 90' lang='lat' dir='ltr'><strong>ea</strong></span> <span class='ocrx_word' id='word_1_970' title='bbox 1867 5388 1986 5440; x_wconf 68' lang='lat' dir='ltr'><strong>qua:</strong></span> <span class='ocrx_word' id='word_1_971' title='bbox 2027 5387 2262 5440; x_wconf 64' lang='lat' dir='ltr'><strong>praesens</strong></span> <span class='ocrx_word' id='word_1_972' title='bbox 2313 5371 2647 5424; x_wconf 90' lang='lat' dir='ltr'><strong>desiderium</strong></span> <span class='ocrx_word' id='word_1_973' title='bbox 2697 5370 3028 5437; x_wconf 85' lang='lat' dir='ltr'><strong>suggesserit</strong></span> <span class='ocrx_word' id='word_1_974' title='bbox 3071 5368 3248 5436; x_wconf 80' lang='lat' dir='ltr'><strong>poscit</strong></span> <span class='ocrx_word' id='word_1_975' title='bbox 3291 5383 3323 5422; x_wconf 89' lang='lat' dir='ltr'><strong>a</strong></span> 
     </span>
    </p>
   </div>
   <div class='ocr_carea' id='block_1_95' title="bbox 1755 5440 3005 5504">
    <p class='ocr_par' dir='ltr' id='par_1_95' title="bbox 1755 5440 3005 5504">
     <span class='ocr_line' id='line_1_96' title="bbox 1755 5440 3005 5504; baseline -0.002 -10"><span class='ocrx_word' id='word_1_976' title='bbox 1755 5444 1994 5501; x_wconf 83' lang='lat' dir='ltr'><strong>medico;</strong></span> <span class='ocrx_word' id='word_1_977' title='bbox 2023 5443 2096 5494; x_wconf 88' lang='lat' dir='ltr'><strong>ita</strong></span> <span class='ocrx_word' id='word_1_978' title='bbox 2123 5449 2178 5494; x_wconf 90' lang='lat' dir='ltr'><strong>et</strong></span> <span class='ocrx_word' id='word_1_979' title='bbox 2207 5457 2305 5495; x_wconf 91' lang='lat' dir='ltr'><strong>nos</strong></span> <span class='ocrx_word' id='word_1_980' title='bbox 2337 5443 2388 5494; x_wconf 92' lang='lat' dir='ltr'><strong>in</strong></span> <span class='ocrx_word' id='word_1_981' title='bbox 2421 5443 2576 5504; x_wconf 77' lang='lat' dir='ltr'><strong>hujus</strong></span> <span class='ocrx_word' id='word_1_982' title='bbox 2607 5440 2812 5499; x_wconf 55' lang='lat' dir='ltr'><strong>saeculi,</strong></span> <span class='ocrx_word' id='word_1_983' title='bbox 2839 5455 2858 5487; x_wconf 76' lang='grc' dir='ltr'><strong><em>ι</em></strong></span> <span class='ocrx_word' id='word_1_984' title='bbox 2897 5445 3005 5491; x_wconf 89' lang='lat' dir='ltr'><strong>etc.</strong></span> 
     </span>
    </p>
   </div>
   <div class='ocr_carea' id='block_1_96' title="bbox 1824 5507 3315 5594">
    <p class='ocr_par' dir='ltr' id='par_1_96' title="bbox 1824 5507 3315 5594">
     <span class='ocr_line' id='line_1_97' title="bbox 1824 5507 3315 5594; baseline -0.002 -29"><span class='ocrx_word' id='word_1_985' title='bbox 1824 5513 1936 5594; x_wconf 58' lang='lat'><strong>(.36)</strong></span> <span class='ocrx_word' id='word_1_986' title='bbox 1965 5512 2131 5573; x_wconf 84' lang='lat' dir='ltr'><strong>Editi,</strong></span> <span class='ocrx_word' id='word_1_987' title='bbox 2161 5529 2180 5561; x_wconf 84' lang='grc'><em>‹</em></span> <span class='ocrx_word' id='word_1_988' title='bbox 2213 5527 2296 5566; x_wconf 90' lang='lat' dir='ltr'><strong>me</strong></span> <span class='ocrx_word' id='word_1_989' title='bbox 2321 5511 2525 5566; x_wconf 85' lang='lat' dir='ltr'><strong>audivit</strong></span> <span class='ocrx_word' id='word_1_990' title='bbox 2567 5509 2841 5570; x_wconf 86' lang='lat' dir='ltr'><strong>Dominus,</strong></span> <span class='ocrx_word' id='word_1_991' title='bbox 2875 5517 2930 5561; x_wconf 84' lang='lat' dir='ltr'><strong>et</strong></span> <span class='ocrx_word' id='word_1_992' title='bbox 2961 5509 3102 5565; x_wconf 71' lang='lat' dir='ltr'><strong>dixit</strong></span> <span class='ocrx_word' id='word_1_993' title='bbox 3127 5507 3315 5573; x_wconf 61' lang='lat' dir='ltr'><strong>mihi,»</strong></span> 
     </span>
    </p>
   </div>
   <div class='ocr_carea' id='block_1_97' title="bbox 1753 5597 2228 5650">
    <p class='ocr_par' dir='ltr' id='par_1_97' title="bbox 1753 5597 2228 5650">
     <span class='ocr_line' id='line_1_98' title="bbox 1753 5597 2228 5650; baseline -0.011 -13"><span class='ocrx_word' id='word_1_994' title='bbox 1753 5597 1978 5650; x_wconf 76' lang='lat' dir='ltr'><strong>omisso,</strong></span> <span class='ocrx_word' id='word_1_995' title='bbox 2008 5600 2027 5634; x_wconf 75' lang='lat' dir='ltr'><strong>t</strong></span> <span class='ocrx_word' id='word_1_996' title='bbox 2059 5597 2186 5637; x_wconf 85' lang='lat' dir='ltr'><strong>non.</strong></span> <span class='ocrx_word' id='word_1_997' title='bbox 2211 5599 2228 5632; x_wconf 74' lang='grc' dir='ltr'><strong><em>ι</em></strong></span> 
     </span>
    </p>
   </div>
  </div>
