3692 6138
375 241 513 297 1119

1859 246 2184 304 ORIGENIS

3476 245 3584 302 1121³

373 361 460 416 lus
489 363 540 416 in
573 363 867 432 gemitibus
895 366 1096 419 sentit:
1129 380 1256 421 ecce
1279 365 1426 420 enim
1447 366 1559 435 jam
1589 369 1753 423 tertio
1781 355 1948 440 gemi-
1978 381 2023 433 Α
2053 379 2168 426 ster
2198 368 2443 440 spiritus,
2471 366 2514 421 si
2544 371 2722 421 tamen
2753 363 3052 434 discipulus
3079 377 3195 418 esse
3242 361 3420 416 sancti
3449 361 3589 431 Spiri-

373 455 462 510 ttts
509 457 680 523 ponit.
723 457 856 511 Nam
889 468 944 512 et
981 477 1000 503 ι
1028 469 1303 522 creatura,
1330 479 1348 511 ι
1383 460 1584 529 inquit,
1621 479 1640 510 ι
1671 462 1945 529 congemi-

372 549 499 610 scit,
533 569 548 598 ι
581 558 636 602 et
672 566 692 599 ι
717 565 814 603 nos
863 549 965 619 ipsi
1022 551 1310 619 gemimus.
1342 572 1360 604 ι
1409 562 1464 606 et
1508 572 1526 604 ι
1562 553 1676 620 ipse
1708 552 1946 621 Spiritus

373 640 666 706 gemitibus
712 641 1024 711 interpellat
1059 643 1225 697 Deum
1261 660 1360 712 pro
1409 647 1640 700 sanctis.
1671 663 1689 696 ι
1726 645 1947 699 Addidit

371 745 504 784 sane
529 731 581 784 in
634 731 722 785 his
752 732 1041 799 gemitibus
1072 748 1208 800 quos
1239 749 1336 799 per
1363 733 1626 802 Spiritum
1673 735 1784 790 Deo
1812 736 1948 789 dicit

371 821 581 885 oll‘erri,
613 824 756 891 quod
791 823 903 876 sint
956 823 1374 880 inenarrabiles.
1414 824 1525 879 lloc
1559 833 1741 879 autem
1774 841 1948 892 neque

373 917 442 970 de
475 918 640 970 totius
671 928 956 982 creaturae,
989 933 1166 985 neque
1192 919 1260 972 de
1316 921 1431 973 suis
1459 921 1753 990 gemitibus
1786 921 1944 973 dixit.

375 1007 441 1061 Et
471 1008 596 1062 vide
618 1009 661 1062 si
687 1024 972 1078 possumus
1005 1009 1057 1062 itt
1093 1011 1212 1064 istis
1235 1011 1526 1080 gemitibus
1548 1011 1775 1066 multum
1812 1011 1950 1065 ﬁdu-

375 1099 475 1152 cia:
503 1110 557 1151 et
589 1098 854 1152 libertatis
885 1099 938 1152 itt
964 1110 1260 1168 conspectu
1300 1101 1394 1157 Dei
1444 1102 1770 1172 intelligere,
1802 1101 1947 1172 quod

373 1189 551 1239 oratio
574 1203 698 1256 quae
728 1203 851 1241 cum
883 1188 1068 1244 dolore
1098 1199 1153 1243 et
1183 1190 1384 1260 gemitu
1434 1189 1656 1245 oll'ertur
1690 1190 1820 1254 Deo,
1861 1205 1948 1244 ac-

371 1278 542 1344 cipiat
596 1279 848 1333 ﬁduciam
894 1295 923 1332 a
987 1279 1194 1349 Spiritu
1247 1293 1438 1336 sancto
1494 1283 1818 1338 ascendendi
1879 1283 1949 1336 ad

376 1367 562 1423 Deum.
597 1369 836 1439 Denique
856 1371 1027 1425 Adam
1059 1388 1180 1427 cum
1209 1387 1508 1443 peccasset,
1539 1377 1774 1446 perdidit
1805 1378 1942 1432 ﬁdu-

371 1462 532 1527 ciam,
564 1473 616 1516 et
643 1461 925 1518 abscondit
950 1482 1052 1518 sea
1088 1465 1228 1521 facie
1263 1468 1352 1522 Dei
1383 1469 1451 1522 ⁸ο.
1489 1469 1726 1524 Sanctus
1759 1479 1937 1523 autent

375 1551 540 1608 David
572 1555 720 1620 dicit,
750 1557 873 1625 quia
909 1577 926 1609 ι
952 1561 1183 1627 gemitus
1215 1576 1368 1615 meus
1398 1577 1425 1615 a
1464 1572 1516 1614 te
1548 1578 1651 1615 non
1688 1571 1771 1616 est
1810 1562 1943 1617 abs-

371 1645 620 1698 conditus
649 1647 716 1701 “.
759 1666 777 1698 ι
816 1649 920 1702 Sed
955 1651 1233 1705 videamus
1275 1651 1405 1720 quid
1437 1661 1520 1705 est
1568 1653 1710 1722 quod
1748 1652 1885 1708 dicit
1921 1669 1935 1705 :

2051 472 2140 517 tus
2185 462 2480 525 desiderat,
2527 470 2936 530 prosequatur:
2992 457 3109 524 ipse
3158 454 3325 510 oﬂ’ert
3369 456 3585 522 gemitus,

2047 552 2244 622 quibus
2267 561 2455 606 uoster
2479 552 2708 621 spiritus
2743 549 3131 620 doceaturﬂl)
3157 546 3526 616 ingemiscere,
3545 559 3588 602 ut

2049 643 2371 714 repropitiet
2405 643 2511 697 sibi
2545 643 2734 696 Deum.
2761 641 2818 696 Si
2849 655 2979 694 vero
3013 640 3258 710 Spiritus
3281 637 3490 707 quidem
3517 639 3588 694 do-

2048 744 2192 798 ceat,
2219 743 2273 789 et
2303 743 2488 788 noster
2519 733 2761 804 spiritus,
2790 733 2842 787 id
2876 742 2959 786 est
2994 745 3150 785 mens
3179 736 3376 783 nostra
3409 743 3504 780 non
3524 743 3588 781 se

2048 837 2268 897 quatur,
2295 843 2395 881 suo
2418 826 2551 880 vitio
2589 824 2920 880 infructuosa
2948 824 3000 877 ei
3039 821 3098 876 ﬁt
3125 818 3386 892 magistri
3431 818 3590 873 doctri-

2049 935 2139 974 na.
2176 919 2243 973 Et
2273 917 2416 974 istud
2453 918 2657 972 Paulus
2685 917 3001 986 mysterium
3032 913 3147 984 (42)
3172 915 3324 967 intra
3360 912 3590 965 hominem

2049 1011 2164 1082 geri
2211 1011 2411 1072 sciens,
2454 1009 2671 1063 dicebat
2715 1006 2800 1060 l‘7’:
2841 1025 2862 1053 ι
2888 1005 3021 1059 Nam
3066 1006 3112 1060 si
3159 1003 3373 1072 linguis
3415 1001 3591 1070 loquar,

2049 1100 2273 1170 spiritus
2308 1114 2460 1153 meus
2489 1108 2638 1162 orat,
2662 1097 2759 1152 sed
2789 1113 2941 1151 mens
2971 1110 3086 1150 mea
3120 1095 3241 1149 sine
3265 1095 3592 1164 fructum

2049 1204 2133 1248 est
2158 1212 2169 1245 :
2198 1212 2214 1244 ι
2246 1191 2496 1259 spiritum
2527 1205 2681 1243 suum
2713 1189 2901 1243 dicens
2927 1188 3157 1257 gratiam
3183 1185 3372 1240 sancti
3395 1184 3595 1252 Spiritus

2051 1298 2171 1353 qua:
2205 1299 2234 1334 a
2270 1282 2380 1335 Deo
2407 1280 2719 1334 hominibus
2741 1279 2921 1334 datur.
2956 1277 3107 1332 Unde
3133 1285 3189 1329 et
3208 1275 3502 1329 cohortans
3520 1289 3593 1326 nos

2052 1385 2111 1426 ut
2145 1388 2248 1426 non
2287 1370 2588 1426 habeamus
2660 1369 3059 1424 infructuosum
3103 1370 3205 1420 hoc
3241 1365 3422 1419 sancti
3453 1365 3593 1432 Spiri-

2053 1474 2140 1518 tus
2194 1461 2535 1527 beneﬁcium,
2602 1462 2751 1515 addit
2803 1473 2854 1515 et
2902 1461 3078 1514 dicit:
3110 1476 3129 1508 ι
3156 1459 3308 1524 Quid
3345 1471 3470 1526 ergo
3502 1461 3593 1511 est?

2053 1556 2236 1611 Orabo
2281 1556 2501 1626 spiritu,
2546 1553 2714 1608 orabo
2759 1561 2814 1607 et
2857 1561 3038 1605 mente
3078 1568 3092 1604 :
3135 1549 3412 1618 p~altnum
3453 1551 3592 1604 dicam

2054 1650 2269 1718 Spiritu,
2308 1647 2572 1718 psalmum
2607 1645 2780 1698 dicant
2821 1654 2876 1698 ct
2906 1653 3084 1695 mente
3102 1643 3169 1695 ⁵⁸.
3195 1663 3216 1694 ι
3258 1642 3593 1714 lgiturquam-

377 1751 397 1784 ι
429 1734 542 1804 lpse
573 1735 808 1804 Spiritus
847 1741 1153 1811 interpellat
1178 1758 1277 1810 pro
1292 1717 1466 1798 inobis
1489 1744 1554 1797 δ’.
1585 1717 1602 1793 ἱ
1647 1740 1759 1796 Hoc
1803 1742 1946 1795 enim
1983 1717 2024 1776 Β
2057 1717 2135 1792 vis
2159 1740 2272 1792 lucc
2303 1717 2691 1790 inenarrabilia
2717 1747 2836 1788 esse
2869 1731 3070 1786 Paulus
3119 1735 3239 1802 ipse
3291 1733 3529 1801 signarit,
3551 1742 3592 1786 et

375 1837 427 1877 ct
458 1824 696 1882 Joannes
725 1828 906 1884 Jesnm
939 1833 1117 1887 facere
1144 1832 1415 1901 designat,
1443 1849 1564 1887 cum
1592 1833 1725 1887 dicit
1754 1851 1768 1888 :
1805 1853 1823 1885 ι
1855 1833 1947 1887 Fi-

375 1915 514 1981 lioli,
546 1919 660 1973 Ιιωε
701 1922 887 1976 scribo
924 1922 1095 1986 vobis,
1126 1933 1185 1976 ut
1233 1940 1338 1977 non
1390 1926 1662 1993 peccetis:
1693 1927 1738 1979 si
1770 1935 1946 1980 autent

373 2019 429 2063 et
460 2013 769 2079 peccaverit
793 2014 995 2081 aliquis
1033 2025 1305 2078 nostrum,
1327 2018 1653 2072 advocatum
1686 2017 1950 2072 habemus

375 2105 517 2171 apttd
549 2104 762 2160 Patrem
788 2105 994 2170 justum
1027 2105 1233 2166 Jesum,
1265 2109 1355 2177 qui
1391 2119 1444 2161 et
1494 2109 1800 2179 interpellat
1851 2126 1949 2180 pro

375 2193 534 2247 nobis
563 2191 630 2246 ⁸³.
658 2213 677 2245 ι
723 2194 787 2247 Ει
819 2197 929 2259 hic,
957 2197 1196 2264 Spiritus
1228 2197 1536 2267 interpellat
1570 2216 1671 2269 pro
1698 2201 1850 2256 nobis
1874 2200 1946 2254 “.

373 2281 487 2335 lloe
520 2293 698 2337 autem
750 2284 876 2339 facit
923 2287 1163 2356 Spiritus
1208 2289 1408 2356 juvans
1443 2290 1814 2345 inﬁrmitatem
1853 2309 1950 2347 uo-

375 2386 565 2429 stram.
593 2376 724 2442 Qua:
753 2388 932 2431 autem
963 2379 1032 2432 sit
1065 2379 1356 2435 iulirmitas
1383 2392 1592 2447 nostra,
1621 2384 1733 2454 ipse
1761 2384 1948 2439 Domi-

377 2480 480 2518 nus
510 2465 666 2519 docet
694 2481 816 2520 cum
840 2467 969 2520 dicit
996 2485 1009 2520 :
1047 2486 1066 2518 ι
1101 2467 1340 2538 Spiritus
1367 2481 1669 2539 promptus,
1689 2487 1819 2526 caro
1852 2487 1950 2526 au-

379 2564 485 2609 tent
521 2557 732 2612 inﬁrma
756 2559 824 2612 ⁸³.
852 2577 871 2611 ι
911 2560 1078 2630 Igitur
1113 2561 1403 2616 inﬁrmitas
1449 2573 1632 2617 nostra
1673 2580 1738 2618 ex
1767 2566 1948 2620 carnis

377 2647 693 2705 inﬁrmitate
740 2652 1042 2706 descendit.
1089 2651 1209 2718 Ipsa
1249 2663 1333 2707 est
1367 2655 1512 2708 enim
1541 2669 1660 2724 qua:
1686 2658 1946 2724 concupi-

376 2741 483 2794 scit
527 2742 791 2797 adversus
825 2745 1077 2814 spiritum
1104 2743 1180 2810 ";
1217 2755 1272 2799 et
1309 2746 1436 2799 dttm
1481 2748 1950 2817 concupiscentias

380 2847 514 2885 suas
555 2833 772 2902 ingerit.
805 2837 1092 2904 puritatem
1140 2837 1366 2905 spiritus
1411 2838 1660 2908 impedit,
1686 2849 1740 2893 et
1771 2841 1947 2895 since-

377 2925 590 2978 ritatem
617 2927 885 2983 orationis
915 2928 1170 2986 olfuscat.
1205 2931 1310 2987 Sed
1345 2933 1432 2987 ubi
1469 2932 1668 2987 viderit
1709 2933 1946 3004 Spiritus

378 3016 470 3070 Dei
506 3017 755 3074 laborare
785 3021 1036 3088 spiritum
1079 3033 1322 3078 nostrum
1361 3026 1473 3096 (57)
1504 3027 1555 3080 in
1612 3025 1946 3080 adversando

377 3109 550 3172 carui,
583 3119 638 3162 et
662 3111 989 3165 :tdhterendo
1021 3113 1146 3178 sibi,
1181 3118 1412 3185 porrigit
1441 3135 1682 3183 manum,
1714 3130 1767 3172 et
1795 3119 1945 3186 adju-

377 3206 471 3250 vat
505 3199 870 3255 inﬁrmitatem
921 3203 1038 3273 ejus
1069 3227 1078 3259 :
1111 3216 1166 3258 et
1211 3207 1357 3260 velut
1403 3208 1446 3261 si
1487 3209 1744 3278 magister
1773 3210 1946 3263 susei-

378 3289 536 3356 piens
564 3293 749 3346 rudem
785 3293 1108 3362 discipulum
1158 3294 1292 3366 (38),
1321 3309 1376 3352 et
1416 3302 1752 3368 ignorantem
1794 3298 1938 3368 peni-

379 3389 467 3435 tus
492 3382 723 3447 litteras,
755 3395 812 3438 ttt
845 3400 967 3440 eum
1003 3387 1200 3442 docere
1233 3390 1402 3458 possit
1428 3399 1483 3443 et
1517 3390 1825 3453 instituere,
1853 3405 1945 3443 ne-

377 3486 534 3528 cesse
565 3474 727 3530 habet
758 3477 1019 3532 inclinare
1043 3495 1103 3534 se
1134 3481 1199 3534 ad
1247 3481 1496 3550 discipuli
1539 3481 1858 3547 rudimenta,
1889 3491 1944 3534 et

378 3561 494 3631 ipse
547 3567 696 3635 prius
742 3569 922 3624 dicere
958 3586 1155 3625 nomen
1205 3571 1416 3636 littera},
1469 3585 1528 3627 ut
1570 3574 1950 3642 respondendo

378 3657 676 3728 discipulus
708 3661 879 3715 discat
907 3662 1045 3733 (39),
1072 3674 1124 3717 et
1155 3664 1214 3716 ﬁt
1247 3666 1646 3733 quodammodo
1681 3665 1946 3734 magister

378 3749 497 3817 ipse
547 3753 824 3820 incipienti
872 3756 1140 3826 discipulo
1195 3757 1410 3819 similis,
1445 3772 1506 3808 ea
1544 3757 1770 3826 loquens
1801 3767 1854 3811 et
1887 3773 1951 3812 ea

383 3841 648 3895 meditans
684 3859 803 3912 qua:
846 3844 1110 3914 incipiens
1153 3847 1297 3914 loqui
1332 3847 1524 3900 debeat
1555 3863 1617 3900 ac
1659 3848 1950 3902 meditari:

384 3933 458 3986 ita
513 3943 568 3988 et
616 3935 854 4004 Spiritus
903 3950 1129 3992 sanctus
1184 3939 1296 4008 (40)
1329 3939 1415 3991 ubi
1466 3939 1955 4007 Oppugnationibus

382 4026 567 4080 carnis
607 4029 917 4096 perturbari
952 4041 1193 4084 nostrum
1243 4030 1490 4098 spiritum
1531 4029 1749 4091 viderit,
1775 4039 1830 4084 et
1861 4045 1955 4084 ne—

389 4117 648 4171 scientem
672 4124 798 4189 quid
830 4139 990 4176 orare
1011 4125 1204 4178 debeat
1238 4122 1533 4177 secundum
1559 4124 1698 4190 quod
1716 4133 1954 4190 oportet,

2054 1827 2514 1883 ineuarrabilibus
2548 1825 2838 1894 gemitibus
2884 1827 2999 1894 geri
3043 1823 3194 1896 (45),
3228 1832 3411 1878 tamen
3462 1835 3588 1893 prout

2053 1923 2307 1993 possibile
2329 1920 2487 1974 nobis
2508 1918 2630 1982 fuit,
2659 1917 2950 1988 imaginem
2977 1919 3272 1986 quamdam
3304 1932 3586 1986 reruqu

2051 2013 2308 2067 divinitus
2336 2021 2615 2082 geruntur,
2637 2025 2880 2079 quasque
2913 2009 3027 2077 ipse
3050 2009 3332 2063 obtectius
3367 2008 3473 2077 (44)
3493 2025 3578 2076 pro

2053 2108 2182 2170 l’ert,
2219 2105 2510 2159 edidimus.
2543 2103 2644 2169 Qui
2701 2112 2884 2156 autem
2931 2101 3192 2168 spiritalis
3239 2112 3328 2154 est
3356 2104 3589 2154 examinet

2051 2199 2232 2253 omnia
2257 2195 2324 2262 δ”,
2359 2206 2414 2251 et
2441 2197 2483 2250 si
2524 2195 2651 2263 quid
2690 2195 2775 2248 his
2804 2194 2967 2248 altius
2991 2194 3340 2264 investigare
3367 2197 3586 2263 potuerit,

2051 2289 2244 2345 habent
2273 2290 2413 2358 apud
2439 2303 2498 2342 se
2531 2303 2546 2340 :
2585 2306 2604 2339 ι
2631 2287 2866 2341 Fidelis)
2901 2287 3046 2341 enim
3083 2305 3101 2337 ι
3129 2288 3332 2355 spiritu
3362 2287 3491 2341 celat
3515 2303 3586 2340 ne-

2051 2386 2194 2455 gotia
2212 2383 2278 2436 °°.
2305 2404 2325 2436 ι
2360 2382 2698 2436 Admoneudi
2722 2390 2898 2435 tamen
2928 2391 3053 2434 sunt
3079 2382 3172 2450 qui
3202 2381 3580 2448 prosperitatem

2051 2475 2155 2530 sibi
2199 2475 2483 2545 praesentis
2517 2474 2664 2539 vitai,
2697 2484 2750 2528 et
2791 2474 3104 2540 sanitatem,
3142 2473 3228 2527 vel
3262 2473 3495 2535 divitias,
3529 2473 3587 2524 vel

2052 2566 2289 2621 honores
2339 2563 2613 2636 postulant
2645 2580 2675 2618 a
2711 2564 2851 2629 Deo,
2885 2564 3012 2634 quia
3056 2565 3184 2633 quid
3221 2574 3387 2618 orent
3429 2579 3584 2618 secun-

2051 2660 2176 2714 dtnu
2211 2659 2354 2728 qttod
2387 2659 2605 2727 expedit
2634 2658 2882 2713 nesciunt
2909 2658 2976 2710 “.
3007 2656 3159 2724 Szepe
3195 2657 3350 2711 enim
3385 2656 3442 2709 ﬁt
3464 2665 3513 2708 ut
3535 2654 3581 2706 ad

2052 2747 2304 2801 damnum
2335 2749 2529 2802 animas
2565 2747 2644 2800 vel
2681 2747 3029 2815 opprobrium
3066 2748 3182 2817 ejus
3234 2746 3581 2814 sempiternum

2051 2841 2248 2896 cedant
2269 2840 2382 2912 (45)
2400 2841 2684 2911 praesentia
2703 2841 2815 2894 haec
2837 2839 2986 2893 lucra
3003 2849 3055 2894 et
3072 2840 3213 2908 digni
3227 2851 3310 2893 tas
3328 2837 3581 2893 saecularis.

2052 2933 2118 2986 Et
2151 2933 2271 2986 ideo
2302 2933 2428 2985 illud
2460 2932 2633 2996 magis
2663 2931 2950 2984 tenendum
2981 2938 3084 2994 est,
3115 2930 3260 2996 quod
3294 2944 3389 2982 nos
3417 2928 3464 2980 in
3485 2943 3577 2980 ora-

2055 3023 2203 3078 tione
2253 3023 2434 3077 dicere
2461 3020 2577 3092 (46)
2617 3019 2799 3074 docuit
2833 3019 3128 3072 Dominus:
3164 3036 3182 3068 ι
3214 3016 3345 3071 Fiat
3380 3017 3585 3069 voluntas

2053 3124 2140 3169 tua
2165 3115 2230 3168 θ’.
2258 3133 2277 3168 ι

2128 3225 2146 3256 ι
2179 3206 2281 3271 Qui
2315 3215 2494 3258 atttem
2523 3211 2798 3258 scrutatur
2825 3200 3013 3264 corda,
3048 3202 3152 3254 scit
3184 3199 3319 3268 quid
3355 3198 3582 3252 desideret

2055 3297 2308 3368 Spiritus,
2336 3300 2461 3368 quia
2492 3298 2790 3354 secundum
2823 3295 2934 3369 (Π)
2970 3297 3135 3352 Deum
3177 3292 3484 3363 interpellat
3509 3304 3578 3359 pro

2050 3389 2258 3444 sanctis
2285 3389 2350 3441 ⁸³.
2377 3407 2396 3441 ι
2433 3387 2680 3443 Ostendit
2711 3389 2926 3456 quidem
2962 3404 2990 3440 a
3020 3385 3126 3439 Deo
3166 3400 3276 3437 non
3315 3392 3418 3435 tam
3451 3380 3580 3434 verba

2052 3490 2232 3537 nostra
2257 3481 2310 3534 in
2332 3481 2600 3544 oratione,
2627 3495 2789 3548 qttam
2820 3493 2917 3532 cur
2940 3486 3287 3543 mentemque
3314 3472 3575 3544 perpendi:

2058 3573 2174 3640 ipse
2205 3572 2350 3626 enim
2377 3581 2459 3625 est
2482 3571 2573 3639 qui
2615 3579 2890 3625 scrutatur
2912 3569 3074 3623 corda
3111 3579 3165 3622 et
3193 3583 3355 3622 renes
3377 3567 3438 3618 “.
3459 3563 3578 3631 Quod

2059 3674 2240 3719 autem
2266 3665 2502 3718 secundo
2537 3663 2685 3725 dicit,
2726 3663 2849 3731 quia
2896 3681 2914 3712 ι
2939 3660 3172 3730 Spiritus
3218 3657 3572 3728 interpellat,r

2062 3758 2165 3813 hoc
2203 3767 2287 3812 est
2315 3757 2457 3826 quod
2505 3756 2699 3811 edocet
2732 3774 2747 3810 :
2783 3771 2887 3809 non
2925 3754 3202 3807 minimam
3261 3752 3576 3821 dispensatio-

2060 3865 2183 3903 nem
2211 3850 2374 3905 etiam
2405 3849 2515 3919 (48)
2539 3865 2634 3917 per
2668 3849 2929 3918 Spiritum
2956 3859 3200 3902 sanctunt
3231 3847 3285 3900 in
3311 3845 3571 3902 hominibus

2060 3943 2195 4011 geri.
2228 3941 2486 4009 Quamvis
2517 3943 2659 3994 enim
2696 3943 3002 4008 unigenitus
3049 3938 3216 3993 Filius
3267 3939 3360 3992 Dei
3393 3952 3478 4005 pro
3510 3950 3570 3987 sa-

2061 4033 2171 4087 lute
2219 4033 2440 4088 humani
2472 4032 2684 4102 generis
2728 4032 3040 4085 incarnatus
3081 4041 3136 4085 et
3176 4045 3370 4100 passus
3419 4031 3497 4092 sit,
3533 4035 3570 4080 et

2063 4134 2234 4180 morte
2283 4139 2380 4180 sua
2428 4126 2752 4180 destruxerit
2805 4137 3053 4188 mortem,
3114 4133 3170 4179 et
3215 4121 3569 4180 resurrectione

394 4208 510 4276 ipse
539 4213 684 4265 velut
711 4215 969 4286 magister
996 4217 1297 4271 orationem
1333 4219 1636 4288 praemittit,
1662 4233 1822 4285 quam
1857 4232 1956 4269 no-
1993 4209 2036 4263 Ι)
2067 4215 2568 4280 reddideritvitam,
2604 4215 2772 4269 nihilo
2795 4215 3011 4284 segnius
3045 4213 3156 4286 (49)
3188 4225 3365 4268 tamen
3407 4212 3568 4278 absque

456 4332 502 4362 ⁵ο
531 4333 660 4388 Gen.
690 4352 770 4398 in,
803 4335 856 4394 8.
932 4339 973 4370 "
1000 4338 1142 4396 Psal.
1167 4355 1373 4406 xxxvu,
1400 4341 1485 4394 10.
1561 4341 1605 4372 ³³
1640 4341 1795 4393 Rom.
1827 4353 1944 4402 vnt,

462 4441 474 4454 .
552 4405 598 4436 ⁵⁸
624 4404 796 4464 Galat.
837 4424 884 4471 ν,
917 4410 1003 4464 Π.
1084 4409 1126 4441 ⁸⁷
1157 4411 1172 4463 l
1199 4412 1325 4464 Cor.
1373 4427 1484 4473 HV,
1516 4409 1601 4462 44.
1679 4410 1725 4440 ⁸⁸
1758 4410 1771 4460 |
1805 4410 1934 4462 Cor.

2132 4339 2178 4370 ⁵³
2204 4338 2221 4390 Ι
2245 4338 2400 4391 .loan.
2426 4355 2487 4403 11,
2511 4341 2564 4392 1.
2639 4338 2684 4368 ⁸⁵⁵
2704 4335 2859 4390 Rom.
2890 4337 3114 4393 VIII,26.
3188 4334 3234 4366 "‘
3255 4334 3433 4388 Matth.
3458 4344 3563 4391 χιι-ι,

2066 4450 2076 4473 ι
2105 4409 2189 4464 l5.
2264 4409 2309 4440 ⁸⁸
2339 4410 2359 4462 ι
2390 4409 2517 4465 Cor.
2551 4425 2588 4463 tl
2613 4447 2628 4472 ,
2661 4407 2748 4461 15.
2825 4407 2872 4438 ⁶⁰
2909 4408 3068 4461 Prov.
3111 4422 3188 4471 XI,
3223 4405 3304 4458 l8.
3380 4403 3419 4434 “
3444 4402 3563 4454 Rom.

694 4478 738 4509 °'
768 4479 955 4535 Matth.
989 4497 1063 4545 ιί,
1096 4481 1183 4536 40.
1259 4479 1304 4511 ⁸⁸
1342 4481 1499 4536 Rom.
1533 4495 1650 4543 vui,
1672 4479 1765 4533 ‘27.
1839 4480 1885 4511 ⁸⁷*
1910 4479 2051 4533 Psal.
2083 4495 2180 4542 vn,
2214 4479 2298 4534 ιο.

384 4400 474 4454 ιι.
552 4405 598 4436 σε
624 4404 796 4464 Galat.
837 4424 884 4471 ν,
917 4410 1003 4464 n.

384 4486 500 4535 vui,
524 4473 615 4530 26.

463 4589 574 4662 (ζῆ)
605 4589 877 4662 Nostrum.
907 4593 1064 4648 Deest
1093 4594 1146 4648 in
1179 4593 1360 4656 editis,
1379 4603 1434 4648 et
1464 4593 1514 4646 in
1541 4594 1788 4662 pluribus
1817 4609 1945 4647 mss.

460 4660 572 4732 (58)
600 4661 762 4726 Editi,
787 4681 805 4713 ι
835 4665 1135 4732 suscipiens
1154 4666 1221 4718 ad
1248 4660 1944 4730 rudimentadiscipulum.»

391 4731 516 4784 Mss.
537 4731 776 4798 Quidam,
801 4751 820 4783 ι
839 4731 1222 4801 suscipientem
1241 4734 1541 4787 rudimenta
1563 4735 1907 4801 discipulum.
1923 4753 1944 4785 ι

390 4801 610 4854 Rectius
638 4815 770 4855 vero
798 4819 901 4856 ms.
940 4820 1074 4858 unus
1105 4804 1301 4871 Regius
1335 4820 1481 4858 num.
1513 4804 1650 4858 1659
1685 4817 1735 4858 et
1770 4803 1951 4857 Raba-

391 4887 513 4933 ntts,
535 4889 568 4941 γι
593 4872 896 4941 suscipiens
929 4875 1114 4927 rudem
1142 4874 1486 4940 discipulum.
1509 4893 1528 4926 ι

461 4940 575 5010 (59)
630 4939 940 5012 Ms.‘untts,
979 4962 997 4994 ι
1027 4945 1190 4998 dicat.
1227 4964 1245 4995 ι
1285 4939 1488 4998 Deinde
1531 4944 1660 4998 editi
1691 4944 1952 5012 plerique,

394 5029 415 5065 ι
443 5021 500 5065 et
528 5012 618 5072 sit,
646 5031 664 5062 ›
699 5011 858 5065 male.

461 5081 574 5151 (40)
604 5080 732 5135 Mss.
765 5081 1004 5152 plerique
1053 5093 1106 5136 et
1139 5082 1395 5137 Rabanus
1431 5083 1639 5152 legunt,
1671 5102 1690 5134 ι
1721 5084 1791 5137 ita
1825 5097 1955 5151 ergo

389 5163 446 5208 et
484 5163 708 5207 sanctus
761 5151 1016 5220 Spiritus,
1041 5172 1059 5204 ι
1095 5165 1202 5208 etc.
1235 5153 1339 5206 Sed
1394 5151 1698 5208 redundare
1741 5153 1954 5206 videtur

391 5238 493 5281 vox
533 5242 551 5273 ι
571 5236 721 5293 ergo,
757 5241 775 5273 ι
803 5237 921 5289 qua:
945 5234 1228 5292 propterea
1257 5223 1527 5278 omittitur
1560 5224 1613 5278 in
1643 5239 1746 5278 ms.
1779 5221 1950 5293 Regio

392 5311 542 5349 num.
572 5292 708 5346 4639
742 5293 872 5346 etin
901 5293 1078 5350 editis.

465 5363 577 5434 (Η)
613 5363 776 5426 Edili.
817 5380 836 5412 ι
859 5362 1060 5421 discat:
1092 5382 1110 5416 ι
1150 5365 1244 5418 sed
1295 5378 1483 5419 omnes
1535 5378 1667 5418 mss.
1698 5363 1865 5419 nostri
1897 5372 1953 5418 et

395 5433 669 5493 Rabanus.
704 5450 722 5484 ι
751 5434 1026 5487 doceatur.
1063 5453 1082 5485 ι

387 5543 414 5576 ._
464 5503 576 5571 (42)
600 5503 764 5566 Alias,
795 5523 814 5554 ι
839 5503 1058 5576 etistttd
1110 5503 1388 5576 Paulusin
1420 5505 1752 5576 mysterium,
1789 5524 1807 5556 ι
1839 5515 1948 5558 etc.

395 5573 601 5645 Deinde
629 5588 760 5637 νει-ο
791 5573 918 5627 editi
950 5573 1150 5628 habent
1178 5593 1192 5626 :
1230 5594 1248 5624 ι
1280 5575 1412 5628 Nam
1445 5573 1490 5627 si
1515 5576 1710 5645 linguis
1736 5576 1946 5641 loquar,

396 5644 618 5707 spiritus
648 5654 825 5697 autem
853 5659 1002 5697 meus
1021 5661 1122 5698 non
1153 5656 1462 5709 oret,nteus
1487 5644 1740 5698 mcasine
1769 5646 1944 5697 fructu

396 5722 567 5766 esu...
599 5727 717 5781 qua;
745 5727 774 5767 a
809 5713 920 5768 lleo
937 5716 1186 5772 omnibus
1215 5716 1394 5772 datur.
1421 5734 1441 5769 ι
1477 5717 1579 5770 Sed
1607 5722 1789 5770 omnes
1815 5731 1940 5769 mss.

2639 4338 2684 4368 ⁸⁵
2704 4335 2859 4390 Rom.
2890 4351 3005 4393 viti.
3022 4337 3114 4390 26.
3188 4334 3234 4366 ⁸⁸
3255 4334 3433 4388 Matth.
3458 4344 3566 4391 xxvi,

2055 4601 2110 4647 et
2145 4593 2399 4646 Rabanus
2429 4602 2487 4645 ut
2520 4593 2571 4647 in
2613 4603 2799 4647 nostro
2845 4600 3019 4654 textu,
3049 4591 3150 4644 nisi
3180 4587 3321 4656 quod
3352 4598 3473 4641 unus
3495 4583 3561 4637 ha-

2056 4665 2219 4737 bet,_t
2251 4662 2382 4737 Nam
2411 4665 2455 4717 si
2483 4665 2674 4734 linguis
2705 4660 2979 4737 homipuut
3012 4665 3222 4730 loquar.
3246 4676 3370 4737 In"
3413 4723 3443 4737 Α
3489 4733 3497 4737 _
3552 4721 3560 4730 _

2128 4734 2240 4803 (45)
2267 4734 2358 4787 Sic
2385 4744 2529 4788 recte
2558 4727 2656 4788 ius.
2683 4748 2818 4785 unus
2839 4731 3048 4804 Regius
3069 4727 3205 4804 nutu.
3240 4727 3390 4781 1659.
3409 4727 3562 4804 tifetcri

2059 4797 2188 4858 vero
2215 4797 2348 4859 mss.
2392 4814 2448 4858 et
2486 4804 2640 4867 editi,
2695 4822 2713 4854 ι
2753 4814 2805 4857 et
2837 4797 3283 4855 inenarrabilibus
3326 4797 3557 4868 gemitibus

2059 4889 2292 4944 gemere.
2323 4894 2340 4926 ι
2367 4892 2374 4896 ·

2132 4946 2242 5014 (44)
2271 4944 2434 5006 Editi,
2473 4962 2491 4994 ε
2519 4944 2784 5009 obiectus.
2812 4960 2830 4993 ι
2867 4941 3025 4995 male.

2153 5013 2246 5082 45⁷)
2277 5015 2415 5068 ΕιΙιιί
2459 5025 2761 5082 perperam,
2794 5031 2813 5063 ι
2840 5013 3224 5082 concedantur.
3252 5029 3270 5062 ι

2153 5081 2244 5138 46)
2281 5081 2483 5137 Dicere.
2523 5081 2870 5137 Desideratur
2896 5083 2948 5134 itt
2982 5081 3160 5134 editis.

2129 5145 2240 5226 (47)
2273 5155 2408 5208 liditi
2451 5155 2703 5226 omittunt
2744 5172 2762 5203 ι
2792 5153 3105 5206 secundum.
3137 5174 3153 5202 ν
3207 5149 3409 5226 Deinde,

2059 5214 2234 5280 tendit
2262 5226 2476 5294 quidem
2511 5224 2673 5277 Deum
2705 5239 2809 5275 nun
2846 5235 3021 5275 tant...
3054 5223 3387 5290 perpendere.
3413 5237 3428 5268 ι
3455 5214 3548 5266 Mss.

2059 5298 2301 5365 quidam,
2327 5315 2344 5346 ι
2365 5294 2611 5348 Ostendit
2636 5295 2851 5365 quidem
2875 5309 2938 5344 ex
2967 5307 3032 5365 eo
3050 5309 3159 5365 non
3185 5299 3549 5365 tatu..._perpen-

2059 5361 2134 5421 di.
2159 5386 2177 5418 ι
2215 5364 2320 5420 Sed
2362 5379 2460 5418 tus.
2493 5378 2630 5418 unus
2657 5363 2859 5434 Regius
2883 5371 2937 5416 et
2968 5361 3222 5418 Rabanus
3254 5361 3423 5415 melius
3447 5361 3548 5408 utin

2057 5447 2225 5492 textu.

2129 5508 2242 5577 (48)
2274 5504 2477 5577 Elialn.
2501 5501 2560 5557 In
2598 5503 2759 5558 editis
2789 5502 3074 5577 omittitur:

2126 5559 2239 5646 (49)
2269 5577 2358 5631 Sic
2385 5573 2640 5631 Rabanns
2670 5585 2856 5646 ettus.
2891 5589 3027 5646 unus
3051 5573 3246 5646 Regius
3271 5583 3398 5622 num.
3424 5559 3540 5618 l659.

2054 5643 2248 5704 (ἐπιθιλί
2281 5662 2408 5702 vero
2442 5661 2570 5702 mss.
2599 5655 2656 5704 et
2683 5644 2840 5711 editi,
2870 5660 2890 5695 ι
2923 5643 3191 5714 insignius
3220 5652 3396 5698 tamen.
3417 5655 3433 5687 t
