3692 6138
73 202 210 258 1121
1087 206 1441 263 ΟΟΜΜΕΝΤ.
1483 204 1550 260 ΙΝ
1589 205 1669 259 ΕΡ

1850 205 1939 259 AD
1980 204 2144 261 ROM.
2179 206 2305 262 LIB.
2345 207 2458 263 VII.
3251 212 3389 271 1122

72 325 508 382 mcarnatioue
541 327 829 398 magnifica
853 335 1118 396 geruntur
1140 327 1304 381 etiam
1332 340 1430 396 per
1450 327 1712 396 Spiritum
1744 334 1790 388 Α
1819 327 1982 392 bono,
2008 327 2158 396 quod
2188 342 2466 394 nunquam
2495 336 2670 395 potest
2697 327 3146 394 permutatiouent
3173 332 3387 402 recipe-

71 426 372 471 sauctunt.
411 415 674 473 Tantum
700 431 780 474 cst
808 422 951 488 quod
980 419 1070 472 ille
1095 434 1190 486 pro
1212 418 1393 488 impiis
1423 417 1536 490 (50)
1565 434 1710 474 mor-
1817 433 1897 483 re,
1928 419 2284 473 constituant.
2304 416 2454 484 Quod
2479 417 2523 472 si
2552 417 2638 471 alii
2667 429 2794 472 sunt
2821 421 2912 488 qui
2931 418 3164 489 diligunt
3190 422 3381 487 Deum,

73 516 206 560 tuus
239 517 340 561 est
385 509 510 578 (sic
545 513 694 566 enim
721 521 776 564 et
813 513 926 580 ipse
949 511 1147 566 Paulus
1190 515 1431 567 ostendit
1467 528 1590 567 cum
1625 513 1711 567 di-
1813 519 1866 561 et
1898 509 1986 561 alii
2015 508 2106 576 qui
2153 508 2403 576 spiritum
2453 508 2732 567 servitutis
2765 508 3059 576 accipiunt,
3092 509 3381 566 videndum

72 599 150 654 cit
186 617 201 654 :
247 619 268 652 ο
301 600 534 658 Adhuc
569 605 712 658 enim
745 605 1014 669 Christus,
1055 621 1178 660 cum
1211 606 1410 660 iufirnti
1443 620 1669 661 essemus

1850 608 1898 651 st
1941 614 2006 650 ne
2035 598 2172 652 forte
2209 607 2264 649 et
2305 596 2404 649 hoc
2433 595 2573 663 quod
2603 593 2754 660 dicit,
2787 614 2806 648 ι
2839 596 2933 653 llis
2960 599 3050 668 qui
3086 603 3382 657 secundum

72 691 412 744 secuttdunt
454 703 687 762 tempus
712 709 812 762 pro
838 694 1018 764 impiis
1048 705 1292 748 mortuus
1317 696 1502 766 est“),
1537 717 1561 750 η»
1589 711 1713 750 sau-
1812 692 2142 758 PI'OpUSiltlm
2184 689 2359 744 νυθειιί
2405 697 2551 752 sum,
2586 706 2604 739 ³
2639 693 2716 754 εί»
2751 708 2770 743 ί
2805 691 2952 758 QUOS
3011 692 3306 760 Ρτωεοὶνίιυ
3331 705 3388 750 (ει

70 791 202 837 eius
234 791 451 838 autem
485 784 735 853 spiritus
760 803 863 840 non
897 803 994 854 pm
1021 787 1203 856 impiis
1226 789 1338 858 jam
1379 789 1707 861 ίηιενρθηηι,
1811 781 2215 850 praedestinavit
2259 783 2568 839 conformes
2621 783 2735 839 fieri
2779 783 3032 854 imaginis
3066 784 3186 840 Filii
3215 788 3324 851 sui.
3359 807 3378 838 ι

70 875 171 928 sed
207 893 228 925 ι
267 889 385 943 pro
435 877 699 932 sanctis:
737 897 754 928 ι
807 888 861 931 et
907 879 1216 948 interpellat
1259 897 1362 935 non
1414 883 1708 937 secundum
1812 885 1919 923 "0“
1952 872 2247 926 comem“
2283 871 2388 926 “"5
2440 873 2532 942 qui
2565 875 2616 926 δι’
2655 873 2850 938 sitim"
2899 875 3201 938 εθΐνίῑυιίε.
3230 890 3380 931 5m"-

71 981 346 1032 carnem,
404 969 520 1023 sed
559 987 579 1020 c
603 969 904 1024 secundum
936 971 1136 1025 Deum:
1163 990 1182 1024 ι
1235 970 1492 1027 Christus
1527 980 1669 1027 auter

1850 969 2047 1014 ‘ossunt
2072 960 2214 1012 enim
2245 969 2301 1014 et
2333 959 2406 1014 illi
2441 961 2616 1015 vocati
2644 962 2863 1030 quidem
2907 964 3036 1030 dici,
3066 980 3171 1018 non
3204 974 3380 1019 tamen

75 1073 187 1120 non
233 1061 581 1115 secundum
617 1059 786 1114 Deum
821 1071 1066 1116 mortuus
1113 1062 1345 1125 dicitur,
1377 1065 1472 1117 sed
1517 1079 1669 1118 secum

1865 1052 2158 1106 secundum
2206 1050 2535 1122 propositum
2561 1071 2578 1102 ι
2616 1055 2791 1108 vocati
2823 1073 2837 1108 :
2873 1065 2928 1108 et
2969 1071 3070 1124 pro
3129 1072 3195 1112 eo
3232 1060 3379 1128 quod

79 1148 215 1203 dum
241 1164 526 1205 carnem.
558 1150 683 1208 Ideo
706 1165 811 1205 non
833 1152 1015 1206 verbis
1039 1150 1235 1206 offerre
1255 1152 1453 1206 dicitur
1473 1153 1669 1220 Spiritu

1850 1143 1988 1197 dhue
2021 1142 2073 1196 in
2097 1143 2290 1210 spiritu
2321 1144 2598 1198 servitutis
2621 1155 2773 1209 Sunt,
2807 1161 2915 1200 non
2951 1159 3179 1215 possunt
3215 1151 3381 1204 statui

82 1240 632 1310 interpellationem
661 1257 758 1310 pro
796 1243 1034 1303 sanctis,
1062 1245 1154 1297 sed
1189 1263 1207 1295 ι
1241 1244 1568 1314 gemitibus;
1601 1264 1620 1296 ι
1653 1253 1709 1298 ει
1808 1237 1947 1290 inter
1974 1235 2170 1290 multos
2201 1237 2401 1292 fratres
2432 1254 2662 1307 quorum
2694 1229 3087 1310 primogenitus
3113 1253 3195 1296 est
3233 1243 3380 1298 filius

82 1343 198 1382 non
235 1331 657 1385 communibus
687 1330 806 1385 istis
831 1330 1148 1400 gemitibus,
1181 1334 1273 1385 sed
1311 1351 1329 1383 ‹
1364 1332 1705 1386 inenarrabi-
1807 1327 2116 1394 charitatis,
2149 1336 2206 1381 et
2235 1347 2252 1378 ι
2284 1329 2464 1398 imago
2514 1329 2804 1384 invisrbilis
2845 1329 2962 1392 Dei,
2987 1349 3007 1382 ι
3045 1346 3110 1386 ac
3141 1350 3159 1382 ι
3179 1333 3381 1400 primo-

81 1421 255 1474 libus.
293 1440 315 1471 ι
350 1421 663 1489 Quomodo
687 1424 832 1476 enim
862 1423 1110 1476 enarrari
1144 1433 1326 1491 potest
1364 1423 1507 1493 quod
1533 1424 1708 1493 Spiri-
1807 1419 2025 1488 genitus
2049 1418 2511 1475 omniscreaturae
2532 1421 2596 1474 ⁸⁸.
2625 1440 2644 1474 ι
2688 1421 2794 1476 Sed
2821 1431 2876 1476 et
2906 1422 3006 1476 hoc
3028 1426 3170 1492 quod
3205 1425 3337 1479 dixit
3363 1444 3376 1480 :

80 1519 170 1564 tus
196 1511 304 1566 Dei
365 1512 633 1582 loquitur
658 1513 790 1574 Deo,
823 1528 947 1566 cunt
983 1513 1250 1568 interdum
1285 1529 1382 1568 nec
1415 1515 1531 1583 ipse
1580 1515 1704 1583 qui-
1813 1509 2164 1564 «Conformes
2187 1512 2348 1582 603
2373 1513 2621 1580 imaginis
2641 1513 2761 1567 Filii
2781 1515 2886 1576 sui,
2909 1532 2927 1564 ι
2956 1514 3078 1569 volo
3097 1517 3381 1583 requirere

81 1603 208 1654 dem
237 1610 452 1656 uoster
474 1605 710 1672 spiritus
735 1603 880 1672 quod
911 1604 1078 1658 sentit
1104 1603 1426 1674 etintelligit
1449 1618 1705 1659 sermone
1807 1603 1960 1670 cujus
1984 1603 2171 1661 forma.-
2199 1605 2507 1660 couformes
2540 1605 2654 1660 fieri
2684 1606 2934 1660 dicantur
2959 1606 3093 1678 (56).
3123 1609 3375 1679 Legimus

80 1695 265 1764 possit
294 1696 652 1763 exponere?

155 1788 211 1842 7.
264 1806 286 1838 ι
333 1789 577 1845 Scimus
629 1799 810 1843 autem
853 1787 1111 1858 quoniam
1151 1787 1502 1858 diligentibus
1530 1790 1696 1844 Deuut

81 1880 281 1934 omnia
350 1892 746 1952 cooperantur
787 1881 839 1935 in
890 1881 1110 1943 bonum,
1161 1882 1245 1936 his
1275 1882 1370 1951 qui
1401 1884 1699 1938 secundum

84 1971 458 2039 propositum
496 1971 677 2025 vocati
707 1980 834 2025 sunt
863 1973 1058 2026 sancti.
1083 1971 1215 2025 Nam
1241 1986 1379 2041 quos
1402 1974 1698 2041 praescivit,

84 2070 140 2114 et
176 2061 623 2128 praedestinavit
653 2062 965 2119 conformes
993 2064 1108 2119 fieri
1141 2063 1253 2137 (51)
1283 2064 1540 2135 imaginis
1572 2065 1694 2121 Filii

87 2149 195 2213 sui,
234 2159 300 2202 ιιι
327 2149 408 2203 sit
444 2150 564 2216 ipse
593 2152 982 2218 primogenitus
1005 2155 1056 2207 itt
1091 2155 1278 2208 multis
1305 2154 1568 2209 fratribus
1589 2154 1690 2208 “.t

87 2238 144 2291 Si
178 2239 468 2308 Spiritus,
507 2243 705 2311 inquit,
742 2243 1047 2312 interpellat
1078 2260 1178 2314 pro
1207 2245 1370 2301 nobis
1403 2248 1696 2317 gemitibus

89 2327 600 2395 inenarrabilibus,
633 2343 688 2387 et
737 2333 988 2390 universa
1019 2346 1267 2389 creatura
1319 2338 1695 2406 congcmiscit;

87 2430 141 2472 et
171 2421 455 2475 condolet
513 2438 685 2490 usque
729 2440 892 2490 nunc,
939 2424 1403 2493 queliberabitur
1443 2441 1572 2481 tunc
1600 2427 1692 2481 de-

90 2526 244 2564 mum
277 2526 309 2564 a
365 2512 639 2566 servitute
687 2515 1075 2584 corruptionis.
1116 2531 1240 2570 cum
1299 2515 1521 2572 libertas
1575 2516 1695 2588 glo-

91 2601 192 2655 riae
254 2602 513 2658 filiorum
569 2603 664 2658 Dei
703 2604 1003 2668 advenerit,
1052 2607 1324 2675 quomodo
1369 2622 1475 2661 non
1537 2622 1690 2662 com-

91 2702 351 2760 petenter
408 2696 855 2764 pronuntiabitur
902 2697 1029 2766 quia
1085 2696 1198 2767 (52)
1235 2716 1254 2749 ι
1290 2698 1494 2753 scimus
1546 2700 1691 2768 quod

93 2783 465 2853 diligentibus
543 2787 707 2842 Deum
788 2789 968 2842 omnia
1037 2798 1402 2857 cooperantur
1480 2791 1533 2844 in
1593 2791 1690 2845 bo-

99 2876 271 2928 num?
307 2897 324 2928 ι
366 2877 428 2930 ltt
460 2887 675 2932 tantum
699 2879 846 2933 enim
878 2879 1061 2934 omnia
1106 2889 1472 2950 cooperantur
1500 2882 1552 2936 in
1586 2882 1688 2937 bo-

99 2981 224 3020 num
251 2967 398 3036 (53),
434 2980 490 3024 et
519 2969 854 3024 collaboraut
900 2973 984 3026 his
1023 2972 1114 3041 qui
1143 2973 1374 3043 diligunt
1411 2973 1602 3038 Deum,
1631 2984 1690 3030 ιιι

1733 1686 1776 1742 Β
1805 1695 1950 1750 enim
1973 1695 2167 1750 Filium
2194 1695 2286 1751 Dei
2307 1697 2596 1767 aliquando
2616 1698 2667 1751 in
2689 1699 2857 1760 forma
2875 1699 3299 1769 Dei,aliquaudo
3323 1702 3379 1756 in

1802 1779 1979 1834 forma
2004 1781 2146 1836 servi
2175 1797 2293 1836 esse
2327 1784 2558 1853 positum
2587 1785 2652 1838 ⁸⁸.
2673 1785 2769 1839 Cui
2801 1801 2931 1851 ergo
2967 1787 3157 1842 forma:
3185 1790 3377 1845 harum

1807 1873 2033 1927 duarmu
2065 1874 2374 1931 conformes
2407 1877 2550 1931 dicat
2600 1877 2810 1932 futuros
2838 1880 3125 1948 Apostolus
3155 1896 3248 1936 eos
3281 1883 3376 1953 qui

1804 1963 2038 2033 diligunt
2069 1964 2261 2031 Deum,
2296 1976 2350 2020 et
2375 1969 2571 2037 quibus
2596 1969 2773 2022 omnia
2805 1980 3166 2040 coeperantur
3200 1973 3252 2026 in
3281 1974 3378 2026 bo-

1796 2071 1960 2122 .num,
2001 2072 2110 2111 tton
2144 2058 2305 2111 otiosi
2340 2058 2469 2111 mihi
2494 2059 2708 2112 videtur
2742 2073 2864 2113 esse
2891 2059 3244 2117 discriminis.
3269 2063 3374 2116 Ar-

1803 2144 1979 2198 bitror
2011 2160 2140 2215 ergo
2174 2147 2472 2200 sccundmn
2511 2162 2574 2201 ea
2608 2162 2728 2216 quae
2764 2149 2815 2201 in
2858 2148 2979 2202 aliis
3008 2149 3145 2203 idem
3176 2150 3377 2205 Paulus

1795 2238 2073 2307 designat,
2119 2237 2208 2293 ubi
2233 2238 2406 2293 dicit:
2446 2259 2463 2290 ι
2487 2239 2662 2295 Filioli
2701 2245 2805 2296 mei
2846 2258 2983 2312 quos
3013 2243 3206 2298 iterum
3249 2259 3375 2314 par-

1803 2329 1966 2392 turio,
1987 2331 2161 2384 donec
2186 2329 2458 2384 formetur
2482 2331 2731 2388 Christus
2750 2333 2804 2387 in
2830 2333 3064 2400 vobis”,
3098 2353 3118 2386 ι
3149 2333 3374 2390 formari

1801 2419 1855 2474 in
1891 2421 1973 2475 his
2007 2423 2100 2491 qui
2153 2421 2218 2476 ad
2264 2421 2657 2491 perfectionem
2705 2424 2934 2478 tendunt
2973 2426 3248 2482 Christum
3293 2429 3375 2482 di-

1799 2521 1887 2564 cat
1914 2510 2046 2582 (57),
2073 2515 2370 2567 secundum
2407 2514 2508 2568 hoc
2535 2517 2678 2583 quod
2709 2514 2942 2570 Verbum
2974 2528 3075 2582 est,
3106 2529 3164 2572 ιιι
3206 2519 3258 2572 in
3293 2519 3374 2575 eis

1800 2601 1960 2659 Verbi
1997 2605 2089 2659 Dei
2129 2606 2419 2660 sinceritas
2465 2607 2532 2658 ad
2577 2622 2769 2676 purum
2817 2607 3173 2674 informetur;
3207 2619 3262 2664 ct
3293 2625 3374 2665 se-

1797 2697 2033 2750 cundum
2062 2698 2164 2752 hoc
2181 2698 2321 2766 quod
2339 2696 2543 2752 veritas
2560 2708 2664 2765 est,
2687 2709 2745 2753 ut
2768 2702 2969 2756 veritas
2994 2701 3044 2756 iu
3067 2704 3149 2758 eis
3164 2704 3370 2775 absque

1799 2791 1961 2844 ullius
1992 2791 2097 2844 fuci
2136 2791 2460 2845 adutistionc
2489 2792 2791 2854 consistat;
2836 2802 2892 2848 et
2942 2796 3237 2850 secundum
3265 2796 3370 2852 hoc

1797 2883 1938 2951 quod
1959 2883 2224 2950 sapientia
2257 2891 2358 2948 est,
2384 2893 2444 2937 ut
2480 2885 2743 2954 sapientia
2777 2886 2866 2939 Dei
2896 2887 2948 2941 in
2979 2888 3057 2942 eis
3089 2887 3178 2942 illa
3207 2903 3368 2959 quam

1799 2975 1942 3027 inter
1971 2974 2244 3043 perfectos
2277 2974 2516 3044 loquitur
2561 2975 2848 3040 Paulus“,
2887 2994 3020 3047 pura
3072 2989 3127 3033 et
3162 2981 3370 3048 absque

99 3065 154 3108 et
181 3057 305 3125 ipse
338 3059 589 3129 Spiritus
618 3059 854 3129 adjuvet,
890 3078 989 3116 nec
1020 3063 1344 3131 dedignetur
1377 3063 1554 3117 divina
1587 3080 1690 3118 na-
1719 3043 1764 3104 ο
1797 3065 2124 3119 ullocrroris
2141 3065 2463 3122 diverticulo
2479 3080 2858 3123 conservetur.
2885 3043 2976 3124 Sic
2992 3081 3047 3124 et
3069 3073 3367 3126 secundum

103 3155 224 3199 tura
252 3149 367 3204 dux
402 3166 530 3205 esse
557 3151 769 3206 itineris
802 3151 868 3206 ad
902 3152 1124 3207 bonum.
1158 3152 1544 3208 Verumtamen
1573 3155 1688 3226 (54)

100 3239 144 3292 si
183 3253 312 3297 sunt
347 3245 523 3315 aliqui
547 3245 808 3300 habentes
839 3247 1091 3313 spiritum
1131 3246 1416 3301 servitutis
1449 3248 1501 3301 in
1531 3248 1691 3302 timo-

106 3346 187 3396 re,
219 3334 313 3388 alii
362 3352 500 3391 vero
527 3348 653 3391 sunt
679 3339 990 3407 superiores
1043 3337 1151 3404 his,
1196 3339 1287 3408 qui
1318 3339 1569 3408 spiritum
1594 3343 1689 3394 ad-

102 3427 342 3495 eptionis
356 3431 660 3499 accipiunt,
689 3445 753 3485 ex
773 3445 836 3485 eo
852 3432 993 3500 quod
1014 3448 1117 3486 non
1145 3431 1257 3500 jam
1275 3433 1467 3513 timore
1493 3432 1683 3498 Deum,

104 3519 197 3574 sed
236 3536 434 3577 amore
477 3533 826 3587 venerantur,
857 3533 913 3578 et
955 3525 1102 3594 quod
1129 3543 1149 3576 ε
1176 3524 1416 3595 perfecta
1444 3545 1462 3578 t
1501 3527 1553 3580 in
1605 3528 1686 3582 eis

109 3626 130 3660 ι
155 3613 408 3669 cbaritas
450 3613 597 3670 foras
624 3617 790 3670 mittit
834 3616 1084 3670 timorem
1107 3616 1189 3671 ’τε
1225 3636 1244 3670 ι
1281 3617 1569 3672 videndum
1599 3628 1686 3673 est

106 3716 172 3754 ne
202 3702 343 3760 forte
376 3725 484 3762 non
513 3708 698 3762 omnia
745 3716 1112 3776 cooperentur
1142 3708 1195 3762 in
1226 3709 1428 3762 bonum
1458 3709 1543 3764 his
1591 3710 1683 3780 qui

107 3788 283 3844 adhuc
332 3794 387 3846 itt
423 3794 617 3863 spiritu
656 3804 979 3862 permanent
1028 3796 1344 3862 servitutis;
1375 3798 1470 3852 sed
1500 3797 1682 3868 aliqua

106 3882 322 3946 quidem
350 3899 716 3956 cooperentur
736 3890 899 3942 etiam
933 3889 1082 3956 ipsis.
1117 3905 1222 3942 non
1256 3899 1436 3944 tamen
1461 3892 1679 3956 omnia;

108 3982 161 4024 et
189 3977 377 4031 nescio
412 3979 458 4032 si
491 3979 557 4032 ad
595 3981 766 4048 ipsum
796 3979 1018 4044 bonum,
1045 3996 1138 4035 seu
1171 3981 1372 4050 potius,
1407 3989 1465 4033 ut
1499 3981 1571 4034 ita
1599 3980 1682 4034 di-

111 4065 304 4133 xerint,
331 4070 400 4123 ad
421 4071 615 4140 januas
647 4072 769 4146 boni
799 4072 1121 4143 perducant.
1153 4071 1247 4126 llis
1276 4087 1404 4127 vero
1436 4072 1529 4141 qui
1557 4073 1680 4127 dili-

110 4169 235 4222 gunt
276 4159 468 4229 Deuut,
495 4173 544 4215 et
589 4173 700 4217 toto
748 4166 798 4218 ei
830 4165 1097 4230 inita-rent
1137 4165 1424 4220 cliaritatis
1457 4163 1676 4229 allectu,

109 4253 286 4304 omnia
318 4253 458 4326 (55),
477 4265 535 4309 ut
564 4256 822 4320 diximus,
849 4257 1189 4312 collaboraut
1211 4267 1265 4312 et
1287 4258 1498 4328 juvant,
1516 4267 1678 4327 atque

1794 3157 1975 3211 omnia
2005 3173 2126 3228 quae
2153 3157 2402 3213 Christus
2431 3168 2534 3223 est,
2562 3159 2645 3213 vel
2676 3160 2911 3227 juslilitt,
2938 3162 3018 3216 vel
3056 3163 3366 3218 sanctifica-

1797 3249 1896 3312 tio,
1927 3249 2009 3303 vel
2037 3259 2248 3303 caeteras
2290 3264 2520 3318 quaeque
2554 3250 2790 3303 virtutes
2821 3250 2956 3320 (58),
2985 3250 3029 3306 si
3059 3253 3108 3304 in
3143 3252 3223 3306 eis
3253 3251 3367 3306 for-

1796 3349 2012 3393 mentur
2035 3340 2102 3392 ad
2145 3339 2434 3407 liquiduut,
2470 3339 2556 3394 isti
2609 3341 2938 3395 videbuntur
2966 3343 3034 3396 ad
3071 3342 3216 3396 illam
3250 3343 3365 3398 for-

1794 3444 1959 3491 mam,
1976 3443 2090 3498 .qua
2119 3428 2170 3481 iit
2198 3427 2370 3483 forma
2400 3429 2491 3483 Dei
2519 3439 2622 3494 est,
2644 3430 2951 3486 confortncs
2975 3433 3226 3502 imaginis
3246 3449 3366 3490 esse

1789 3517 1992 3574 effecti.
2025 3517 2084 3574 Si
2111 3533 2239 3575 vero
2293 3521 2472 3575 adhuc
2521 3522 2572 3575 in
2624 3521 2792 3576 initiis
2839 3523 2962 3590 quis
3013 3536 3365 3582 conversetur

1791 3615 1810 3683 (
1833 3632 1851 3664 ι
1883 3613 2095 3666 ittitittttt
2125 3631 2144 3664 ι
2178 3621 2360 3668 autem
2387 3631 2406 3664 ς
2433 3613 2714 3682 εθρίειιιίω
2737 3615 2900 3668 timor
2927 3614 3020 3670 Dei
3050 3616 3162 3688 (59)
3187 3637 3205 3670 t
3233 3619 3363 3690 est),

1788 3715 1844 3759 et
1880 3706 1932 3758 itt
1964 3705 2157 3759 timore
2177 3705 2222 3736 '-"
2253 3705 2432 3760 adhuc
2487 3706 2693 3774 positus
2729 3708 2902 3774 prima
2932 3706 3108 3762 cultus
3140 3707 3232 3763 Dei
3263 3710 3363 3764 cle-

1790 3807 1971 3851 menta
2023 3796 2308 3866 suscipiat,
2360 3797 2656 3852 secundum
2691 3796 2922 3852 formam
2977 3799 3143 3866 servi,
3196 3817 3360 3870 quam

1785 3891 2026 3959 suscepit
2072 3891 2140 3944 ad
2178 3891 2284 3945 hoc
2320 3901 2380 3944 ut
2412 3892 2572 3945 rudes
2609 3901 2664 3944 et
2705 3891 2928 3960 ignaros
2957 3891 3071 3964 (60)
3111 3896 3359 3948 timorem

1785 3981 1880 4036 Dei
1915 3985 2160 4048 doceret,
2183 3981 2496 4038 conformes
2524 3981 2638 4036 fieri
2669 3982 3002 4053 intelligendi
3037 3995 3164 4039 sunt
3187 3986 3240 4040 lti
3268 3985 3359 4054 qui

1782 4073 1957 4140 prima
2000 4073 2156 4127 initia
2185 4074 2236 4126 in
2262 4073 2355 4126 Dei
2386 4073 2578 4126 timore
2611 4074 2939 4140 suscipiunt.
2971 4074 3130 4141 Quia,
3163 4076 3360 4143 inquit,

1785 4178 1964 4232 «quos
2003 4164 2297 4231 praescivit,
2328 4172 2382 4217 ct
2433 4163 2834 4231 praedestinavit
2885 4163 3194 4219 conformes
3240 4167 3360 4221 fieri

1785 4255 2040 4324 imaginis
2077 4255 2198 4309 Filii
2221 4256 2325 4310 sui.
2347 4274 2367 4306 ι
2395 4255 2510 4309 Νοιι
2545 4255 2860 4310 omittamus
2891 4271 2991 4310 nec
3021 4257 3085 4308 de
3115 4271 3181 4310 eo
3213 4258 3357 4324 quod

113 4340 313 4409 aliquid
343 4347 429 4400 sui
475 4347 635 4400 studii
667 4347 978 4411 conferunt,
1031 4357 1302 4416 quatenus
1333 4363 1428 4402 eos
1455 4347 1506 4401 in
1556 4347 1673 4415 ipso
1706 4342 1752 4395 D
1781 4347 1952 4398 dixit:
1983 4363 2000 4396 ι
2026 4344 2384 4399 Praescivitet
2408 4344 2816 4414 przedestiuavit
2841 4343 2976 4416 (61).
3009 4363 3028 4396 t
3053 4344 3190 4400 Puto
3213 4347 3356 4401 enim

178 4461 222 4492 ⁸⁸
254 4461 414 4518 Rom.
437 4479 490 4529 ν,
514 4463 570 4518 6.
622 4465 691 4535 _“
721 4465 873 4518 Rom.
901 4480 1012 4530 vut,
1044 4465 1136 4523 28.
1162 4465 1252 4519 29.
1327 4466 1372 4496 ⁸⁷
1402 4465 1417 4517 Ι
1445 4465 1600 4520 Joau.
1632 4481 1669 4520 ll

1905 4466 1951 4496 ⁸⁸
1975 4463 2185 4519 Coloss.
2211 4480 2260 4528 ι,
2291 4463 2382 4529 15,
2408 4462 2496 4518 15.
2570 4464 2616 4499 ⁵⁸
2638 4461 2833 4535 Philip.
2870 4479 2930 4528 ιι,
2965 4463 3020 4528 6,
3051 4461 3106 4522 7.
3181 4463 3228 4496 το
3249 4463 3354 4519 Ga-

113 4525 203 4588 lat.
233 4535 414 4600 ",19.
479 4525 533 4566 ’⁷³
563 4535 578 4588 Ι
606 4533 734 4590 Cor.
775 4552 833 4602 ιι,
884 4536 939 4592 6.
1003 4525 1062 4567 ’⁷³
1101 4536 1260 4590 I’rov.
1299 4552 1373 4597 Ix.
1402 4537 1488 4590 10.

170 4669 290 4743 (50)
320 4672 400 4729 Ita
427 4685 574 4730 recte
602 4691 704 4728 ms.
730 4691 869 4730 unus
898 4675 1094 4745 Regius
1116 4691 1264 4729 tutut.
1297 4674 1456 4730 1659.
1481 4674 1670 4728 ϐαδιειὶ

111 4750 237 4815 ’γει-ο
277 4761 462 4812 ιηδε.,‹
498 4746 698 4801 Tamen
732 4747 858 4815 quia
893 4747 985 4800 ille
1023 4760 1122 4815 pro
1150 4745 1353 4814 impiis,
1377 4764 1394 4795 ι
1427 4755 1532 4798 etc.
1568 4745 1672 4797 lia-

117 4805 296 4874 bauus.
329 4835 347 4868 (
379 4805 501 4884 quia
523 4817 693 4887 etille
726 4805 822 4887 pro
853 4805 1054 4887 impiis',
1084 4834 1104 4867 ι
1137 4805 1276 4887 etei.
1299 4805 1506 4887 ciuisse
1537 4834 1555 4864 ι
1587 4825 1669 4868 tav

118 4891 280 4961 tuqu
302 4887 463 4950 Editi,
498 4905 517 4938 ι
552 4884 753 4944 Tamen
785 4889 910 4958 quia
941 4886 1060 4958 (al.,
1093 4903 1112 4936 ι
1141 4884 1340 4956 quod»)
1369 4893 1425 4940 ct
1455 4885 1546 4938 ille
1575 4899 1673 4954 pro

119 4955 306 5018 impiis,
340 4976 358 5007 ι
395 4971 500 5012 etc.
802 4955 816 4958 ’
951 4955 958 4958 ’
1170 4955 1198 5018 ξ

181 5019 288 5093 (51)
318 5027 415 5081 Hic
451 5037 506 5082 et
531 5027 667 5084 infra
695 5029 747 5084 in
777 5045 878 5085 ms.
907 5029 1074 5100 Regio
1110 5041 1259 5080 num.
1295 5024 1435 5080 1659
1461 5024 1671 5079 omitti-

122 5094 206 5144 lltt‘
241 5114 257 5145 ι
284 5097 416 5147 fieri.
442 5117 460 5147 ι

146 5102 206 5144 llr
241 5114 257 5145 ι
284 5099 416 5150 fieri.
442 5117 460 5149 ι

206 5161 288 5236 ξξὲ)
321 5166 477 5236 Quia.
507 5169 667 5224 Deest
697 5169 748 5221 in
784 5168 962 5222 editis.
996 5169 1163 5231 Alias,
1197 5185 1215 5218 ι
1241 5167 1562 5236 quoniath

205 5231 290 5303 55)
317 5235 384 5289 In
417 5238 628 5296 bonum.
679 5240 802 5292 Haec
834 5240 993 5292 verba
1024 5243 1212 5292 desunt
1251 5231 1301 5292 in
1340 5238 1500 5292 editis
1535 5247 1589 5290 ct
1614 5237 1669 5290 in

123 5302 424 5376 quiQuSdam
460 5324 618 5373 mss.,
644 5324 852 5363 necnon
875 5309 1013 5376 apud
1045 5309 1352 5376 Rabanum.

185 5371 288 5440 (54)
333 5375 430 5432 Ms.
480 5371 620 5435 unus
670 5378 870 5449 Regius
891 5371 1052 5434 liabet
1076 5371 1313 5434 (verum
1340 5396 1360 5430 ι
1407 5391 1508 5449 pro
1534 5393 1553 5427 ι
1577 5390 1672 5432 ve-

121 5447 427 5504 rumtamen.
451 5466 470 5499 ι

184 5509 291 5582 (55)
326 5516 537 5576 Omnia.
569 5517 732 5573 Deest
757 5518 810 5573 in
849 5517 1032 5573 editis.

182 5579 286 5652 (56)
314 5584 480 5651 Editi,
507 5607 524 5640 ι
549 5589 827 5656 dicuntur,
852 5609 870 5643 ι
892 5599 943 5645 et
968 5597 1176 5659 postea,
1203 5607 1221 5641 ι
1248 5589 1299 5644 in
1325 5588 1498 5645 forma
1521 5588 1665 5645 servi

121 5657 231 5706 esse
254 5660 606 5726 propositum.
621 5679 638 5712 ι

1853 4660 1968 4743 (5‘7)
1999 4672 2161 4735 Editi,
2189 4689 2208 4722 ‹
2233 4671 2376 4740 quod
2405 4670 2622 4743 formari
2651 4672 2702 4725 in
2737 4672 2820 4726 his
2847 4674 2936 4742 qui
2968 4677 3035 4728 ad
3064 4674 3353 4743 perfectio-

1783 4741 1903 4798 nem
1941 4741 2170 4796 tendunt
2197 4743 2448 4800 Christus
2489 4741 2720 4798 dicatur.
2773 4763 2792 4794 ι
2829 4741 2936 4798 Sed
2982 4741 3172 4800 omnes
3220 4762 3356 4803 mss;

1781 4825 1836 4868 et
1870 4813 2125 4867 Rabanus
2160 4823 2217 4866 ut
2245 4816 2296 4866 in
2333 4823 2506 4868 textu.

1856 4882 1969 4956 (58)
1999 4884 2164 4948 Editi,
2207 4900 2227 4934 ι
2255 4882 2337 4956 vel
2371 4895 2520 4956 certe
2565 4898 2796 4952 quaeque
2830 4883 3078 4940 virtutes.
3105 4903 3122 4938 ι
3152 4884 3349 4942 Deinde

1781 4954 1883 5008 ms.
1922 4954 2077 5015 unus,
2116 4968 2274 5022 «quae
2302 4955 2352 5008 in
2379 4954 2622 5014 forma.)
2661 4965 2770 5008 etc.
3348 5007 3350 5010 ,

1849 5025 1960 5096 (59)
2000 5024 2092 5079 Sic
2134 5039 2323 5096 omnes
2377 5040 2509 5079 mss.
2549 5025 2719 5096 nostri
2770 5035 2825 5079 et
2887 5024 3160 5079 llabanus.
3209 5024 3352 5079 Editi

1779 5095 1986 5158 vero,r
2011 5097 2172 5148 titttor
2214 5095 2436 5148 dicitur.
2463 5113 2481 5146 ι
2513 5095 2626 5159 AL,
2661 5112 2680 5144 ι
2711 5097 2872 5150 timor
2923 5096 3159 5159 Dotnini,
3203 5107 3256 5148 et
3295 5098 3346 5149 in

1781 5167 1994 5227 timore,
2018 5185 2036 5216 ι
2068 5177 2173 5219 etc.

1850 5235 1961 5306 (60)
2003 5235 2164 5299 Editi,
2201 5252 2220 5286 ι
2250 5244 2308 5288 ιιι
2347 5233 2579 5288 rudibus
2606 5244 2662 5289 et
2709 5235 2933 5304 ignaris.
2965 5252 2984 5285 ι
3019 5233 3125 5288 Sed
3157 5247 3348 5306 omnes

1775 5322 1904 5360 mss.
1934 5305 1988 5360 et
2015 5307 2272 5359 Rabauus
2299 5314 2357 5359 ut
2384 5307 2436 5358 in
2470 5316 2639 5360 textu.
2669 5306 2871 5360 Deinde
2895 5317 2996 5360 tus.
3024 5318 3185 5368 unus,
3215 5321 3234 5354 ι
3267 5305 3344 5359 itt-

1775 5377 1939 5442 telligi
1983 5387 2227 5444 possunt,
2254 5393 2273 5426 )
2302 5390 2410 5430 etc.

1843 5446 1959 5518 (61)
1985 5443 2088 5501 Sic
2110 5461 2214 5518 ms.
2250 5444 2628 5518 _uuusBegius
2652 5459 2801 5518 num.
2834 5443 2995 5518 1659.
3023 5444 3221 5518 Caneri
3255 5460 3340 5499 ve-

1772 5515 1999 5570 ro'ms's.
2033 5527 2088 5571 et
2133 5515 2263 5569 editi
2308 5515 2607 5571 omittunt:
2641 5536 2658 5568 ι
2687 5517 2802 5570 Νοιι
2831 5515 3152 5572 omittamus
3177 5517 3243 5570 de
3283 5533 3345 5568 eo

1770 5589 1914 5656 quod
1941 5587 2099 5649 dixit,
2127 5585 2408 5658 Praescivit
2436 5597 2492 5640 et
2532 5585 2997 5658 praedestinavit”
3037 5595 3095 5641 et
3145 5601 3339 5643 vocem

1774 5655 1799 5710 ι
1824 5659 1969 5713 enim
1990 5675 2011 5708 ι
2047 5666 2169 5712 post
2211 5673 2229 5707 ι
2257 5655 2411 5711 Ριιιυ.
2437 5675 2456 5708 ι
