3692 6138
375 243 518 299 112⁸5

370 357 516 427 quod
562 353 704 409 sicut
739 366 843 406 non
875 351 942 405 de
975 349 1229 405 omnibus
1263 349 1398 403 dixit
1435 347 1532 420 qui
1568 346 1939 418 praedestinati

371 457 522 512 sunt,
551 447 624 502 ita
655 459 759 500 nec
785 445 854 498 de
879 442 1130 498 omnibus
1167 456 1307 510 quos
1353 441 1614 510 praesciit.
1651 437 1768 494 Non
1801 439 1946 494 enim

372 540 669 597 secundum
695 548 1036 592 communem
1061 533 1200 602 vulgi
1221 533 1530 602 opinionem
1549 533 1844 602 putandum
1864 539 1950 585 est

370 633 514 688 bona
535 629 782 698 malaque
798 626 1052 696 prescire
1070 624 1260 688 Deum,
1278 624 1372 679 sed
1390 624 1687 680 secundum
1702 621 1950 690 Scriptu-

373 732 662 782 rasauctat
677 718 1122 777 consuetudinem
1142 717 1481 773 sentiendum
1499 725 1582 772 est
1602 715 1734 787 (62).
1749 714 1949 770 Obser-

371 826 464 871 vet
475 816 620 871 enim
637 815 727 885 qui
745 813 1016 870 studiosus
1037 823 1124 868 est
1138 813 1191 867 in
1212 809 1527 880 Scripturis,
1553 808 1725 863 sicubi
1743 808 1949 862 invenit

375 907 708 977 Scripturam
728 905 929 972 dicere,
944 906 1071 976 quia
1099 903 1272 959 maius
1291 902 1595 973 przescierit
1623 901 1784 963 Deus,
1806 900 1949 955 sicut

372 999 429 1056 in
450 999 702 1071 praesenti
721 998 838 1054 loco
857 999 924 1053 de
944 999 1100 1052 bonis
1123 996 1408 1052 manifeste
1434 995 1588 1060 dicit,
1613 995 1736 1063 quia
1764 1012 1784 1045 «
1812 1008 1949 1062 quos

372 1093 666 1165 praescivit,
698 1100 753 1146 et
782 1089 1185 1161 praedestinavit
1209 1090 1519 1144 conformes
1535 1087 1649 1141 fieri
1672 1085 1784 1157 (65)
1814 1087 1940 1140 ima-

371 1187 513 1256 ginis
562 1183 680 1239 Filii
727 1184 876 1238 sui.»
921 1181 979 1237 Si
1035 1182 1178 1237 enim
1228 1197 1364 1251 quos
1408 1180 1702 1250 praescivit,
1758 1182 1858 1235 bos
1891 1189 1947 1233 et

371 1274 785 1346 praedestinavit
833 1257 1143 1329 conformes
1198 1288 1320 1328 esse
1370 1272 1623 1343 imaginis
1667 1273 1784 1334 Filii
1837 1272 1943 1339 sui,

372 1369 554 1423 nullus
577 1376 759 1422 autem
793 1366 967 1421 malus
1013 1365 1312 1421 conformis
1343 1373 1522 1434 potest
1549 1365 1799 1434 imaginis
1821 1378 1946 1419 esse

371 1461 493 1515 Filii
530 1459 647 1523 Dei,
679 1457 1029 1513 manifestum
1059 1466 1145 1512 est
1179 1458 1304 1526 quia
1333 1458 1400 1511 de
1431 1456 1590 1510 bonis
1619 1464 1826 1510 tantum
1862 1457 1943 1509 di-

372 1556 492 1610 cit:
525 1552 820 1606 «Praesciit
875 1566 1015 1620 quos
1065 1561 1121 1606 et
1168 1550 1580 1622 prmdestinavit
1635 1549 1946 1605 conformes

371 1646 490 1702 fleri
539 1645 790 1715 imaginis
838 1644 963 1698 Filii
1014 1643 1136 1708 sui;
1168 1662 1186 1694 ιι
1228 1653 1460 1698 caeteros
1491 1657 1620 1697 vero
1646 1658 1750 1696 non
1787 1643 1944 1698 modo

368 1738 648 1807 praiscire,
683 1737 780 1791 sed
826 1735 1040 1791 nescire
1072 1735 1292 1806 quidem
1354 1735 1556 1789 dicitur
1595 1733 1754 1788 Deus.
1787 1753 1806 1785 «
1834 1732 1943 1787 No-

368 1831 447 1884 vit
469 1849 488 1881 ι
523 1829 666 1885 enim
699 1847 717 1880 «
744 1829 886 1884 Deus
917 1843 1014 1883 eos
1046 1828 1138 1898 qui
1173 1837 1298 1882 sunt
1325 1827 1440 1897 ejus
1463 1828 1543 1892 ⁷³;
1571 1845 1590 1879 ι
1622 1827 1688 1881 ad
1719 1841 1817 1881 eos
1843 1842 1943 1880 au—

371 1934 477 1976 tem
509 1922 601 1991 qui
631 1937 734 1975 non
759 1930 886 1974 sunt
912 1919 1058 1989 digni
1085 1928 1144 1972 ut
1190 1921 1442 1974 sciantur
1471 1934 1501 1972 a
1530 1919 1661 1984 Deo,
1693 1918 1946 1973 Salvator

368 2016 541 2070 dicit:
576 2013 891 2068 «Discedite
945 2026 976 2064 a
1031 2027 1138 2073 me,
1194 2012 1320 2081 quia
1383 2025 1654 2079 nunquam
1711 2010 1944 2079 cognovi

369 2121 467 2159 vos
500 2103 636 2174 (6t),
662 2101 896 2172 operarii
937 2101 1326 2168 iniquitatis“.
1353 2120 1372 2154 ι
1409 2101 1499 2154 Sic
1517 2115 1647 2168 ergo
1698 2101 1861 2154 etiam
1889 2100 1944 2154 in

374 2198 473 2250 hoc
497 2195 751 2265 praesenti
783 2193 904 2247 loro
932 2211 952 2244 «
982 2207 1117 2261 quos
1139 2193 1409 2260 praescivit
1435 2214 1452 2244 ο
1483 2194 1642 2255 Deus,
1671 2193 1814 2260 ipsos
1843 2209 1862 2242 «
1891 2201 1946 2246 et

372 2287 777 2356 praedestinavit
826 2283 1138 2339 conformes
1175 2286 1288 2339 fieri
1333 2284 1585 2355 imaginis
1631 2283 1752 2338 Filii
1790 2285 1894 2338 sui.
1920 2302 1938 2335 ι

372 2379 567 2434 Caeteri
630 2388 807 2432 autem
865 2376 1108 2445 praesciri
1171 2391 1279 2430 non
1327 2377 1754 2430 dicunturznon
1803 2375 1945 2444 quod

371 2471 574 2542 aliquid
605 2471 776 2526 latere
803 2470 974 2540 possit
1002 2469 1148 2522 illam
1185 2467 1437 2522 naturam
1461 2483 1583 2538 quae
1608 2469 1810 2538 ubique
1838 2478 1942 2535 est,

371 2573 427 2616 et
456 2579 721 2633 nusquam
747 2564 932 2631 deest;
963 2563 1058 2618 sed
1087 2562 1214 2632 quia
1251 2577 1412 2616 omne
1440 2563 1581 2629 quod
1609 2563 1805 2614 malum
1837 2571 1941 2627 est,

371 2656 601 2710 scientia
651 2657 768 2724 ejus
821 2655 905 2710 vel
949 2654 1290 2725 praescieutia
1349 2653 1582 2707 habetur
1641 2653 1940 2720 indignum.

377 2760 398 2793 «
426 2743 571 2809 Quos
599 2762 617 2795 ι
653 2757 781 2814 ergo
812 2763 830 2795 «
853 2745 1113 2812 pnesciit,
1139 2753 1194 2797 et
1243 2743 1663 2812 praedestinavit.
1693 2761 1710 2794 ι
1751 2742 1855 2797 Sed
1891 2753 1946 2799 et

375 2838 477 2890 hoc
521 2837 755 2898 intuere,
786 2837 829 2890 si
858 2837 1112 2906 praescire
1139 2843 1193 2890 et
1216 2835 1606 2904 praedestinare
1627 2833 1731 2889 dici
1765 2845 1944 2903 potest

373 2927 514 2980 Deus
549 2927 614 2980 de
649 2927 736 2981 his
777 2928 868 2995 qui
916 2927 1156 2980 nondum
1184 2936 1347 2991 sunt;
1391 2940 1459 2980 an
1491 2925 1558 2980 de
1587 2925 1670 2980 his
1705 2925 1820 2996 (65)
1846 2926 1940 2995 qui

371 3029 499 3076 aunt
529 3019 768 3089 quidem,
806 3019 1046 3073 nondum
1081 3027 1260 3073 tamen
1306 3016 1618 3073 conformes
1651 3028 1778 3074 sunt
1809 3020 1943 3073 ima-

369 3111 510 3183 ginis
537 3111 655 3165 Filii
683 3111 765 3165 sui
791 3127 805 3163 :
832 3119 888 3164 et
919 3111 963 3165 si
997 3111 1401 3180 pmscientiam
1433 3111 1487 3164 in
1530 3110 1634 3165 hoc
1665 3125 1788 3166 esse
1824 3126 1942 3165 ma-

369 3203 456 3270 gis
487 3201 761 3266 convenit,
795 3214 958 3269 quam
999 3200 1051 3253 in
1083 3213 1148 3253 eo
1171 3201 1315 3268 quod
1343 3199 1587 3253 futurum
1626 3200 1697 3254 sit
1722 3200 1776 3256 id
1801 3203 1943 3270 quod

370 3294 610 3348 nondum
643 3303 746 3349 est.
776 3290 833 3345 In
875 3292 976 3346 hoc
1003 3291 1148 3345 enim
1187 3291 1434 3346 voluntas
1471 3293 1644 3361 magis
1671 3303 1756 3348 est
1783 3309 1942 3362 quam

373 3385 712 3454 praescientia
763 3384 1086 3440 conditoris.
1127 3383 1258 3437 Nam
1325 3383 1666 3451 prtescientia
1721 3385 1778 3438 in
1836 3401 1944 3454 quo

373 3476 666 3544 videbitur,
708 3492 831 3532 cum
874 3477 928 3532 id
967 3478 1110 3547 quod
1159 3475 1403 3529 futurum
1443 3481 1546 3538 est,
1597 3477 1831 3543 pendeat
1882 3477 1935 3530 in

375 3569 608 3626 factoris
661 3570 932 3625 arbitrio?
973 3568 1256 3624 Videbitur
1300 3565 1553 3622 fortassis
1597 3566 1666 3620 ab
1721 3569 1945 3625 attentis

372 3660 674 3717 lectoribus
706 3662 872 3716 etiam
910 3664 1012 3716 hoc
1055 3661 1282 3731 requiri,
1307 3675 1409 3716 cur
1433 3678 1538 3717 non
1559 3663 1780 3728 dixerit,
1815 3676 1946 3716 con-

373 3751 576 3806 formes
618 3751 742 3806 Filii
787 3752 905 3818 sui;
947 3752 1067 3815 sed,
1115 3749 1468 3806 «conformes
1515 3751 1771 3821 imaginis
1820 3750 1944 3805 Filii

372 3843 478 3896 sui».
505 3863 524 3896 ι
563 3842 715 3897 Dicet
748 3844 894 3897 enim
922 3843 1014 3912 qui
1053 3844 1166 3896 baac
1211 3842 1435 3906 excitat,
1476 3842 1602 3912 quia
1647 3844 1792 3897 sicut
1829 3843 1948 3913 ipse

371 3932 546 3989 Filius
576 3935 668 4004 qui
714 3953 733 3985 «
763 3935 942 4004 imago
977 3933 1070 3988 Dei
1101 3933 1392 3988 invisibilis
1417 3952 1437 3986 ι
1464 3934 1745 3999 dicitur",
1770 3949 1942 4004 quan-

375 4034 486 4080 tum
540 4027 607 4080 ad
659 4041 946 4096 personam
995 4033 1208 4095 spectat
1250 4023 1396 4093 (66):,
1445 4023 1585 4080 alius
1633 4035 1720 4080 est
1748 4027 1817 4082 ab
1852 4026 1942 4082 illo

375 4116 529 4184 cujus
552 4118 726 4188 imago
754 4128 839 4172 est
870 4136 884 4173 :
923 4118 993 4171 ita
1022 4129 1077 4172 et
1106 4119 1196 4172 hic
1229 4132 1350 4186 qua:
1381 4117 1582 4172 dicitur
1621 4119 1797 4191 imago
1819 4119 1942 4175 Filii

375 4207 514 4275 ejus,
546 4207 650 4261 alia
700 4209 858 4263 debet
901 4223 1021 4263 esse
1053 4209 1120 4263 ab
1151 4209 1245 4264 illo
1285 4210 1395 4283 (67)
1427 4212 1580 4281 cujus
1630 4212 1808 4283 imago
1838 4224 1940 4267 est.

378 4297 443 4351 Et
469 4300 714 4368 quamvis
737 4301 903 4354 ardua
939 4302 1057 4355 haec
1086 4302 1375 4356 videantur
1393 4315 1448 4357 et
1467 4302 1724 4369 difﬁcilia,
1762 4315 1943 4359 tamen

376 4393 495 4447 vide
526 4393 568 4446 si
594 4394 1021 4462 possumusillud
1051 4395 1255 4462 dicere,
1289 4396 1436 4465 quia,
1477 4397 1726 4466 quamvis
1763 4397 1941 4451 omnis

1851 227 2176 282 UlilGEMS

3473 223 3582 279 nat

1970 352 2019 407 Α
2046 345 2140 414 qui
2179 357 2240 398 se
2265 341 2334 397 ad
2367 356 2486 397 eam
2521 341 2754 398 formam
2788 339 2960 410 'quam
3003 352 3168 408 supra
3205 335 3480 408 posuimus
3511 358 3584 396 ex-

2049 436 2300 502 coluerit,
2332 434 2511 504 imago
2538 436 2610 489 sit
2643 433 2760 499 Dei,
2791 434 2893 489 boc
2919 441 3001 487 est
3033 446 3211 502 inago
3237 429 3368 485 Filii
3400 430 3584 496 Dei,tao

2050 542 2172 582 men
2203 525 2451 597 specialis
2479 539 2541 580 ac
2567 525 2789 595 pr0pria
2813 526 2991 596 imago
3018 522 3138 592 ejus
3166 539 3288 594 qua:
3307 538 3428 578 eum
3451 535 3584 581 totum

2049 628 2212 686 atque
2234 632 2299 670 ex
2327 617 2539 686 integro
2566 617 2826 685 suscepit,
2861 625 2914 670 et
2944 617 2994 670 in
3026 618 3321 685 semetipsa
3355 617 3586 684 formavit,

2049 712 2167 782 ipsa
2204 711 2332 766 Jesu
2381 712 2561 764 anima
2610 710 2838 766 dicenda
2888 721 2994 775 est,
3039 727 3160 780 quae
3194 727 3255 766 se
3300 726 3400 781 per
3446 714 3586 766 omnia

2054 804 2228 860 Verbo
2263 820 2325 860 ac
2369 805 2664 874 Sapientia:
2708 804 2802 858 Dei
2835 807 2908 858 ita
2953 805 3257 872 coaptavit,
3295 812 3356 856 ut
3390 804 3442 856 in
3475 805 3590 859 nullo

2047 911 2277 966 prorsus
2303 896 2371 951 ab
2410 895 2524 965 eius
2555 895 2916 953 similitudine
2948 895 3170 951 decolor
3199 895 3515 961 haberetur,
3538 898 3589 951 ita

2049 997 2110 1041 ut
2136 987 2443 1057 quicunque
2471 1002 2737 1042 summam
2773 987 3124 1057 perfectionis
3162 1002 3230 1040 ac
3272 986 3592 1043 beatitudinis

2047 1090 2416 1143 consectatur,
2451 1079 2519 1134 ad
2561 1080 2708 1134 illius
2753 1093 2812 1136 se
2859 1081 3150 1149 imaginem
3182 1097 3246 1135 ac
3283 1078 3592 1152 604nm.

2053 1175 2339 1230 litudinem
2364 1175 2478 1245 (68)
2495 1179 2704 1240 tendat,
2721 1190 2840 1245 quae
2852 1176 3028 1244 primo
3043 1175 3162 1230 loco
3178 1189 3233 1231 et
3249 1192 3421 1246 super
3437 1177 3594 1230 omnes

2047 1279 2277 1323 caeteros
2305 1267 2427 1322 Filii
2461 1268 2553 1321 Dei
2587 1269 2763 1336 imago
2793 1278 2876 1323 est
2901 1285 2922 1326 :
2942 1269 3016 1323 ita
3041 1287 3060 1320 «
3085 1279 3146 1323 ut
3172 1267 3249 1324 sit
3276 1269 3397 1335 ipse
3423 1271 3596 1336 primo-

2047 1359 2333 1427 genitusin
2356 1359 2540 1413 multis
2557 1359 2876 1424 fratribus,»
2907 1361 2960 1414 in
2995 1361 3081 1415 his
3117 1362 3378 1417 videlicet
3402 1378 3596 1432 quoru

2047 1453 2102 1506 in
2134 1450 2572 1507 conformatione
2602 1452 2850 1522 imaginis
2882 1452 3003 1506 Filii
3025 1453 3436 1520 Deiprimatum
3461 1457 3598 1510 (eaet.

2119 1543 2172 1598 8.
2220 1561 2239 1595 «
2266 1542 2414 1610 Quos
2442 1551 2620 1596 autem
2661 1544 3093 1614 praedestinavit,
3118 1545 3242 1599 illos
3275 1555 3334 1600 et
3363 1548 3595 1602 vocarit:

2046 1645 2249 1702 etquos
2265 1638 2499 1704 vocavit,
2519 1636 2638 1692 illos
2661 1645 2714 1691 et
2729 1637 3084 1705 justi‘ﬂcavit;
3110 1655 3251 1707 quos
3271 1639 3597 1708 autemjusti-

1977 1703 2018 1758 Β
2050 1730 2253 1794 licavit,
2287 1729 2406 1784 illos
2431 1740 2486 1784 et
2526 1703 2916 1798 gloriﬁcavit"
2939 1703 3078 1798 (69).
3106 1703 3140 1782 )-
3167 1730 3351 1800 Supra
3386 1703 3596 1789 dixit”:

2054 1843 2072 1875 «
2085 1823 2228 1888 Quos
2250 1823 2542 1892 praiscivit,
2558 1823 2657 1877 hos
2674 1831 2726 1876 et
2740 1822 3167 1890 praedestinavit,
3184 1835 3269 1877 iet
3286 1839 3435 1877 nunc
3447 1823 3593 1879 addit:

2053 1933 2072 1965 «
2102 1916 2247 1980 Quos
2264 1925 2445 1969 autem
2471 1913 2898 1982 praedestinavit,
2929 1913 3048 1969 illos
3070 1923 3123 1969 et
3142 1919 3366 1970 vocavit
3389 1926 3472 1970 :el
3489 1932 3597 1986 quos

2047 2007 2280 2070 vocavit,
2307 2004 2431 2058 illos
2464 2004 2874 2074 etjustiiicavit.
2900 2023 2919 2056 ι
2953 2004 3018 2058 Et
3053 2006 3099 2060 si
3156 2025 3174 2058 «
3205 2007 3518 2077 praesciviti
3559 2020 3598 2064 et

2053 2115 2071 2148 «
2099 2097 2502 2165 prazdestinavit
2525 2116 2543 2148 ι
2580 2096 2854 2151 communi
2885 2098 3143 2166 opinione
3176 2100 3508 2165 sentiamus,
3534 2103 3595 2155 vi-

2047 2190 2263 2244 debitur
2293 2190 2482 2259 utique
2520 2189 2610 2258 qui
2638 2190 2966 2258 justificatus
3004 2203 3110 2254 est,
3141 2203 3440 2262 propterea
3460 2194 3598 2265 justi-

2047 2281 2239 2336 ﬁcatus
2277 2297 2399 2336 esse
2432 2282 2558 2351 quia
2583 2293 2806 2337 vocatus
2849 2293 2970 2349 est;
3001 2293 3056 2338 et
3101 2287 3195 2355 qui
3243 2299 3480 2343 vocatus
3519 2299 3598 2349 est,

2045 2385 2332 2445 propterea
2373 2375 2705 2446 justifieatus
2735 2390 2856 2431 esse
2901 2378 3014 2447 (70)
3039 2379 3166 2448 quia
3207 2381 3601 2448 praedestinatus

2046 2473 2161 2530 est;
2193 2471 2247 2519 et
2285 2467 2375 2532 qui
2417 2465 2831 2533 przedestinatus
2863 2479 2968 2532 est,
3011 2481 3314 2538 pr0pterea
3352 2474 3600 2541 praedesti-

2047 2565 2204 2611 natus
2231 2571 2354 2610 esse
2389 2559 2515 2627 quia
2552 2559 2918 2628 przecoguitus
2953 2570 3056 2613 est.
3101 2561 3164 2614 Et
3215 2578 3442 2617 rursum
3465 2579 3599 2618 econ-

2047 2648 2213 2700 trario
2243 2647 2513 2713 intelliges
2541 2645 2652 2717 (7i)
2691 2663 2704 2698 :
2735 2648 2780 2700 si
2803 2647 2922 2717 quis
2953 2659 3131 2704 autem
3152 2651 3493 2719 justilicatus
3519 2669 3599 2706 non

2045 2748 2150 2802 est,
2193 2738 2312 2794 ideo
2352 2756 2454 2793 non
2488 2750 2570 2794 est
2594 2739 2927 2807 justificatus
2962 2741 3089 2809 quia
3124 2757 3227 2798 non
3267 2751 3360 2799 est
3387 2753 3598 2806 vocatus;

2045 2842 2100 2886 et
2136 2833 2227 2901 qui
2261 2845 2482 2888 vocatus
2531 2851 2636 2888 non
2664 2846 2771 2900 est,
2807 2837 2928 2892 ideo
2958 2847 3185 2894 vocatus
3225 2851 3342 2891 non
3385 2847 3466 2892 est
3499 2837 3599 2905 quia

2045 2938 2150 2979 non
2182 2935 2264 2979 est
2291 2927 2741 2994 praedestinatus;
2766 2938 2820 2982 et
2843 2929 2934 2997 qui
2960 2927 3387 2998 prazdestinatus
3406 2937 3598 2990 nonest,

1969 3056 2012 3112 C
2048 3013 2174 3068 ideo
2207 3031 2313 3070 nou
2355 3029 2435 3070 est
2462 3018 2879 3100 przedestinatus
2913 3022 3038 3090 quia
3070 3035 3174 3074 non
3203 3029 3298 3074 est
3326 3021 3598 3088 praecogni-

2045 3115 2153 3161 tus.
2187 3106 2253 3161 Et
2285 3107 2405 3161 vide
2443 3109 2554 3180 (ῖῖ)
2609 3112 2662 3166 in
2712 3128 2873 3180 quam
2936 3115 3227 3167 absurdam
3302 3111 3600 3166 sententiam

2047 3202 2303 3255 decidant
2348 3202 2400 3256 hi
2447 3203 2539 3271 qui
2588 3205 2982 3272 praescientiam
3037 3205 3131 3259 Dei
3177 3206 3229 3258 in
3279 3206 3386 3260 hoc
3424 3217 3598 3258 tantum

2046 3293 2346 3362 accipiunt,
2385 3295 2538 3363 quasi
2563 3295 2654 3364 qui
2673 3311 2738 3350 ea
2765 3312 2884 3364 qua:
2901 3299 3240 3366 postmodum
3273 3296 3459 3350 futura
3480 3306 3599 3362 sunt,

2046 3395 2172 3438 ante
2208 3396 2531 3454 przenoscat.
2563 3386 2840 3442 Invenitur
2860 3389 3004 3442 enim
3026 3388 3333 3443 secundum
3367 3389 3468 3442 hoc
3483 3388 3600 3456 quod

2046 3492 2208 3546 supra
2249 3480 2600 3548 exposuimus
2622 3480 2769 3549 (73),
2817 3496 2924 3534 non
2969 3480 3253 3550 praescisse
3309 3480 3453 3535 Deus
3490 3494 3601 3548 quos

2047 3582 2156 3622 non
2211 3568 2640 3637 prazdestinavit.
2700 3569 2766 3624 Et
2826 3583 3044 3623 rursum
3073 3569 3116 3622 si
3159 3569 3226 3622 ad
3279 3584 3596 3623 communem

2047 3659 2322 3714 referatur
2355 3659 2770 3731 intelligentiam
2799 3661 2900 3715 hoc
2926 3661 3066 3730 quod
3089 3659 3245 3725 dicit,
3271 3662 3405 3730 quia
3441 3679 3459 3710 «
3487 3675 3599 3728 quos

2046 3754 2283 3818 vocavit,
2314 3753 2440 3809 illos
2459 3752 2940 3821 etjustificavit",
2973 3773 2992 3805 ›
3029 3753 3301 3822 ingentem
3328 3754 3595 3808 fenestram

2046 3845 2440 3914 patefaciemus
2488 3847 2572 3900 his
2613 3846 2707 3916 qui
2738 3855 2937 3914 negant
2963 3862 3083 3902 esse
3111 3846 3163 3900 in
3197 3847 3443 3901 hominis
3465 3853 3594 3915 pote-

2048 3945 2192 3992 state
2243 3945 2305 3991 ut
2353 3935 2536 3992 salvus
2583 3935 2696 3990 flat.
2735 3935 2903 3990 Aiunt
2943 3935 3087 3990 enim
3137 3933 3243 3989 :Si
3301 3933 3448 3988 Dens
3487 3947 3597 4002 quos

2049 4029 2344 4099 praescivit,
2379 4029 2498 4083 illos
2528 4038 2584 4083 et
2627 4027 3062 4097 praedestinavit;
3092 4035 3147 4080 et
3171 4041 3311 4096 quos
3343 4025 3597 4095 praedesti-

2051 4121 2225 4188 navit,
2261 4119 2383 4174 illos
2406 4128 2459 4172 et
2498 4119 2740 4183 vocavit;
2770 4127 2823 4172 et
2850 4131 2985 4186 quos
3019 4117 3254 4180 vocavit,
3298 4115 3420 4170 illos
3451 4125 3502 4168 et
3521 4115 3594 4182 jn-

2050 4215 2340 4278 stilic‘avit;
2385 4211 2516 4265 nihil
2548 4211 2716 4280 culpae
2747 4211 2946 4265 habent
2971 4210 3023 4264 hi
3051 4209 3142 4278 qui
3176 4225 3283 4262 non
3313 4207 3595 4276 justifieanc

2051 4314 2158 4365 tur,
2205 4305 2332 4374 quia
2392 4320 2493 4358 nec
2537 4305 2713 4358 vocati
2757 4311 2904 4367 sunt,
2954 4317 3054 4357 nec
3091 4301 3485 4372 prmdestinati,
3515 4312 3594 4351 nec

1975 4390 2017 4444 D
2047 4395 2382 4466 pmcogniti.
2411 4393 2545 4448 Tum
2574 4394 2738 4449 etiam
2776 4393 2905 4447 illud
2947 4403 3132 4461 aperte
3171 4392 3333 4447 nobis
3366 4391 3594 4445 adversa-

439 4505 485 4538 "
507 4504 549 4559 ll
586 4506 725 4561 Tim.
755 4523 816 4571 ιι,
851 4508 940 4564 l9.
1015 4509 1062 4542 ⁷⁸
1087 4509 1278 4564 Matth.
1307 4526 1405 4576 vn,
1430 4512 1520 4565 23.
1603 4511 1650 4544 '
1672 4512 1883 4567 Coloss.
1919 4529 1960 4577 ι,
1984 4511 2070 4567 i5.
2146 4512 2194 4543 ’⁸
2225 4511 2381 4565 Rom.
2409 4525 2526 4573 vm,
2549 4509 2640 4564 50.
2713 4511 2760 4549 τι
2788 4509 2919 4564 ibid.
2951 4507 3040 4564 99.
3113 4507 3158 4538 ⁷⁸
3181 4505 3315 4561 ibid.
3347 4506 3436 4562 30.

446 4621 560 4680 (62)
589 4620 754 4689 Editi,
799 4639 819 4674 «
845 4622 1123 4677 sciendum
1164 4635 1267 4679 est.
1303 4645 1321 4677 ι

446 4689 746 4764 (65)_Fieri.
801 4691 961 4746 Deest
1008 4695 1061 4747 iu
1113 4711 1246 4748 mss.
1290 4695 1568 4750 codicibus
1627 4696 1850 4764 nostris,
1889 4705 1944 4750 et

377 4762 517 4830 apud
551 4762 854 4830 Rabanum,
877 4765 970 4816 sed
1006 4775 1186 4818 exstat
1218 4767 1270 4818 in
1303 4767 1484 4818 editis.

451 4832 564 4901 (64)
599 4829 690 4885 Sic
718 4848 848 4886 mss.
877 4842 930 4885 et
960 4832 1240 4888 Rabanus.
1272 4836 1410 4888 Editi
1447 4849 1593 4898 vero,
1629 4854 1647 4887 «
1675 4835 1944 4890 Discedite

379 4918 526 4977 ante
555 4916 668 4960 vos,
688 4903 920 4977 operarii
949 4902 1266 4971 iniquitatis,
1291 4906 1417 4974 quia
1443 4922 1547 4959 non
1567 4905 1795 4977 cogum'i
1827 4921 1944 4960 vos.

379 4972 469 5026 Sic
505 4987 634 5040 ergo
655 4981 710 5024 et
740 4972 790 5024 in
825 4971 943 5036 hoc,
971 4991 989 5024 ι
1029 4984 1133 5028 etc.

453 5040 564 5112 (65)
601 5041 766 5101 Editi,
810 5041 901 5094 alii
939 5059 952 5093 :
987 5061 1004 5092 «
1032 5043 1185 5098 Unde
1216 5043 1328 5106 his,
1355 5063 1372 5095 ι
1417 5045 1575 5108 alius,
1617 5046 1736 5101 «vel
1792 5047 1897 5100 bis.
1923 5065 1943 5098 ι

381 5113 448 5186 _Et
480 5121 686 5180 postea,
719 5129 739 5162 «
766 5113 1017 5183 imaginis
1055 5113 1174 5168 Filii
1219 5115 1358 5181 ejus,
1388 5124 1442 5168 et
1466 5115 1864 5186 pra'scientiam
1890 5118 1944 5170 iu

379 5182 483 5236 hoc
505 5198 644 5242 esse,
665 5199 688 5233 ι
713 5189 819 5236 etc.

450 5251 562 5321 (66)
593 5250 684 5306 Sic
719 5261 863 5306 recte
893 5267 995 5306 ms.
1019 5267 1160 5308 unus
1203 5253 1402 5326 Regius
1451 5271 1598 5310 num.
1632 5256 1788 5311 1659.
1821 5255 1944 5308 Cae-

381 5327 483 5396 teri
521 5337 652 5396 vero
683 5336 1184 5396 mss.,_«qnantum_
1208 5329 1272 5380 ad
1317 5342 1599 5395 personam
1645 5327 1931 5396 specialius

383 5393 554 5460 (editi,
589 5409 608 5442 «
633 5392 908 5461 specialis)
938 5404 1022 5448 est
1054 5394 1123 5447 ab
1154 5394 1264 5460 illo,
1294 5392 1451 5452 i'ctc.

453 5463 664 5586 (633$:
690 5463 804 5518 illo.
839 5462 964 5520 Haec
991 5465 1098 5520 duo
1125 5468 1290 5522 verba
1343 5469 1534 5522 desunt
1564 5468 1616 5522 in
1654 5466 1807 5524 libris
1847 5481 1944 5520 an-

385 5546 464 5584 .ea
495 5544 678 5586 euntis.

422 5601 565 5682 ,(68)
597 5602 723 5658 Mss.
743 5606 922 5682 nostri
947 5615 1000 5682 et
1031 5606 1370 5682 Salodianus,
1417 5627 1434 5658 «
1463 5608 1526 5682 ad
1564 5607 1702 5682 illius
1726 5623 1784 5662 se
1809 5609 1944 5661 ima-

383 5675 561 5740 ginem
597 5689 660 5730 ac
713 5675 1119 5735 similitudinem
1174 5681 1416 5735 tendat.»
1472 5677 1578 5733 Sed
1619 5687 1795 5756 tamen
1838 5695 1942 5733 vox

2053 4644 2072 4678 «
2093 4640 2151 4679 se
2175 4624 2508 4679 rredundare
2528 4624 2754 4685 videtur,
2774 4635 2828 4679 et
2850 4638 2969 4679 eam
2993 4623 3253 4680 omittunt
3270 4622 3451 4678 ceteri
3464 4620 3590 4676 editi.-

2120 4694 2231 4766 (69)
2263 4696 2429 4766 Editi,
2457 4714 2478 4747 «
2511 4694 2889 4764 magniﬁcavil.
2911 4713 2929 4745 ι

2121 4765 2232 4836 (70)
2253 4765 2393 4830 Quia
2418 4777 2624 4836 vocatus
2643 4777 2740 4830 est;
2784 4775 2831 4818 et
2859 4766 2946 4836 qui
2972 4773 3180 4818 vocatus
3212 4772 3311 4825 est,
3342 4773 3589 4836 praptem

2044 4833 2374 4907 justiﬁcotus
2399 4853 2527 4889 esse.
2562 4835 2686 4907 llaec
2709 4833 3084 4907 desiderantur
3114 4839 3181 4907 in?
3207 4847 3364 4907 antea
3399 4833 3557 4886 editis.

2130 4906 2241 4976 (Ἠ)
2261 4905 2427 4972 Alias,
2459 4905 2796 4973 «intelligis.»
2820 4905 2884 4958 Et
2899 4918 3082 4973 p05tea
3101 4905 3281 4968 editi,t
3301 4907 3486 4976 etquia
3504 4916 3586 4953 non

2059 4975 2146 5032 est
2162 4986 2406 5048 vocatus,
2426 4977 2544 5029 ideo
2572 4992 2680 5048 non
2700 4985 2783 5029 est
2800 4976 3046 5042 praedesti
3057 4985 3214 5028 natus
3231 4991 3246 5036 ;
3263 4975 3455 5048 etquia
3477 4988 3588 5048 pur-

2055 5047 2364 5102 destiuatus
2404 5062 2508 5100 non
2541 5055 2642 5108 est,
2673 5047 2791 5099 ideo
2814 5062 2917 5100 non
2955 5056 3040 5099 est
3071 5046 3447 5113 plu-cognitus.
3471 5065 3487 5094 ι
3515 5046 3586 5091 Sit:

2056 5117 2216 5170 etiam
2239 5133 2366 5170 mss.
2389 5116 2555 5170 nostri
2579 5118 2678 5169 nisi
2703 5117 2842 5184 quod
2862 5117 3093 5169 habeant
3111 5116 3260 5182 «qui»
3286 5131 3378 5182 pro
3396 5115 3579 5182 «quia.r

2057 5189 2162 5242 Sed
2195 5187 2458 5256 itabanus.
2503 5188 2656 5256 utiin
2693 5196 2876 5256 nostro
2899 5197 3068 5251 textu,
3105 5198 3160 5238 et
3184 5197 3329 5239 recte
3371 5186 3581 5256 quidem.

2129 5257 2241 5322 (η)
2276 5255 2345 5309 Et
2385 5257 2521 5310 inde.
2550 5255 2712 5322 Editi,
2752 5273 2771 5307 ι
2798 5255 2950 5320 Vide,
2975 5275 2996 5308 ρ
3037 5267 3090 5310 et
3121 5271 3270 5321 mox,
3302 5274 3319 5306 «
3343 5254 3488 5324 quasi
3510 5254 3581 5318 qui

2050 5337 2104 5382 et
2137 5343 2278 5391 qum,
2303 5346 2320 5376 ι
2359 5337 2467 5380 etc.

2121 5397 2234 5466 (75)
2277 5397 2437 5460 Editi,
2484 5415 2502 5447 «
2530 5398 2824 5452 secundum
2871 5396 2984 5450 haec
3038 5405 3222 5464 postea
3277 5410 3392 5464 quae
3442 5405 3580 5458 supra

2049 5468 2416 5534 exposuimus.
2449 5486 2468 5519 ι
2518 5467 2619 5540 Ms.
2666 5484 2826 5530 unus,
2861 5469 3359 5540 «_secuiiduii1b:ec
3396 5479 3484 5534 per
3528 5479 3580 5540 ea

2051 5553 2364 5610 quaesupra
2400 5538 2766 5610 exposuimus.
2799 5556 2817 5589 ι
2858 5536 2975 5610 Sic_
2999 5537 3163 5610 etiam
3194 5535 3460 5610 Rabauns.
3493 5535 3577 5610 nisi

2050 5605 2192 5675 tillod
2235 5608 2451 5661 omittat
2472 5605 2506 5659 ί(
2534 5607 2854 5666 secundum.
2887 5627 2904 5660 ο
2945 5605 3050 5662 Sed
3085 5609 3269 5663 caeteri
3309 5620 3433 5660 mss.
3459 5615 3508 5657 ut
3537 5605 3578 5654 in

2051 5688 2233 5735 Il05lf0
2273 5689 2446 5734 textu.
