3692 6138
66 259 196 316 "25

1013 252 1370 311 COMMENT.
1403 251 1472 308 IN
1515 252 1732 308 EPIST.
1777 252 1866 308 AD
1903 253 2071 311 ROM.
2112 251 2243 310 LIB.
2282 253 2394 308 Vll.

3177 251 3318 310 "20

65 389 164 442 tur,
203 375 349 447 quod
402 389 512 431 non
547 387 740 429 omnes
787 372 882 442 qui
911 384 1198 439 vocantur,
1237 375 1403 429 etiam
1426 373 1634 443 justifi-
1664 380 1716 437 Α
1751 373 1989 429 cundum
2038 373 2378 444 propositum
2405 389 2425 423 ι
2478 369 2655 424 vocali
2696 368 2908 423 sntit".
2953 365 3090 423 Nam
3139 368 3195 424 hi
3222 369 3317 439 qui

65 478 271 523 cantur.
304 465 446 522 Nam
483 475 536 523 et
577 465 746 522 Judas
800 465 1078 534 apostolus
1125 476 1352 521 vocatus
1401 474 1505 530 est,
1534 466 1630 520 sed

65 576 165 616 non
211 568 298 616 est
341 558 691 626 justiﬁcatus.
733 557 884 624 Quod
931 569 987 613 et
1027 558 1072 612 si
1109 557 1464 627 justificatum
1506 571 1630 611 eum

64 652 347 712 contendat
392 653 594 723 aliquis
619 666 684 706 eo
717 651 836 720 ipso
860 665 968 720 quo
1008 659 1232 706 vocatos
1259 660 1378 716 est;
1407 665 1511 703 non
1548 657 1632 705 est

65 755 202 803 certe
235 744 597 816 gloriﬁcatus.
643 743 751 798 Sed
801 753 856 798 et
893 743 968 797 illi
1001 743 1070 798 de
1101 742 1298 812 quibus
1335 742 1464 796 dicit
1487 741 1634 810 Apo-

66 842 247 908 stolus,
298 839 432 910 quia
495 837 1000 908 «naufragaverunt
1049 852 1078 890 a
1132 836 1236 890 ﬁde
1263 835 1332 899 τ’,
1367 855 1386 888 ι
1453 833 1629 888 vocati

66 935 272 1005 quidem
301 933 550 996 fuerunt,
581 933 676 986 sed
709 946 813 984 non
848 937 974 983 sunt
997 928 1305 997 justificati.
1340 928 1407 982 Et
1439 942 1632 982 secun-

69 1029 185 1080 dum
216 1023 499 1096 Evangelii
529 1021 816 1092 parabolas
835 1021 902 1081 ⁸ο,
936 1020 1011 1074 illi
1033 1021 1099 1073 ad
1129 1034 1268 1088 quos
1316 1017 1469 1073 missi
1517 1017 1634 1071 fue-

69 1127 183 1174 rant
213 1115 380 1181 servi,
413 1123 472 1170 et
500 1122 904 1170 excusaverunt
931 1126 1014 1175 se,
1043 1112 1224 1166 vocati
1255 1109 1506 1176 fuerunt;
1537 1109 1633 1164 sed

70 1226 166 1266 non
195 1218 320 1264 sunt
340 1208 628 1278 iustificati
657 1223 671 1260 :
696 1214 753 1261 et
784 1205 873 1259 ille
897 1205 989 1274 qui
1017 1205 1291 1273 ingressus
1321 1203 1631 1258 convivium

73 1303 207 1372 regis
236 1316 342 1356 non
381 1299 577 1356 habuit
607 1306 814 1354 vestem
841 1295 1136 1366 nuptialem
1157 1296 1227 1361 δι,
1257 1305 1483 1349 vocatus
1511 1301 1592 1349 est
1617 1309 1630 1358 ;

73 1396 159 1450 sed
195 1409 299 1449 non
330 1402 420 1448 est
453 1390 803 1460 justiﬁeatus.
838 1388 973 1444 Cum
1008 1401 1140 1456 ergo
1179 1387 1295 1441 hzec
1325 1387 1534 1456 singula
1563 1386 1634 1438 ita

76 1505 130 1545 se
161 1487 407 1548 habeant,
450 1485 721 1554 quomodo
752 1480 1024 1537 videbitur
1077 1495 1238 1534 verus
1286 1493 1408 1533 esse
1458 1491 1636 1532 sermo

75 1577 328 1649 Apostoli,
368 1591 532 1648 quem
569 1574 654 1631 vel
703 1575 770 1629 de
808 1573 1217 1644 praenoscendo,
1266 1571 1349 1625 vel
1394 1571 1460 1624 de
1499 1584 1637 1638 pra:-

79 1671 404 1733 destinando,
439 1665 526 1721 vel
571 1666 638 1720 de
682 1663 950 1727 vocando,
999 1662 1084 1716 vel
1131 1662 1294 1715 etiam
1331 1661 1400 1714 de
1436 1659 1637 1727 justiﬁ-

1741 466 2039 520 seeundum
2081 466 2419 536 propositum
2470 465 2696 529 bonum,
2724 470 2782 517 et
2832 463 3026 516 bonam
3066 461 3319 516 volunta-

1742 566 1846 612 tem
1890 574 2051 626 quam
2099 559 2247 613 circa
2278 557 2370 612 Dei
2405 558 2614 614 cultum
2655 564 2872 626 gerunt,
2899 565 3182 620 vocantur,
3215 554 3319 625 ipsi

1740 659 1866 705 sunt
1892 651 1985 720 qui
2018 669 2036 701 ι
2065 643 2360 705 secundum
2395 651 2734 720 propositum
2763 667 2783 700 ι
2822 649 3002 703 vocati
3039 649 3316 717 dicuntur,

1741 754 1796 798 et
1857 742 1946 796 isti
1985 752 2112 798 sunt
2156 742 2250 812 qui
2300 744 2477 798 vocati
2515 742 2908 812 justiﬁcantur.
2961 740 3114 796 Bono
3171 743 3318 796 enim

1744 849 1936 890 eorum
1981 836 2264 904 proposito
2291 836 2480 891 deerat
2522 835 2640 889 sola
2696 834 2932 888 vocatio.
2964 833 3028 888 lli
3065 849 3194 890 vero
3223 835 3318 902 qui

1738 926 1900 998 605
1930 942 2034 981 non
2070 927 2270 981 habent
2303 926 2500 980 bonum
2530 926 2810 995 ﬁxumque
2860 931 3197 994 propositum
3231 925 3321 980 vel

1742 1035 1871 1090 erga
1903 1020 2146 1074 divinum
2173 1020 2403 1083 cultum,
2435 1018 2519 1073 vel
2551 1034 2679 1088 erga
2707 1033 2843 1086 opus
2875 1019 3098 1083 bonum,
3121 1032 3321 1072 vocan-

1743 1122 1832 1165 tur
1853 1112 2074 1180 quidem
2104 1121 2160 1165 et
2186 1111 2315 1181 ipsi,
2341 1125 2410 1164 ne
2437 1110 2516 1165 eis
2540 1112 2824 1166 excusatio
2862 1109 3224 1178 relinquatur,
3265 1117 3324 1164 et

1742 1203 1860 1258 haec
1886 1204 2000 1272 ipsa
2027 1202 2240 1270 possint
2278 1201 2494 1257 causari
2535 1211 2658 1255 cum
2697 1199 3014 1268 judicantur
3041 1213 3056 1253 :
3085 1198 3222 1265 Quia
3266 1208 3322 1256 et

1742 1309 1844 1350 nos
1882 1295 1926 1350 si
1963 1295 2140 1349 vocati
2169 1295 2480 1358 fuissemus,
2506 1293 2873 1363 potuissemus
2903 1293 3091 1361 utique
3123 1290 3323 1360 justiﬁ-

1743 1389 1887 1455 cari;
1913 1396 1967 1441 et
1991 1403 2096 1442 non
2119 1387 2291 1443 solum
2311 1386 2621 1457 justiﬁcari,
2648 1387 2742 1441 sed
2770 1395 2824 1439 et
2846 1384 3171 1456 glorificari.
3199 1383 3324 1438 Ideo

1743 1493 1872 1547 ergo
1902 1488 2168 1531 vocantur
2194 1476 2412 1544 quidem
2443 1485 2500 1530 et
2531 1475 2666 1544 ipsi;
2699 1475 2794 1529 sed
2828 1473 2983 1543 quasi
3017 1473 3062 1526 si
3090 1474 3142 1526 in
3175 1482 3322 1528 terra

1743 1579 1960 1639 petrosa
1996 1569 2298 1622 seminetur
2344 1581 2553 1631 semen,
2609 1567 2718 1621 cito
2770 1566 2990 1636 quidem
3038 1565 3320 1631 exoritur;

1744 1657 2085 1710 increscente
2132 1665 2315 1710 autem
2362 1654 2771 1710 tribulationum
2827 1655 2974 1720 sole,
3031 1654 3158 1724 quia
3212 1669 3322 1710 non

79 1763 241 1817 cando
267 1758 631 1814 memoravit?
679 1757 784 1811 Sed
822 1771 924 1825 ego
953 1756 1263 1816 secundum
1303 1768 1366 1808 ea
1403 1769 1520 1820 quae
1550 1768 1639 1807 su-
1671 1747 1712 1803 Β
1742 1748 1944 1802 habent
1974 1752 2138 1802 altam
2167 1748 2406 1802 radicem
2443 1747 2568 1802 boni
2598 1749 2882 1817 propositi,
2911 1750 3172 1803 continuo
3196 1759 3323 1802 are-

78 1869 163 1922 pra
207 1854 586 1922 exposuimus,
634 1848 905 1920 quomodo
961 1856 1153 1902 noscat
1189 1846 1274 1902 vel
1337 1857 1638 1915 praenoscat

82 1945 230 2008 Deus,
262 1944 328 1997 ad
368 1941 822 1998 consuetudinem
859 1939 1154 2008 Scriptura:
1179 1936 1507 1992 redeundum
1543 1951 1640 2004 pu-

84 2047 151 2102 to,
178 2049 298 2106 quae
317 2034 613 2092 vernacula
639 2034 873 2103 quadam
911 2029 1274 2102 appellatione
1299 2029 1354 2082 in
1388 2029 1494 2082 hoc
1520 2043 1640 2082 ser-

83 2144 250 2194 moue,
283 2128 334 2182 id
367 2136 448 2182 est
513 2126 570 2180 in
602 2124 976 2195 cognoscendo
1026 2121 1102 2176 uti
1144 2119 1282 2175 solet
1308 2137 1323 2173 :
1347 2119 1638 2174 velutcum

84 2221 227 2276 dicit:
255 2239 274 2273 ι
299 2220 364 2274 Et
381 2216 818 2288 cognovitAdam
848 2215 1014 2270 Evam
1038 2227 1264 2268 uxorem
1283 2226 1434 2267 suam
1460 2210 1594 2281 (74),
1617 2227 1635 2260 ι

82 2329 173 2384 pro
213 2329 276 2369 eo
307 2321 366 2367 ut
399 2311 638 2375 dicat“,
686 2309 952 2363 admistus
1001 2315 1084 2360 est
1173 2305 1329 2360 uxori
1388 2319 1520 2358 suae.
1576 2303 1643 2356 Et

87 2407 268 2460 iterum
294 2405 361 2460 de
393 2403 640 2458 Rebecca
667 2401 838 2455 dicit:
874 2419 892 2451 ι
930 2398 1094 2470 Virgo
1122 2407 1263 2460 erat,
1298 2398 1382 2450 vir
1413 2411 1515 2450 non
1547 2411 1641 2449 co-

85 2508 332 2571 gnoverat
359 2513 481 2552 eam
500 2495 572 2549 ⁸³.
597 2515 616 2548 ι
646 2495 751 2549 Sed
781 2505 836 2550 et
864 2495 930 2548 de
963 2494 1087 2548 ﬁliis
1115 2492 1243 2546 Levi
1269 2491 1488 2553 dicitur,
1517 2505 1639 2544 cum

86 2589 522 2657 praevaricatores
550 2585 826 2653 p'unirent,
855 2583 980 2650 quia
1011 2596 1114 2634 non
1131 2578 1449 2649 cognoverit
1473 2591 1643 2630 unus-

87 2681 299 2751 quisque
335 2688 551 2749 patrem
602 2690 756 2730 suum
789 2681 882 2727 aut
913 2681 1141 2726 matrem
1183 2683 1335 2724 suam
1349 2666 1420 2720 “.
1447 2665 1504 2719 ln
1537 2681 1644 2735 quo

92 2775 197 2828 sine
221 2773 381 2827 dubio
404 2772 512 2826 hoc
533 2768 858 2831 ostenditur,
883 2764 1009 2833 quia
1035 2779 1137 2818 non
1157 2761 1344 2832 junxit
1391 2757 1642 2813 aﬂ’ectum

90 2883 230 2923 Suum
253 2877 308 2920 et
335 2877 576 2918 amorem
592 2877 716 2917 cum
740 2868 894 2929 patre
917 2857 1000 2912 vel
1037 2865 1234 2909 matre.
1272 2852 1376 2907 Sed
1401 2861 1453 2905 et
1475 2851 1644 2905 multa

92 2961 370 3014 secundum
410 2959 560 3012 hunc
605 2968 824 3010 sensum
868 2952 920 3006 in
984 2946 1284 3017 Scriptnris
1325 2945 1392 3000 de
1437 2958 1644 3013 cogno-

94 3053 273 3108 scendo
308 3049 555 3106 invenies
599 3048 870 3102 dicta:et
915 3043 1037 3098 ideo
1086 3042 1250 3095 etiam
1283 3039 1338 3092 in
1389 3036 1642 3108 praesenti

1741 1849 1901 1896 scunt
1947 1850 2002 1895 et
2038 1851 2267 1909 pereunt
2303 1841 2370 1894 ⁸⁸.
2423 1842 2485 1894 Ει
2520 1842 2618 1909 ipsi
2663 1851 2790 1895 sunt
2835 1842 2901 1897 de
2953 1843 3152 1911 quibus
3185 1841 3322 1898 dicit

1739 1929 2052 2000 Apostolus,
2085 1930 2212 2000 quia
2253 1949 2270 1980 ι
2305 1929 2769 2000 naufragaverunt
2809 1947 2838 1985 a
2895 1931 2998 1987 fide
3015 1933 3084 1985 ".
3112 1953 3131 1985 ι
3170 1931 3318 2000 Quos

1741 2034 1872 2090 ergo
1895 2020 2131 2082 vocavit,
2159 2019 2210 2072 id
2238 2029 2342 2082 est,
2374 2035 2511 2087 quos
2539 2021 2836 2074 secundum
2862 2022 3198 2090 propositum
3220 2036 3320 2076 vo-

1743 2112 1886 2164 cavit
1911 2109 2062 2175 boni,
2111 2110 2235 2164 illos
2263 2121 2318 2162 et
2345 2110 2686 2178 justiﬁcavit.
2726 2112 2880 2178 Quod
2923 2113 3027 2167 etsi
3071 2131 3091 2164 ι
3120 2126 3322 2168 secun-

1745 2200 1872 2255 dum
1904 2201 2237 2271 propositum
2265 2199 2343 2251 ⁹⁰ο
2369 2200 2434 2253 ad
2468 2201 2636 2254 Deum
2675 2202 2969 2268 referatur,
3007 2204 3110 2258 hoc
3139 2215 3245 2270 est,
3266 2215 3326 2260 ut

1745 2294 2044 2348 secundum
2091 2292 2184 2345 Dei
2231 2292 2590 2361 propositum,
2641 2294 2733 2361 qui
2764 2296 2946 2348 sciens
2984 2295 3039 2348 in
3077 2295 3157 2350 eis
3189 2295 3320 2350 reli-

1745 2386 1950 2454 giosam
1980 2395 2238 2447 mentem,
2264 2392 2321 2437 et
2344 2382 2536 2437 salutis
2561 2384 2740 2439 inesse
2759 2385 3112 2450 desiderium,
3138 2387 3319 2443 vocati

1745 2477 2018 2540 dicantur,
2060 2490 2167 2528 non
2207 2475 2481 2529 videbitur
2516 2476 2600 2530 his
2631 2491 2750 2543 (ιιιω
2773 2479 3124 2541 exposuimus
3151 2479 3320 2534 etiam

1747 2567 1849 2622 hoc
1879 2582 2001 2622 esse
2029 2566 2385 2621 contrarium.
2429 2567 2540 2621 Hoc
2568 2582 2697 2636 ergo
2731 2579 2887 2635 pacto
2917 2583 3090 2637 neque
3113 2571 3165 2622 in
3187 2585 3325 2638 pra,

1745 2660 1975 2714 scientia
2003 2657 2094 2711 Dei
2126 2657 2210 2711 vel
2246 2657 2436 2712 salutis
2461 2658 2545 2712 vel
2581 2659 2904 2727 perditionis
2937 2669 3133 2714 nostra:
3157 2675 3325 2716 causa

1746 2752 2035 2817 consistit;
2067 2765 2242 2819 neque
2265 2749 2584 2817 justiﬁcatio
2609 2767 2674 2806 ex
2707 2751 2824 2806 sola
2860 2754 3143 2808 vocatione
3187 2767 3321 2823 pen-

1748 2844 1932 2906 debit;
1965 2857 2139 2912 neque
2167 2842 2462 2912 gloriﬁcari
2492 2843 2557 2897 de
2589 2853 2774 2896 nostra
2805 2845 3020 2913 penitus
3050 2853 3324 2913 potestate

1748 2935 2019 2990 sublatum
2062 2943 2167 2991 est.
2215 2931 2351 2988 Nam
2407 2942 2462 2986 et
2508 2933 2552 2986 si
2606 2937 2880 2989 communi
2933 2937 3209 2992 intellectu
3255 2937 3324 2992 de

1750 3025 2098 3095 praescientia
2139 3027 2464 3090 sentiamus,
2497 3039 2605 3079 non
2637 3037 2930 3096 propterea
2954 3030 3061 3082 erit
3096 3028 3323 3097 aliquid,

94 3105 200 3202 loco
218 3105 433 3201 constat
473 3138 788 3210 Apostolum
817 3134 1115 3192 secundum
1151 3105 1448 3200 Scriptura:
1475 3141 1645 3183 sacrae
1673 3105 1716 3164 (ἶ
1749 3119 1876 3186 quia
1907 3117 1958 3170 id
1989 3117 2092 3170 scit
2124 3117 2262 3171 Deus
2295 3117 2535 3170 futurum
2574 3133 2589 3170 :
2631 3119 2726 3172 sed
2765 3119 2892 3188 quia
2938 3119 3180 3175 futurum
3215 3129 3323 3186 est,

93 3240 524 3294 consuetudinem
563 3228 926 3302 cognoscendi
961 3225 1208 3296 posuisse
1229 3235 1559 3282 sermonem,
1585 3228 1646 3272 ut

93 3331 204 3386 illos
253 3331 564 3386 ostenderet
613 3320 972 3396 praecognitos
1020 3333 1052 3372 a
1113 3315 1247 3383 Deo,
1307 3314 1360 3368 in
1425 3310 1642 3381 quibus,

95 3425 258 3480 sciens
280 3421 470 3494 quales
499 3425 702 3481 essent,
736 3425 978 3468 amorem
1011 3424 1168 3464 suum
1194 3409 1336 3460 Deus
1363 3401 1646 3458 aﬂectum-

98 3532 192 3588 que
213 3516 502 3587 posuisset,
533 3507 833 3566 secundum
866 3503 1011 3574 quod
1037 3501 1201 3557 etiam
1233 3496 1362 3553 illud
1384 3494 1645 3565 scriptum

98 3619 205 3664 est:
233 3628 252 3659 ι
276 3604 540 3678 Cognovit
576 3601 835 3656 Dominus
854 3612 949 3651 eos
971 3593 1066 3666 qui
1095 3600 1221 3648 sunt
1244 3589 1446 3661 ejus”;
1477 3606 1496 3640 ι
1523 3601 1645 3641 cum

98 3702 292 3772 utique,
324 3710 585 3772 quantum
631 3694 699 3750 ad
740 3693 904 3747 istam
977 3698 1316 3743 communem
1363 3680 1644 3738 scientiam

99 3798 336 3864 pertinet,
377 3797 524 3849 Deus
571 3805 678 3845 non
708 3785 882 3842 solum
929 3795 1024 3836 eos
1052 3779 1144 3849 qui
1179 3777 1263 3832 sui
1292 3785 1440 3841 sunt,
1471 3775 1564 3828 sed
1589 3781 1647 3826 et

99 3904 181 3942 cos
215 3888 299 3958 qui
342 3893 532 3942 errant
584 3898 614 3935 a
664 3894 723 3934 se
771 3891 877 3930 non
925 3874 1158 3942 ignoret.
1191 3868 1297 3924 Sed
1324 3867 1646 3938 cognovisse

99 3995 212 4034 suos
245 3979 444 4048 dicitur
477 3975 618 4047 (75),
654 3973 758 4026 hoc
801 3977 885 4024 est
933 3968 987 4020 iu
1035 3962 1324 4017 dilectione
1367 3958 1643 4020 habuisse,

100 4073 294 4142 sibique
321 4071 578 4127 sociasse.
629 4066 708 4120 lta
751 4077 881 4131 ergo
915 4078 934 4111 ι
962 4072 1100 4128 quos
1130 4051 1442 4124 praescivit»
1481 4049 1642 4113 Deus,

104 4182 121 4214 ι
143 4139 250 4218 illos
282 4175 334 4218 et
358 4157 796 4234 praedestinavit:
822 4163 879 4207 et
906 4164 1042 4220 quos
1070 4141 1493 4216 praedestinavit,
1525 4139 1643 4193 illos

100 4265 149 4310 et
191 4231 430 4318 vocavit;
457 4261 511 4307 et
542 4265 681 4321 quos
720 4247 957 4308 vocavit,
1004 4240 1124 4295 illos
1167 4244 1222 4291 et
1255 4231 1590 4303 justiﬁcavit.
1617 4248 1638 4282 ι

102 4349 344 4418 Superest
379 4347 536 4401 nobis
573 4343 752 4398 adhuc
795 4338 939 4392 illius
986 4329 1305 4404 quaestionis
1352 4322 1642 4390 absolutio,

102 4417 346 4505 quoinodo
380 4457 400 4490 ι
422 4451 558 4506 quos
591 4431 828 4494 vocavit,
859 4429 980 4482 illos
1012 4433 1066 4477 et
1099 4417 1439 4493 justilicavit,
1459 4432 1482 4468 ι
1519 4428 1640 4468 cum

103 4531 372 4586 secundum
409 4505 470 4585 ea
517 4542 638 4596 qua:
669 4537 834 4593 supra
877 4520 1132 4581 diximus,
1187 4519 1396 4568 constet
1443 4505 1643 4562 multos

103 4637 210 4678 esse
235 4635 468 4690 vocatos,
495 4632 692 4686 paucos
741 4625 920 4668 autem
969 4611 1173 4666 electos
1190 4606 1259 4658 ⁸⁵.
1293 4603 1398 4657 Sed
1433 4599 1645 4653 videtur

105 4716 218 4770 mihi
244 4731 358 4772 esse
389 4714 630 4786 quaedam
657 4707 959 4765 vocationis
985 4699 1314 4761 differentia,
1345 4695 1642 4750 secundum

104 4804 218 4864 illud
243 4808 380 4878 quod
407 4783 485 4860 vin
534 4801 803 4874 superiori
833 4795 1074 4868 capitulo
1107 4789 1477 4862 exposuimus,
1517 4783 1642 4854 quia

103 4909 271 4951 onmes
303 4897 516 4968 quidem
550 4890 728 4948 vocati
763 4897 906 4952 sunt,
934 4901 1040 4941 non
1075 4893 1254 4939 tamen
1290 4891 1480 4934 omnes
1505 4893 1524 4927 ‹
1550 4887 1638 4929 se-

159 5031 198 5061 "
230 5031 245 5084 l
272 5031 405 5087 Tim.
428 5047 468 5087 ι.
503 5030 589 5087 l9.
657 5028 702 5061 ⁸ο
728 5026 856 5080 an.
881 5038 994 5087 xw,
1029 5021 1114 5076 l7.
1187 5017 1230 5048 ⁸¹
1257 5015 1451 5087 Matth.
1485 5025 1619 5072 χχιι,

1819 5005 1862 5036 ⁸’
1885 5002 2025 5087 (ἱὲἾι
2054 5015 2127 5087 ῬΞ
2159 5001 2211 5087 ίτ

102 5100 146 5154 9.
213 5069 698 5160 83i1""riui{.}:.'19.
729 5069 1268 5154 "sVStlliitifime.
1340 5069 1630 5137 "norint

1824 5118 1837 5131 .
1914 5075 1958 5106 ⁸⁸
1979 5072 2170 5127 Matth.
2202 5085 2323 5137 xm,
2350 5070 2405 5134 5,
2435 5069 2490 5124 6.

106 5185 216 5237 tut,
246 5173 332 5228 28.
405 5171 501 5226 "l
544 5171 668 5225 Cor.
713 5183 790 5230 ιιι,
838 5166 930 5219 27.

165 5290 264 5362 (74)
303 5292 391 5347 Sic
437 5305 538 5345 ms.
598 5303 755 5362 unus
811 5284 1011 5362 liegius
1060 5295 1210 5362 n_t_tm.
1239 5276 1400 5362 16-52.
1436 5271 1631 5362 Defieri

105 5346 216 5413 Vero
249 5346 398 5419 'mss.
446 5372 502 5415 et
547 5359 676 5412 editi
733 5346 991 5411 omittunt
1045 5369 1065 5404 ι
1091 5351 1275 5405 Evam.
1308 5369 1327 5400 ι
1363 5346 1640 5419 Rabanus,

111 5445 129 5479 ι
147 5413 398 5551 (Σιῖςιιονῖί
421 5413 598 5485 autem
622 5429 794 5483 Adam
827 5437 1050 5480 uxorem
1078 5435 1254 5487 suam,
1291 5433 1388 5489 pro
1407 5431 1472 5471 eo
1501 5413 1643 5482 quod

107 5509 156 5551 ut
183 5503 332 5557 «icat.
364 5525 381 5555 ι
411 5512 516 5557 etc.

262 5520 332 5562 al,
364 5525 381 5555 ι
411 5520 516 5557 etc.

110 5553 515 5690 In(75ivlil'ditire't
542 5585 643 5628 ms.
679 5584 839 5633 unus,
880 5585 898 5620 ι
924 5564 1030 5624 Sed
1058 5562 1374 5634 cognovisse
1394 5572 1488 5615 eos
1513 5553 1650 5611 dici-

165 5656 204 5690 ι’.
227 5660 244 5690 ι

1751 3212 1922 3265 scitur
1951 3225 1980 3264 a
2013 3209 2130 3262 Deo
2161 3219 2447 3274 antequam
2492 3210 2601 3264 ﬁat.
2637 3210 2770 3264 Nam
2799 3219 2854 3266 et
2880 3211 2952 3280 si,
2999 3213 3149 3268 verbi
3191 3228 3322 3283 gra-

1754 3303 1847 3368 tia,
1883 3301 2213 3372 ﬁngeremus
2246 3299 2360 3372 (76)
2395 3301 2559 3356 Deum
2586 3317 2692 3355 non
2726 3316 3064 3371 praenoscere
3088 3303 3324 3374 aliquid,

1753 3394 1993 3449 futurum
2019 3394 2138 3448 sine
2161 3393 2326 3448 dubio
2346 3402 2469 3447 erat
2495 3395 2638 3458 quod
2672 3404 2777 3458 est,
2805 3395 2879 3450 ita
2909 3404 2968 3449 ut
3000 3405 3121 3452 est:
3154 3407 3327 3468 utpuc

1753 3499 1826 3555 ta,
1869 3486 2038 3542 ludas
2077 3484 2320 3551 proditor
2360 3486 2539 3540 factus
2585 3496 2690 3551 est,
2719 3495 2772 3540 et
2813 3487 2914 3542 hoc
2961 3488 3035 3542 ita
3083 3488 3326 3546 futurum

1750 3580 2028 3648 prophetae
2075 3576 2472 3646 praedixerunt.
2527 3576 2646 3630 Non
2685 3592 2816 3647 ergo
2859 3578 2990 3647 quia
3043 3580 3320 3649 prophetas

1751 3670 2139 3740 praedixerunt,
2168 3667 2372 3722 idcirco
2401 3667 2644 3737 prodidit
2690 3665 2896 3734 Judas;
2929 3667 3024 3724 sed
3066 3669 3198 3738 quia
3240 3669 3328 3725 fu-

1754 3767 1907 3814 turus
1931 3765 2079 3814 esset
2119 3757 2385 3829 proditor,
2434 3772 2498 3812 ea
2526 3773 2647 3826 qua:
2679 3758 2768 3814 ille
2809 3774 2877 3814 ex
2923 3761 3191 3830 propositi
3239 3761 3325 3818 sui

1753 3852 1994 3922 nequitia
2025 3864 2280 3922 gesturus
2307 3862 2429 3906 erat
2455 3852 2832 3920 praedixerunt
2858 3853 3169 3922 prophetae:
3201 3869 3325 3909 cum

1751 3947 1941 4014 utique
1973 3944 2145 4000 Judas
2177 3946 2230 4000 in
2262 3953 2534 4014 potestate
2559 3944 2838 4000 habuisset
2865 3955 2926 4000 ut
2956 3955 3101 4001 esset
3132 3946 3326 4003 similis

1675 4038 1680 4045 '
1751 4037 1912 4092 Petro
1939 4047 1993 4092 et
2011 4036 2226 4100 Joanni,
2255 4037 2300 4091 si
2325 4036 2621 4090 voluisset:
2652 4037 2749 4090 sed
2783 4035 2946 4106 elegit
2969 4037 3212 4107 pecuniae
3231 4052 3327 4094 cu-

1751 4129 2032 4198 piditatem
2066 4127 2238 4196 magis
2267 4141 2431 4196 quam
2457 4125 3026 4194 apostolicioconsortii
3052 4126 3322 4196 gloriam:

1751 4229 1806 4274 et
1842 4219 1982 4273 hanc
2018 4219 2135 4288 ejus
2171 4215 2500 4274 voluntatem
2527 4215 2770 4271 futuram
2811 4218 3168 4287 praevidentes
3195 4233 3326 4288 pro-

1750 4313 1945 4384 phetae,
1983 4310 2249 4364 librorum
2291 4308 2565 4363 tradidere
2607 4308 2996 4364 monumentis.
3048 4308 3117 4365 Ut
3142 4319 3323 4365 autem

1752 4405 1896 4460 scias
1924 4401 2049 4472 quia
2081 4416 2188 4457 non
2229 4399 2284 4452 in
2313 4399 2662 4469 praescientia
2693 4399 2787 4453 Dei
2817 4399 3111 4469 unicuique
3131 4399 3325 4456 salutis

1750 4512 1912 4553 causa
1946 4495 2164 4562 ponitur
2188 4490 2322 4561 (77),
2355 4492 2446 4546 sed
2481 4492 2534 4545 in
2564 4493 2841 4560 proposito
2871 4501 2926 4546 et
2946 4492 3164 4547 actibus
3186 4492 3324 4560 suis,

1751 4591 1873 4645 vide
1900 4588 2122 4643 Paulum
2157 4594 2435 4640 verentem
2460 4599 2527 4639 ne
2567 4584 2709 4639 forte
2737 4599 2858 4640 cum
2898 4583 3018 4638 aliis
3054 4584 3324 4654 praedica-

1751 4680 1912 4746 verit,
1972 4679 2086 4749 ipse
2134 4679 2396 4747 reprobus
2447 4675 2740 4739 efﬁciatur,
2794 4688 3076 4728 macerare
3127 4688 3325 4744 corpus

1751 4786 1931 4836 suum,
1969 4779 2026 4826 et
2073 4770 2344 4840 subjicere
2378 4767 2629 4823 servituti
2671 4767 2739 4820 ἰ.
2795 4765 2990 4820 Adhuc
3034 4765 3324 4820 adversum

1753 4879 1848 4920 eos
1874 4862 1966 4933 qui
2001 4861 2154 4917 nobis
2190 4859 2498 4929 bujusmodi
2523 4857 2850 4927 quaestiones
2882 4854 3152 4926 objiciunt
3183 4856 3320 4928 (78),

2303 4999 2350 5031 ⁸³
2372 4997 2673 5059 Gen.xxtv,
2704 4997 2789 5050 l6.
2865 4996 2913 5028 ⁸⁸
2944 4995 3098 5052 Deut.
3127 5011 3320 5062 χχχιιι,

2573 5070 2620 5099 θ’
2649 5067 2827 5122 lTitn.
2858 5083 2893 5130 t,
2923 5067 3009 5122 19.
3086 5068 3132 5100 ⁹⁰
3160 5067 3319 5123 Rom.

1813 5263 1926 5336 (76)
1959 5263 2128 5327 Alias,
2171 5278 2201 5336 «_
2227 5259 2503 5336 fingimus.
2541 5275 2560 5310 ι
2597 5256 2800 5336 Deinde
2825 5257 2979 5322 editi,
3016 5272 3052 5336 _¢
3091 5254 3317 5336 aliquid,

1743 5325 1987 5391 futurum
2020 5325 2139 5386 sine
2171 5325 2337 5384 dubio
2361 5339 2503 5392 erat,
2530 5331 2674 5398 quod
2707 5327 2804 5392 ita,
2848 5338 2906 5382 ut
2939 5333 3067 5396 puto
3097 5325 3218 5397 (al.,
3262 5335 3322 5378 ut

1744 5409 1908 5476 puta)
1935 5398 2123 5476 ludas.
2143 5419 2164 5454 ι
2201 5409 2309 5476 e_t_c.

1819 5465 1934 5545 (77)
1969 5473 2134 5545 Editi,
2169 5488 2188 5521 ι
2225 5467 2504 5545 Utantem
2541 5465 2686 5522 scias
2731 5481 2855 5545 non.
2880 5467 2934 5520 in

1750 5538 1846 5602 Dei
1889 5538 2182 5609 unicuique
2233 5539 2426 5594 salutis
2474 5553 2692 5591 causam
2735 5538 2881 5605 poni.
2915 5555 2933 5586 ι

1750 5629 1882 5672 mss.
1918 5621 1973 5668 et
2008 5613 2261 5664 Rabanus
2294 5609 2355 5662 ut
2389 5611 2441 5661 in
2476 5615 2660 5661 nostro
2689 5614 2860 5660 textu.

1826 5684 1938 5741 (78)
1972 5682 2141 5740 Alias.
2181 5699 2198 5733 ι
2237 5689 2290 5733 et
2317 5679 2585 5743 subiicere
2615 5676 2894 5734 servituti.
2920 5673 3033 5732 Hoc
3065 5677 3326 5734 adversus

3016 5461 3318 5518 rmscientia

3012 5536 3078 5589 ed
3124 5548 3320 5589 omnes
