3692 6138
405 218 539 274 1127

1875 215 2199 274 ORICENIS

3491 222 3591 282 lli!

399 342 564 394 etiam
603 340 716 394 btec
740 352 1032 408 possumus
1061 337 1282 392 dicere:
1319 337 1375 391 Si
1407 352 1546 407 quos
1570 337 1864 407 prmscivit,
1905 339 1974 390 il-
2005 345 2053 402 Α
2083 337 2176 392 Dei
2231 332 2441 390 habitat
2488 333 2540 387 in
2571 332 2828 402 nobis",
2861 343 2921 390 et
2955 333 3100 406 quod
3135 334 3372 405 Spiritus
3412 334 3588 409 Christi,

401 436 483 490 los
511 445 568 488 et
593 431 1038 503 praedestinavit;
1090 446 1198 484 non
1243 440 1427 486 autem
1459 445 1653 486 omnes
1691 431 1973 499 praedesti-

399 528 589 591 navit;
614 539 744 594 ergo
769 539 874 579 non
901 537 1093 578 omnes
1125 523 1400 591 pratseivit
1424 539 1439 575 :
1475 531 1530 577 et
1557 523 1854 577 secumlum
1879 539 1974 577 eos

397 630 559 676 erunt
593 618 771 688 aliqua
795 632 917 686 quae
943 617 1154 686 ignoret
1187 617 1346 670 Deus.
1381 615 1436 670 Si
1469 631 1599 670 vero
1630 629 1974 684 pramoscere

399 713 699 766 secundum
727 709 829 763 hoc
858 706 1164 775 accipiatur
1194 706 1338 774 quod
1381 721 1542 776 supra
1580 705 1841 769 diximus,
1870 703 1973 758 hoc

397 814 501 868 est,
541 801 594 855 in
625 799 878 854 aﬂectum
938 798 1184 866 recipere
1234 797 1446 861 sibique
1491 795 1724 858 sociare,
1781 810 1969 848 verum

397 895 505 949 erit
535 893 667 963 quia
698 893 844 948 sicut
876 906 981 945 non
1015 904 1203 943 onmes
1237 887 1664 958 prmdestinavit,
1699 886 1771 939 ita
1797 901 1972 954 neque

395 1004 584 1042 omnes
608 985 990 1057 praseognovit.
1041 982 1134 1036 Sic
1180 982 1327 1036 enim
1357 991 1408 1034 et
1438 979 1595 1034 Jesus
1631 979 1741 1047 (79)
1772 979 1971 1032 dicitur

396 1097 502 1134 non
533 1077 850 1148 cognovisse
886 1087 1165 1145 peccatum
1198 1075 1266 1129 9’.
1304 1071 1682 1141 Numquidnam
1708 1072 1955 1124 dicemus

395 1172 523 1240 quia
559 1169 815 1225 nescierit
845 1167 1002 1222 Jesus
1037 1167 1165 1235 quid
1195 1175 1341 1219 esset
1375 1174 1681 1233 peccatum,
1727 1163 1827 1215 boe
1862 1173 1967 1228 est,

394 1265 520 1332 quia
556 1262 810 1316 nescierit
834 1260 1185 1314 homicidium
1219 1268 1499 1327 peccatum
1531 1272 1674 1321 esse,
1712 1257 1790 1311 vel
1818 1257 1968 1310 adul-

397 1357 614 1419 teriam,
649 1355 734 1409 vel
757 1353 980 1415 furtum,
1008 1361 1064 1406 et
1093 1352 1181 1405 bis
1209 1350 1445 1404 similia?
1472 1351 1552 1402 An
1583 1351 1686 1403 hoc
1712 1359 1795 1404 εει
1826 1349 1966 1416 quod

393 1450 592 1501 dicitur
647 1449 859 1500 nescire
915 1454 1228 1512 peccaturo.
1284 1442 1410 1510 quia
1468 1450 1692 1510 peccato
1745 1456 1804 1495 se
1861 1456 1966 1494 non

393 1542 631 1603 miscuit,
657 1553 833 1606 neque
866 1536 1092 1590 adhaesit
1112 1536 1160 1588 ei
1187 1535 1495 1602 peceatum?
1529 1533 1619 1588 Sic
1636 1543 1690 1589 et
1709 1533 1832 1588 alibi
1853 1531 1964 1603 (80)

392 1633 653 1699 scriptum
688 1640 774 1683 est
798 1629 882 1681 93:
924 1646 942 1678 ι
977 1626 1075 1692 Qui
1110 1634 1295 1680 servat
1329 1627 1666 1688 mamlatum,
1709 1639 1814 1679 non
1867 1640 1960 1679 co-

2077 426 2161 480 vel
2195 427 2446 483 Christus
2477 430 2530 482 in
2555 427 2711 482 nobis
2738 437 2824 482 est
2842 426 2888 459 ’³
2906 465 2923 490 ,
2949 426 3032 480 vel
3065 427 3206 495 quod
3256 425 3481 496 Spiritus
3506 431 3588 501 ejus

2076 517 2168 585 qui
2199 518 2482 571 suscitavit
2515 517 2792 571 Christum
2838 531 2866 569 a
2917 518 3143 571 mortuis
3163 517 3330 588 606
3355 517 3530 574 habitat
3553 525 3586 576 in

2076 607 2235 662 nobis
2265 609 2280 638 ¹
2305 607 2453 679 (85),
2491 611 2576 663 vel
2609 609 2752 677 quod
2778 606 2980 677 Spiritu
3011 608 3104 662 Dei
3131 613 3362 678 agimur,
3391 610 3587 678 velqu

2075 698 2324 766 spiritum
2374 701 2677 770 adoptionis
2709 700 3020 768 accepimus
3052 703 3108 768 ²;
3156 701 3238 756 vel
3268 701 3408 770 quod
3448 718 3588 760 sumus

2075 790 2170 844 lilii
2203 791 2290 845 Dei
2318 802 2373 845 et
2396 793 2635 846 lueredes
2659 805 2710 846 et
2730 792 3038 845 coluereiles
3069 791 3270 846 Christi
3299 792 3358 858 ³;
3392 794 3468 846 vel
3485 799 3590 864 quod

2074 883 2350 951 primitias
2391 883 2628 954 Spiritus
2651 883 3019 953 aceipimus‘;
3063 884 3145 938 vel
3183 885 3326 954 quod
3359 887 3463 956 ipse
3499 889 3589 958 Spi.

2072 975 2213 1028 ritus
2267 975 2574 1044 interpellat
2616 992 2714 1045 pro
2763 976 2917 1030 nobis
2961 978 3253 1044 gemitibus
3310 979 3593 1038 inenarrabi-

2073 1065 2214 1121 libus
2240 1067 2302 1133 ⁸;
2352 1068 2435 1122 vel
2475 1070 2617 1138 quod
2671 1071 2926 1125 universa
2959 1081 3211 1126 creatura
3248 1072 3404 1128 nobis
3440 1088 3592 1144 conge-

2079 1156 2264 1210 miscit
2309 1167 2365 1211 et
2413 1157 2742 1223 c0ndolet‘;
2801 1157 2886 1212 vel
2927 1159 3072 1227 quod
3117 1159 3303 1212 omnia
3357 1159 3498 1213 nobis
3529 1175 3595 1214 co-

2071 1256 2368 1316 operantur
2396 1249 2449 1300 in
2478 1249 2676 1302 bonum
2710 1250 3062 1322 diligentibus
3094 1249 3264 1304 Deum
3285 1249 3306 1280 ⁷
3336 1267 3352 1316 ;
3377 1249 3454 1304 vel
3489 1252 3594 1320 quod

2030 1365 2032 1367 ν
2071 1339 2368 1392 secundum
2400 1341 2733 1407 propositum
2764 1342 2937 1396 vocati
2974 1356 3186 1403 smnus,
3216 1349 3275 1394 et
3305 1342 3592 1410 praecogniti,

2068 1439 2121 1484 et
2149 1431 2538 1499 praadestinati,
2566 1432 2938 1500 etjustilicati,
2969 1443 3024 1488 et
3051 1431 3341 1503 gloriﬁcati
3362 1432 3406 1485 '.
3433 1431 3592 1486 Horum

2068 1525 2272 1576 etenim
2299 1524 2535 1578 onmimn
2567 1525 2729 1579 veluti
2760 1525 3029 1596 epilogum
3062 1525 3271 1579 faetens
3309 1523 3442 1596 (84),
3465 1535 3512 1579 ει
3543 1525 3593 1578 si-

2073 1614 2181 1668 mul
2209 1614 2392 1668 omnia
2432 1624 2683 1684 repetens
2712 1617 2790 1669 ait
2823 1632 2839 1671 :
2897 1636 2916 1668 ι
2947 1616 3087 1684 Quid
3129 1631 3263 1687 ergo
3303 1617 3526 1671 dicemus
3548 1619 3592 1670 ad

389 1731 611 1790 gnoscet
665 1722 865 1772 malum
914 1717 1163 1778 verbum,
1209 1735 1229 1766 ι
1287 1715 1388 1770 Ιιοε
1443 1725 1526 1769 εει
1578 1731 1685 1769 non
1734 1716 1966 1785 recipiet
1996 1705 2042 1764 Β
2071 1708 2184 1761 11330
2200 1707 2246 1759 ’⁸9
2275 1727 2294 1760 ³
2323 1707 2424 1762 hoc
2450 1717 2554 1772 εει,
2591 1709 2656 1761 ad
2678 1707 2791 1762 Ιιῖείτ
2815 1710 2994 1762 omnia
3021 1724 3141 1778 quae
3167 1725 3336 1780 supra
3360 1710 3591 1764 άίιίωυδε

391 1821 615 1888 verbum
668 1808 896 1872 malum,
938 1823 1042 1861 non
1089 1809 1295 1870 credet,
1334 1822 1440 1861 non
1484 1807 1719 1862 libenter
1759 1809 1964 1871 audiet,

393 1917 568 1972 neque
603 1901 853 1955 admittet
879 1900 1087 1968 ingredi
1124 1910 1361 1954 mentem
1392 1914 1571 1953 suam.
1609 1915 1628 1948 ι
1657 1897 1805 1964 Quos
1835 1917 1853 1949 ι
1879 1914 1968 1952 ει·-

391 2009 460 2063 go
490 1993 786 2046 secundum
829 1991 974 2045 hunc
1001 1990 1220 2044 modum
1251 2009 1270 2041 ι
1305 1989 1581 2058 prmscivit
1616 2009 1634 2042 ι
1673 1989 1833 2052 Dens,
1865 2009 1883 2041 ι
1909 1990 1969 2044 il-

390 2087 471 2140 los
502 2097 558 2139 et
587 2085 1034 2152 praedestinavit;
1068 2095 1124 2138 et
1146 2098 1286 2152 quos
1314 2082 1741 2151 praedestinavit,
1775 2083 1893 2138 illos
1912 2091 1970 2137 et

388 2179 621 2241 vocavit,
649 2195 676 2227 ιο
711 2193 774 2231 ea
808 2177 1110 2230 vocationis
1159 2175 1516 2228 distinctione
1545 2190 1650 2242 qua
1686 2174 1962 2229 diximus:

393 2289 410 2320 ι
450 2281 504 2322 ει
530 2284 664 2336 quos
712 2269 952 2332 vocavit,
987 2267 1108 2322 illos
1139 2277 1194 2321 et
1222 2267 1545 2333 justiﬁCavit
1576 2287 1588 2321 :
1621 2277 1674 2322 et
1702 2283 1839 2338 quos
1875 2268 1964 2338 jn-

385 2360 662 2422 stiticavit,
691 2360 810 2413 illos
832 2369 885 2412 et
910 2359 1280 2427 gloriﬁcavit.»
1318 2357 1390 2412 De
1417 2358 1810 2428 gloriﬁcatioue
1839 2372 1967 2428 pos-

387 2466 575 2503 sumus
601 2460 655 2503 ει
690 2451 745 2503 in
788 2451 1044 2518 prassenti
1095 2449 1294 2502 szeculo
1349 2453 1646 2504 secundum
1695 2450 1805 2522 (81)
1834 2450 1966 2505 illud

389 2544 689 2612 intelligere
730 2543 871 2610 quod
921 2543 1051 2595 dicit
1095 2541 1394 2609 Apostolus
1417 2541 1463 2572 ⁹¹⁵
1503 2559 1517 2595 :
1578 2560 1596 2592 ι
1631 2542 1739 2595 Nos
1779 2553 1963 2597 autem

383 2649 572 2689 omnes
609 2635 847 2688 revelata
882 2634 1021 2690 facie
1051 2636 1281 2704 gloriam
1333 2635 1545 2690 Domini
1592 2636 1961 2706 speculantes,

382 2728 570 2781 cadem
603 2727 838 2796 imagine
865 2727 1325 2781 transformamur
1361 2745 1388 2781 a
1424 2728 1592 2797 gloria
1625 2730 1677 2780 in
1705 2728 1958 2797 gloriam,

386 2831 636 2886 tanquam
661 2835 690 2870 a
719 2818 926 2873 Domini
962 2819 1191 2889 Spiritu.
1227 2839 1244 2870 ι
1287 2820 1378 2874 Est
1405 2835 1535 2888 ergo
1560 2831 1613 2872 et
1642 2820 1753 2873 hau:
1785 2819 1958 2887 gloria

377 2926 542 2981 quam
561 2913 844 2982 justilicati
879 2917 1080 2982 quique
1107 2915 1158 2966 in
1187 2915 1439 2982 praesenti
1469 2915 1579 2968 vita
1610 2914 1956 2984 percipiunt:

379 3013 466 3060 est
496 3015 552 3060 et
590 3006 680 3058 illa
716 3021 836 3074 qua:
874 3017 1130 3076 speratur
1165 3007 1216 3057 in
1251 3006 1455 3071 futuro,
1488 3022 1610 3060 cum
1631 3022 1832 3076 corpus
1855 3007 1956 3060 hoc

381 3098 703 3152 humilitatis
731 3109 930 3152 nostra:
969 3100 1110 3167 quod
1146 3118 1164 3146 v
1191 3099 1494 3152 seminatur
1523 3099 1576 3152 in
1599 3099 1955 3155 contumelia.

381 3199 567 3258 surget
604 3190 656 3244 in
686 3191 857 3261 gloria
886 3192 930 3222 "
963 3209 975 3244 :
1015 3211 1034 3242 ι
1065 3202 1119 3245 ει
1141 3208 1265 3244 ειιιιι
1308 3209 1326 3241 ι
1361 3191 1500 3245 sicut
1525 3192 1626 3244 alia
1663 3201 1747 3244 εει
1783 3192 1956 3261 gloria

380 3275 530 3340 solis,
561 3286 617 3330 et
664 3278 768 3330 alia
812 3277 979 3348 gloria
1020 3278 1180 3342 Ittttnt,
1214 3290 1266 3333 et
1298 3279 1404 3332 alia
1436 3279 1606 3347 gloria
1649 3280 1956 3344 stellarum,

377 3377 434 3419 et
464 3367 604 3421 sicut
647 3369 803 3423 stella
835 3384 865 3422 a
896 3368 1052 3422 stella
1095 3370 1274 3422 dill'ert
1323 3369 1375 3422 in
1405 3370 1600 3438 gloria,
1647 3371 1720 3424 ita
1763 3371 1871 3425 erit
1901 3383 1958 3426 et

381 3460 708 3514 resurrectio
737 3471 1072 3514 mortuorum
1094 3463 1140 3492 9‘
1171 3461 1311 3526 (82).
1335 3479 1350 3508 ι

445 3551 499 3604 9.
545 3568 564 3601 ι
598 3551 736 3617 Quid
783 3566 914 3621 ergo
963 3553 1207 3606 dicemus
1241 3555 1308 3606 ad
1360 3553 1519 3615 haec?
1555 3553 1612 3607 Si
1666 3555 1806 3609 Deus
1855 3570 1952 3624 pro

376 3643 556 3708 nobis,
585 3645 708 3713 quis
736 3653 924 3698 contra
954 3645 1089 3698 nos?
1117 3645 1217 3711 Qui
1247 3646 1410 3700 etiam
1445 3647 1665 3716 pr0prio
1689 3647 1828 3702 Filio
1852 3664 1953 3704 suo

379 3749 486 3787 non
516 3734 776 3801 pepercit,
807 3734 900 3789 sed
929 3750 1024 3804 pro
1051 3736 1207 3790 nobis
1239 3736 1494 3792 omnibus
1533 3738 1755 3792 tradidit
1779 3738 1949 3804 illum,

377 3826 648 3892 qnmnodo
687 3843 791 3879 non
841 3825 1002 3878 etiam
1057 3843 1179 3880 cum
1226 3829 1317 3882 illo
1350 3829 1534 3883 omnia
1588 3829 1747 3883 nobis
1778 3831 1950 3883 dona-

379 3915 566 3969 bit”?
595 3935 612 3967 ι
667 3915 806 3970 Deus
848 3919 1122 3984 quomodo
1149 3935 1248 3987 pro
1285 3921 1439 3975 nobis
1471 3921 1563 3983 sit,
1601 3920 1947 3976 manifestum

375 4016 461 4061 est
493 4021 562 4060 ex
587 4007 671 4060 bis
697 4023 818 4076 qua:
850 4023 1010 4076 supra
1037 4012 1308 4078 exposuit,
1343 4011 1394 4064 id
1416 4020 1498 4064 est
1536 4011 1684 4080 quod
1707 4012 1947 4081 Spiritus

444 4134 488 4163 θ’
519 4131 555 4184 ll
601 4131 725 4187 Cor.
773 4149 823 4194 ν.
879 4135 968 4189 21.
1045 4137 1089 4169 ⁸³
1119 4138 1294 4193 Eccle.
1325 4154 1440 4202 vm,
1469 4140 1522 4194 5.

373 4201 464 4254 δὲ.
540 4202 588 4234 ⁸⁸
643 4205 772 4257 ibid.
818 4205 871 4258 9.
948 4207 993 4238 ⁸⁸
1032 4208 1162 4262 ibid.
1200 4211 1285 4264 10.
1362 4211 1378 4240 ¹
1407 4201 1534 4264 ibid.
1568 4212 1652 4265 11.

376 4271 558 4343 (ibid.
607 4271 696 4326 28.
771 4275 792 4306 ⁸
824 4275 952 4331 ibid.
993 4276 1084 4343 29,
1121 4279 1214 4334 50.
1287 4281 1308 4313 θ
1338 4279 1468 4334 ibid.
1497 4282 1587 4336 51.

379 4340 422 4370 ¹¹⁵
447 4344 575 4396 ibid.
613 4343 700 4405 15.
744 4346 830 4401 16.

1601 4141 1647 4172 9b
1676 4141 1717 4172 11
1743 4141 1780 4172 l‘

1676 4139 1717 4193 11
1743 4141 1868 4195 Cor.
1907 4159 1987 4203 ιιι.
2024 4145 2106 4195 18.
2185 4144 2229 4175 ³⁵
2263 4143 2277 4196 1
2310 4145 2434 4196 Cor.
2467 4161 2494 4196 κ

1732 4214 1752 4242 ²
1778 4215 1906 4266 ibid.
1937 4215 2025 4275 14.
2052 4214 2136 4268 15.
2215 4215 2236 4245 ³
2262 4215 2498 4267 ibid.l7.

1669 4283 1712 4314 ¹⁰
1746 4281 1937 4338 lPetr.
1971 4299 2024 4350 v,
2065 4285 2121 4339 8.

2068 1801 2193 1870 quia
2227 1800 2271 1854 si
2299 1801 2380 1854 sic
2421 1801 2559 1854 Dens
2591 1817 2690 1868 pro
2717 1803 2874 1857 nobis
2901 1813 3007 1869 est,
3036 1815 3095 1857 ut
3118 1804 3235 1858 haec
3269 1803 3424 1858 nobis
3443 1812 3592 1858 cuncta

2068 1891 2432 1958 concesserit,
2473 1893 2596 1962 quis
2628 1908 2752 1947 esse
2794 1895 3079 1948 adversum
3115 1910 3212 1950 nos
3240 1896 3478 1965 poterit?
3507 1895 3590 1949 Non

2067 2001 2175 2054 quo
2213 1985 2432 2040 omnino
2456 1987 2726 2041 neminem
2748 1988 2902 2041 nobis
2923 2003 3045 2042 esse
3068 1989 3212 2042 dicat
3237 1988 3590 2044 adversarium:

2068 2079 2310 2156 alioquin
2351 2081 2624 2151 quomodo
2653 2081 2821 2136 stabit
2847 2082 2976 2135 illud
3005 2080 3118 2154 (85)
3144 2085 3294 2152 quod
3326 2083 3511 2137 dictum
3532 2092 3591 2136 est

2067 2186 2097 2222 a
2125 2168 2328 2226 Petro:
2371 2190 2389 2224 ι
2430 2171 2794 2227 Adversarius
2848 2183 3029 2228 vester
3077 2173 3333 2229 diabolus
3363 2173 3492 2228 sicut
3531 2172 3590 2226 leo

2067 2263 2286 2332 rugiens
2320 2265 2518 2328 circuit
2554 2281 2806 2336 qurerens
2831 2283 2990 2338 quem
3022 2276 3337 2323 transvoret
3362 2267 3482 2320 "2i
3514 2265 3589 2319 Sed

2065 2355 2172 2410 hoc
2194 2371 2278 2411 εει
2309 2359 2454 2427 quod
2492 2361 2752 2425 ostendit,
2785 2361 2908 2431 quia
2955 2362 3066 2415 Deo
3095 2369 3300 2430 agente
3334 2375 3428 2428 pro
3455 2358 3589 2421 nobis,

2063 2449 2482 2520 contemptibilis
2526 2460 2580 2505 et
2623 2453 2803 2508 nullus
2852 2453 3080 2507 edicitur
3136 2453 3253 2521 (86)
3286 2453 3591 2508 adversarius

2063 2549 2262 2594 noster.
2302 2539 2560 2594 Similiter
2594 2552 2772 2595 autem
2793 2551 2846 2596 et
2861 2542 3026 2596 David
3056 2543 3184 2598 dicit
3205 2542 3251 2572 “
3283 2560 3297 2596 :
3337 2560 3356 2592 ι
3383 2541 3592 2595 Dominus

2065 2631 2393 2687 illuminatio
2453 2647 2593 2698 mea,
2622 2644 2676 2686 et
2707 2634 2956 2688 Salvator
2979 2650 3152 2699 meus,
3186 2650 3353 2704 quem
3383 2633 3591 2688 timebo?

2062 2723 2320 2777 Deminus
2344 2735 2622 2791 protector
2638 2725 2761 2779 vita:
2778 2741 2926 2788 “1033,
2944 2741 2971 2778 a
2993 2741 3100 2794 quo
3129 2725 3475 2796 trepidaboh
3505 2723 3588 2777 Non

2059 2832 2187 2884 ergo
2231 2816 2436 2868 nullmn
2465 2817 2597 2869 dicit
2629 2832 2748 2871 esse
2783 2833 2942 2885 quem
2973 2828 3197 2879 metuat,
3238 2827 3298 2871 et
3330 2818 3418 2886 qui
3447 2819 3588 2870 adver-

2059 2916 2209 2959 setur
2239 2905 2310 2968 ei,
2353 2904 2447 2960 sed
2482 2909 2752 2976 quamvis,
2803 2907 3008 2975 inquit,
3051 2925 3071 2958 ι
3101 2909 3423 2978 appropient
3465 2922 3588 2974 super

2062 3012 2149 3051 me
2177 3007 2234 3051 ιιι
2261 2997 2426 3052 edant
2449 3013 2644 3052 carnes
2674 3014 2821 3052 meas
2847 2997 2938 3067 qui
2987 2998 3257 3053 tribulant
3291 3015 3378 3053 me
3420 2996 3586 3052 inimici

2065 3089 2166 3142 mei
2203 3089 2268 3152 η,
2307 3108 2326 3140 ι
2368 3098 2548 3143 tamen
2581 3090 2810 3144 Domino
2843 3089 3169 3146 defendente
3218 3093 3386 3147 vitam
3427 3108 3585 3152 meam,

2065 3197 2084 3232 ι
2117 3180 2372 3234 inﬁrmati
2403 3179 2515 3253 (87)
2552 3190 2703 3245 sunt,
2731 3190 2786 3234 et
2819 3181 3188 3238 ceciderunt.»
3228 3185 3333 3239 Dat
3370 3195 3586 3254 praeterea

2061 3269 2317 3321 indicium
2349 3269 2644 3322 maximum
2690 3269 2928 3339 ingentis
2971 3287 3101 3341 erga
3145 3289 3242 3328 nos
3275 3276 3472 3328 amoris
3501 3275 3583 3334 Dei,

2061 3362 2150 3431 qui
2181 3361 2233 3412 in
2264 3370 2495 3426 tantum,
2534 3361 2710 3431 inquit
2734 3362 2797 3427 “,
2836 3380 2934 3418 nos
2976 3367 3194 3433 dilexit,
3227 3379 3287 3421 ut
3325 3384 3420 3423 nec
3452 3389 3468 3420 ι
3493 3381 3586 3437 pro-

2060 3457 2175 3523 prio
2192 3455 2329 3511 Filio
2347 3472 2448 3511 suo
2476 3475 2497 3511 ι
2526 3458 2844 3527 pepercerit,
2875 3479 2893 3512 ι
2922 3461 3014 3516 sed
3038 3477 3135 3534 pro
3165 3464 3324 3518 nobis
3349 3465 3581 3518 omnibust

2059 3550 2124 3602 ad
2169 3551 2478 3618 passionem
2511 3554 2793 3608 tradiderit
2848 3571 2868 3605 ι
2909 3570 3030 3610 ειιιη
3061 3556 3193 3626 (88),
3234 3577 3254 3609 ι
3315 3558 3379 3611 Et
3406 3567 3459 3612 ut
3494 3572 3583 3611 ma-

2055 3641 2176 3709 jore
2226 3658 2324 3695 nos
2367 3643 2733 3700 admiratione
2771 3648 3204 3716 constringeret,
3249 3649 3453 3702 addidit
3492 3662 3580 3701 scr-

2063 3749 2272 3786 mnnem
2296 3735 2532 3804 ingeotis
2555 3738 2742 3791 arcani
2775 3739 3052 3791 conscium
3085 3739 3294 3802 dicens,
3315 3741 3438 3810 quia
3456 3759 3472 3791 ι
3490 3756 3581 3808 pro-

2060 3827 2179 3894 prio
2207 3826 2344 3880 Filio
2388 3844 2486 3881 suo
2519 3845 2620 3881 non
2652 3832 2912 3900 pepercit.
2951 3849 2969 3880 ι
3010 3830 3228 3886 Dixerat
3269 3834 3411 3886 enim
3457 3845 3580 3897 supe-

2058 3917 2172 3988 riqs
2208 3919 2271 3982 ”,
2326 3921 2450 3986 quia
2508 3922 2670 3974 etiam
2730 3938 2828 3978 nos
2874 3925 2967 3994 qui
3021 3923 3275 3992 spiritum
3323 3922 3578 3992 adoptionis

2056 4011 2376 4078 arcipinms,
2409 4011 2501 4065 lilii
2535 4013 2627 4066 Dei
2673 4027 2878 4068 sumus.
2932 4011 3011 4068 Ne
3040 4028 3169 4084 ergo
3208 4014 3475 4068 communi
3502 4013 3576 4064 ista

2185 4144 2229 4175 9‘
2263 4143 2277 4196 1
2310 4145 2434 4196 Cor.
2467 4161 2557 4210 xv,
2593 4145 2750 4199 43."
2785 4146 2916 4199 ibid.
2945 4146 3037 4201 «11.
3111 4147 3155 4178 ⁸⁷
3200 4144 3359 4200 Rom.
3391 4144 3573 4207 vtn,3|,

2215 4215 2236 4245 ³
2262 4215 2498 4267 ibitl.i7.
2576 4215 2730 4270 ‘tliid.
2761 4215 2854 4270 25.
2936 4217 2955 4248 ⁵
2993 4217 3009 4270 i
3053 4217 3125 4271 id.
3161 4216 3250 4269 2t}.
3307 4217 3330 4246 ‘
3360 4217 3478 4268 Ibid.
3507 4213 3573 4270 22.

2762 4286 2806 4316 ⁸⁸
2832 4287 2958 4342 ibid.
2990 4287 3046 4340 2.
3122 4287 3167 4318 ¹³
3199 4286 3358 4340 Rotn.
3387 4284 3571 4352 vm,5‘2.

3111 4147 3155 4178 ⁸⁷
3200 4144 3359 4200 Rom.
3391 4161 3491 4207 vin,
3509 4144 3574 4207 51,

2197 4287 2235 4316 ¹¹
2265 4285 2406 4339 Paul.
2444 4301 2592 4353 xxvr,
2633 4285 2684 4338 1.

373 4472 494 4540 e93,
522 4459 611 4527 qui
641 4460 796 4514 nobis
843 4461 1148 4531 bnjusmodi
1195 4467 1528 4535 qutestiones
1578 4470 1865 4535 suscitant,
1918 4489 1937 4522 ι
1976 4479 2023 4537 υ
2119 4469 2230 4540 (81)
2271 4469 2551 4540 Epilogum
2583 4472 2804 4540 faciens.
2841 4472 3042 4528 Omnes
3071 4485 3202 4526 mss.
3235 4472 3399 4524 nostri
3419 4482 3466 4524 et
3488 4470 3568 4523 Ba-

374 4527 469 4588 aL,
510 4546 529 4577 ι
567 4540 804 4594 movent,
834 4548 853 4580 ι
882 4527 988 4587 etc.

445 4596 559 4666 (79)
592 4598 680 4651 Sic
710 4611 854 4675 recte
880 4617 978 4656 ms.
1011 4621 1147 4656 unus
1172 4604 1367 4675 Regius
1392 4624 1540 4662 ntun.
1567 4608 1722 4662 1659.
1745 4608 1938 4665 C:cteri

364 4683 503 4748 Nero
527 4685 678 4748 mss"
709 4668 965 4748 [tabanus
987 4681 1041 4726 et
1060 4675 1188 4728 editi
1213 4668 1300 4732 hic
1325 4688 1381 4732 et
1403 4678 1542 4732 infra
1571 4679 1769 4734 habent
1791 4699 1810 4731 ι
1836 4681 1934 4748 is,»

374 4740 467 4803 aL,
503 4738 657 4808 this,
686 4757 707 4790 ν»
746 4754 842 4808 pro
886 4760 904 4792 ι
931 4742 1108 4798 Jesus.
1144 4765 1161 4795 ι

444 4806 560 4947 (8οζ
583 4806 758 4873 Editi,
785 4826 804 4858 ι
835 4811 980 4865 Sicut
1011 4824 1063 4865 et
1088 4817 1235 4870 alibi.
1274 4835 1292 4868 ι

447 4881 528 4947 (81
599 4877 918 4934 Secundum.
954 4883 1109 4938 Deest
1147 4885 1201 4938 in
1229 4886 1292 4942 lib

588 4877 918 4958 Secundum.
954 4883 1109 4938 Deest
1147 4885 1208 4958 in_
1229 4886 1382 4942 libris
1412 4897 1569 4943 antea
1605 4888 1786 4944 editis.

444 4948 558 5018 (Βῖ)
585 4948 852 5028 Sienrecte
888 4966 988 5006 ms.
1024 4969 1162 5010 unus
1195 4956 1392 5025 liegius
1415 4975 1561 5012 nntn.
1591 4961 1727 5018 1659
1755 4971 1808 5015 ει
1831 4961 1939 5014 lia-

375 5017 572 5100 !ianuus.
613 5017 751 5097 Edili
788 5035 915 5074 Vero
946 5032 999 5075 et
1033 5040 1163 5100 mss.
1209 5017 1324 5100 alii,
1370 5047 1389 5078 ι
1439 5044 1561 5083 cum
1591 5017 1810 5100 corpus
1843 5033 1943 5086 hoc

361 5088 696 5171 diumilitatis
719 5100 923 5171 nostrte
935 5093 1234 5171 seminatur
1258 5088 1680 5171 ilicontititielia,
1700 5088 1752 5156 et
1781 5121 1799 5153 ν
1822 5103 1941 5171 (aL,

374 5162 963 5240 deesttetrci'tsurgetin
997 5163 1197 5240 gloria;
1227 5177 1282 5222 et
1301 5179 1389 5224 est
1412 5170 1515 5222 alia
1544 5162 1715 5237 gloria
1747 5190 1768 5224 ι
1823 5162 1942 5240 (aL,

375 5237 599 5310 (etcum
617 5230 719 5282 alia
761 5230 1029 5310 gloriai}
1066 5237 1161 5310 a_l.,
1195 5256 1221 5310 ι
1253 5250 1309 5294 ει
1335 5241 1478 5294 sicut
1515 5230 1620 5294 aiia
1655 5230 1942 5310 gloria)....

371 5310 428 5352 et
455 5300 605 5378 stella
633 5314 662 5351 a
698 5300 848 5378 stella
878 5302 1055 5358 diti‘ert
1093 5300 1155 5378 in:
1177 5308 1426 5364 claritate
1456 5330 1474 5360 ι
1510 5311 1627 5378 (aL,
1655 5300 1684 5363 ἶ
1721 5328 1750 5365 a
1779 5300 1942 5367 clari-

365 5371 509 5437 tatc)
538 5371 616 5423 sic
645 5371 752 5424 erit
782 5371 832 5424 in
869 5377 1269 5433 resurrectione
1299 5371 1688 5435 mortuorum.»

441 5438 649 5514 (δὸῌίι
675 5446 813 5514 quod
841 5441 1070 5510 Spiritus
1094 5444 1310 5514 Christi,
1340 5450 1416 5502 vel
1444 5449 1684 5505 Christus
1708 5453 1762 5506 in
1790 5453 1938 5506 nobis

371 5520 468 5570 est,
499 5509 576 5584 vet
598 5513 739 5584 quod
764 5509 999 5584 Spiritus
1022 5515 1135 5584 ejus
1166 5521 1256 5584 qui
1288 5509 1560 5574 suscitavit
1595 5520 1859 5575 Christum
1905 5539 1939 5576 a

371 5579 615 5662 mortuis,
650 5579 849 5662 habitat
874 5584 930 5662 iu
951 5579 1134 5662 nobis.
1163 5579 1284 5646 l'ltec
1321 5607 1585 5660 nusquam
1621 5603 1940 5662 comparent

371 5647 424 5699 in
453 5647 608 5703 libris
638 5659 795 5705 antea
835 5655 1011 5710 editis.

2051 4539 2244 4604 banus,
2283 4559 2302 4591 ι
2332 4539 2785 4608 anacephaleosin
2873 4543 3096 4595 faciens.
3149 4561 3167 4594 ι
3225 4541 3376 4607 Quod
3424 4541 3569 4595 Graue

2048 4611 2188 4683 idem
2217 4622 2301 4664 est
2330 4625 2395 4665 ac
2429 4609 2624 4667 Latine
2659 4630 2679 4663 ι
2713 4611 3006 4683 epilogum,
3038 4630 3060 4665 ι
3093 4628 3190 4667 seu
3234 4631 3255 4664 ι
3288 4627 3458 4667 reruni
3483 4610 3567 4664 cnl-

2046 4679 2352 4736 lectionem.
2385 4699 2424 4736 ι.

2119 4749 2230 4822 (85)
2272 4750 2433 4815 Editi,
2491 4768 2511 4801 ι
2544 4750 2822 4817 Quomodo
2866 4752 3011 4804 enim
3061 4751 3224 4822 stabit
3268 4751 3416 4815 illud,
3442 4760 3565 4804 rete.

2048 4821 2247 4875 omissa
2285 4836 2437 4892 voce,
2479 4839 2498 4870 ι
2533 4823 2794 4890 alioquin,
2827 4841 2848 4874 ι
2885 4837 3044 4892 quam
3079 4821 3374 4890 praeferunt
3417 4831 3565 4875 omnes

2051 4906 2183 4944 mss.
2215 4901 2268 4946 et
2307 4889 2580 4947 Rabanus.

2122 4959 2236 5031 (86)
2264 4962 2402 5016 Edili
2434 4963 2706 5030 plerique.
2766 4978 2784 5011 ι
2816 4961 2919 5013 Sed
2950 4962 3051 5014 hoc
3083 4961 3340 5026 oswndit,
3363 4959 3562 5029 quia.....

2047 5041 2098 5086 et
2129 5032 2262 5085 nibil
2292 5051 2311 5082 ι
2344 5031 2464 5100 (aL,
2495 5049 2515 5082 ι
2548 5042 2602 5085 ει
2637 5032 2816 5099 nihili)
2849 5031 3098 5094 edicitur,
3134 5050 3153 5081 ι
3187 5043 3290 5084 etc.

2119 5101 2233 5172 (87)
2264 5098 2361 5156 διὸ
2384 5102 2629 5224 ιὲἐετζιιυε
2661 5098 2814 5168 ιιιεῡ..
2854 5101 3107 5186 Ιὶὲὺειιιιε
3137 5111 3193 5155 ει
3220 5102 3366 5155 editi.
3391 5098 3474 5177 bis.
3503 5106 3563 5174 ia-

2119 5188 2171 5224 :n
2214 5187 2353 5224 unus
2441 5185 2595 5224 eurus
2629 5187 2777 5224 num.
2831 5171 2989 5224 1659.
3031 5189 3051 5223 ι
3085 5175 3176 5224 sed
3224 5189 3365 5224 ctnn.
3407 5173 3558 5224 mouit.

2048 5188 2171 5226 men
2214 5171 2353 5226 unus
2393 5171 2595 5238 Regius
2629 5187 2777 5225 num.
2831 5171 2989 5236 1659,
3031 5189 3051 5223 ι
3085 5175 3176 5226 sed
3224 5189 3365 5236 ctnn,
3407 5171 3558 5235 inquit.

2048 5243 2369 5312 appropiant
2385 5255 2545 5308 super
2563 5257 2650 5312 me
2667 5251 2923 5296 nocentes
2950 5253 3010 5312 ut
3031 5244 3199 5295 edant
3222 5254 3405 5294 carnes
3425 5250 3556 5312 ntegS.

2048 5306 2235 5380 qui...:
2271 5312 2392 5379 ipsi,
2425 5306 2602 5366 meant
2633 5310 2865 5366 Domino
2890 5311 3210 5367 defendente
3236 5314 3412 5372 vitam,
3443 5306 3559 5360 inﬁr-

2046 5383 2202 5443 mati,
2227 5400 2246 5434 ι
2281 5393 2385 5434 etc.

2117 5451 2230 5521 (88)
2270 5449 2437 5517 Εάίιί.
2488 5451 2774 5524 (indidit
2801 5466 2946 5506 euut.
2972 5466 3010 5524 _t
3062 5451 3264 5524 Deinde
3308 5464 3400 5503 tus.
3450 5456 3558 5524 unus

2046 5517 2249 5597 Regius
2282 5539 2430 5577 num.
2481 5520 2644 5597 1659,
2688 5539 2708 5573 ι
2738 5521 2804 5576 Ει
2833 5531 2899 5597 _u_t_
2921 5521 2988 5576 ad
3017 5521 3268 5597 maiorem
3301 5535 3392 5572 nos
3418 5517 3555 5597 admi-

2046 5596 2312 5646 rationem
2336 5594 2754 5661 eonstringeret,
2780 5591 2947 5654 addit,
2977 5610 2996 5642 ι
3025 5602 3134 5644 etc.
3155 5593 3260 5647 Sed
3275 5591 3438 5647 caeteri
3459 5601 3554 5644 uiso.

2050 5661 2308 5718 [tabanus
2333 5673 2386 5717 et
2411 5663 2545 5718 editi
2577 5672 2633 5716 ut
2661 5661 2715 5716 in
2745 5672 2928 5716 nostro
2965 5670 3132 5715 textu.
