3692 6138
71 252 206 307 1129

997 257 1341 316 COMMENT.
1385 258 1449 314 IN
1491 259 1710 316 EPIST.
1751 261 1841 315 AD
1882 261 2045 318 ROM.
2087 265 2214 319 LIB.
2258 266 2368 322 νη.

3180 279 3318 335 1150

68 368 432 438 appellatione
485 371 716 426 ﬁliorum
766 389 929 427 unum
973 375 1211 444 aliquem
1252 393 1318 432 ex
1359 378 1443 432 his
1472 378 1646 434 tradi-
1674 384 1723 442 Α
1753 379 1841 434 nia
1879 382 2036 436 nobis
2070 382 2291 439 donabit
2319 399 2333 438 :
2361 404 2380 437 ι
2426 388 2525 440 hoc
2551 395 2655 454 est,
2699 388 2797 458 ipsi
2830 389 3048 461 quidem
3099 404 3158 448 ut
3203 400 3316 450 lue-

68 462 205 516 disse
237 470 537 529 putaretur
558 464 649 532 qni
679 465 732 518 in
767 465 908 520 ﬁlios
940 466 1266 522 videbantur
1296 469 1514 534 adsciti,
1549 469 1646 523 ad-

69 553 202 607 didit
245 569 266 603 ι
302 555 534 622 proprio
579 553 740 620 Filio,
774 574 793 606 ι
841 567 898 609 ut
945 572 1067 610 eum
1100 559 1192 627 qui
1227 559 1375 615 solus
1421 576 1489 614 ex
1527 561 1646 630 ipso

72 641 174 697 Deo
201 641 468 698 ineﬂ‘abili
498 645 778 700 nativitate
797 657 1108 716 generatur,
1147 653 1477 705 ostenderet.
1503 669 1522 701 ‹
1544 649 1646 705 Pro

70 735 218 790 nobis
263 749 402 806 ergo
445 737 700 791 omnibus
741 739 961 792 tradidit
999 754 1144 805 eum,
1181 759 1200 792 ι
1237 756 1341 795 non
1391 742 1481 796 illa
1538 754 1646 797 tra-

69 826 267 881 ditione
295 842 406 897 qua
436 828 703 898 scriptum
746 839 828 885 est
854 831 897 862 ¹¹¹
937 850 951 886 :
988 849 1006 883 ι
1044 831 1242 888 Tradet
1269 842 1445 888 autem
1481 833 1646 888 frater

73 919 287 974 fratrem
322 922 376 974 in
414 933 672 989 mortem,
715 933 770 976 et
804 934 1055 992 parentes
1090 925 1251 990 ﬁlios,
1283 945 1301 977 ι
1345 927 1440 982 sed
1473 928 1644 981 tradi-

71 1014 210 1066 disse
234 1027 360 1067 eum
385 1013 594 1069 dicitur
624 1015 725 1069 hoc
753 1015 894 1084 ipso,
925 1017 1067 1085 quod
1103 1033 1226 1072 cum
1266 1019 1317 1072 in
1345 1019 1514 1074 forma
1548 1019 1642 1074 Dei

71 1116 228 1168 esset,
253 1121 455 1175 passus
486 1116 573 1162 est
602 1122 722 1160 eum
745 1108 1022 1164 exinanire
1051 1109 1308 1180 seipsum,
1333 1119 1387 1164 et
1414 1109 1640 1165 formam

72 1199 205 1250 servi
239 1199 548 1267 suscipere,
580 1209 633 1254 et
671 1214 840 1269 usque
868 1203 936 1254 ad
972 1210 1200 1256 mortem
1241 1203 1421 1256 crucis
1449 1215 1643 1270 perve-

72 1290 182 1343 nire
205 1289 248 1320 ¹⁶
273 1305 289 1343 :
319 1299 381 1343 ut
422 1291 478 1344 in
511 1291 627 1361 ipso
665 1295 919 1348 omnibus
955 1293 1261 1363 exemplum
1315 1293 1642 1349 obedientiae

73 1387 311 1442 poneret,
332 1387 388 1430 et
411 1378 553 1432 viam
575 1381 989 1436 resurrectionis
1010 1381 1235 1437 mortuis
1251 1383 1487 1450 aperiret
1503 1381 1636 1453 (89).

78 1484 95 1515 ί
125 1463 227 1520 Pro
283 1468 544 1523 omnibus
604 1485 734 1540 ergo
793 1470 1013 1525 tradidit
1075 1486 1219 1526 eum.
1255 1489 1274 1523 ι
1313 1470 1428 1525 Non
1468 1471 1638 1526 solum

75 1573 164 1623 pro
192 1559 425 1624 sanctis,
461 1577 571 1616 non
603 1562 774 1617 solum
805 1578 904 1633 pro
934 1565 1166 1635 magnis,
1198 1563 1293 1618 sed
1329 1573 1383 1618 et
1409 1579 1506 1632 pro
1535 1565 1640 1619 mi-

77 1647 247 1710 nimis,
281 1658 338 1702 et
378 1665 480 1720 pro
519 1652 772 1706 omnibus
809 1651 920 1724 (90)
977 1655 1199 1708 omnino
1255 1655 1347 1721 qui
1405 1663 1535 1708 sunt
1584 1653 1637 1707 in

1753 474 1889 537 redi,
1927 475 2084 530 nobis
2110 492 2241 532 vero
2277 488 2338 531 ut
2369 480 2739 535 colizeredihus
2773 482 2891 551 ejus
2933 486 3141 552 pariter
3188 505 3310 544 cum

1752 565 1868 635 ipso
1900 568 2103 634 perfrui
2134 569 2383 624 universa
2415 570 2630 624 dabitur
2660 583 2936 629 creatura.

1822 657 1906 713 l0.
1947 677 1968 711 ‹
2000 659 2134 726 Quis
2161 662 2443 717 accusabit
2471 664 2732 719 adversus
2757 666 2960 722 electos
2992 668 3130 722 Dei?
3173 668 3314 724 Deus

1749 747 1840 815 qui
1889 745 2194 815 justiﬁeat;
2247 752 2368 820 quis
2429 763 2512 807 est
2565 756 2656 822 qni
2722 755 3088 810 condemnet?
3145 759 3307 829 007

1749 838 2000 895 Christus
2063 838 2219 896 Jesus
2283 845 2374 912 qui
2446 855 2695 900 mortuus
2751 857 2874 913 est,
2940 848 3049 904 imo
3129 862 3308 906 autem

1750 931 1839 1000 qui
1881 934 2194 992 resurrexit,
2235 937 2323 1000 qui
2355 945 2437 990 est
2464 938 2531 990 ad
2561 939 2838 993 dexteram
2872 941 2986 1008 Dei,
3019 944 3110 1012 qui
3146 945 3310 1000 etiam

1751 1019 2058 1088 interpellat
2087 1037 2183 1090 pro
2213 1023 2366 1078 nobis
2391 1026 2453 1077 ¹⁸.
2496 1045 2514 1077 ι
2565 1028 2791 1083 Videtur
2823 1030 2952 1085 mihi
3001 1034 3143 1101 quod
3187 1035 3307 1089 ait:

1754 1129 1772 1158 ι
1804 1110 1935 1177 Quis
1966 1115 2244 1167 accusabit
2279 1115 2539 1172 adversus
2556 1118 2760 1174 electos
2787 1120 2926 1175 Dei?
2959 1141 2980 1174 ι
3010 1123 3075 1178 de
3099 1124 3315 1178 diabolo

1747 1202 1949 1258 dicere.
1991 1204 2178 1260 Nullus
2212 1209 2358 1260 enim
2395 1211 2468 1263 ita
2499 1210 2702 1266 electus
2727 1222 2780 1267 et
2810 1213 2878 1266 ita
2914 1230 3138 1284 magnus
3172 1216 3307 1288 (95),

1748 1307 1906 1362 quem
1960 1294 2050 1350 ille
2084 1311 2192 1351 non
2239 1299 2435 1354 audeat
2478 1315 2776 1370 accusare,
2814 1306 2915 1360 nisi
2959 1306 3104 1361 illum
3137 1309 3308 1363 solum

1753 1403 1771 1436 ι
1807 1387 1898 1455 qui
1927 1398 2210 1456 peccatum
2245 1405 2350 1444 non
2375 1390 2502 1446 fecit
2532 1396 2598 1457 ιθ,
2636 1414 2656 1447 ι
2694 1397 2786 1465 qui
2817 1408 2873 1451 et
2904 1399 3114 1453 dicebat
3149 1400 3260 1471 (96)
3291 1418 3305 1455 :

1753 1495 1772 1527 ‹
1811 1475 1965 1531 Nunc
1991 1479 2136 1534 venit
2173 1479 2428 1550 princeps
2454 1483 2613 1552 lmjns
2643 1487 2847 1552 mundi,
2885 1497 2938 1542 et
2971 1489 3022 1542 in
3060 1504 3145 1543 me
3177 1491 3306 1545 nihil

1749 1571 1953 1627 invenit
1980 1574 2047 1626 ³ο.
2085 1591 2104 1626 ›
2144 1573 2252 1629 Sed
2299 1578 2546 1644 quamvis
2595 1579 2683 1633 ille
2724 1589 2914 1636 exerat
2961 1581 3072 1653 (97)
3120 1585 3310 1652 nequi-

1747 1665 1875 1718 tiam
1904 1666 2163 1734 propositi
2195 1669 2301 1733 sui,
2333 1669 2441 1724 Deo
2466 1669 2802 1740 justiflcante
2823 1683 2879 1729 et
2905 1674 3118 1732 delente
3165 1678 3306 1731 sicut

76 1739 306 1795 Ecclesia
352 1742 583 1797 tradidit
614 1741 811 1796 Filium
843 1743 1120 1814 proprium
1169 1743 1331 1799 Pater
1364 1760 1379 1797 ε
1411 1755 1466 1799 ει
1512 1743 1636 1799 ideo
1668 1746 1710 1801 Β
1741 1760 1932 1815 nubem
1961 1761 2295 1830 iniquitatem
2343 1739 2634 1820 electorum
2686 1783 2909 1822 suorum
2936 1770 3004 1833 “,
3055 1781 3110 1825 et
3159 1773 3302 1828 sicut

75 1831 226 1884 etiam
271 1832 317 1886 si
368 1833 724 1888 minimorum
753 1834 987 1903 aliquem
1021 1844 1077 1889 et
1107 1834 1444 1890 inﬁrmorum
1477 1834 1639 1890 kedat

75 1923 206 1989 quis,
257 1927 578 1994 percutiens
627 1925 744 1996 ejus
799 1925 1072 1980 inﬁrmam
1132 1927 1545 1994 conscientiam,
1582 1927 1635 1981 in

74 2015 344 2072 Christum
383 2032 616 2085 peccare
654 2020 872 2080 dicitur,
908 2018 1164 2087 quoniam
1217 2019 1434 2088 quidem
1474 2033 1635 2074 scan-

75 2108 264 2161 dalizat
291 2110 535 2164 animam
566 2127 664 2181 pro
693 2121 798 2181 qua
819 2111 1068 2166 Christus
1095 2122 1340 2167 mortuus
1365 2119 1470 2167 est.
1499 2111 1636 2179 Quia

76 2218 192 2270 ergo
219 2219 314 2271 pro
346 2205 606 2258 omnibus
645 2202 802 2258 nobis
836 2201 1060 2256 tradidit
1086 2201 1282 2256 Filium
1317 2203 1636 2265 Pater,nul—

79 2293 153 2347 lus
181 2295 426 2359 omnino,
463 2309 532 2349 ne
564 2295 824 2348 minimus
860 2294 1079 2363 quidem
1111 2295 1202 2363 qui
1232 2303 1314 2348 est
1347 2295 1400 2348 in
1451 2295 1637 2351 Eccle»

77 2385 173 2444 sia.
214 2385 645 2440 contemnendus
683 2393 802 2440 est:
836 2395 890 2441 et
927 2386 1051 2440 ideo
1094 2386 1354 2440 Dominus
1389 2385 1505 2456 ipse
1557 2387 1638 2441 di-

78 2476 223 2530 cebat
254 2494 268 2530 :
319 2494 338 2527 ε
376 2474 434 2530 Si
468 2477 593 2546 quis
633 2476 1086 2531 scandalizaverit
1114 2494 1277 2532 unum
1311 2493 1380 2533 ex
1421 2479 1635 2548 pusillis

80 2567 190 2623 istis
220 2571 482 2636 minimis,
519 2569 740 2639 expedit
765 2570 962 2624 molam
995 2569 1107 2640 (91)
1133 2570 1425 2624 asinariam
1471 2571 1634 2640 ligari

78 2658 210 2712 circa
240 2658 434 2713 collum
469 2659 608 2728 ejus,
639 2667 693 2714 et
713 2659 1033 2729 praecipitari
1053 2674 1174 2714 eum
1205 2662 1256 2713 in
1278 2675 1448 2725 mare,
1473 2675 1632 2730 quam

79 2760 132 2804 ut
158 2752 490 2806 scandalizet
516 2768 680 2806 unum
701 2768 767 2807 ex
792 2754 876 2807 his
902 2752 965 2805 ".
997 2771 1016 2804 ι
1061 2751 1203 2807 Deus
1229 2767 1379 2822 ergo,
1407 2754 1498 2823 qui
1535 2769 1634 2809 nos

80 2844 326 2908 pretiosos
378 2846 587 2914 proprii
639 2845 760 2900 Filii
807 2860 908 2915 pro
953 2845 1107 2900 nobis
1161 2845 1459 2914 pretiosum
1511 2845 1632 2899 fun—

81 2936 240 2989 dendo
277 2939 599 3006 sanguinem
653 2936 804 3000 fecit,
840 2955 859 2988 ι
895 2938 1168 3005 quomodo
1216 2951 1325 2991 non
1355 2951 1477 2992 cum
1512 2936 1631 3006 ipso

80 3029 241 3081 omnia
273 3029 430 3084 nobis
465 3030 728 3084 donabit?
757 3051 776 3083 ι
815 3029 959 3084 Nihil
989 3039 1075 3084 est
1115 3029 1259 3085 enim
1298 3032 1414 3084 sive
1441 3029 1631 3085 visibi—

81 3118 159 3182 lis,
196 3121 306 3174 sive
330 3122 624 3176 invisibilis
656 3121 769 3192 (92)
803 3131 1090 3186 creaturae,
1117 3122 1259 3189 quod
1285 3121 1424 3177 Filio
1456 3121 1633 3190 possit

83 3211 336 3280 adaaquari
363 3230 379 3266 :
409 3213 560 3266 nullo
596 3221 741 3267 enim
775 3223 933 3282 pacto
957 3213 1190 3268 creatori
1235 3228 1333 3267 suo
1380 3225 1630 3267 creatura

83 3311 240 3365 potest
261 3303 538 3366 conferri;
565 3314 620 3357 et
642 3301 688 3357 si
719 3312 936 3357 creator
956 3302 1071 3370 ipse
1100 3305 1329 3357 donatus
1351 3312 1432 3358 est
1452 3302 1630 3368 nobis,

83 3395 333 3457 quomodo
371 3411 482 3450 non
515 3412 636 3450 cum
674 3397 792 3464 ipso
823 3396 981 3450 nobis
1010 3397 1187 3449 omnis
1225 3394 1338 3467 (95)
1379 3405 1631 3450 creatura

83 3481 384 3537 donabitur?
421 3483 681 3550 Quamvis
711 3499 894 3539 sermo
924 3483 1016 3542 hic
1047 3484 1337 3553 dupliciter
1356 3487 1526 3554 possit
1549 3487 1634 3540 in-

86 3572 254 3644 telligi,
276 3578 324 3630 id
348 3588 457 3644 est,
481 3579 625 3646 quod
661 3594 679 3627 ε
707 3593 829 3632 cum
857 3577 946 3631 illo
971 3577 1128 3631 nobis
1149 3578 1330 3631 omnia
1355 3577 1628 3632 donabit.»

85 3661 203 3718 Nam
232 3678 280 3721 et
306 3669 410 3724 hoc
439 3679 616 3738 potest
643 3669 813 3724 videri
857 3669 999 3737 quod
1029 3669 1076 3722 si
1113 3669 1408 3724 habeamus
1447 3669 1500 3723 in
1531 3684 1633 3723 no-

87 3757 159 3810 bis
186 3757 458 3815 Christum
502 3761 798 3816 secundum
843 3761 946 3815 hoc
978 3761 1120 3829 quod
1170 3759 1404 3815 Verbum
1446 3771 1503 3816 et
1542 3776 1632 3816 sa-

85 3849 289 3916 pientia,
320 3866 373 3906 et
399 3853 625 3916 veritas,
649 3862 704 3908 et
721 3853 952 3922 iustitia,
980 3865 1037 3909 et
1075 3869 1178 3924 pax
1203 3863 1309 3918 est,
1336 3861 1390 3908 et
1433 3863 1632 3907 caetera

85 3945 245 3998 omnia
271 3961 387 4014 quae
420 3950 486 4002 de
513 3962 578 4002 eo
610 3949 814 4018 scripta
838 3957 986 4012 sunt,
1019 3963 1141 4003 cum
1166 3948 1268 4002 hac
1294 3947 1631 4016 plenitudine

85 4036 323 4093 virtutum
381 4043 540 4097 nobis
589 4043 773 4096 omnia
831 4041 1198 4106 donabnntur,
1248 4051 1310 4094 ut
1356 4039 1466 4109 jatn
1524 4056 1628 4092 non

1737 1849 2018 1919 caliginem
2055 1861 2275 1921 peccata
2326 1868 2553 1920 eorum,
2601 1866 2656 1910 et
2704 1872 2733 1910 a
2779 1859 3051 1928 prioribus
3093 1861 3304 1916 delictis

1736 1955 1832 1996 eos
1861 1942 2146 1997 dealbante
2174 1953 2234 1998 ut
2271 1945 2484 2009 nivem,
2524 1956 2578 1999 et
2634 1949 2774 2002 sicut
2803 1950 2976 2003 lanam
3022 1952 3303 2007 candidam

1738 2033 1970 2087 faciente
1997 2034 2066 2100 ²²,
2111 2035 2239 2103 quid
2287 2037 2533 2105 proﬁciet
2585 2041 2905 2094 accusator?
2949 2042 3053 2095 Sed
3099 2054 3302 2098 etcum

1736 2124 1991 2180 Christus
2013 2139 2113 2194 pro
2141 2127 2220 2181 eis
2251 2135 2496 2182 mortuus
2525 2129 2632 2194 sit,
2664 2129 2773 2185 imo
2799 2133 2978 2198 potius
3009 2149 3035 2186 a
3065 2136 3306 2192 'mortuis

1738 2218 2098 2271 resnrrexerit
2122 2257 2138 2282 ,
2165 2226 2222 2273 et
2245 2228 2352 2273 stet
2381 2235 2410 2273 a
2441 2220 2648 2276 dextris
2676 2221 2885 2290 Patris,
2917 2234 2973 2280 et
2999 2226 3304 2296 interpellet

1737 2318 1837 2373 pro
1867 2303 1987 2370 his,
2019 2307 2141 2375 quis
2179 2321 2272 2361 eos
2299 2309 2498 2376 poterit
2529 2310 2932 2369 condemnare?
2960 2315 3019 2369 In
3063 2319 3304 2380 superio-

1739 2395 1891 2451 ribus
1926 2407 2148 2451 sanctus
2183 2415 2202 2448 ι
2231 2396 2466 2467 Spiritus
2524 2401 2854 2470 interpellat,
2887 2405 3148 2474 inquit”,
3208 2423 3305 2477 pro

1739 2488 1892 2543 nobis
1924 2489 2214 2558 gemitibus
2263 2491 2720 2548 inenarrabilibus
2745 2495 2835 2549 ἰε
2893 2516 2912 2548 ι
2960 2500 3044 2553 hic
3083 2519 3103 2551 ι
3139 2499 3302 2554 Chri-

1735 2588 1852 2633 stus
1903 2577 2058 2632 Jesus
2091 2580 2180 2647 qui
2219 2591 2466 2633 mortuus
2495 2591 2577 2636 est
2614 2592 2670 2637 et
2728 2588 3061 2653 resurrexit,
3102 2607 3122 2640 ι
3189 2589 3304 2657 ipse

1739 2685 1761 2719 ί
1800 2669 2105 2738 interpellat
2136 2685 2230 2738 pro
2269 2670 2422 2725 nobis
2455 2671 2520 2723 ’⁵.
2561 2691 2580 2722 ι
2622 2673 2759 2728 Deus
2788 2675 2877 2743 qui
2901 2677 3182 2745 proprium
3212 2675 3306 2732 Fi-

1735 2760 1864 2813 lium
1921 2761 2143 2814 tradidit
2191 2777 2289 2830 pro
2341 2763 2530 2828 nobis,
2592 2763 2706 2831 ipse
2747 2765 3007 2833 justiticat
3053 2767 3299 2823 electos:

1733 2850 1856 2918 quis
1885 2850 1990 2903 erit
2017 2850 2156 2904 ultra
2187 2851 2279 2920 qui
2336 2852 2534 2904 audeat
2581 2854 2991 2912 condemnare?
3017 2856 3123 2912 Sed
3178 2859 3300 2914 dili-

1734 2942 1945 3010 gentius
1991 2943 2208 2996 intuere
2254 2945 2526 3011 quomodo
2570 2945 2860 3012 Apostolus
2933 2963 3197 3018 nusquam
3246 2952 3298 3005 in

1737 3031 2078 3086 sermonibus
2131 3031 2244 3085 suis
2284 3030 2352 3085 ab
2404 3031 2564 3084 insita
2611 3033 2710 3086 sibi
2770 3035 2980 3089 cautela
3037 3037 3298 3090 discedat.

1735 3121 1850 3175 Non
1891 3121 2069 3175 dixit:
2105 3139 2124 3172 ι
2159 3120 2294 3187 Quis
2340 3122 2620 3176 accusabit
2654 3139 2673 3172 ι
2720 3122 3003 3176 adversum
3058 3136 3296 3189 vocatos,

1733 3213 1825 3266 sed
1854 3231 1873 3264 ι
1907 3213 2192 3268 adversum
2223 3213 2420 3267 electos
2447 3213 2470 3264 ‘l
2503 3231 2522 3264 ι
2569 3211 2680 3266 Nisi
2710 3214 2852 3268 enim
2879 3213 3051 3270 fueris
3074 3216 3294 3284 eleCtus,

1733 3304 1839 3359 nisi
1875 3305 1928 3359 in
1957 3304 2208 3359 omnibus
2241 3314 2294 3357 te
2321 3305 2635 3359 exhibueris
2668 3305 3006 3374 probabilem
3042 3308 3172 3375 Deo,
3205 3310 3299 3364 ha-

1733 3395 1886 3450 bebis
1915 3406 2307 3449 accusatorem.
2354 3394 2413 3447 Si
2463 3394 2609 3448 enim
2649 3410 2814 3450 causa
2861 3406 2950 3452 tua
2993 3399 3141 3453 mala
3192 3411 3297 3463 est,

1733 3488 1776 3542 si
1806 3495 1859 3541 te
1888 3487 2092 3540 crimen
2123 3496 2270 3540 tuum
2305 3488 2594 3557 astringit,
2626 3489 2755 3557 quid
2790 3488 2886 3542 tibi
2928 3489 3173 3557 proderit
3203 3491 3298 3544 ad-

1733 3587 1988 3639 vocatus,
2031 3576 2240 3630 etiamsi
2285 3574 2444 3631 Iesus
2486 3577 2556 3632 sit
2599 3579 2691 3645 qui
2739 3578 3087 3648 interpellat?
3137 3577 3296 3636 Jesus

1732 3669 1877 3723 enim
1909 3668 2108 3721 veritas
2135 3677 2220 3721 est
2248 3667 2334 3719 ’δε
2366 3683 2473 3722 non
2505 3677 2685 3735 potest
2709 3683 2841 3736 ergo
2872 3684 2969 3739 pro
3012 3679 3064 3725 te
3094 3671 3298 3726 veritas

1734 3758 1941 3812 fallere.
1978 3755 2033 3811 In
2065 3758 2164 3812 hoc
2197 3758 2290 3811 tibi
2337 3757 2689 3828 opitulabitur
2726 3758 2837 3829 (98)
2868 3763 3185 3828 advocatus,
3221 3777 3294 3816 ne

1733 3850 2073 3906 accusatoris
2113 3849 2397 3904 calumniis
2449 3849 2780 3917 involvaris,
2811 3866 2878 3906 ne
2906 3853 3000 3906 tibi
3026 3855 3296 3922 praeterita

1734 3953 1978 4013 peccata,
2011 3957 2130 4011 qua:
2157 3957 2253 4011 per
2275 3942 2604 4010 baptismum
2631 3943 2805 3997 deleta
2834 3954 2997 4010 sunt,
3027 3946 3296 4014 imputen-

1734 4050 1841 4092 tur.
1873 4036 1930 4090 Si
1963 4051 2092 4090 vero
2117 4044 2239 4104 post
2274 4036 2389 4089 haec
2423 4035 2620 4089 iterum
2671 4035 2989 4105 delinquas,
3023 4051 3124 4091 nec
3172 4037 3296 4090 ullis

86 4139 232 4182 uirum
256 4145 318 4184 ex
353 4133 615 4188 omnibus
639 4132 927 4198 creaturis,
956 4143 1011 4186 et
1039 4145 1265 4201 parvum
1298 4139 1456 4184 terrae
1483 4131 1631 4185 hunc
1733 4131 1848 4183 haec
1893 4127 2229 4196 pmnitentire
2279 4127 2532 4196 lacrymis
2585 4126 2794 4192 diluas,
2846 4127 3153 4182 accusatori
3206 4139 3297 4183 tuo

87 4215 242 4273 locum
268 4237 426 4290 quem
453 4240 599 4280 nunc
621 4225 869 4278 videmur
901 4222 1168 4286 habitare,
1202 4219 1627 4293 teneamus(94),
1731 4221 2056 4276 criminandi
2095 4233 2145 4274 te
2183 4219 2466 4273 materiam
2517 4218 2715 4275 dabis:
2744 4231 2799 4274 et
2839 4221 3090 4288 quamvis
3141 4219 3298 4275 Jesus

88 4310 170 4362 sed
194 4316 362 4370 omnia
389 4331 726 4385 quaecunque
749 4314 959 4369 creavit
979 4312 1120 4368 Deus
1151 4310 1383 4366 visibilia
1409 4320 1463 4365 et
1493 4313 1631 4366 invi—
1732 4315 2035 4384 interpellet
2066 4329 2162 4382 pro
2195 4315 2374 4378 nobis,
2408 4328 2514 4368 non
2544 4321 2724 4384 potest
2760 4322 2939 4366 tamen
2971 4312 3081 4384 (99)
3113 4314 3296 4367 dicere

89 4400 268 4470 sibilia,
301 4409 510 4462 occulta
539 4417 594 4461 et
630 4405 937 4468 manifesta,
968 4403 1290 4473 temporalia
1326 4413 1383 4459 et
1422 4413 1626 4459 aeterna
1659 4429 1705 4486 ο
1732 4407 1889 4463 Jesus
1918 4407 2170 4462 tenebras
2191 4406 2365 4460 lucem
2389 4421 2531 4468 esse,
2563 4419 2739 4474 neque
2767 4420 3012 4458 amarum
3041 4405 3199 4460 dulce
3223 4406 3294 4460 ³⁷.

89 4508 195 4548 cum
226 4498 436 4556 Christo
489 4500 694 4569 pariter
759 4497 1072 4552 habeamus.
1112 4494 1300 4550 Potest
1348 4505 1524 4549 autem
1574 4507 1630 4551 et
1737 4497 1794 4553 Si
1825 4513 1953 4568 ergo
1975 4498 2056 4552 vis
2073 4497 2288 4550 vincere
2307 4511 2428 4550 cum
2455 4496 2715 4563 judicaris
2740 4496 2788 4527 "
2819 4496 2917 4566 (l),
2951 4496 3035 4550 fac
3060 4498 3202 4566 quod
3227 4497 3297 4551 de

90 4584 182 4640 alio
217 4592 367 4646 modo
407 4595 487 4648 sic
524 4590 745 4659 intelligi
773 4589 915 4659 quod
948 4587 1121 4643 dixit:
1168 4604 1188 4638 ι
1217 4587 1351 4642 Cum
1378 4588 1494 4658 ipso
1513 4605 1627 4644 om-
1729 4589 1875 4657 justo
1901 4588 2162 4656 scriptum
2188 4595 2271 4640 est
2306 4605 2321 4641 :
2359 4605 2378 4636 ‹
2416 4586 2648 4656 Dispone
2677 4601 2958 4642 sermones
2995 4597 3114 4641 tuos
3138 4587 3190 4640 in
3215 4587 3298 4655 ju-

149 4679 194 4763 ‘i
215 4680 481 4763 Matth},
509 4685 599 4739 21.
676 4682 1020 4763 “_Philip_._n_,
1049 4680 1103 4763 (ξ,
1140 4679 1193 4734 7.
1271 4680 1616 4763 "blatthzxv

1790 4701 1802 4750 ;
1841 4682 2161 4763 Mean",
2193 4679 2247 4734 2·
2319 4680 2359 4710 ¹⁸
2402 4680 2555 4763 Bam-
2588 4681 2942 4763 Y.“.'.°.5.5v.7.’"
3103 4681 3119 4763 !
3143 4679 3293 4763 Per.

92 4749 246 4820 p.22.
313 4756 358 4786 ²⁰
388 4749 544 4809 Joan.
570 4771 681 4819 xlv,
704 4753 796 4808 30.
884 4749 953 4784 ⁷⁵η
985 4752 1108 4805 lsai.
1140 4766 1287 4813 κων,
1324 4752 1412 4806 22.
1517 4754 1563 4784 “
1595 4753 1616 4807 l

1792 4749 1795 4750 ν
1833 4753 1921 4807 18.
1997 4750 2044 4782 ⁸⁸
2071 4751 2226 4805 Rom.
2253 4766 2368 4812 vm,
2423 4750 2511 4803 ‘26.
2589 4751 2636 4782 “
2661 4751 2909 4807 ibid.54.
2984 4751 3290 4805 "ibid.3‘2.

91 4818 130 4847 ²⁶
148 4817 287 4878 .loan.
311 4841 419 4890 xtv,
443 4826 496 4879 6.
570 4827 616 4857 ’⁷
639 4817 764 4879 lsai.
785 4836 839 4884 v,
861 4821 952 4875 20.
1023 4822 1068 4852 ³⁸
1089 4821 1232 4876 Psal.
1257 4837 1308 4883 ι,
1332 4822 1386 4875 6.

153 4913 250 4991 (89)
283 4916 440 4983 Editi,
484 4936 502 4968 ι
543 4927 593 4971 ει
628 4915 784 4991 viam_
805 4913 1222 4991 resurrectionis
1257 4929 1284 4991 a
1317 4914 1566 4991 mortuis,
1598 4933 1616 4965 ι

90 4989 181 5033 etc.
201 4984 289 5038 Ms.
306 5004 461 5054 unus,
498 5008 516 5038 ι
545 5001 696 5056 spem
716 4986 877 5040 etiam
905 4983 1316 5038 resurrectionis
1340 4985 1618 5048 mortuis,»

92 5059 180 5103 etc.

153 5121 254 5194 (90)
289 5125 348 5180 Et
374 5145 467 5192 pro
493 5123 896 5180 omnibus.H:ec
918 5123 1078 5194 verba
1108 5123 1303 5177 desunt
1340 5123 1393 5176 in
1433 5121 1623 5192 pleris-

95 5201 183 5248 (ωε
210 5193 330 5252 mss.
361 5209 413 5252 et
441 5200 491 5250 in
517 5197 696 5259 editis,
734 5207 789 5249 et
830 5197 968 5263 apud
992 5193 1304 5261 ltabanum;
1340 5197 1433 5248 sed
1466 5195 1624 5246 resti-

99 5265 297 5333 tuuntur
327 5270 390 5320 ab
424 5283 531 5320 uno
563 5281 664 5319 ms.
705 5264 892 5333 Regio.

155 5330 251 5414 ea
285 5336 495 5414 ξιιίιίν·
535 5330 1086 5414 ιηεὶῖυεέῖξιιηοιεπητ
1122 5341 1275 5414 aet?-
1360 5404 1372 5414 .
1491 5404 1502 5414 .
1587 5404 1598 5414 .

158 5402 254 5473 (92)
290 5407 449 5473 Editi,
495 5425 514 5458 ι
544 5406 709 5461 dedit.
748 5405 892 5459 Nihil
919 5416 1002 5458 est
1038 5403 1286 5469 visibilis,
1329 5404 1445 5458 sive
1490 5404 1630 5460 invi-

96 5464 264 5538 sibilis,
290 5494 309 5527 ι
346 5464 452 5532 ειεξ

174 5540 253 5602 95)
295 5547 496 5600 Omnis.
529 5545 808 5602 Omittitur
854 5546 907 5598 in
941 5555 1095 5598 antea
1130 5545 1312 5600 editis.
1601 5576 1607 5587 .-

174 5548 254 5663 95)
295 5548 496 5600 Omnis.
529 5548 808 5602 Omittitur
854 5548 907 5598 in
941 5555 1095 5598 antea
1130 5548 1312 5600 editis.
1601 5576 1607 5587 ι-

156 5548 248 5684 i94,
293 5616 449 5682 Editi,
491 5637 509 5669 ε
554 5627 612 5670 ut
653 5618 763 5685 jam
805 5633 908 5669 non
957 5633 1007 5668 Ill
1061 5632 1226 5685 unum
1266 5631 1332 5671 ex
1374 5615 1628 5669 omnibus

98 5686 352 5748 creaturis,
385 5698 439 5742 et
472 5684 694 5756 parvum
725 5699 882 5740 teme
913 5688 1056 5741 hunc
1087 5684 1262 5742 locum
1301 5701 1462 5758 quem
1513 5700 1622 5740 nou

265 5778 531 5844 PATROL.
575 5778 691 5841 Gn.
739 5779 906 5840 XIV.
979 5809 988 5826 -

1730 4912 1994 4972 videmus,
2023 4907 2270 4961 habitare
2301 4907 2607 4959 timeamus.
2642 4925 2660 4956 ι

1801 4981 1914 5052 (95)
1967 4981 2056 5032 Sic
2102 4993 2230 5030 mss.
2285 4977 2551 5052 plerique,
2598 4978 2869 5052 lulianus
2897 4989 2954 5031 et
2997 4977 3150 5052 editi.
3194 4976 3292 5033 Ms.

1731 5046 1908 5106 tamen
1963 5063 2127 5110 unus,
2191 5066 2211 5097 ι
2289 5046 2474 5099 Nullus
2525 5047 2668 5101 enim
2697 5057 2781 5102 est
2823 5047 3030 5102 electus
3071 5047 3147 5101 ita
3183 5061 3298 5100 ma—

1765 5137 1885 5181 nus,
1916 5139 1934 5170 ι
1971 5131 2076 5171 etc.

1729 5139 1885 5193 gnus,
1916 5139 1934 5170 ι
1971 5139 2076 5171 etc.
2829 5187 2840 5198 .
2909 5187 2918 5197 _

1801 5191 1912 5264 (96)
1937 5188 2096 5264 Editi,
2133 5206 2152 5238 ‹
2185 5186 2287 5240 nisi
2316 5186 2402 5239 ille
2433 5185 2584 5264 solus
2619 5225 2632 5239 .
2661 5223 2678 5240 .
2703 5223 2719 5238 .
2751 5203 2841 5256 qut
2869 5183 3289 5264 dicebatihatcjp

1734 5253 1838 5314 etc.
1881 5260 2084 5314 Deinde
2113 5273 2215 5311 ms.
2244 5272 2404 5321 unus,
2439 5275 2457 5307 ι
2492 5265 2547 5310 ει
2573 5257 2625 5310 in
2658 5272 2741 5312 me
2770 5253 2874 5311 non
2906 5253 3109 5310 invenit
3135 5254 3296 5324 quid-

1772 5347 1916 5384 nam.
1952 5347 1970 5379 ι

1733 5347 1916 5469 quasi)
1946 5347 2165 5452 ﬁxerat.
2197 5394 2612 5469 Genebrardns,
2634 5414 2652 5446 ι
2689 5401 2964 5469 exerceat,
2997 5411 3016 5446 ι
3055 5390 3216 5447 male.

1804 5459 1916 5538 (98)
1951 5470 2041 5522 Sic
2065 5482 2252 5538 omnes
2275 5483 2406 5520 mss.
2433 5477 2488 5520 et
2520 5459 2796 5522 Rabanus.
2827 5464 2968 5518 Editi
2996 5479 3148 5531 vero,
3187 5481 3206 5515 ι
3234 5459 3293 5518 In

1733 5536 2367 5616 quo_tibi_opitulabitur_,
2409 5555 2428 5587 ι
2466 5546 2597 5616 etc._

1803 5608 1916 5678 (99)
1953 5605 2169 5664 Tamen.
2203 5607 2552 5678 Desideratur
2587 5608 2639 5660 in
2665 5605 2846 5662 editis.

1803 5675 2076 5750 (l)'Editi,
2104 5694 2122 5728 ι
2162 5677 2302 5745 quod
2325 5675 2607 5746 judicaris.
2645 5695 2666 5730 ι

2943 5765 3021 5826 36
