3692 6138
433 255 564 311 1131

1862 260 2183 319 ORIGENIS

3500 256 3601 329 uri:

434 377 578 430 dicio
615 393 631 432 :
664 374 913 445 Prmpara
965 388 1130 443 opera
1183 384 1271 429 tua
1324 376 1391 430 ad
1442 375 1645 431 exitum
1682 394 1695 429 :
1728 376 1996 432 Memento
2031 387 2069 439 Α
2099 380 2142 433 si
2173 378 2366 447 patiar,
2404 387 2459 433 et
2488 378 2751 436 conlitear
2779 379 3055 437 Christum
3090 399 3265 439 meum
3318 400 3487 443 coram
3530 394 3579 445 bn

436 470 855 524 uovissimorum
886 476 1100 521 tuorum
1121 508 1137 529 .
1183 478 1240 522 et
1293 469 1344 523 in
1371 477 1633 522 aeternum
1667 484 1773 522 nou
1805 483 1998 538 pecca-

435 561 519 615 bis
552 559 632 631 (2)
655 559 700 592 ”
734 574 750 612 :
788 577 808 610 ι
864 573 932 612 ne
960 557 1054 612 tibi
1089 558 1371 626 contingat
1407 558 1536 614 illud
1578 560 1722 628 quod
1758 560 1826 613 de
1857 575 1993 628 quo-

432 652 557 703 dam
634 649 892 719 scriptum
944 656 1026 703 est
1061 648 1106 680 ³⁰
1157 662 1172 700 :
1231 666 1252 699 ι
1303 648 1436 703 Cum
1479 648 1785 720 judicatur,
1840 659 1997 704 exeat

430 740 845 795 condemnatus.
881 760 902 792 ι
944 738 1079 795 Vide
1108 747 1289 794 autem
1317 739 1588 808 quomodo
1633 739 1820 794 audias
1864 740 1993 809 quia

430 831 591 889 Jesus
644 849 664 883 ε
700 831 1007 900 interpellat
1054 845 1153 901 pro
1195 830 1368 884 nobis.
1403 847 1423 880 ι
1465 826 1581 898 Ipse
1631 840 1713 884 est
1743 830 1886 885 enim
1926 829 1993 884 de

430 940 541 994 quo
570 931 625 978 et
663 922 794 978 alibi
839 923 1097 991 scriptum
1145 930 1258 985 est,
1293 922 1420 990 quia
1465 939 1486 972 ι
1524 920 1683 975 Pater
1716 922 1988 977 neminem

422 1017 655 1085 judicat,
685 1016 779 1072 sed
808 1030 970 1070 omne
996 1015 1258 1082 judicium
1289 1013 1434 1068 dedit
1460 1014 1596 1069 Filio
1619 1014 1684 1076 ³¹,
1725 1033 1745 1067 ι
1775 1025 1833 1070 et
1851 1015 1992 1069 sicut

430 1110 546 1178 ipse
583 1116 666 1163 est
711 1108 887 1163 hostia
930 1116 983 1161 et
1018 1107 1294 1170 sacerdos,
1332 1114 1387 1160 et
1428 1106 1544 1174 ipse
1584 1114 1667 1160 est
1716 1105 1773 1160 in
1815 1107 1985 1161 forma

427 1200 568 1255 servi
598 1208 653 1253 et
686 1199 738 1253 in
784 1197 956 1252 forma
997 1197 1124 1265 Dei,
1152 1198 1229 1253 sic
1267 1198 1384 1266 ipse
1414 1207 1496 1252 est
1520 1205 1577 1250 et
1613 1196 1907 1253 advocatus
1934 1207 1990 1253 et

421 1290 583 1360 judex
614 1290 680 1343 ³⁸.

499 1384 587 1438 ll.
633 1401 653 1434 ι
687 1382 820 1449 Quis
871 1395 1002 1451 ergo
1040 1382 1314 1450 separabit
1345 1397 1443 1437 nos
1471 1398 1502 1438 a
1543 1383 1813 1438 cbaritate
1848 1381 1986 1437 Dei?

426 1473 769 1529 'l‘ribulatio?
819 1488 886 1526 an
941 1474 1239 1542 angustia?
1283 1489 1353 1529 an
1411 1476 1763 1544 persecutio?
1805 1489 1872 1529 an
1907 1474 1984 1529 l‘a-

422 1565 582 1622 mes?
610 1580 680 1619 an
708 1564 967 1621 nuditas?
990 1581 1057 1619 an
1090 1565 1424 1633 periculum?
1455 1581 1523 1621 an
1553 1566 1801 1637 gladius?
1823 1568 1984 1637 (sicut

420 1658 682 1725 scriptum
730 1665 815 1711 est
862 1674 876 1709 :

2102 470 2355 534 minibus,
2387 482 2572 525 certus
2592 487 2710 526 sum
2757 473 2887 542 quia
2927 485 2984 527 et
3036 474 3125 530 ille
3175 491 3264 531 me
3312 478 3600 539 conﬁtebitur

2097 570 2280 610 coram
2313 555 2476 612 Patre
2508 573 2606 613 suo
2645 559 2721 629 (7)
2750 562 2841 629 qui
2872 561 2923 614 iu
2956 563 3110 617 caelis
3136 574 3217 618 est
3250 564 3318 618 ³⁸.
3366 564 3534 625 Fames
3566 578 3597 627 si

2096 646 2351 713 adfuerit,
2384 650 2609 705 turbare
2639 666 2726 704 me
2754 665 2860 705 non
2897 661 3074 720 potest
3109 671 3122 705 :
3165 655 3342 710 habeo
3379 658 3505 713 enim
3535 676 3602 731 pa-

2096 755 2217 794 nem
2249 740 2374 794 vitae
2402 738 2492 808 qui
2526 742 2593 796 de
2637 740 2779 797 caelo
2823 741 3100 797 descendit
3126 744 3170 776 ³⁷
3200 753 3260 799 et
3316 746 3480 801 reﬁcit
3518 753 3601 803 ani-

2094 844 2210 884 nras
2247 831 2592 899 esurientes;
2645 848 2743 888 nec
2799 833 3087 903 aliquando
3136 845 3316 903 potest
3352 839 3493 907 panis
3529 841 3602 894 iste

2092 920 2325 978 deﬁcere
2355 939 2372 977 :
2404 934 2487 978 est
2530 923 2674 978 enim
2705 924 2978 993 perfectus
3022 936 3078 981 et
3113 936 3375 983 aeternus.
3429 927 3601 987 Nuditas

2090 1028 2178 1068 me
2228 1028 2333 1067 non
2390 1014 2671 1068 confundit
2706 1031 2722 1068 :
2756 1015 2975 1070 indutus
3024 1033 3144 1071 sum
3188 1019 3338 1073 enim
3369 1019 3599 1077 Dominum

2087 1102 2269 1159 Jesum
2295 1105 2461 1176 ωε
2487 1104 2758 1160 Christum
2785 1106 2855 1169 ³⁸,
2901 1116 2954 1161 ει
2986 1100 3356 1164 habitaculum
3404 1124 3599 1168 nostram

2090 1196 2234 1264 quod
2261 1197 2327 1251 de
2353 1197 2494 1250 ctelo
2518 1206 2633 1262 est,
2669 1197 2983 1268 superindui
3032 1215 3188 1269 spero
3218 1200 3267 1233 ³⁹
3305 1219 3320 1254 :
3362 1220 3383 1252 ε
3426 1202 3603 1271 Oportet

2085 1289 2229 1342 enim
2269 1289 2498 1342 mortale
2527 1288 2628 1343 hoc
2659 1288 2883 1345 induere
2909 1291 3378 1346 immortalitatem
3397 1334 3413 1359 ,
3439 1305 3489 1348 et
3508 1311 3600 1349 cor-

2087 1378 2340 1447 ruptibile
2371 1379 2473 1434 hoc
2506 1377 2729 1435 induere
2767 1380 3222 1451 incorruptionem
3247 1383 3317 1436 “.
3353 1402 3374 1435 ι
3425 1383 3599 1439 Ρετίαιο

2085 1469 2191 1523 lum
2266 1485 2370 1524 non
2429 1470 2632 1526 timebo
2677 1488 2746 1525 τι
2798 1473 3054 1528 Dominus
3126 1477 3270 1530 enim
3327 1476 3600 1534 illuminatio

2083 1572 2299 1628 mea,et
2321 1563 2467 1619 salus
2490 1578 2630 1630 mea,
2655 1578 2813 1635 quem
2842 1566 3040 1620 timebo
3066 1566 3166 1637 (8)?
3195 1585 3217 1620 ι
3251 1577 3309 1621 ει
3342 1586 3361 1618 ‹
3393 1568 3600 1623 Dominus

931 1655 1066 1723 Quia
1101 1665 1323 1725 propter
1352 1665 1404 1712 te
1450 1657 1843 1712 moruﬁcamur
1869 1667 1980 1713 tota
2010 1719 2046 1726 _
2081 1655 2333 1710 defensor
2357 1656 2484 1711 vita:
2518 1672 2651 1711 meae
2672 1698 2687 1722 ,
2715 1671 2745 1710 a
2773 1672 2882 1726 quo
2911 1658 3190 1726 trepidabo
3214 1659 3260 1690 "
3290 1658 3315 1712 Ἰ
3360 1679 3379 1710 ι
3417 1658 3599 1715 Gladius

419 1749 508 1803 die
539 1766 555 1805 :
590 1749 841 1803 aestimati
873 1761 1058 1802 sumus
1091 1747 1233 1802 sicut
1264 1761 1397 1803 oves
1419 1748 1756 1820 occisionis.)
1788 1747 1895 1805 Sed
1926 1752 1976 1804 in
2010 1719 2053 1775 Β
2081 1755 2332 1802 terrenus
2363 1757 2571 1803 terrere
2607 1764 2694 1803 me
2725 1765 2829 1803 non
2867 1758 3047 1817 potest
3084 1766 3099 1802 :
3145 1750 3324 1806 habeo
3350 1750 3484 1805 enim
3520 1751 3601 1805 ior-

418 1843 504 1899 lris
525 1840 778 1895 omnibus
796 1853 1113 1908 superamus
1138 1853 1231 1906 per
1257 1854 1379 1892 eum
1406 1840 1497 1909 qui
1519 1840 1707 1894 dilexit
1735 1854 1833 1896 nos
1856 1841 1920 1895 ³¹.
1954 1859 1973 1893 ι

418 1936 526 1990 Pro
552 1935 656 2001 bis,
690 1933 882 2001 inquit,
909 1932 1158 1986 omnibus
1182 1946 1301 2001 quae
1328 1946 1489 2001 supra
1519 1933 1976 1996 enumeravimus,

418 2027 469 2080 id
497 2035 613 2091 est,
639 2025 781 2097 quod
801 2023 914 2094 jam
949 2038 1055 2077 non
1099 2038 1286 2077 sumus
1328 2024 1381 2076 in
1412 2036 1610 2089 carne,
1650 2022 1745 2078 sed
1782 2023 1837 2077 in
1869 2024 1975 2093 spio

416 2119 564 2183 ritu;
592 2125 650 2171 et
678 2117 820 2186 quod
846 2113 1086 2184 Spiritus
1105 2114 1198 2168 Dei
1226 2114 1434 2169 habitat
1460 2115 1514 2169 iu
1534 2114 1724 2180 nobis;
1755 2124 1812 2169 et
1834 2116 1976 2185 quod

412 2208 663 2263 Christus
688 2207 742 2260 iu
787 2207 942 2261 nobis
976 2216 1056 2261 est
1080 2206 1146 2271 ³³,
1183 2221 1280 2276 per
1327 2220 1486 2275 quem
1521 2220 1719 2274 corpus
1756 2205 1974 2276 quidem

414 2308 687 2352 mortuum
734 2306 821 2351 est
884 2307 1109 2366 prepter
1155 2305 1472 2361 peccatum,
1523 2296 1750 2367 spiritus
1794 2307 1974 2353 autem

412 2392 522 2443 vita
571 2389 648 2459 (ὅ)
687 2398 771 2444 est
816 2398 1040 2460 propter
1084 2388 1524 2460 justilicationem
1550 2407 1565 2455 ;
1595 2398 1650 2444 et
1690 2390 1834 2460 quod
1857 2393 1970 2461 jam

412 2497 523 2537 non
576 2495 765 2537 sumus
813 2482 1088 2537 debitores
1117 2481 1299 2535 carnis
1331 2491 1394 2535 ut
1417 2483 1714 2538 secundum
1751 2500 1971 2539 carnem

408 2575 684 2638 vivamus,
715 2575 839 2645 quia
867 2573 1059 2643 spiritu
1093 2582 1245 2630 actus
1275 2576 1457 2631 carnis
1491 2577 1968 2644 mortiﬁcavimus;

410 2674 468 2721 et
491 2666 632 2736 quod
671 2681 772 2736 per
817 2665 1067 2736 spiritum
1104 2668 1409 2738 ad0ptionis
1441 2667 1538 2722 lilii
1577 2667 1753 2724 elfecti
1787 2683 1971 2725 sumus

413 2758 543 2825 Dei,
574 2769 629 2814 et
657 2761 701 2814 si
734 2760 827 2813 lilii
849 2803 863 2826 ,
898 2762 1060 2814 etiam
1092 2761 1334 2817 lraaredes
1368 2761 1498 2826 Dei,
1538 2761 1846 2818 colueredes
1874 2778 1971 2816 au-

411 2864 514 2904 tem
541 2851 741 2905 Christi
763 2869 778 2918 ;
802 2861 855 2906 et
882 2853 1023 2921 quod
1050 2854 1296 2906 universa
1321 2862 1573 2907 creatura
1604 2853 1970 2922 congemiscit

408 2941 566 2996 nobis
602 2949 662 2995 et
704 2942 979 3007 condolet,
1040 2941 1422 2997 revelationem
1468 2942 1700 2997 liliorum
1740 2945 1832 2998 Dei
1875 2960 1970 2998 cx-

2081 1836 2268 1891 tiorem
2298 1851 2505 1892 mecum
2541 1855 2561 1890 ε
2593 1837 2828 1908 gladium
2848 1838 3110 1908 Spiritus,
3140 1841 3283 1909 quod
3309 1851 3393 1894 est
3419 1842 3598 1895 verbum

2082 1927 2173 1983 Dei
2206 1928 2293 1994 δίς
2345 1946 2367 1981 ι
2406 1938 2463 1984 et
2498 1944 2709 1985 mecum
2737 1940 2822 1985 est
2870 1950 2891 1983 ι
2937 1930 3125 1986 vivens
3148 1941 3203 1986 et
3234 1931 3425 1987 enica:
3459 1947 3598 1987 sermo

2080 2020 2198 2087 Dei,
2234 2039 2254 2073 ι
2296 2022 2497 2089 quiest
2532 2039 2552 2073 ι
2586 2023 2971 2093 penetrabilior
2997 2024 3144 2079 omni
3182 2023 3365 2093 gladio
3391 2026 3597 2093 utrinque

2076 2128 2238 2169 acuto
2267 2113 2346 2185 (9)
2377 2113 2444 2168 “.
2478 2131 2500 2166 ι
2530 2115 2588 2167 Si
2624 2128 2756 2184 ergo
2778 2114 2990 2185 gladius
3027 2116 3211 2169 mundi
3244 2114 3454 2170 venerit
3474 2130 3599 2180 super

2076 2209 2318 2261 cervices
2367 2220 2552 2271 meas,
2597 2206 2859 2275 majorem
2896 2206 3029 2261 mihi
3077 2207 3142 2260 ad
3178 2205 3355 2259 Deum
3386 2206 3597 2261 conciliat

2073 2298 2419 2355 charitatem.
2451 2298 2634 2353 Dicam
2665 2314 2899 2369 namque
2930 2300 2997 2352 ad
3029 2314 3153 2355 eum
3174 2340 3189 2366 ,
3225 2300 3358 2369 quia
3381 2339 3396 2363 ,
3428 2315 3449 2350 ι
3481 2299 3593 2353 sicut

2074 2391 2330 2460 scriptum
2359 2389 2734 2459 est:Propter
2790 2401 2844 2447 te
2894 2392 3290 2446 mortiﬁcamur
3343 2398 3452 2445 tota
3488 2390 3594 2445 die:

2074 2483 2324 2537 aestimati
2346 2498 2531 2538 sumus
2548 2483 2660 2555 (l0)
2684 2492 2886 2538 utoves
2908 2483 3196 2537 occisionis
3227 2483 3293 2536 “.
3309 2502 3328 2534 ι
3349 2482 3459 2536 Non
3482 2482 3593 2536 enim

2074 2576 2209 2630 mihi
2236 2574 2431 2631 suﬂicit
2478 2592 2581 2631 una
2633 2577 2763 2631 hom
2812 2577 2945 2632 mori
2978 2591 3074 2646 pro
3104 2575 3359 2638 Christo,
3391 2574 3469 2630 vel
3493 2589 3594 2628 cru-

2071 2667 2226 2734 ciari,
2253 2669 2347 2720 sed
2380 2684 2402 2719 ς
2434 2675 2543 2722 tota
2570 2667 2677 2731 die,
2720 2686 2739 2719 ι
2769 2668 2870 2721 hoc
2897 2678 2979 2722 est
3007 2668 3150 2721 omni
3174 2667 3297 2720 vitae
3330 2680 3460 2720 mea
3485 2677 3595 2717 tern-

2069 2771 2223 2826 pore.
2263 2756 2319 2811 Si
2344 2759 2487 2812 enim
2537 2768 2700 2811 totam
2734 2759 2893 2812 vitam
2933 2773 3106 2812 meam
3148 2758 3200 2811 in
3237 2754 3595 2824 persecutioni-

2071 2849 2174 2904 bus
2200 2858 2253 2903 et
2285 2849 2542 2919 periculis
2574 2864 2751 2919 agam,
2778 2848 2954 2902 dicam
2984 2851 3113 2918 quia
3154 2868 3173 2901 ε
3206 2864 3316 2903 nou
3349 2858 3590 2903 suntcono

2071 2939 2243 3007 dignm
2270 2939 2546 3010 passiones
2570 2939 2730 3010 hujus
2763 2941 3020 3010 temporis
3041 2942 3106 2993 ad
3134 2940 3373 2995 futuram
3398 2940 3588 3008 gloriam

406 3042 689 3104 spectans;
721 3040 777 3088 et
812 3032 954 3103 quod
989 3031 1337 3103 diligentibus
1366 3032 1523 3088 nobis
1568 3031 1739 3087 Deum
1786 3034 1964 3088 omnia
1995 3058 2036 3115 ε
2069 3046 2189 3101 quae
2219 3031 2547 3087 revelabitur
2570 3032 2621 3085 in
2644 3033 2797 3086 nobis
2822 3031 2889 3086 ⁸⁵.
2923 3050 2942 3083 ι
2984 3030 3151 3086 Breve
3177 3041 3264 3085 est
3297 3032 3438 3085 enim
3463 3029 3590 3097 hujus

408 3135 767 3194 cooperantur
811 3124 863 3178 in
895 3123 1132 3189 bonum;
1183 3134 1240 3180 et
1266 3126 1412 3193 quod
1440 3125 1714 3194 prmscivit
1754 3135 1807 3179 et
1837 3140 1969 3195 prae-
2070 3125 2192 3180 vitae
2228 3135 2473 3196 tempus,
2504 3135 2561 3181 et
2603 3126 2854 3195 exiguum
2879 3127 3020 3196 quod
3058 3128 3109 3179 in
3158 3122 3593 3195 persecutionibus

407 3215 703 3273 destinavit
732 3228 832 3270 nos
859 3214 1168 3270 conformes
1202 3215 1452 3285 imaginis
1480 3213 1600 3269 Filii
1634 3216 1716 3269 sui
1750 3217 1840 3285 qui
1877 3231 1966 3271 se-

402 3308 640 3363 cundum
666 3306 1000 3375 propositum
1032 3303 1207 3359 vocati
1238 3318 1425 3358 sumus
1451 3303 1498 3335 "
1525 3317 1540 3355 :
1573 3318 1696 3359 cum
1734 3318 1831 3371 pro
1856 3303 1963 3369 his,

404 3402 611 3470 inquit,
659 3400 910 3457 omnibus
959 3398 1236 3453 beneflciis
1270 3411 1391 3467 qua:
1421 3397 1701 3452 consecuti
1751 3412 1962 3462 sumus,

407 3494 497 3547 tisi
529 3503 584 3549 et
611 3492 837 3547 radicati
864 3506 1052 3546 sumus
1079 3492 1130 3544 in
1159 3490 1427 3546 clIaritate
1463 3489 1581 3554 Dei,
1609 3490 1732 3559 quis
1765 3504 1866 3543 uos
1896 3489 1963 3543 ab

401 3601 464 3639 ea
497 3585 700 3647 poterit
750 3582 1052 3652 separare?
1089 3580 1392 3637 Tribulatio
1439 3581 1483 3635 si
1531 3581 1764 3645 venerit,
1817 3580 1964 3634 dice-

403 3694 523 3732 mus
552 3677 617 3731 ad
645 3674 840 3740 Deum,
861 3692 879 3726 I
904 3675 960 3729 In
992 3672 1336 3729 tribulatione
1359 3674 1596 3728 dilatasti
1626 3688 1710 3728 me
1731 3672 1809 3742 (4)
1833 3673 1900 3727 ⁸⁵.
1937 3692 1957 3726 ι

400 3768 662 3840 Augustis
695 3767 739 3822 si
771 3765 933 3821 fuerit
958 3765 1161 3832 mundi,
1191 3773 1247 3819 et
1278 3780 1343 3820 ex
1374 3765 1701 3819 necessitate
1732 3761 1810 3833 (5)
1837 3776 1961 3816 cor-

398 3862 550 3933 poris
581 3860 842 3922 veuiens.
872 3858 1153 3928 sapientiae
1196 3857 1289 3912 Dei
1309 3898 1325 3924 ,
1353 3866 1409 3911 et
1448 3853 1689 3910 scientia:
1717 3852 1960 3906 latitudi-

402 3968 521 4007 nem
554 3953 894 4022 requiremus
918 3993 934 4017 ,
967 3952 1018 4005 iu
1051 3967 1157 4021 qua
1192 3965 1291 4005 nos
1324 3957 1616 4018 angustare
1648 3958 1752 3999 non
1783 3953 1961 4011 potest

402 4050 652 4104 mundus.
694 4047 901 4101 Rediho
931 4045 1075 4099 enim
1104 4045 1171 4097 ad
1199 4041 1605 4112 Scripturarum
1650 4036 1956 4091 divinarum

398 4140 759 4209 amplissimos
791 4151 1008 4201 campos
1048 4150 1061 4185 :
1097 4132 1427 4188 intellectum
1455 4129 1603 4185 verbi
1624 4129 1713 4184 Dei
1739 4128 1959 4197 spirita-

398 4233 500 4286 lcm
553 4231 856 4299 requiram,
910 4236 967 4280 et
1015 4224 1156 4280 nulla
1189 4237 1274 4278 me
1324 4222 1377 4276 in
1414 4236 1481 4277 eo
1521 4220 1822 4275 coarctabit
1855 4234 1958 4273 an-

394 4324 588 4389 gustia.
631 4321 733 4377 Per
764 4320 1067 4392 largissima
1121 4316 1197 4388 (6)
1233 4315 1377 4369 enim
1433 4312 1953 4384 spatia’intelligen-

2067 3216 2351 3282 ducimus;
2382 3225 2639 3270 aeternum
2685 3230 2815 3270 vero
2860 3226 2914 3271 et
2957 3228 3280 3286 perpetuum
3343 3216 3478 3287 quod
3519 3230 3593 3267 ex-

2066 3318 2370 3377 spectamus
2396 3307 2448 3361 in
2482 3307 2675 3376 gloria.
2718 3308 2781 3361 Et
2811 3308 2932 3362 ideo
2958 3326 2977 3359 ‹
3007 3309 3059 3361 in
3094 3309 3195 3375 bis,
3229 3308 3428 3377 inquit,
3450 3307 3592 3363 omni-

2065 3396 2168 3452 bus
2199 3412 2516 3467 superamus
2552 3417 2570 3447 ι
2600 3413 2703 3450 non
2730 3407 2913 3453 nostra
2936 3402 3156 3465 virtute,
3182 3399 3275 3453 sed
3312 3417 3334 3451 ι
3381 3413 3470 3468 per
3495 3412 3590 3452 eum

2064 3485 2156 3554 qui
2189 3485 2380 3540 dilexit
2403 3500 2501 3539 nos
2523 3486 2590 3541 ‘°.
2630 3505 2649 3539 ο
2683 3486 2814 3541 Dum
2846 3489 2991 3543 enim
3023 3488 3074 3542 in
3110 3488 3251 3544 illius
3272 3504 3457 3543 amore
3483 3501 3589 3558 peu-

2064 3578 2286 3640 demus,
2328 3592 2544 3634 sensum
2570 3577 2770 3633 doloris
2812 3595 2917 3632 non
2955 3580 3260 3648 recipimus.
3295 3581 3446 3636 Illius
3472 3580 3587 3632 enim

2062 3666 2301 3721 Charitas
2330 3683 2436 3738 qua
2480 3682 2579 3723 nos
2625 3666 2849 3732 dilexit,
2875 3675 2931 3722 et
2972 3679 3211 3723 nostruru
3246 3675 3317 3724 ad
3362 3686 3418 3725 se
3444 3668 3589 3734 rapuit

2063 3757 2337 3826 all'ectum,
2374 3761 2672 3815 cruciatum
2714 3762 2977 3830 corporis,
3010 3772 3065 3815 et
3089 3762 3334 3815 dolorem
3360 3777 3459 3817 non
3485 3776 3586 3814 sen-

2064 3852 2165 3906 tire
2195 3867 2291 3907 nos
2329 3851 2476 3905 facit.
2520 3852 2640 3907 Ideo
2678 3866 2808 3920 ergo
2842 3869 2862 3903 ι
2897 3854 2947 3906 in
2984 3852 3069 3907 his
3099 3855 3357 3908 omnibus
3394 3868 3583 3922 supcra-

2062 3957 2198 3997 mus.
2234 3962 2252 3995 ι
2297 3941 2426 3996 Tale
2456 3941 2657 4011 aliquid
2688 3955 2741 3996 et
2766 3944 2819 3997 in
2858 3944 3099 3997 Cauticis
3129 3958 3329 4012 sponsa
3379 3945 3501 3996 dicit
3532 3941 3585 3995 ad

2061 4031 2326 4097 Verbum,
2374 4032 2498 4103 quia
2555 4051 2573 4084 ι
2605 4034 2888 4089 vulnerata
2911 4073 2926 4099 ,
2963 4034 3172 4102 inquit,
3198 4034 3470 4089 clraritate
3506 4045 3584 4099 ego

2058 4141 2173 4182 sum
2189 4125 2253 4179 ⁸⁷.
2268 4145 2287 4179 ι
2309 4125 2388 4180 Ad
2407 4127 2548 4181 hunc
2568 4142 2697 4196 ergo
2721 4127 2932 4181 modum
2953 4135 3007 4181 et
3023 4128 3199 4181 anima
3223 4137 3407 4181 nostra
3421 4123 3584 4179 aCbri-

2057 4227 2140 4271 sto
2166 4218 2385 4272 vulnere
2410 4218 2695 4272 clraritatis
2720 4217 2833 4288 (ll)
2867 4229 3123 4287 accepto,
3167 4217 3385 4271 etiarnsi
3435 4213 3583 4267 tradat

2058 4309 2234 4379 gladio
2258 4324 2474 4380 corpus,
2512 4324 2615 4364 non
2648 4309 2842 4365 sentiet
2889 4309 3110 4363 vulnera
3146 4309 3328 4363 carnis
3357 4322 3460 4377 pra:
3490 4304 3581 4355 vul-

397 4418 485 4470 tiIe
521 4414 761 4486 mysticae
784 4422 840 4467 et
884 4410 1145 4478 spiritalis
1177 4406 1456 4476 equitabo.
1508 4403 1950 4459 Persecutionem
1985 4398 2029 4452 D
2060 4417 2187 4456 nere
2212 4402 2519 4457 clraritatis.

497 4579 539 4610 ²⁰
569 4576 710 4629 Psal.
736 4589 844 4632 εις.
872 4574 934 4636 5;
976 4572 1133 4626 Prov.
1164 4584 1309 4633 xxrv,
1338 4567 1400 4628 7;
1432 4563 1839 4636 Eccli.ivIr.}Q._

394 4719 434 4749 ³⁷
463 4717 617 4771 Joan.
646 4731 719 4777 Vl,
746 4704 835 4767 5L
918 4712 963 4744 ³⁸
987 4712 1144 4765 Rom.
1172 4709 1399 4774 xum-14.
1448 4707 1521 4777 Α³⁹
1546 4705 1585 4777 ll
1614 4705 1738 4757 Cur.
1786 4718 1835 4767 v,
1862 4704 1920 4777 εἰ

1929 4563 1974 4594 ³⁰
2015 4560 2156 4615 Psal.
2186 4576 2341 4618 chII.
2363 4560 2417 4613 7.

392 4649 437 4679 τε
463 4648 615 4700 nom.
654 4661 771 4705 vm.
808 4629 992 4698 55.37.
1072 4641 1116 4673 ιδ
1145 4629 1442 4704 κοιηζνιιι,
1468 4637 1521 4695 9.
1556 4633 1996 4719 10.‘l2,l5,15,
2040 4631 2240 4713 mea,
2273 4632 2363 4694 25,
2389 4631 2482 4712 es.
2512 4629 2603 4685 29.

394 4719 434 4749 ιτ
465 4717 595 4756 Jnnn
646 4731 713 4756 vn,
747 4715 833 4756 ΕΙ-
918 4712 963 4744 ³⁸
987 4712 1144 4756 an-
1172 4726 1289 4756 xm-
1315 4709 1399 4756 11L
1479 4707 1521 4737 ³⁸
1546 4705 1585 4756 ΙΙ
1614 4707 1738 4756 Lor.
1786 4718 1835 4756 v.
1863 4704 1920 4756 ‘2.
2030 4703 2075 4733 ⁴⁰
2104 4702 2123 4754 Ι
2149 4704 2271 4753 Lor.
2305 4717 2393 4756 xv.
2424 4702 2513 4756 55.
2580 4706 2597 4731 ⁵

2530 4561 2571 4591 ³¹
2599 4559 2754 4613 Joau.
2778 4574 2831 4623 ν,
2859 4558 2947 4612 22.
3057 4558 3100 4588 ³¹
3134 4557 3367 4625 I’lIilipp.
3390 4571 3447 4618 tl,
3471 4552 3577 4625 6.].

2685 4630 2728 4661 ⁸³
2750 4622 2886 4683 Psal.
2920 4645 2994 4694 Iv,
3020 4628 3075 4681 2.
3153 4628 3197 4657 ³⁸
3223 4622 3410 4680 Maitlr.
3434 4641 3480 4687 ι,
3505 4622 3573 4694 ὃξ.

2580 4701 2621 4731 ⁵¹
2654 4699 2794 4755 Psal.
2826 4692 2988 4760 XXVI,
3010 4702 3058 4750 l.
3127 4698 3170 4727 δ’
3197 4697 3391 4764 Ephes.
3415 4710 3483 4759 vI,
3509 4692 3573 4745 ΓΙ.

389 4787 435 4821 ⁸³
646 4765 719 4849 Iv,
745 4765 834 4837 ᾖ.
908 4782 953 4814 ⁸⁸
975 4781 1133 4835 Rom.
1160 4765 1288 4843 VIII,
1312 4778 1414 4843 '56;
1440 4775 1640 4830 Psalru.
1668 4765 1829 4835 XLIII,
1854 4773 1947 4826 ‘22.
2021 4772 2069 4803 “
2104 4771 2260 4825 Rom.
2287 4784 2405 4835 vtII,
2440 4772 2527 4825 18.
2590 4770 2636 4802 ⁸⁸
2668 4770 2795 4823 ibid.
2833 4768 2921 4823 57.
2992 4769 3034 4800 ⁸⁷
3066 4766 3218 4821 Cant.
3245 4782 3305 4827 II,
3336 4765 3389 4819 5.

459 4923 539 4994 (2)
577 4924 757 4988 Alias,
798 4940 817 4974 ι
842 4928 895 4974 ει
915 4935 1020 4975 non
1060 4918 1307 4989 peccabis
1330 4958 1345 4980 ,
1377 4935 1395 4968 ι
1430 4915 1632 4983 absque
1662 4931 1681 4965 ι
1710 4913 1762 4966 in
1786 4922 1947 4966 acter-

390 5013 536 5137 "uigi
574 5013 668 5137 Sic
716 5075 905 5116 omnes
949 5074 1084 5137 _m_ss.
1148 5068 1205 5113 et
1255 5057 1527 5110 Rabantrs.
1592 5054 1732 5110 Editi
1791 5066 1942 5116 vero,

391 5156 408 5186 ε
446 5130 679 5199 Spiritus
708 5130 1063 5185 autem'vivit.
1105 5146 1124 5179 ι

457 5193 532 5276 (Ii)
576 5204 745 5276 Editi,
792 5218 812 5251 ι
845 5201 1050 5255 dilatati
1093 5212 1295 5252 sumus.
1335 5215 1354 5247 ι
1404 5195 1501 5249 Ms.
1537 5209 1709 5262 unus,
1754 5212 1774 5245 ι
1809 5193 1945 5247 dila-

386 5274 519 5328 tas‘ti
541 5274 690 5327 mihi.
729 5291 749 5323 ι

453 5343 721 5415 (5)_Ed_iti,
765 5358 784 5392 ι
816 5337 1306 5415 necessitatibus.)
1358 5336 1559 5415 Deinde
1609 5348 1735 5415 mss.
1769 5331 1937 5415 pleri:

386 5402 521 5480 que;
542 5402 798 5465 Rabanus
826 5419 879 5463 et
905 5408 1032 5480 editi
1052 5425 1121 5480 ,Νι
1164 5406 1342 5480 licdeo
1388 5408 1530 5457 enim
1558 5448 1571 5471 ,
1612 5423 1631 5455 ι
1662 5414 1770 5457 etc.
1832 5402 1937 5457 Sed

384 5477 529 5534 recte
555 5498 655 5535 ms.
695 5494 852 5537 unus.
893 5496 912 5528 ι
953 5478 1156 5531 Hedibo
1189 5477 1355 5530 enim.
1400 5494 1419 5525 ι

454 5553 526 5616 ((5)
571 5548 661 5603 Sic
697 5565 797 5602 Ius.
831 5564 967 5601 unus
996 5547 1191 5615 Regius
1217 5561 1363 5616 nuru.
1398 5543 1533 5616 1659
1569 5553 1625 5597 el
1661 5542 1933 5596 “altanus.

384 5614 568 5673 Crateri
598 5633 728 5670 vero
760 5632 889 5671 mss.
919 5627 973 5671 et
1001 5614 1152 5679 editi,
1192 5633 1209 5665 ι
1247 5614 1529 5669 latissima.
1567 5631 1585 5664 ι

451 5689 527 5759 (7)
567 5687 730 5753 Editi,
768 5707 785 5737 ι
821 5702 1003 5741 coram
1046 5687 1205 5741 Patre
1238 5698 1376 5739 meo.
1419 5701 1440 5735 ι

2127 4912 2408 4995 (8)"Editi,
2442 4932 2469 4995 γε
2503 4910 2801 4966 Periculum
2835 4912 2976 4995 enim
3029 4909 3390 4995 nountimcbo.
3416 4905 3574 4995 Ponti-

2057 4979 2159 5037 nus
2187 4979 2510 5037 illutniuatio
2547 4995 2685 5046 mea,
2724 4996 2883 5049 quem
2912 4979 3159 5035 timebo?
3192 4996 3215 5032 ι
3246 4979 3456 5032 omissis
3478 4991 3572 5027 vcr-

2055 5053 2167 5118 bis,
2225 5071 2243 5104 Ι
2284 5063 2338 5107 et
2363 5053 2507 5107 salus
2535 5066 2683 5118 mea,
2720 5068 2739 5101 ι
2789 5066 2909 5119 quae
2949 5052 3206 5105 omittunt
3254 5049 3413 5104 etiam
3464 5059 3569 5099 mss.

2088 5124 2252 5177 lures.

2051 5138 2366 5261 pltiil‘isblss.
2423 5191 2568 5255 duo,
2624 5209 2645 5241 ι
2701 5189 2880 5258 gladio
2924 5187 3170 5259 ancipiti.
3212 5205 3231 5239 ι
3266 5187 3369 5242 Sed
3415 5193 3566 5255 postea

2048 5264 2197 5325 editi,
2234 5262 2391 5325 male,
2427 5280 2446 5313 ι
2479 5262 2719 5315 cervices
2750 5271 2981 5313 uustras.
3028 5279 3045 5309 ι

2118 5324 2228 5402 (l0)
2254 5324 2417 5395 Editi,
2449 5349 2468 5382 ι
2488 5332 2832 5386 existimatus
2853 5346 2970 5382 sum
2995 5331 3115 5398 (aL,
3138 5330 3430 5384 aestimatus
3450 5324 3567 5386 sum)

2046 5411 2103 5456 ut
2133 5403 2273 5459 ovis.
2308 5419 2326 5451 ο
2363 5414 2470 5455 etc.

2114 5470 2457 5543 (ll)70mne_s
2483 5484 2613 5524 mss.
2653 5470 2917 5543 e_t_editio
2952 5466 3264 5543 Salodiani.
3300 5488 3319 5520 ι
3353 5480 3442 5537 pro
3466 5459 3563 5543 VII!-

2043 5530 2172 5595 nere
2199 5530 2507 5605 charitalis;
2544 5558 2562 5590 ι
2601 5540 2694 5593 sed
2725 5539 3003 5608 legendum
3028 5538 3241 5590 videtur
3275 5558 3293 5590 ι
3339 5530 3564 5608 praavul-

2043 5623 2175 5664 nere
2196 5603 2500 5665 charitatis.
2522 5628 2540 5659 ι
2570 5603 2944 5669 υείιιιιεειιίιί,
2979 5624 2997 5655 ι
3020 5608 3216 5660 Certus
3242 5603 3355 5662 sum
3377 5603 3522 5666 enim,
3542 5616 3560 5651 ι

2042 5689 2144 5734 ctc.
2179 5677 2285 5734 Sed
2308 5694 2498 5736 omnes
2529 5694 2684 5743 tuss.,
2719 5694 2739 5728 ι
2775 5676 2999 5732 Conﬁdo
3033 5675 3202 5740 enim,
3237 5696 3255 5728 ι
3289 5686 3388 5731 etc.
