3692 6138
91 214 238 270 1135
1059 227 1412 284 COMMENT.
1456 228 1522 282 IN
1561 226 1776 283 EPIST.
1815 230 1905 284 AD
1946 232 2107 290 llOM.
2151 232 2277 288 LIB.
2323 231 2434 290 Vll.
3238 237 3376 292 liii

164 337 260 391 12.
297 356 318 389 ι
351 339 618 400 Confido
641 347 786 402 enim
811 349 934 416 quia
957 364 1131 419 neque
1171 368 1334 414 mors,
1367 367 1540 422 neque
1580 353 1710 417 vita,
1744 357 1786 411 Α
1818 352 2158 422 hyperbolice
2184 357 2296 409 Ιιτρα
2323 354 2634 425 Apostolum
2668 354 2864 418 dicere,
2897 355 2996 409 hoc
3019 363 3122 414 est.
3157 371 3260 411 non
3289 374 3380 411 so-

89 443 280 498 neque
314 435 563 503 angeli,
598 453 772 507 neque
798 439 1136 511 principatus
1159 482 1175 503 ,
1204 459 1377 511 neque
1400 445 1709 512 praesentia,
1812 439 1918 493 lum
1969 459 2063 511 per
2107 460 2169 497 ea
2202 461 2322 514 quae
2353 445 2596 499 accidere
2636 454 2892 513 possunt,
2918 447 3010 499 sed
3055 461 3122 499 ne
3167 463 3264 516 per
3311 464 3374 503 ea

87 537 280 589 neque
310 525 554 593 futura,
586 545 757 599 neque
786 532 1034 598 virtutes,
1059 549 1230 603 neque
1257 534 1506 600 altitudo,
1535 552 1711 604 neque
1810 534 2028 601 quidem
2071 552 2191 604 quae
2211 537 2427 589 evenire
2448 537 2664 590 omnino
2683 552 2786 589 non
2809 547 3050 605 possunt,
3081 539 3186 594 ullo
3215 551 3374 608 pacto

88 615 454 685 prolundnm
482 663 500 685 ,
549 639 725 692 neque
753 635 999 681 creatura
1030 626 1134 680 alia
1174 628 1373 696 poterit
1417 643 1513 682 nos
1545 643 1708 696 sepa-
1809 639 1840 678 a
1876 625 1966 680 Dei
1996 627 2261 682 charitate
2288 627 2624 683 deﬂectimur
2651 647 2665 682 :
2703 631 2848 684 verbi
2884 645 3074 692 causa,
3104 642 3162 684 ut
3190 633 3236 688 si
3266 635 3371 689 alia

88 718 221 757 rare
256 720 288 756 a
316 707 622 765 charitate
666 713 795 778 Dei,
824 729 942 783 quae
973 726 1057 769 est
1106 716 1158 769 in
1188 716 1407 773 Christo
1445 715 1569 773 Jesu
1603 718 1708 772 Do-
1809 719 1965 773 nobis
1981 719 2200 774 daretur
2223 722 2347 784 vita,
2369 737 2528 791 quam
2553 723 2665 777 haec
2682 737 2845 791 quzea
2871 723 2977 777 Deo
3004 725 3127 778 data
3152 736 3252 785 est,
3277 736 3372 782 aut

89 795 248 851 mino
291 809 507 853 nostro
561 803 626 858 ‘3.
657 821 678 856 ι
732 805 874 859 Duos
904 807 1120 861 videtur
1157 809 1376 862 ordines
1419 810 1708 878 Apostolus
1806 809 1851 863 si
1879 809 2175 864 futurorum
2203 828 2323 880 spes
2345 813 2448 866 alia
2489 813 2644 868 nobis
2678 815 3109 883 promitteretnr,
3137 817 3220 871 vel
3249 819 3371 872 alti-

89 890 425 946 ostendisse
460 907 664 948 eorum
692 912 810 965 qua!
833 897 1142 955 hominibus
1167 904 1492 956 tentationes
1527 907 1706 960 susci-
1809 904 1968 966 tudo,
2001 903 2081 957 vel
2108 905 2271 957 etiam
2299 915 2548 958 creatura
2587 906 2690 958 alia
2726 921 2884 974 quam
2906 919 2986 960 cst
3013 907 3099 960 illa
3124 925 3243 976 quae
3269 927 3368 980 pro

88 990 212 1036 tare
237 997 700 1043 consueverunt.
742 990 808 1044 Et
834 992 884 1044 in
919 991 1003 1046 his
1038 995 1254 1062 quidem
1282 1010 1400 1062 qua:
1425 997 1573 1065 prius
1597 997 1706 1052 dis-
1803 991 2133 1062 60900bi5
2149 995 2498 1064 congemiscil
2525 1004 2579 1049 ει
2598 997 2915 1062 οοηόοιϐιδί,
2941 999 3081 1066 quod
3128 1000 3242 1054 ﬁeri
3271 1003 3370 1056 ιιιί-

92 1074 410 1138 seruimus,
449 1078 821 1134 humanarum
855 1086 1208 1139 tentationum
1238 1087 1554 1159 intelligitur
1570 1105 1622 1143 0|

1811 1098 1908 1150 que
1931 1099 2032 1136 non
2057 1094 2251 1153 potest.
2272 1101 2337 1138 ne
2360 1085 2468 1140 hare
2495 1087 2708 1153 quidem
2735 1102 2762 1139 a
2796 1088 2897 1141 cha
2910 1089 3064 1142 ritate
3091 1090 3179 1144 Dei
3209 1106 3367 1160 sepa-

91 1163 427 1235 dcscriptus
462 1185 478 1221 :
519 1172 588 1226 de
619 1174 814 1240 quibus
836 1175 999 1228 etiam
1029 1175 1325 1232 Corinthiis
1356 1180 1592 1244 dicebat,
1620 1191 1703 1235 ut-

96 1269 226 1324 pote
253 1261 356 1329 qui
390 1261 618 1331 majora
646 1265 791 1320 ferre
827 1282 932 1321 non
958 1279 1207 1337 poterant
1235 1289 1249 1325 :
1286 1291 1305 1323 ι
1332 1272 1579 1328 Tentatio
1609 1291 1700 1328 vos

92 1364 200 1402 non
217 1355 645 1424 apprehendat,
661 1358 762 1413 nisi
781 1361 1032 1416 humana:
1055 1364 1411 1420 lidelisautem
1433 1366 1593 1434 Dens,
1608 1370 1698 1438 qui

92 1456 200 1494 non
228 1445 544 1510 permittet
563 1464 664 1503 vos
689 1455 882 1506 tentari
911 1468 1070 1524 supra
1094 1456 1146 1508 id
1167 1459 1306 1525 quod
1332 1460 1552 1525 potestis
1578 1461 1643 1513 ‘9.
1674 1479 1693 1511 ι

99 1531 259 1587 Nunc
282 1551 432 1591 vero
463 1539 523 1592 in
552 1540 636 1596 his
668 1545 1007 1602 sermonibus
1028 1562 1163 1617 quos
1184 1549 1442 1606 habemus
1485 1553 1537 1606 in
1580 1569 1696 1608 man

97 1625 287 1691 nibus,
331 1643 451 1682 non
495 1629 766 1688 humanas
800 1637 1123 1692 tentationes
1149 1639 1370 1704 indicat,
1406 1643 1500 1697 sed
1529 1645 1696 1714 majo-

1805 1189 1927 1228 rare
1945 1191 2039 1228 nos
2061 1185 2299 1245 possent.
2329 1177 2421 1230 Est
2441 1193 2568 1248 ergo
2597 1178 2686 1232 hic
2711 1194 2844 1232 unus
2867 1182 3220 1248 expOsitionis
3254 1200 3364 1236 mo-

1802 1265 2214 1322 dus.Videamus
2235 1279 2410 1325 tamen
2433 1287 2497 1324 ne
2522 1270 2657 1324 forte
2676 1273 3016 1340 possitetiam
3039 1275 3136 1328 iste
3153 1275 3366 1329 intelle-

1799 1367 1919 1410 ctus
1952 1358 2180 1414 admitti.
2214 1379 2232 1411 ι
2255 1360 2396 1416 Mors
2421 1381 2438 1413 ι
2471 1378 2630 1431 quam
2663 1363 2747 1417 hic
2776 1364 2907 1418 dicit
2937 1363 3070 1434 (l6),
3105 1365 3193 1421 ille
3219 1368 3362 1422 acci-

1801 1448 2026 1516 piendns
2087 1460 2173 1505 est
2235 1467 2393 1520 quem
2453 1469 2610 1521 supra
2671 1457 3020 1524 exposuimus
3080 1459 3358 1514 inimicum

1797 1542 1997 1597 Christi
2029 1545 2409 1599 destruendum
2441 1547 2790 1600 nmissimum
2816 1547 2920 1600 dici
2950 1548 3017 1602 ⁸¹.
3044 1549 3142 1616 Qui
3176 1552 3360 1619 utique

1797 1643 2078 1703 pmpterea
2117 1651 2262 1690 mors
2299 1638 2515 1701 dicitur,
2553 1639 2677 1705 quia
2714 1639 2854 1692 sicut
2887 1640 3001 1694 haec
3048 1644 3357 1697 communis

92 1732 180 1771 res
215 1719 520 1776 humanis.
560 1724 627 1778 Et
648 1725 764 1780 ideo
811 1737 940 1796 puto
987 1730 1129 1797 quod
1169 1729 1223 1782 in
1253 1731 1525 1798 prioribus
1567 1707 1689 1789 cum
1723 1707 1765 1762 Β
1797 1739 1940 1779 mors
1971 1726 2205 1778 animam
2233 1737 2448 1794 separat
2479 1744 2506 1780 a
2545 1742 2792 1795 corpore,
2824 1729 2893 1782 ita
2925 1739 2977 1784 et
3011 1730 3098 1784 ille
3127 1741 3353 1786 conten-

93 1821 494 1868 ennmerasset
541 1815 752 1884 singula
799 1835 1060 1889 qumque,
1105 1823 1172 1877 ad
1216 1826 1462 1880 ultimum
1510 1829 1688 1883 dicit:

99 1915 118 1949 ι
157 1897 269 1953 Sed
309 1901 372 1955 in
408 1904 507 1958 his
535 1908 788 1962 omnibus
813 1925 1148 1980 superamus.
1181 1933 1200 1966 ι
1241 1915 1295 1970 In
1329 1918 1412 1971 his
1449 1934 1578 1975 vero
1607 1935 1691 1977 se-

95 1993 259 2045 cundi
285 1995 518 2050 ordinis
551 1999 939 2057 tentationibus
980 2019 1086 2058 non
1129 2006 1202 2060 ita
1247 2008 1582 2066 conﬁdenter
1608 2013 1692 2068 di-

93 2083 199 2148 cit,
259 2103 282 2136 ‹
316 2085 672 2156 Superamus
696 2128 711 2152 ,
743 2107 764 2142 ι
825 2094 918 2148 sed
967 2095 1117 2151 valde
1148 2100 1383 2154 tenuiter
1412 2103 1505 2168 ait,
1560 2105 1687 2173 quia

97 2174 235 2227 nihil
265 2177 476 2230 horum
511 2197 531 2230 ι
556 2181 754 2248 poterit
785 2198 885 2239 nos
925 2200 1180 2252 separare
1215 2204 1243 2242 a
1282 2191 1546 2248 charitate
1571 2197 1684 2261 Dei,

94 2280 215 2333 quae
243 2279 334 2322 est
367 2270 424 2322 in
453 2272 679 2328 Christo
704 2272 851 2330 Jesu.
893 2295 912 2328 ι
951 2278 1024 2331 De
1053 2279 1304 2336 humanis
1333 2283 1478 2338 enim
1516 2295 1688 2340 tenta-

99 2359 350 2416 tionibus
386 2372 658 2433 tanquam
693 2367 876 2436 parvis
905 2377 958 2422 et
989 2369 1190 2426 levibus
1221 2373 1560 2430 confidenter
1587 2394 1684 2434 nos

96 2467 188 2505 eas
233 2469 514 2522 superare
548 2461 860 2526 pronuntiat
896 2478 909 2514 :
941 2461 1059 2516 illas
1087 2478 1216 2518 vero
1250 2467 1556 2537 superiores
1580 2510 1594 2534 ,
1627 2481 1683 2526 et

99 2543 217 2611 plus
245 2561 418 2614 quam
454 2549 746 2615 lmmanas,
777 2553 992 2607 etiamsi
1043 2569 1301 2624 superare
1346 2567 1400 2612 et
1441 2570 1682 2627 proster-

99 2648 227 2689 nere
255 2652 368 2690 non
394 2639 643 2694 valemus
668 2641 794 2708 (hoc
822 2642 961 2696 enim
993 2645 1159 2699 solius
1184 2646 1386 2702 Christi
1413 2665 1548 2717 opus
1574 2662 1675 2718 est,

99 2727 189 2792 qui
236 2744 256 2777 ι
282 2729 440 2782 exuit
481 2731 820 2800 principatus
862 2745 916 2788 et
959 2746 1286 2804 potestates,
1334 2743 1680 2811 triumphans

100 2830 191 2869 eas
226 2817 278 2869 in
307 2822 616 2890 semetipso
643 2822 735 2892 ⁵ο),
763 2840 782 2872 ι
811 2831 990 2878 tamen
1014 2834 1067 2879 et
1095 2827 1196 2881 hoc
1220 2828 1272 2882 in
1299 2829 1536 2887 victoria:
1561 2833 1678 2889 loco

102 2918 182 2961 est
203 2907 344 2980 (12),
374 2913 422 2965 si
452 2928 578 2967 cum
603 2929 790 2968 omnes
823 2915 878 2968 in
921 2931 1016 2971 nos
1062 2917 1522 2990 impugnationum
1561 2940 1677 2979 sua-

103 3017 217 3056 rum
247 3005 545 3061 machinas
573 3010 867 3072 torserint,
893 3024 922 3063 a
947 3010 1214 3066 charitate
1250 3021 1428 3070 tamen
1458 3017 1550 3072 Dei
1576 3033 1676 3074 nos

103 3108 360 3161 separare
405 3111 517 3149 non
559 3097 795 3153 valeant.
845 3100 950 3154 Sed
990 3099 1100 3167 jam
1144 3110 1409 3158 tentemus
1465 3107 1675 3175 singula

102 3186 399 3251 discutere,
427 3201 485 3243 et
522 3191 652 3257 quid
691 3193 756 3246 de
801 3208 1130 3264 unoquoque
1155 3210 1404 3252 sermone
1431 3198 1671 3268 Apostoli

103 3280 449 3336 sentiendum
491 3285 558 3338 sit
581 3301 678 3355 pro
701 3289 904 3344 viribus
930 3293 1161 3360 aperire.
1187 3293 1444 3361 Quamvis
1476 3297 1670 3352 altiora

103 3369 153 3421 in
191 3369 277 3426 his
311 3377 626 3444 conlegisse
655 3379 900 3434 videatur
929 3383 1254 3452 Apostolus,
1299 3401 1461 3456 quam
1499 3403 1670 3458 expo-

104 3459 310 3516 sitionis
333 3475 541 3518 nostra:
566 3465 706 3520 ferre
724 3469 953 3524 sulliciat
977 3472 1174 3538 virtus,
1200 3475 1284 3528 vel
1317 3476 1454 3531 ratio
1494 3478 1670 3535 brevi-

106 3552 224 3607 tatis
271 3558 528 3610 admittat
571 3557 725 3627 (l5);
782 3563 1116 3629 requiramus
1167 3576 1345 3619 tamen
1395 3567 1438 3621 si
1485 3570 1666 3624 omnia

106 3646 200 3700 ista
225 3663 346 3716 qua:
367 3655 709 3708 eunmeravit
729 3657 1034 3724 Apostolus,
1059 3675 1123 3713 an
1147 3662 1390 3728 quaedam
1421 3678 1486 3716 ex
1515 3665 1662 3733 ipsis,

106 3739 200 3792 hoc
235 3744 400 3798 studii
430 3747 514 3799 vel
551 3746 865 3804 intentionis
892 3760 1121 3818 gerunt,
1159 3762 1215 3805 ut
1245 3753 1509 3810 humanas
1551 3755 1663 3826 (H)

105 3833 306 3890 animas
363 3854 394 3891 a
446 3838 715 3893 charitate
761 3841 856 3895 Dei
909 3857 1164 3912 separare
1206 3846 1561 3911 contendant,
1610 3859 1665 3902 et

104 3935 379 3992 prapterea
406 3931 700 3984 moliantur
721 3931 774 3985 in
800 3947 897 3986 nos
915 3942 1106 3987 cuncta
1127 3947 1245 4001 qua:
1267 3935 1504 4002 patimur
1527 3936 1660 4006 (15).

107 4008 318 4070 Videtur
339 4020 486 4073 enim
518 4037 677 4090 posse
702 4024 916 4092 quidem
973 4024 1074 4076 hoc.
1097 4037 1283 4090 agere,
1312 4034 1367 4078 ut
1410 4041 1439 4078 a
1483 4027 1664 4080 chari-

107 4113 208 4158 tate
243 4108 337 4162 Dei
374 4126 732 4181 separemur,
777 4128 922 4167 mors
958 4113 1240 4176 fortassis,
1265 4129 1321 4168 et
1368 4117 1545 4184 angeli
1568 4159 1583 4183 ,
1608 4127 1661 4172 et

108 4197 432 4270 principatus
451 4242 466 4267 ,
491 4214 545 4258 et
570 4205 796 4258 virtutes
824 4207 1176 4260 adversantes
1219 4207 1377 4261 nobis
1403 4209 1520 4260 sine
1563 4211 1659 4263 du-

107 4287 204 4351 bio,
229 4299 280 4344 et
310 4295 594 4362 praesentia
621 4311 739 4364 quae
765 4304 891 4349 sunt
914 4296 1098 4364 utique
1125 4296 1332 4351 lubrica
1353 4306 1406 4351 et
1430 4299 1650 4354 caduca.

1792 1819 1871 1872 dit
1899 1821 2131 1873 animam
2157 1835 2413 1889 separare
2445 1837 2475 1875 a
2506 1821 2769 1876 charitate
2799 1821 2921 1876 Dei:
2945 1833 2999 1876 et
3033 1823 3144 1877 hate
3169 1825 3355 1895 utique

1790 1921 1870 1964 est
1905 1912 2097 1965 animae
2134 1925 2298 1964 mors.
2347 1911 2532 1966 Potest
2564 1929 2694 1982 ergo
2729 1916 2840 1968 ﬁeri
2879 1926 2935 1968 ttt
2977 1917 3047 1970 sit
3075 1927 3128 1970 ct
3165 1899 3368 1986 aliqua

1792 2005 1901 2056 vita
1950 2005 2014 2057 de
2063 2015 2214 2072 parte
2247 2004 2411 2065 illius,
2448 2021 2566 2072 qua:
2612 2020 2733 2060 cum
2783 2007 2898 2075 ipso
2934 2009 3046 2076 agit
3082 2018 3138 2062 ut
3186 2025 3283 2062 nas
3319 2026 3347 2063 a

1789 2095 2058 2148 charitate
2089 2105 2302 2162 separet
2349 2096 2484 2149 Dei:
2517 2112 2634 2164 qua:
2685 2098 2793 2152 vita
2845 2109 2928 2153 est
2972 2101 3201 2169 peccati.
3240 2099 3350 2154 Nisi

1786 2187 1929 2239 enim
1965 2186 2102 2240 mala
2140 2197 2286 2241 esset
2327 2188 2443 2242 haec
2487 2189 2618 2262 vita,
2655 2205 2922 2258 nunquam
2968 2206 3066 2245 nos
3098 2193 3353 2246 suaderet

1786 2278 2078 2342 Apostolus
2099 2287 2155 2332 ut
2178 2293 2511 2332 morerentur
2531 2291 2777 2348 peccato,
2799 2282 2924 2335 etin
2954 2289 3126 2335 morte
3149 2281 3348 2336 Christi

1784 2366 2208 2435 baptizaremur,
2245 2376 2301 2422 et
2339 2368 2809 2436 consepeliremur
2836 2370 2884 2421 ei
2908 2369 2975 2422 ⁸³.
3005 2367 3186 2423 Potest
3218 2385 3350 2435 ergo

1786 2456 1902 2511 ﬁeri
1933 2466 1990 2510 ιιι
2021 2458 2135 2510 haec
2161 2457 2272 2510 vita
2305 2457 2510 2525 peccati
2538 2457 2626 2519 sit,
2657 2471 2775 2522 qua:
2803 2471 2900 2511 nos
2924 2457 3070 2525 cupit
3096 2472 3350 2522 separare

1782 2563 1811 2601 a
1843 2549 2107 2602 charitate
2160 2547 2272 2602 Dei.
2313 2548 2426 2617 Ego
2470 2557 2643 2601 autem
2680 2558 2807 2616 pulo
2852 2549 2993 2616 quod
3043 2557 3097 2602 et
3135 2549 3342 2617 singqu

1781 2655 2008 2710 quaeque
2038 2649 2257 2709 peccata
2290 2639 2522 2694 habeant
2551 2639 2783 2707 aliquam
2818 2639 2981 2691 vitam
3015 2653 3165 2692 suam
3200 2640 3342 2694 intra

1780 2746 1879 2785 nos
1907 2750 1921 2784 :
1952 2745 2075 2785 nam
2112 2731 2534 2800 unumquodque
2583 2730 2770 2782 vitium
2820 2729 2928 2782 vita
2975 2729 3183 2798 peccati
3237 2741 3338 2784 est.

1780 2822 1991 2889 Quanto
2022 2837 2152 2892 ergo
2184 2822 2335 2891 plura
2366 2821 2506 2875 intra
2543 2836 2641 2876 nos
2679 2821 2809 2874 vitia
2842 2821 3339 2890 deprehenduntur,

1781 2923 1928 2966 tanto
1956 2912 2134 2980 plures
2181 2927 2299 2966 esse
2349 2923 2690 2981 peccatorum
2743 2912 2868 2965 vita:
2919 2911 3248 2966 videbuntur
3285 2914 3338 2966 in

1779 3005 1952 3060 nobis.
1992 3005 2058 3056 Et
2085 3015 2373 3073 propterea
2405 3003 2546 3057 forte
2584 3003 2784 3056 dictum
2818 3003 3064 3073 sitzqnia
3102 3023 3119 3055 ‹
3151 3005 3340 3058 mclior

1776 3105 1859 3148 est
1889 3093 2253 3147 misericordia
2289 3102 2377 3146 tua
2409 3107 2569 3160 super
2596 3091 2845 3146 vitassl.»

1849 3183 2080 3253 «Neque
2129 3184 2322 3254 angeli,
2375 3197 2547 3252 neque
2597 3183 2950 3254 principatus,
3000 3201 3174 3255 neque
3227 3187 3338 3240 vir-

1775 3276 1997 3330 tutes".
2023 3295 2042 3328 ι
2093 3274 2148 3329 ln
2179 3284 2426 3345 promptu
2463 3283 2548 3329 est
2593 3275 2710 3329 illos
2743 3275 2963 3346 angelos
3011 3278 3333 3348 intelligere,

1772 3369 1969 3438 quibus
2003 3368 2139 3437 ignis
2189 3377 2424 3422 aeternus
2459 3381 2486 3419 a
2527 3365 2807 3422 Salvatore
2837 3383 2959 3422 cum
2995 3369 3215 3424 diabolo
3245 3371 3334 3423 di-

1771 3463 1912 3517 citur
1946 3471 2277 3530 praeparatus
2305 3461 2353 3493 ⁸⁸
2378 3475 2393 3513 :
2418 3461 2750 3532 principatus
2779 3470 2954 3516 autem
2986 3473 3039 3516 et
3081 3463 3332 3527 virtutes,

1772 3553 1889 3606 illas
1940 3553 2056 3606 sine
2105 3552 2268 3606 dubio
2323 3552 2608 3606 adversum
2665 3567 2800 3620 quas
2847 3554 3004 3609 nobis
3053 3542 3329 3608 certamen

1767 3653 1848 3699 est
1873 3644 1916 3674 ⁸⁷
1947 3663 1959 3697 :
1988 3643 2069 3697 vel
2101 3643 2220 3696 illos
2244 3643 2578 3712 principatus
2607 3651 2660 3697 et
2695 3654 3008 3711 potestates,
3037 3647 3101 3698 de
3134 3647 3331 3714 quibus

1765 3737 1943 3790 dicit:
1981 3736 2152 3788 «Cum
2187 3745 2366 3788 autem
2407 3735 2736 3790 destruxerit
2783 3751 2999 3790 omnem
3053 3738 3326 3804 principa-

1768 3837 1909 3893 tum,
1937 3835 1991 3881 et
2021 3836 2340 3896 potestatem
2376 3827 2511 3896 (17),
2550 3837 2601 3880 et
2628 3830 2882 3882 virtutem
2900 3828 2996 3880 ⁵⁸.»
3031 3827 3104 3880 Ex
3135 3830 3327 3896 quibus

1763 3929 1817 3973 et
1862 3919 2112 3988 princeps
2153 3918 2311 3987 hujus
2360 3919 2542 3972 tnundi
2596 3919 2978 3987 appellatur”.
3017 3919 3138 3972 Post
3189 3923 3322 3985 haec,

1769 4033 1787 4066 ι
1817 4013 1999 4082 Neque
2031 4013 2339 4082 praesentia,
2366 4032 2383 4063 ι
2418 4012 2612 4079 inquit,
2662 4014 2776 4065 sive
2810 4012 3131 4065 «instantia.
3155 4032 3172 4062 ι
3221 4014 3323 4067 ιδυ-

1763 4118 1861 4163 test
1889 4109 1992 4162 hoc
2024 4107 2088 4160 de
2116 4107 2198 4160 his
2225 4107 2426 4160 dictum
2475 4105 2667 4170 videri,
2703 4120 2840 4173 quos
2875 4106 2927 4159 in
2958 4107 3078 4160 alits
3103 4108 3147 4137 ⁶⁰
3180 4109 3320 4161 idem

1758 4203 2045 4273 Apostolus
2079 4218 2097 4252 ε
2121 4213 2362 4256 rectores
2410 4200 2592 4252 mundi
2630 4200 2785 4268 hujus
2813 4209 2867 4253 et
2917 4201 3260 4254 tenebrarum
3297 4217 3317 4253 ι

1761 4295 2058 4350 nominavit
2089 4313 2102 4347 :
2134 4295 2217 4348 vel
2247 4295 2408 4348 etiam
2439 4293 2581 4361 quod
2611 4293 2954 4363 praesentium
3006 4309 3182 4346 rerum
3221 4308 3320 4347 vo-

80 4379 202 4434 'Sed
232 4392 285 4437 et
313 4385 641 4453 profundum
681 4395 860 4455 potest
901 4386 1153 4441 similiter
1220 4386 1472 4458 intelligi.
1535 4389 1653 4444 \‘ita
1689 4380 1729 4434 Β
1758 4388 1936 4456 luptas
1975 4398 2029 4441 et
2064 4385 2367 4447 delectatio,
2415 4394 2470 4438 et
2522 4399 2660 4439 vana
2706 4385 2865 4454 hujus
2915 4385 3099 4437 mundi
3149 4385 3320 4454 gloria~

106 4482 269 4528 autem
289 4518 305 4543 ,
333 4489 387 4534 et
409 4479 611 4544 futura,
635 4489 689 4532 et
720 4478 974 4542 altitudo,
1004 4490 1059 4533 et
1082 4488 1329 4534 creatura
1357 4481 1483 4546 alia,
1514 4496 1652 4550 quo-

107 4566 306 4621 modoa
358 4570 453 4626 Dei
510 4571 780 4625 charitate
825 4585 1076 4640 separare
1131 4585 1230 4625 nos
1289 4581 1498 4626 certent
1546 4588 1650 4627 non

104 4656 320 4715 otiosum
365 4665 580 4719 videtur
615 4679 904 4734 exponere.
944 4661 1058 4717 Nisi
1111 4662 1157 4716 si
1187 4662 1307 4732 quis
1336 4661 1476 4720 forte
1500 4663 1650 4719 dicat

199 4829 241 4861 ‘3
262 4831 412 4886 Rom.
441 4849 557 4894 vnt,
598 4831 687 4894 58,
720 4830 809 4886 59.
879 4830 925 4862 ‘9
953 4829 967 4882 I
993 4829 1116 4882 Cor.
1147 4845 1201 4893 κ,
1227 4827 1316 4884 l5.

104 4908 169 4966 Υ).
197 4899 306 4958 2-4.
381 4905 426 4936 ⁸⁴
452 4903 649 4956 Psalm.
703 4917 836 4966 uti,
859 4899 911 4953 4.
987 4899 1032 4930 ⁸⁸
1058 4899 1211 4952 Rom.
1245 4914 1359 4960 vut,
1391 4898 1480 4952 58.

106 4962 146 4995 ⁸⁸
168 4966 309 5026 Joan.
337 4989 432 5038 χιι,
459 4974 549 5028 51.
626 4972 669 5003 ⁸ο
693 4962 984 5040 Ephes.vt,
1009 4970 1097 5023 12.
1173 4970 1215 5000 ⁶¹
1251 4967 1405 5022 Ront.
1453 4983 1568 5032 vttt,
1611 4970 1696 5024 59.

1392 4827 1438 4859 '°
1460 4827 1756 4888 Coloss.lt.
1791 4828 1878 4885 15.
1937 4824 2155 4879 l“Rom.
2181 4825 2406 4886 vm,22.
2482 4822 2565 4874 “l
2606 4821 2734 4875 Cor.
2783 4837 2872 4883 xv,
2913 4821 3004 4874 26.

1557 4899 1603 4930 ⁵⁸
1630 4889 1816 4954 Matth.
1854 4914 1981 4961 xxv,
2004 4897 2093 4949 11.

1755 4479 1968 4534 studeat
1995 4495 2093 4532 nos
2127 4497 2145 4527 ι
2167 4494 2193 4530 a
2236 4478 2324 4530 Dei
2361 4478 2625 4531 charitate
2650 4495 2669 4529 ι
2726 4476 3012 4542 deducere,
3052 4491 3206 4544 «qua:
3239 4489 3323 4530 est

1756 4572 1809 4626 in
1848 4569 2063 4624 Christo
2098 4567 2224 4625 Jesu
2275 4570 2501 4623 Domino
2550 4578 2738 4622 nostro
2755 4571 2821 4620 θι.
2849 4586 2866 4618 ι
2918 4567 3046 4621 Post
3085 4568 3200 4621 hrec
3240 4569 3323 4620 vi-

1756 4663 1979 4718 deamus
2021 4677 2140 4731 qua:
2187 4663 2297 4716 sint
2343 4659 2589 4725 «futura,
2618 4681 2635 4712 ι
2674 4675 2793 4730 quae
2840 4658 3027 4713 volunt
3073 4661 3316 4728 quidem,

3082 4822 3126 4852 “
3155 4820 3312 4874 Bnm.

2170 4895 2430 4964 l"Ephes.
2466 4892 2649 4956 v1,l£.
2727 4893 2772 4922 ⁸⁸
2822 4893 2837 4944 Ι
2893 4892 3019 4946 Cor.
3069 4907 3160 4955 xv,
3218 4890 3312 4946 2i.

3348 5051 3355 5084 Ι

1749 5078 1930 5133 Sttioni
1964 5078 2048 5131 vel
2085 5085 2271 5132 nostra
2304 5071 2500 5129 sullicit
2523 5074 2694 5127 virtus
2721 5111 2738 5128 .
2763 5109 2779 5125 .
2808 5113 2824 5127 .
2854 5111 2869 5126 .
2911 5075 3166 5128 admittit.
3217 5093 3237 5124 ι

1820 5147 1934 5217 (14)
1967 5147 2125 5206 Editi,
2163 5165 2182 5196 ι
2220 5162 2286 5198 an
2318 5146 2562 5213 quaedam
2589 5159 2655 5198 ex
2686 5144 2816 5214 ipsis
2848 5146 2972 5214 (huc
2999 5146 3140 5198 enim
3185 5155 3305 5197 stu-

1748 5217 1884 5271 diosi
1911 5216 2182 5287 quaerunt)
2213 5218 2497 5270 Immanas.
2537 5232 2555 5264 ›

1819 5283 1946 5369 (15)
1971 5283 2306 5369 Μξεγοιὶὲεξιιε
2344 5301 2494 5369 num.
2532 5283 2691 5348 1659,
2727 5302 2745 5336 ι
2783 5299 2903 5354 quae
2952 5284 3246 5354 [rc-luerim.
3282 5302 3303 5336 ι

1750 5356 1950 5412 Deinde
1983 5356 2136 5422 editi,
2167 5375 2185 5406 ι
2225 5359 2338 5409 hair.
2367 5368 2545 5426 agere.
2586 5375 2604 5407 ι

1816 5427 1927 5495 (lli)
1965 5427 2055 5482 Sic
2088 5429 2249 5492 editi;
2286 5435 2341 5479 at
2375 5422 2500 5480 vero
2536 5440 2665 5480 mss.
2701 5437 2913 5488 omnes,
2946 5442 2963 5473 ‹
2993 5422 3135 5476 Mors
3165 5425 3306 5496 quod

1745 5497 1896 5552 dicit.
1947 5516 1964 5548 t

1814 5566 1927 5634 (l7)
1968 5566 2033 5621 Et
2078 5573 2402 5635 potestatem.
2440 5564 2563 5620 Haec
2613 5565 2812 5621 desunt
2871 5565 2923 5618 in
2965 5563 3115 5619 libris
3147 5575 3303 5620 ante:

1741 5636 1919 5696 editis},
2304 5638 2309 5649 ’

168 5076 268 5148 (12)
307 5081 479 5143 Editi,
513 5090 567 5135 et
601 5095 732 5134 mss.
781 5079 991 5148 plures,
1039 5093 1352 5148 perperam,
1403 5097 1420 5129 ε
1462 5087 1639 5133 tamen

108 5147 262 5201 adhuc
289 5153 522 5205 victoria
544 5150 694 5206 locus
731 5147 852 5211 eSt;
887 5168 904 5199 ι
943 5147 1282 5203 (ἰθὶιὶιιθίθιιίιί
1312 5189 1328 5214 ,
1376 5169 1392 5198 ι
1424 5149 1638 5202 etiamsi

108 5227 274 5287 [mines
304 5220 357 5273 in
397 5237 494 5275 nos
526 5259 540 5274 .
568 5260 582 5273 .
609 5261 621 5272 .
652 5260 664 5272 .
707 5221 964 5274 torserint
993 5258 1008 5282 ,
1054 5219 1270 5287 quando
1315 5235 1344 5271 a
1372 5219 1640 5272 charitate

108 5281 189 5358 Dei
219 5305 310 5358 nos
337 5292 558 5345 minime
585 5305 917 5357 separamur.
960 5281 1002 5340 y
1031 5281 1094 5342 Et
1139 5298 1322 5358 pastea
1343 5328 1356 5350 ,
1389 5306 1408 5338 ι
1449 5303 1640 5357 quam-

109 5352 178 5430 vis
219 5357 394 5430 altiora
426 5352 715 5430 contigisse
752 5379 769 5411 ι
804 5359 931 5430 (ms.
965 5375 1102 5413 unus
1139 5352 1159 5410 ἱ
1195 5352 1533 5426 congessisse
1566 5359 1638 5426 ι),

107 5427 320 5499 (ξιιμ-ξεί)
352 5427 665 5499 ροιίοτεεέι
691 5427 945 5485 [tabanus
984 5430 1117 5483 utin
1153 5439 1339 5499 nostro
1368 5438 1537 5482 textu.

167 5493 266 5566 (l5)
295 5493 380 5554 Sic
411 5516 511 5556 ms.
542 5516 679 5553 unus
708 5499 906 5570 Regius
935 5515 1080 5570 num.
1109 5499 1266 5570 1659.
1291 5497 1480 5554 Caateri
1511 5513 1636 5570 vero

107 5573 218 5638 ipss.
241 5579 292 5622 et
319 5570 603 5634 Rabanus,
644 5588 662 5621 ι
706 5566 863 5638 quam
891 5569 1246 5634 expositionis
1277 5578 1477 5623 nostra:
1520 5566 1635 5620 sui.

107 5626 203 5686 ﬁcit
231 5639 390 5698 virtus
419 5679 436 5696 .
471 5683 484 5696 .
525 5678 538 5693 .
566 5626 869 5699 (admittit.
895 5661 913 5694 ι
955 5626 1092 5696 Editi
1126 5639 1385 5710 plerique,
1416 5657 1433 5690 α
1471 5656 1635 5708 expu-
