3692 6138
441 240 580 296 1155
1898 249 1932 304 0

2090 250 2218 306 INIS
3501 264 3602 322 1156

383 393 398 451 ξ
433 362 528 413 sed
563 375 666 412 ttOll
700 369 930 427 possunt
974 358 1198 414 Paulum
1232 371 1287 416 et
1320 363 1526 418 similes
1557 365 1676 435 ejus
1699 368 1809 437 (18)
1845 385 1999 439 sepa—
2030 375 2074 429 Α
2105 370 2285 424 fundis
2330 370 2562 425 clamavi
2598 369 2663 424 ad
2699 381 2773 436 te,
2807 371 3092 425 Domine"
3117 390 3130 426 :
3153 390 3172 424 ι
3195 387 3315 428 cum
3357 375 3418 430 ab
3447 378 3516 433 his
3537 387 3601 451 qui

434 467 560 506 rare
586 466 616 503 a
642 451 909 505 cbaritate
956 451 1071 507 Dci.
1097 452 1392 522 Dupliciter
1426 457 1555 513 mihi
1588 460 1752 513 ctiam
1789 462 1890 516 boc
1919 463 2001 516 in-
2108 461 2158 516 in
2193 461 2402 516 inferno
2433 462 2668 531 deputati
2700 472 2846 526 sunt,
2879 472 2935 517 et
2959 464 3222 531 gehennae
3256 465 3511 534 spiritibus
3531 443 3602 526 iiu-

382 546 394 578 θ
432 544 782 614 teltigendnm
833 544 1064 599 videtur.
1117 544 1349 602 Possunt
1395 551 1537 604 enim
1584 550 1810 607 «futura
1836 553 1944 624 (19)
1979 576 1998 607 ο

431 635 658 703 intelligi
695 636 761 690 ab
789 649 854 689 eo
905 645 1147 705 tempore
1179 653 1286 708 quo
1332 641 1448 695 haec
1480 643 1774 710 scribebat,
1810 657 1867 700 ut
1902 649 2004 703 ltoc

432 729 615 784 dicere
651 728 938 783 videatur:
967 729 1022 782 Si
1050 745 1153 798 qua
1188 741 1541 796 tcutamenta,
1579 736 1621 788 si
1657 750 1778 806 qua:
1825 737 2003 793 tribu-

431 819 665 885 lationes
689 823 1118 891 supervenerint,
1153 838 1181 876 a
1211 825 1477 881 cbaritate
1507 827 1600 881 Dei
1629 844 1716 885 me
1744 845 2005 900 separare

430 930 538 969 non
569 926 839 985 poterunt.
875 913 970 969 Vel
1000 918 1162 970 etiam
1205 936 1222 968 ι
1245 916 1426 974 futura
1451 939 1469 972 t
1509 921 1748 993 intellige
1779 938 1841 979 ea
1882 940 2003 993 quae

430 1009 498 1062 de
542 1009 741 1061 mundo
783 1008 884 1062 hoc
930 1008 1306 1062 recedentibus
1331 1007 1445 1080 (20)
1485 1025 1782 1068 occursura
1837 1026 1996 1079 sunt,

429 1115 550 1154 cum
582 1102 836 1170 princeps
869 1102 1024 1168 hujus
1057 1102 1236 1154 mundi
1260 1103 1327 1166 ⁸³,
1364 1104 1591 1174 aliaeque
1624 1107 1851 1163 virtutes
1882 1125 2001 1178 qua:

428 1196 529 1248 sub
572 1195 693 1262 ipso,
728 1203 874 1256 sunt,
913 1195 1150 1246 retinere
1198 1195 1484 1250 certabunt
1518 1199 1752 1253 animam
1785 1201 1850 1255 de
1879 1217 2000 1256 cor-

428 1299 562 1353 pore
592 1285 1020 1354 proficiscentem
1051 1286 1186 1355 (21),
1219 1288 1311 1341 sed
1343 1303 1446 1342 non
1481 1298 1734 1358 poterunt
1761 1293 1998 1349 retinere

426 1392 522 1431 cas
547 1378 744 1444 quibus
774 1395 792 1429 ι
811 1377 1050 1447 perfecta
1083 1379 1342 1448 cltaritas,
1364 1399 1385 1434 ›
1424 1395 1547 1449 qua:
1575 1392 1657 1437 est
1686 1383 1738 1436 in
1777 1385 1999 1440 Christo

423 1469 604 1530 Jesu,t
629 1471 776 1525 foras
803 1471 968 1525 mittit
987 1471 1232 1527 timorem
1247 1475 1310 1528 ⁸³.
1338 1494 1356 1526 ι
1387 1475 1796 1547 Videbitttr(22)
1817 1487 1996 1533 autem

425 1564 569 1618 hunc
601 1576 819 1618 sensum
853 1563 1184 1618 conﬁrmare
1210 1575 1267 1620 et
1301 1566 1389 1620 illa
1434 1565 1712 1636 Scriptura
1746 1583 1866 1637 quae
1911 1569 1997 1622 di-

424 1657 500 1710 cit
529 1673 544 1709 :
579 1674 597 1707 (
627 1656 758 1710 Dum
787 1655 930 1709 enim
967 1671 1153 1712 sumus
1194 1657 1248 1711 in
1294 1673 1545 1727 corpore,
1586 1661 1997 1728 peregrinaer

422 1763 452 1800 a
487 1747 716 1802 Domino
747 1767 759 1800 :
787 1749 1035 1819 cupimus
1099 1749 1241 1802 enim
1274 1749 1386 1820 (25)
1431 1751 1600 1820 magis
1656 1752 1991 1821 peregrinari

422 1855 450 1893 a
482 1854 733 1908 corpore,
761 1849 814 1893 et
858 1841 1045 1894 adesse
1077 1841 1144 1893 ad
1171 1840 1456 1897 Dominunt
1489 1860 1504 1897 :
1535 1863 1553 1897 ι
1617 1854 1692 1908 et,
1756 1864 1775 1896 ‹
1800 1847 1993 1901 conni-

423 1933 588 1985 tinmr
626 1945 806 1986 autem
842 1933 954 1986 sive
987 1933 1261 1994 absentes,
1295 1935 1410 1988 sive
1448 1945 1742 2003 praesentes
1778 1937 1993 2005 placere

418 2029 677 2100 ei“(%):
715 2047 734 2079 ›
770 2028 1024 2083 absentes
1052 2042 1149 2082 nos
1193 2027 1379 2080 dicens
1405 2027 1458 2080 in
1496 2043 1722 2097 corpore
1756 2031 1985 2100 positos.

418 2129 714 2188 praesentes
742 2129 921 2172 autem
955 2119 1020 2171 de
1051 2132 1276 2185 corpore
1307 2119 1721 2175 recedenteszet
1752 2124 1991 2177 ostendit

417 2211 557 2278 qttod
599 2212 849 2266 studeant.
897 2211 1067 2263 sancti
1104 2211 1266 2264 etiam
1297 2209 1362 2262 de
1393 2225 1623 2279 corpore
1668 2215 1989 2268 recedentes

418 2303 634 2372 placere
653 2302 780 2357 Deo.
816 2303 870 2356 Si
900 2317 1030 2370 ergo
1053 2302 1104 2356 in
1133 2301 1214 2356 eis
1240 2299 1481 2369 perfecta
1511 2303 1582 2356 sit
1607 2304 1866 2368 cltaritas,
1886 2321 1987 2360 nec

418 2396 524 2448 ulla
557 2411 675 2464 qua:
699 2395 878 2450 futura
911 2403 1058 2460 sunt,
1093 2394 1145 2449 in
1174 2394 1370 2463 quibus
1399 2395 1723 2463 placendum
1747 2408 1829 2452 est
1851 2398 1983 2460 Deo,

411 2497 667 2556 poterunt
710 2501 803 2542 eos
854 2488 922 2540 ab
970 2486 1086 2556 ipsa
1134 2500 1430 2556 separare,,
1461 2502 1583 2541 cum
1632 2488 1820 2558 utique
1876 2505 1984 2543 non

416 2584 706 2653 placebunt
736 2583 844 2637 Deo
881 2583 935 2637 bi
970 2584 1061 2652 qui
1094 2591 1201 2637 tam
1239 2581 1466 2635 mobiles
1507 2591 1675 2637 erunt
1710 2583 1761 2636 in
1804 2583 1985 2636 cbari-

415 2687 526 2729 tate
556 2676 670 2742 Dei,
705 2686 762 2731 ut
795 2676 1006 2744 possint
1049 2680 1116 2733 ab
1143 2694 1203 2732 ea
1235 2677 1507 2747 separari.
1540 2675 1665 2730 Haec
1698 2676 1854 2731 nobis
1886 2677 1986 2729 du-

411 2770 537 2839 plici
566 2771 724 2825 modo
751 2771 891 2825 dicta
927 2773 1035 2828 sint
1061 2772 1126 2824 de
1156 2771 1369 2826 futuris.
1403 2770 1589 2825 Potest
1623 2778 1802 2823 autem
1841 2768 1981 2832 ﬁeri,

411 2870 472 2915 ut
500 2862 569 2916 sit
613 2871 669 2916 et
703 2860 900 2929 aliquis
950 2863 1142 2915 tertius
1195 2865 1387 2916 modus
1434 2861 1519 2915 bis
1573 2859 1976 2930 superior(25),

408 2967 570 3021 quem
606 2953 695 3022 qui
729 2952 1064 3022 investigare
1099 2953 1356 3022 potuerit,
1391 2953 1610 3022 dignum
1653 2952 1859 3023 judicet
1895 2952 1978 3006 bis

2105 564 2458 624 pugnaretur.
2491 553 2596 608 Sed
2639 568 2708 608 ne
2751 555 2891 621 haec,
2927 555 3101 622 inquit
3155 555 3368 621 Paulus,
3405 574 3605 628 separare

2106 658 2204 696 nos
2259 652 2512 712 poterunt
2561 658 2590 696 a
2647 644 2911 700 cbaritate
2955 645 3075 701 Dei.
3133 663 3152 696 ι
3207 645 3416 717 Neque,
3458 650 3603 720 inquit,

2107 746 2353 792 creatura
2429 735 2604 790 alia.»
2655 735 2842 792 Potest
2887 738 3117 807 intelligi
3168 738 3328 793 aliam
3361 753 3603 798 creaturam

2103 827 2304 882 dixisse
2353 839 2548 898 praeter
2580 829 2720 884 banc
2771 845 2932 900 quam
2963 831 3248 886 videmus:
3273 841 3357 888 est
3386 836 3508 888 enim
3531 837 3602 892 alia

2103 919 2261 974 nobis
2294 919 2580 976 invisibilis
2627 937 2791 976 nunc.
2835 922 3020 978 Potest
3053 935 3233 980 autem
3261 934 3318 981 et
3343 928 3419 982 sic
3443 933 3601 999 accipi:

2102 1010 2305 1066 Praeter
2337 1011 2426 1066 illa
2457 1029 2578 1084 quae
2608 1016 2855 1084 superius
2897 1019 3246 1083 enumeravi;
3287 1019 3389 1096 hoc
3425 1033 3514 1086 est,
3539 1039 3604 1078 att-

2102 1107 2270 1177 gelos,
2313 1118 2368 1161 et
2410 1110 2664 1171 virtutes,
2693 1117 2749 1163 et
2780 1109 2824 1162 si
2863 1123 2967 1177 qua
3005 1121 3092 1164 est
3127 1110 3230 1164 alia
3279 1124 3525 1174 creatura,
3559 1133 3605 1171 ne

2101 1200 2310 1268 singula
2343 1216 2437 1269 per
2464 1200 2673 1267 species
2705 1203 3079 1255 enumerando
3113 1201 3330 1272 longum
3361 1217 3603 1260 sermonem

2103 1292 2321 1346 trahere
2358 1291 2634 1346 videretur
2664 1292 2828 1364 610
2859 1305 2914 1346 et
2944 1292 3302 1362 superfluum.
3334 1293 3434 1349 Aut
3461 1297 3603 1353 etalio

2101 1385 2284 1437 modo.
2311 1383 2580 1448 Quoniam
2616 1385 2833 1454 quidem
2861 1384 3067 1439 sciebat
3098 1385 3299 1440 Paulus
3330 1388 3603 1444 multasease

2098 1484 2154 1528 et
2193 1474 2509 1530 innumeras
2559 1475 2651 1530 Dei
2704 1485 3012 1541 creaturas,
3059 1492 3289 1546 quantm
3335 1480 3486 1532 etiam
3525 1481 3604 1547 ipse

2100 1581 2206 1621 non
2237 1583 2473 1633 omnem,
2511 1567 2607 1624 sed
2645 1581 2712 1621 ex
2745 1578 2900 1636 parte
2931 1568 3216 1622 scientiam
3259 1580 3482 1639 ceperat,
3509 1587 3602 1640 qua-

2101 1672 2327 1727 rumque
2358 1673 2463 1714 non
2493 1659 2668 1713 solum
2702 1658 2931 1728 species,
2962 1661 3062 1712 sed
3092 1669 3145 1714 et
3177 1661 3395 1715 nomina
3435 1662 3482 1716 in
3507 1679 3602 1731 ptat-

2096 1749 2234 1804 senti
2263 1749 2464 1805 saeculo
2487 1750 2804 1820 ignorentur
2839 1770 2855 1807 :
2881 1751 2947 1804 de
2971 1752 3170 1820 quibus
3201 1761 3261 1806 et
3291 1753 3342 1806 in
3375 1751 3482 1808 aliis
3503 1756 3601 1809 idem

2092 1839 2381 1910 Apostolus
2412 1841 2525 1913 (27)
2555 1843 2688 1897 dicit
2723 1844 3060 1899 Salvatorem
3085 1847 3295 1901 sedisse
3319 1845 3428 1916 (28)
3449 1862 3602 1918 tsuper

2095 1947 2312 1989 omnem
2343 1934 2727 2004 principatum,
2761 1945 2816 1988 et
2845 1945 3187 2005 potestatem,
3212 1945 3272 1992 et
3298 1937 3541 2002 virtutem,
3565 1948 3602 1993 et

2091 2027 2537 2094 dominationem,
2583 2036 2638 2082 et
2690 2043 2850 2082 omne
2902 2045 3096 2083 nomen
3149 2030 3296 2100 quod
3337 2033 3593 2084 nominatur

2093 2133 2196 2172 non
2229 2118 2402 2172 solum
2431 2118 2483 2172 in
2526 2118 2629 2173 hoc
2657 2120 2873 2184 saeculo,
2907 2121 3002 2174 sed
3027 2123 3188 2175 etiam
3227 2122 3284 2175 itt
3320 2120 3593 2187 futuro“;i

2090 2219 2310 2279 propter
2359 2211 2471 2265 haec
2520 2224 2650 2280 ergo
2687 2226 2807 2280 quae
2854 2213 2958 2265 scit
3001 2227 3106 2266 non
3157 2213 3338 2266 solum
3389 2229 3522 2282 posse
3562 2215 3595 2268 in

2091 2297 2339 2364 praesenti
2371 2297 2594 2362 saeculo,
2621 2298 2713 2352 sed
2743 2299 2907 2352 ctiatn
2940 2300 2991 2352 in
3024 2300 3202 2354 futuro
3228 2300 3342 2373 (29)
3364 2304 3598 2367 nominari,

2089 2386 2292 2442 dixisse
2344 2388 2616 2442 videbitur
2645 2407 2658 2444 :
2690 2407 2709 2440 ί
2740 2387 2926 2457 Neque
2974 2389 3083 2443 ulla
3128 2401 3383 2445 creatura
3419 2393 3507 2446 alia
3529 2408 3594 2461 po-

2090 2483 2219 2534 terit
2246 2497 2343 2536 nos
2377 2497 2636 2551 separare
2663 2498 2692 2536 a
2721 2485 2924 2538 cbarita
2937 2495 2987 2538 te
3017 2483 3112 2538 Dei
3133 2485 3234 2536 θ’.»
3275 2483 3595 2540 Verumtamen

2085 2589 2152 2628 ex
2192 2575 2277 2628 his
2309 2574 2559 2629 omnibus
2601 2576 2839 2630 ostendit
2892 2575 3087 2629 Paulus
3115 2577 3310 2632 salutis
3349 2592 3448 2631 suae
3469 2577 3590 2632 conﬁ-

2086 2665 2347 2731 dentiam,
2395 2681 2516 2720 cum
2556 2666 2670 2735 jam
2724 2681 2897 2736 neque
2943 2668 3152 2738 angelis
3205 2668 3593 2732 adversantibus,

2085 2772 2257 2826 neque
2306 2757 2598 2813 virtutibus
2650 2760 3109 2829 impugnantibus,
3144 2776 3327 2831 neque
3361 2763 3591 2830 prazsenti-

2081 2850 2204 2915 bus,
2242 2865 2417 2919 neque
2452 2847 2650 2904 futuris
2697 2849 2800 2906 sibi
2848 2850 3262 2906 obluctantibus
3287 2851 3418 2922 (50),
3463 2867 3592 2920 neque

2083 2941 2188 2996 ulla
2227 2956 2448 3010 prorsus
2482 2951 2732 2996 creatura
2786 2944 3134 3008 adversante,
3168 2957 3197 2996 a
3255 2944 3502 2998 cbaritate
3527 2940 3590 2995 Dei

408 3043 689 3112 prmferre.
750 3042 1040 3114 subjungit
1097 3044 1288 3097 deinde
1327 3061 1342 3097 :
1378 3063 1395 3094 ι
1428 3043 1615 3114 Neque
1659 3045 1914 3099 virtutes.
1953 3063 1972 3094 ι
2006 3056 2047 3114 C
2082 3033 2215 3089 dicit
2241 3050 2300 3090 se
2328 3050 2487 3103 posse
2515 3036 2722 3099 divelli,
2759 3050 2858 3089 nec
2904 3035 3177 3114 ullum_tot
3208 3035 3589 3090 adversariorum

409 3135 631 3200 Species
661 3133 872 3187 videtur
899 3148 1016 3186 esse
1047 3148 1147 3184 una
1181 3149 1245 3186 ex
1273 3133 1519 3203 pluribus
1556 3135 1974 3190 rationabilibus

407 3227 690 3288 creaturis,
737 3240 840 3279 non
892 3225 942 3276 itt
997 3239 1229 3294 corpore
1271 3225 1485 3280 mortali
1533 3227 1700 3279 vitam
1745 3228 1969 3289 ducens,

405 3319 503 3369 sed
536 3325 595 3369 ut
630 3317 822 3385 angeli,
856 3332 918 3370 ex
962 3317 1068 3370 alio
1097 3325 1272 3370 tamen
1303 3319 1495 3374 ordine
1523 3333 1684 3388 quam
1717 3330 1841 3372 sunt
1871 3335 1972 3371 an-

405 3409 532 3478 geli.
573 3407 639 3461 Et
667 3408 794 3475 ipsa
830 3423 958 3479 ergo
1007 3409 1235 3463 virtutes
1272 3409 1472 3464 habent
1499 3420 1776 3464 certamen
1808 3424 1966 3478 sepa-

405 3516 528 3554 rare
563 3516 660 3554 nos
687 3516 716 3552 a
749 3499 1015 3554 cbaritate
1045 3501 1174 3565 Dei;
1207 3501 1300 3554 sed
1334 3515 1432 3556 nec
1460 3501 1612 3569 ipsze,
1641 3502 1841 3570 inquit,
1873 3517 1970 3566 po-

404 3606 604 3659 terunt,
629 3597 673 3650 si
701 3597 941 3652 radicata
974 3597 1043 3649 sit
1071 3608 1124 3650 et
1153 3596 1392 3652 fundata.
1418 3597 1687 3652 Similiter
1712 3607 1764 3653 et
1794 3617 1812 3649 ι
1843 3599 1968 3652 alti-

402 3687 594 3751 tudo,»
651 3699 706 3741 et
763 3689 1166 3756 «profundumt
1223 3690 1502 3758 impugnat
1556 3705 1676 3757 nos,
1722 3691 1863 3744 sicut
1911 3701 1967 3745 et

403 3779 564 3833 David
597 3779 790 3833 dicit"
819 3799 833 3834 :
864 3797 882 3830 t
904 3779 1054 3834 Multi
1109 3781 1201 3850 qui
1252 3782 1524 3836 debellant
1569 3797 1653 3837 me
1689 3784 1754 3837 de
1786 3784 1917 3844 alto,
1941 3801 1963 3836 ι

399 3871 517 3924 sine
556 3871 716 3926 dubio
748 3887 867 3925 cum
907 3887 937 3925 a
967 3873 1246 3942 spiritibus
1276 3873 1530 3943 nequitia:
1551 3875 1595 3905 °°
1628 3874 1694 3929 de
1726 3875 1964 3929 caelesti-

399 3965 501 4018 bus
537 3964 942 4034 urgeretur(9.6)
971 3983 984 4018 :
1011 3973 1063 4020 et
1092 3966 1235 4021 sicut
1265 3967 1460 4020 iterum
1491 3967 1618 4022 dicit
1649 3986 1662 4021 :
1693 3985 1711 4018 t
1742 3966 1818 4020 De
1841 3982 1967 4035 pro-

467 4106 512 4136 ⁶²
534 4104 689 4158 Joan.
739 4121 836 4165 xu.
879 4107 967 4160 51.
1043 4106 1131 4159 ⁵³1
1161 4105 1316 4161 Joan.
1353 4123 1424 4171 tv,
1455 4107 1541 4161 l8.

396 4191 580 4239 exstx,
608 4177 658 4233 l.
737 4178 780 4207 ⁸⁸
801 4176 996 4245 Epltes.
1041 4192 1080 4240 t,
1110 4177 1199 4232 21.
1278 4179 1320 4209 δ’
1345 4177 1634 4241 It0tu.vttt,
1655 4178 1744 4232 59.

466 4290 580 4356 (18)
609 4289 774 4353 Editi,
813 4311 830 4344 ι
851 4301 906 4347 et
931 4295 1162 4347 similem
1192 4291 1332 4359 ejus.
1354 4312 1373 4342 ι

468 4359 580 4429 (19)
612 4359 837 4416 Futura.
869 4363 1213 4418 Desideratur
1243 4364 1294 4416 in
1323 4373 1480 4416 antea
1508 4363 1683 4418 editis.

469 4431 582 4501 ('20)
632 4431 723 4487 Sic
776 4435 978 4487 rectius
1035 4449 1135 4487 ms.
1171 4449 1312 4486 unus
1363 4433 1560 4502 ltegius
1610 4450 1758 4488 num.
1790 4433 1948 4488 1659.

393 4501 585 4555 Cameri
617 4517 746 4555 vero
778 4519 908 4556 mss.
937 4513 991 4558 et
1023 4504 1174 4566 editi,
1219 4522 1236 4554 ο
1263 4502 1352 4556 Vel
1385 4508 1544 4557 etiam
1579 4504 1757 4557 futura
1793 4506 1952 4560 intel-

394 4571 484 4638 ligi
515 4587 580 4625 ea
615 4588 736 4639 quae
771 4575 1025 4627 tnundum
1063 4573 1206 4626 ltunc
1231 4574 1666 4634 excedentibus.)
1705 4585 1811 4629 etc.

465 4641 578 4712 (21)
613 4643 1016 4707 Genebrardus,
1059 4663 1076 4694 ι
1106 4645 1499 4712 proﬁcientem,
1525 4663 1541 4695 ι
1583 4644 1741 4700 male.

463 4711 575 4780 (22)
597 4712 757 4774 Editi,
788 4731 809 4763 ι
837 4713 1131 4768 Videbatur
1155 4723 1355 4768 autent.
1385 4733 1402 4764 ι
1431 4712 1532 4769 Ms.
1565 4729 1721 4778 unus,
1758 4734 1774 4764 ι
1801 4712 1963 4767 Vide—

395 4793 481 4835 llll‘
509 4792 705 4837 autem.
723 4801 742 4832 ι

464 4848 576 4921 (25)
614 4851 791 4906 Enim.
823 4853 991 4915 Alias,
1030 4873 1047 4904 ι
1071 4863 1270 4908 autem.
1299 4873 1315 4904 ι

461 4923 576 4983 (24)
605 4923 772 4985 Alias,
808 4942 825 4972 ι
853 4924 1226 4978 contendimus
1256 4933 1528 4978 autem...
1555 4923 1766 4991 placere
1792 4924 1952 4978 Deo.»

462 4993 575 5061 (:25)
614 4992 779 5056 Editi,
821 5012 838 5044 ι
863 5004 913 5045 ut
950 4994 1021 5046 sit
1054 5003 1105 5046 et
1132 4994 1325 5062 aliquis
1355 4994 1492 5048 alius
1523 4994 1715 5047 tertius
1761 4995 1953 5048 ltorunt

392 5064 659 5132 superior.
683 5082 700 5114 ›
735 5063 840 5132 Sic
876 5063 1041 5116 etiam
1072 5079 1199 5116 tnss.
1235 5065 1455 5125 quidam
1486 5065 1588 5116 nisi
1619 5068 1760 5130 quod
1795 5066 1956 5117 omit-

391 5131 504 5184 taut
546 5151 564 5183 ι
590 5131 746 5185 alius.
770 5152 787 5183 ι
819 5131 922 5187 Sed
949 5149 1048 5186 nts.
1077 5149 1211 5188 unus
1243 5133 1440 5204 Regius
1467 5150 1616 5188 nunt.
1649 5134 1782 5188 1659
1809 5145 1953 5188 recte

388 5204 538 5255 addit
579 5221 596 5253 ι
624 5205 831 5258 tttodtts.
861 5223 879 5254 ι

461 5273 572 5337 (26)
621 5273 791 5335 Alias,
841 5291 862 5325 ε
895 5289 923 5326 a
974 5272 1310 5340 spiritalibus
1346 5274 1662 5342 nequitiae.»
1715 5274 1808 5332 ιιι..
1848 5273 1955 5326 «ab

390 5343 672 5413 spiritibus
699 5345 988 5413 nequitia,»
1014 5347 1107 5406 a|.,
1139 5359 1196 5396 ta
1219 5344 1588 5408 spiritttalibtts
1617 5347 1891 5410 nequitiis.
1929 5363 1946 5394 ι

388 5410 594 5467 Deinde
621 5410 797 5477 editi,'
825 5433 843 5464 ‹
871 5425 926 5467 et
955 5416 1147 5466 itet'ttnt
1174 5431 1186 5467 :
1214 5413 1289 5466 De
1316 5415 1614 5482 profundis,
1637 5432 1656 5464 ι
1696 5425 1798 5467 etc.
1824 5413 1949 5467 Mss.

377 5483 626 5548 quidam,
669 5501 687 5533 ε
720 5495 774 5537 et
803 5485 995 5537 iterum
1024 5482 1156 5536 dicit
1183 5497 1197 5534 :
1224 5483 1296 5536 De
1323 5484 1623 5550 profundis,
1650 5502 1668 5534 ι
1709 5495 1814 5536 etc.
1843 5484 1948 5536 Sed

388 5565 489 5603 tus.
524 5552 724 5622 Regius
759 5570 908 5608 ttuttt.
941 5552 1095 5617 1659,
1124 5554 1324 5622 optime
1368 5564 1426 5606 ut
1473 5554 1526 5606 itt
1557 5565 1744 5607 nostro
1776 5563 1948 5606 textu.

462 5622 574 5689 (:27)
601 5623 763 5688 Editi,
799 5643 814 5673 ι
847 5626 1041 5676 inultas
1070 5634 1124 5676 et
1161 5625 1470 5677 innumeras
1518 5637 1800 5677 creaturas
1831 5624 1945 5687 Dei,

389 5703 616 5755 quarum
645 5694 805 5745 etiam
838 5710 942 5748 non
972 5708 1211 5759 omnem,
1251 5695 1345 5748 sed
1381 5709 1445 5748 ex
1475 5705 1627 5763 parte
1659 5694 1941 5747 scientiam

1621 4108 1665 4140 ⁸⁸
1703 4106 1744 4160 Il
1786 4108 1908 4162 Cor.
1954 4123 2006 4171 v,
2031 4107 2087 4172 6,
2113 4107 2165 4162 8.

1823 4177 1907 4230 ⁷⁰Ι
1953 4177 2108 4233 Joau.
2147 4192 2221 4238 IV,
2262 4175 2348 4229 18.
2423 4177 2507 4228 '“I
2543 4177 2648 4228 Cor
2708 4174 2896 4234 “.87.

1994 4301 2037 4354 ι)
2065 4301 2310 4362 ceperat,
2345 4304 2681 4362 quarumque
2708 4291 2917 4362 species
2951 4298 3003 4362 et
3032 4291 3249 4362 nomina
3282 4293 3333 4345 in
3372 4289 3573 4360 ιιι-περπιὶ

2081 3140 2278 3194 capere
2317 3137 2539 3191 metum,
2584 3138 2641 3180 ιιι
2684 3141 2812 3180 vere
2853 3111 3165 3180 ostenderet
3197 3126 3316 3196 (51)
3349 3128 3475 3197 quod
3499 3140 3587 3194 per-

2079 3219 2220 3274 fecta
2250 3219 2492 3273 cltaritas
2517 3228 2573 3272 et
2615 3233 2680 3272 ex
2727 3217 2969 3286 ipso(52)
3001 3215 3144 3271 foras
3167 3219 3280 3286 jam
3315 3219 3450 3273 misit
3471 3219 3586 3270 timo-

2079 3326 2193 3366 rem
2214 3311 2282 3365 ".
2327 3309 2525 3364 llabuit
2559 3309 2703 3362 enim
2736 3309 3029 3378 aliquando
3068 3310 3232 3363 etiam
3277 3310 3388 3380 ipse
3415 3319 3587 3371 metum,

2077 3414 2131 3456 ct
2161 3401 2340 3455 timuit
2375 3416 2443 3456 ne
2477 3400 2613 3454 forte
2646 3401 2864 3454 caderet
2900 3419 2910 3452 :
2941 3411 2994 3454 et
3032 3401 3132 3454 iste
3169 3403 3264 3468 qui
3295 3402 3444 3456 modo
3467 3400 3586 3454 caele

2076 3494 2238 3549 Stiutn
2264 3495 2524 3546 virtutum
2551 3495 2834 3546 adversum
2864 3508 2922 3546 se
2957 3493 2998 3546 si
3032 3503 3466 3546 commoveantur
3483 3491 3584 3545 bella

2074 3600 2180 3639 non
2211 3585 2410 3650 timuit,
2452 3584 2740 3652 aliquando
2781 3600 3001 3638 carnem
3055 3601 3207 3637 suam
3258 3587 3448 3646 timuit,
3473 3594 3579 3638 etet

2072 3691 2132 3730 ea
2158 3686 2546 3744 consurgentes
2572 3676 2794 3730 insidias
2825 3676 3152 3738 formidavit,
3176 3677 3395 3746 quando
3415 3673 3584 3730 dicebat

2072 3769 2319 3825 scribens
2349 3767 2416 3822 ad
2443 3766 2756 3822 Corinthios
2782 3785 2794 3819 :
2827 3786 2844 3818 ι
2871 3766 3081 3821 Macero
3117 3783 3318 3838 corpus
3356 3777 3582 3830 meum,ct

2070 3861 2314 3917 servituti
2348 3858 2596 3927 subjicio,
2644 3875 2710 3914 ne
2755 3857 2896 3913 forte
2941 3873 3062 3913 cum
3121 3860 3247 3914 aliis
3303 3862 3580 3927 pradicant-

2072 3953 2173 4006 riut
2203 3951 2342 4022 (55),
2379 3953 2490 4020 ipse
2527 3953 2789 4020 reprobus
2813 3948 3123 4004 eﬂiciar“.t
3161 3949 3226 4003 Et
3254 3951 3370 4006 ideo
3390 3966 3486 4021 pra:
3505 3964 3580 4003 cae-

2245 4107 2287 4137 ⁶⁵
2314 4104 2508 4161 Psalm.
2550 4120 2635 4169 LV,
2675 4105 2727 4158 5.
2805 4104 2849 4133 ⁸⁸
2873 4104 3067 4172 Ephes.
3099 4120 3168 4165 vt,
3204 4104 3294 4158 l9...
3367 4102 3574 4158 "Psalin.

2065 4358 2182 4416 loco
2208 4362 2561 4427 ignorentur:
2588 4360 2654 4412 de
2676 4358 2873 4428 quibus
2896 4371 2952 4414 et
2983 4361 3036 4413 itt
3073 4361 3191 4414 aliis
3237 4358 3571 4428 item'Aposto-

2062 4434 2164 4492 lus,
2205 4450 2226 4483 ι
2260 4441 2368 4485 etc.

2134 4500 2248 4572 (28)
2278 4500 2372 4572 Sic
2405 4514 2506 4555 ms.
2533 4498 2732 4572 Regius
2757 4516 2902 4554 num.
2920 4499 3092 4572 1659.
3119 4501 3312 4555 Cteteri
3341 4515 3454 4572 vero
3473 4513 3569 4572 mss.

2062 4582 2116 4625 et
2145 4569 2296 4623 'editi
2317 4611 2330 4631 ,
2383 4589 2401 4621 (
2429 4569 2772 4632 ascendisse;
2804 4590 2821 4622 ι
2884 4570 2980 4633 al.‘,
3041 4589 3060 4621 ι
3085 4572 3322 4626 audisse.
3348 4589 3364 4620 ι
3413 4570 3571 4622 Deinde

2078 4659 2094 4692 ι
2121 4655 2334 4694 omnem
2357 4660 2375 4691 ι
2411 4641 2563 4694 deest
2589 4643 2638 4692 itt
2667 4641 2820 4694 libris
2854 4651 2978 4695 ante
3003 4641 3179 4695 editis.

2144 4711 2258 4782 (“29)
2296 4710 2458 4770 Editi.
2497 4711 2828 4779 «PrOpterea
2877 4727 3008 4780 ergo
3053 4712 3308 4782 quoniam
3351 4709 3443 4764 scit
3485 4708 3568 4761 haec

2074 4781 2178 4835 non
2207 4798 2365 4850 posse
2397 4782 2449 4834 in
2485 4782 2730 4849 przeseuti
2764 4783 2982 4843 saeculo,
3015 4782 3109 4836 sed
3155 4783 3206 4835 in
3245 4781 3430 4844 futuro,
3451 4799 3466 4829 ι
3489 4787 3565 4830 etc.

2074 4853 2202 4906 Mss.
2237 4852 2478 4920 quidam,
2515 4871 2533 4901 ι
2561 4851 2846 4918 Propterea
2889 4866 3019 4921 ergo
3055 4853 3167 4906 haec
3213 4867 3330 4921 quae
3373 4851 3461 4904 scit
3488 4863 3564 4921 amt

2065 4937 2224 4990 posse
2255 4917 2314 4974 in
2347 4923 2596 4989 praesenti
2646 4917 2865 4987 saeculo,
2890 4917 2983 4976 sed
3010 4923 3062 4975 in
3089 4917 3290 4986 futuro,
3322 4940 3341 4974 ι
3367 4931 3461 4975 etc.
3486 4917 3564 4970 Sed

2065 5003 2214 5048 recte
2247 5008 2348 5046 ms.
2383 5006 2519 5046 unus
2549 4990 2746 5060 Regius
2777 5004 2834 5044 ut
2872 4994 2923 5044 itt
2959 5003 3128 5049 textu.
3417 5058 3457 5060 Η
3570 5019 3574 5036 .

2132 5061 2244 5129 (50)
2298 5062 2460 5123 Editi,
2532 5079 2550 5112 ι
2579 5058 3052 5117 oblectationibus.
3082 5081 3102 5114 ι
3169 5060 3298 5116 Mss.
3345 5058 3560 5129 quidam,

2067 5149 2085 5180 σ
2113 5132 2526 5197 oblectantibus,
2552 5151 2570 5184 ι
2601 5134 2762 5186 tnale.

2133 5202 2245 5270 (51)
2276 5200 2440 5260 Editi.
2475 5222 2492 5253 ι
2517 5216 2614 5255 nec
2641 5217 2705 5256 ex
2732 5203 2841 5258 ullo
2866 5212 2944 5256 tot
2968 5201 3390 5258 adversariorum
3411 5208 3562 5266 capere

2064 5283 2283 5330 metunt,
2314 5281 2369 5320 ut
2401 5285 2583 5324 verunt
2613 5275 2940 5334 ostenderet,
2971 5292 2990 5324 ›
3028 5284 3134 5326 etc.

2129 5342 2241 5410 (3'2)
2275 5339 2339 5392 Et
2385 5356 2448 5392 ea:
2483 5346 2615 5404 ipso.
2647 5343 2770 5397 llatc
2801 5333 3174 5398 desiderantur
3209 5343 3259 5396 in
3304 5339 3464 5403 editis,
3490 5333 3558 5390 sed

2053 5421 2414 5465 restituuntur
2442 5428 2508 5465 ex
2535 5428 2664 5466 IIlSS.

2121 5480 2235 5550 (55)
2264 5480 2358 5534 Sic
2385 5496 2484 5536 ms.
2532 5496 2690 5537 unus.
2722 5482 2861 5536 Editi
2892 5497 3045 5546 vero,
3079 5501 3100 5533 ς
3125 5491 3180 5537 et
3210 5483 3261 5536 in
3293 5479 3554 5550 servitutem

2053 5544 2261 5620 redigo,
2291 5563 2358 5603 ne
2389 5550 2530 5606 forte
2555 5567 2679 5605 cum
2708 5553 2828 5606 aliis
2859 5544 3283 5622 praedicaverim,
3305 5560 3434 5604 tetc.
3455 5544 3550 5622 Mss.

2049 5617 2316 5687 alii,'tet
2372 5623 2620 5678 servituti
2673 5617 2879 5694 redigo,
2932 5638 3000 5679 ne
3048 5623 3189 5679 forte
3239 5623 3354 5678 aliis
3395 5617 3550 5687 praedi-

2047 5709 2194 5758 cans,
2227 5711 2246 5742 ι
2280 5698 2415 5765 ριοοὶ
