3692 6138
82 322 213 378 1³57

988 331 1344 389 ΟΟΜΜΕΝΤ.
1386 333 1452 389 IN
1492 332 1708 389 EPIST.
1748 333 1839 386 AD
1875 331 2043 386 RUM.
2086 329 2212 384 LIB.
2258 329 2367 384 Vll.

3173 334 3307 387 113‘}

74 443 202 496 teris
233 445 494 500 omnibus
526 446 706 501 carnis
752 447 960 502 insidiae
1010 446 1360 504 formidandre
1405 460 1553 513 sunt,
1587 459 1639 504 et
1667 457 1712 512 Α
1745 465 1882 502 unus
1913 449 2176 501 moriatur
2216 447 2376 500 homo
2425 459 2524 514 pro
2560 443 2779 514 populo,
2817 452 2870 498 et
2912 461 3014 498 non
3053 445 3302 499 unchrsa

71 532 158 585 ille
196 532 291 601 qui
328 533 399 588 de
427 533 580 588 nobis
613 537 855 603 procedit
883 536 1055 590 hostis
1088 538 1202 606 ipse
1230 539 1501 593 cavendus
1528 548 1632 606 est,

69 627 242 678 donec
271 623 326 677 in
366 633 573 678 tantum
596 625 897 695 profectum
923 627 1107 681 veniat
1134 629 1334 692 anima,
1365 638 1422 682 ut
1450 628 1634 684 dulce-

71 714 193 768 dine
218 715 514 770 charitatis
549 715 660 771 Deo
695 717 940 782 astricta,
977 720 1226 789 corporis
1267 721 1635 776 blandimenta

67 814 119 858 et
143 805 332 860 carnis
359 805 652 862 illecebras
680 808 1032 864 abhorrescat
1060 825 1197 864 unus
1227 826 1347 865 cum
1394 811 1506 867 Deo
1532 813 1634 882 spi-

68 897 204 950 ritus
231 894 404 950 facta.

134 989 219 1042 l5.
257 987 601 1043 «Veritatem
642 990 764 1044 dico
817 991 870 1044 in
921 990 1164 1058 Christo,
1214 1009 1320 1048 non
1379 995 1631 1059 mentior.

67 1081 435 1136 testimonium
484 1083 618 1136 mihi
666 1084 988 1151 perbibente
1034 1085 1368 1140 conscientia
1417 1105 1533 1143 mea
1577 1089 1630 1143 in

65 1173 264 1243 Spiritu
296 1182 512 1239 sancto,
558 1174 816 1242 quoniam
849 1175 1067 1230 tristitia
1103 1186 1191 1230 est
1241 1177 1371 1232 mihi
1408 1194 1626 1248 magna,

63 1275 112 1320 et
141 1265 444 1320 continuus
471 1266 627 1320 dolor
655 1265 805 1320 cordi
848 1280 988 1320 meo.
1027 1263 1289 1334 Optabam
1322 1269 1465 1323 enim
1499 1283 1632 1322 ana-

66 1359 240 1410 thema
286 1372 414 1413 esse
459 1357 574 1428 ipse
616 1373 716 1429 ego
743 1374 770 1412 a
801 1357 1014 1413 Christo
1047 1374 1144 1429 pro
1182 1359 1441 1414 fratribus
1471 1360 1626 1425 meis,

65 1450 149 1517 qui
187 1459 319 1504 sunt
358 1451 573 1520 cognati
622 1452 726 1505 mei
758 1451 1052 1505 secumlum
1080 1466 1321 1514 carnem,
1365 1452 1456 1518 qui
1504 1463 1631 1506 sunt

67 1540 341 1606 lsraelitzn,
380 1556 611 1612 quorum
649 1543 870 1610 adoptio
919 1551 1004 1596 est
1047 1542 1302 1607 filiorum,
1337 1551 1390 1597 et
1430 1543 1625 1613 gloria,

65 1641 117 1687 et
147 1641 495 1700 testamenta,
534 1643 589 1687 et
638 1633 920 1702 legislatio,
958 1643 1012 1688 et
1049 1635 1386 1703 obsequium.
1421 1646 1472 1689 et
1503 1653 1628 1704 pro-

67 1722 371 1788 missiones,
419 1737 650 1790 quorum
701 1732 903 1792 patres,
932 1732 985 1777 et
1015 1738 1080 1777 ex
1113 1723 1310 1793 quibus
1337 1725 1448 1794 (54)
1476 1726 1628 1779 Chri-

1739 555 1868 610 gcns
1901 549 2086 610 pereat
2109 537 2220 610 (59)
2239 537 2286 569 ⁷⁸
2314 555 2326 592 :
2354 557 2371 589 ι
2401 538 2496 591 sed
2518 545 2693 590 tamen
2724 538 2821 592 ista
2839 538 3036 590 veritas
3077 553 3180 590 non
3205 537 3304 591 fuit

1736 631 1790 686 in
1807 622 2045 686 Ch'risto.
2061 630 2127 684 Et
2147 631 2265 684 ideo
2279 628 2583 698 Apostolus,
2601 629 2666 682 ad
2681 629 3082 684 distinctionem
3104 631 3303 683 verita-

1735 724 1804 778 tis
1824 723 1941 793 ejus
1963 735 2082 794 qua
2096 730 2252 776 extra
2270 719 2544 776 Christum
2567 731 2668 785 est,
2688 736 2746 775 se
2765 721 2893 775 dicit
2912 721 2962 774 in
2981 721 3199 774 Christo
3225 721 3301 774 lo-

1733 814 1822 882 qui
1845 813 2150 869 veritatem.
2176 811 2282 867 Sed
2304 813 2481 868 ethoc
2505 814 2646 883 quod
2668 813 2794 866 dicit
2819 830 2833 866 :
2861 831 2882 862 ‹
2907 811 3299 866 Testimonium

1733 905 1866 961 mihi
1883 905 2195 976 perhibente
2212 905 2543 960 conscientia
2559 918 2674 957 mea
2696 904 2746 956 in
2762 902 2961 971 Spiritu
2982 913 3188 964 sancto,
3205 903 3303 956 »εἰ-

1733 997 1910 1049 ιιιίΙειιι
1927 996 2054 1048 mihi
2073 996 2271 1049 habere
2288 995 2493 1048 videtur
2508 992 2932 1062 intelligentiam.
2952 992 3141 1046 lteddit
3154 993 3297 1046 enim

1729 1087 1888 1158 611
1924 1088 2286 1142 testimonium
2323 1084 2649 1140 conscientia
2684 1085 2845 1138 etiam
2874 1085 3123 1154 gentibus
3157 1101 3173 1149 ;
3205 1098 3296 1140 se-

1732 1181 1964 1232 cumtum
1981 1179 2121 1248 quod
2158 1180 2208 1231 in
2235 1178 2600 1248 superioribus
2634 1178 2770 1232 idem
2809 1180 3098 1247 Aposmlus
3119 1179 3292 1234 ait":

1739 1289 1756 1321 ι
1795 1269 2185 1326 Testimonium
2237 1271 2498 1324 reddente
2537 1269 2617 1324 eis
2668 1270 3024 1333 conscientia,
3055 1280 3108 1324 et
3157 1271 3297 1324 inter

1730 1377 1792 1418 se
1838 1362 2066 1416 invicem
2125 1362 2512 1431 cogitationum
2565 1361 2960 1427 accusantimn,
2997 1373 3087 1414 aut
3129 1363 3293 1416 etiam

1731 1452 2156 1506 defendentium.
2197 1469 2216 1500 ι
2242 1448 2298 1503 1η
2319 1450 2427 1505 illis
2466 1465 2599 1519 ergo
2629 1451 2681 1504 itt
2711 1451 2908 1520 quibus
2935 1449 3295 1519 cogitationes

1730 1559 1844 1599 sua:
1879 1545 2083 1596 habent
2126 1541 2330 1611 aliquid
2362 1541 2503 1610 quod
2536 1550 2818 1607 accusent,
2859 1551 2912 1594 et
2957 1539 3291 1596 conscientia

1729 1636 1794 1689 ad
1831 1633 2196 1688 testimonium
2248 1632 2416 1694 venit,
2472 1646 2579 1686 non
2620 1640 2797 1698 potest
2849 1630 2953 1685 dici
3007 1629 3149 1698 quod
3195 1633 3294 1696 pro'

1733 1724 1892 1778 malis
1944 1724 2154 1778 actibus
2203 1722 2318 1792 (40)
2373 1723 2426 1775 in
2491 1722 2694 1791 Spiritu
2727 1732 2916 1775 sancto
2955 1720 3292 1775 conscientia

63 1824 171 1868 stus
202 1813 500 1867 secundum
549 1828 792 1878 carnem,
821 1815 911 1883 qui
949 1823 1031 1870 est
1061 1830 1225 1885 super
1259 1818 1445 1871 omnia
1486 1818 1626 1872 Deus
1658 1805 1701 1859 Β
1731 1815 2098 1869 testimonium
2133 1814 2344 1867 reddat.
2381 1811 2437 1866 ln
2468 1813 2728 1882 Apostolq
2773 1827 2900 1867 vero
2948 1811 3040 1867 ubi
3084 1813 3292 1880 cogita-

64 1907 373 1960 benedictus
405 1906 457 1960 in
486 1907 680 1961 szecula
704 1909 804 1961 τ’.»
831 1906 1030 1964 Videns
1065 1909 1265 1964 Paulus
1291 1913 1435 1980 quod
1466 1913 1510 1966 si
1537 1928 1625 1967 se-

61 2000 286 2053 cundum
316 2013 381 2053 ea
413 1999 466 2053 in
496 2000 690 2068 quibus
719 2015 883 2070 supra
923 2002 1327 2074 exposuit(35),
1371 2003 1518 2058 nulla
1548 2005 1620 2068 vi,

63 2089 368 2145 coelestibus
391 2089 476 2146 vel
505 2092 880 2158 terrestribus,
915 2095 1272 2162 praesentibus
1305 2095 1389 2149 vel
1428 2095 1625 2152 futuris

63 2183 466 2238 adversantibus
511 2184 638 2246 sibi,
667 2185 839 2252 possit
866 2200 895 2238 a
920 2185 1124 2239 Christi
1155 2186 1426 2241 charitate
1468 2204 1626 2257 sepa-

65 2278 184 2342 rari,
212 2277 552 2330 contrarium
578 2286 634 2330 et
664 2277 980 2332 incredibile
1011 2277 1286 2331 videretur
1312 2280 1457 2347 quod
1484 2295 1623 2334 nunc

62 2368 232 2422 dicere
261 2368 615 2437 proponebat,
649 2380 839 2438 optare
883 2385 940 2423 se
988 2386 1016 2423 a
1064 2372 1284 2426 Christo
1322 2389 1480 2442 quem
1515 2383 1622 2427 tam

63 2459 486 2529 inseparabiliter
525 2461 802 2531 diligebat,
843 2463 1132 2517 anathema
1182 2466 1318 2529 fieri,
1365 2467 1467 2520 hoc
1517 2475 1619 2533 est,

62 2551 287 2606 alienum
311 2552 488 2619 ellici;
522 2568 589 2607 ne
616 2554 882 2608 mendacii
917 2565 1098 2608 notam
1121 2557 1230 2626 (56)
1257 2559 1440 2612 subire
1470 2558 1621 2612 vide-

65 2654 222 2708 retur,
258 2643 689 2700 satisfactionem
741 2646 1043 2715 praemittit,
1095 2658 1154 2702 ut
1185 2663 1522 2718 nequaquam
1553 2651 1622 2706 de

64 2735 169 2803 ejus
202 2750 455 2792 sermone
493 2739 788 2801 dubitetur,
824 2749 878 2794 et
917 2739 1089 2795 dicit:
1121 2761 1139 2792 ‹
1163 2742 1458 2798 Veritatem
1500 2745 1622 2800 dico

65 2825 111 2878 in
143 2826 376 2891 Christo,
409 2845 515 2883 non
562 2833 817 2894 mentior,
852 2833 1221 2888 testimonium
1259 2833 1390 2888 mihi
1433 2836 1618 2903 perhi-

65 2917 210 2972 beate
233 2921 570 2976 conscientia
605 2937 722 2976 mea
771 2923 825 2976 in
861 2923 1066 2994 Spiritu
1102 2935 1308 2981 sancto.
1338 2944 1358 2978 ›
1402 2925 1507 2982 Sed
1540 2928 1618 2981 vi-

65 3013 472 3084 deamusqhare
497 3015 712 3079 dixerit,
748 3033 767 3067 ι
793 3016 1075 3072 veritatem
1098 3019 1218 3072 dico
1248 3019 1302 3073 in
1333 3011 1571 3085 Christo,
1594 3039 1612 3073 ι

1727 1909 1801 1962 ιὶο
1823 1908 1932 1977 jam
1969 1923 2073 1960 non
2106 1906 2276 1960 habet
2307 1907 2450 1974 quod
2481 1915 2720 1968 accuset,
2755 1914 2900 1959 recte
2952 1903 3287 1958 conscientia

1725 2001 1778 2054 in
1803 2000 2004 2068 Spiritu
2042 2010 2236 2052 sancto
2291 1999 2663 2052 testimonium
2707 1999 2901 2051 reddit.
2935 1996 3064 2051 Vide
3102 2005 3283 2049 tamen

1725 2093 2156 2162 magnitudinem
2193 2093 2432 2160 pectoris
2466 2089 2770 2160 apostolici.
2811 2091 2856 2142 A
2891 2089 2985 2145 Dei
3021 2089 3289 2143 charitate

1725 2202 1829 2239 non
1866 2195 2046 2255 potest
2076 2184 2318 2254 separari
2347 2201 2360 2236 ε
2401 2184 2546 2252 quod
2576 2183 2837 2251 loquitur,
2871 2183 2923 2236 in
2955 2183 3180 2237 Christo
3212 2183 3291 2236 lo-

1723 2277 1912 2345 quitur
1949 2274 2063 2345 (41)
2111 2291 2125 2328 :
2169 2273 2312 2342 quod
2365 2272 2418 2327 in
2467 2270 2798 2325 conscientia
2846 2270 3031 2334 habet,
3084 2267 3289 2337 Spiritu

1723 2377 1916 2423 sancto
1944 2366 2273 2420 continetur.
2320 2363 2446 2429 Qui,
2485 2378 2687 2431 quaeso,
2736 2361 2882 2426 caeli,
2939 2361 3028 2430 qui
3081 2361 3286 2424 throni,

1722 2475 1844 2530 quae
1877 2457 2227 2527 amplissimas
2273 2457 2532 2509 virtutum
2568 2453 2870 2509 caelestium
2919 2462 3126 2506 mentes
3176 2462 3284 2504 tant

1723 2550 1916 2618 amplis
1942 2550 2162 2604 sedibus
2191 2557 2358 2602 totam
2392 2556 2647 2616 poterunt
2703 2557 2896 2614 capere
2931 2543 3290 2599 Trinitatem?

1726 2663 1745 2697 ι
1782 2645 2070 2712 Quoniam,
2128 2643 2324 2712 inquit,
2381 2641 2602 2695 tristitia
2654 2649 2739 2695 est
2785 2640 2918 2694 mihi
2971 2653 3196 2710 magna,
3232 2647 3288 2692 et

1720 2735 2016 2790 continuus
2043 2732 2194 2788 dolor
2231 2729 2379 2787 cordi
2418 2744 2565 2786 meo.
2599 2749 2620 2784 ι
2658 2731 2809 2796 Esto,
2860 2730 3062 2785 habeas
3112 2729 3285 2784 tristi-

1721 2828 1850 2882 tiam
1879 2844 1893 2880 :
1925 2834 2066 2891 esto,
2099 2824 2338 2879 dolorem
2371 2826 2553 2894 capias
2599 2823 2666 2878 de
2701 2822 3005 2892 perditione
3052 2821 3284 2875 fratrum

1723 2930 1942 2974 tuorum
2011 2935 2032 2968 ι
2076 2917 2170 2987 qui
2204 2923 2330 2971 sunt
2361 2914 2577 2984 cognati
2625 2915 2924 2969 secundum
2954 2927 3174 2968 carnem
3205 2929 3219 2965 :
3258 2930 3282 2962 ι

1721 3011 1966 3081 nunquid
1991 3025 2058 3066 eo
2093 3024 2261 3079 usque
2285 3016 2344 3062 ut
2375 3016 2530 3076 Optes
2559 3007 2842 3062 anathema
2888 3006 3004 3062 fieri
3047 3021 3076 3060 a
3123 3005 3288 3060 Chri-

61 3107 202 3171 quasi
249 3110 542 3164 ostendens
590 3123 712 3164 esse
755 3109 990 3178 aliquam
1025 3111 1308 3165 veritatem
1347 3129 1466 3182 qua:
1508 3129 1600 3168 nor

1790 3103 1850 3158 ii
1879 3102 1946 3157 Et
1975 3102 2103 3173 quid
2129 3102 2224 3156 tibi
2263 3102 2481 3170 prodest
2513 3100 2726 3154 illorum
2759 3099 2927 3164 salus,
2958 3099 3003 3152 si
3035 3108 3090 3152 tu
3119 3112 3150 3151 a
3192 3114 3280 3152 sa-

63 3200 125 3249 sit
173 3199 222 3252 in
268 3198 509 3254 Christo.
562 3200 626 3253 Et
673 3201 795 3254 vide
845 3201 890 3254 si
945 3202 1214 3269 possimus
1256 3203 1347 3257 tali
1381 3205 1612 3272 quodam

65 3288 205 3342 modo
236 3290 522 3344 veritatem
548 3305 668 3358 quae
714 3291 764 3344 in
804 3289 1020 3346 Christo
1050 3302 1154 3355 est,
1181 3292 1248 3346 ab
1275 3307 1335 3347 ea
1361 3309 1481 3363 qum
1509 3311 1612 3348 non

62 3379 206 3433 estin
233 3379 475 3447 Christo,
505 3381 840 3450 distinguere
868 3399 879 3434 :
911 3381 1038 3450 quia
1062 3390 1117 3436 et
1144 3382 1274 3437 alibi
1308 3385 1448 3439 idem
1472 3384 1615 3453 Apo-

63 3469 215 3524 stolus
249 3471 383 3525 dicit
412 3488 426 3525 :
455 3491 474 3524 ι
501 3471 592 3526 Est
619 3472 825 3526 veritas
859 3472 1063 3528 Christi
1100 3473 1155 3527 in
1203 3488 1308 3538 me,
1345 3475 1472 3542 quia
1509 3491 1612 3529 non

65 3563 274 3616 mentior
291 3564 395 3618 ⁷³.»
434 3562 648 3618 Veritas
686 3578 814 3634 ergo
839 3564 1043 3620 Christi
1085 3579 1207 3620 esse
1238 3565 1510 3620 credenda
1532 3575 1616 3621 est

63 3653 148 3719 ibi,
163 3653 246 3709 ubi
266 3664 397 3710 sunt
410 3653 522 3726 (57)
537 3666 594 3711 et
610 3655 834 3726 reliquae
850 3656 1078 3712 virtutes
1093 3655 1477 3726 quaeChristus
1494 3671 1616 3712 esse

60 3746 468 3803 describuntur:
497 3747 550 3802 id
579 3757 686 3814 est,
727 3747 816 3802 ubi
843 3746 1077 3816 iustitia,
1106 3748 1195 3804 ubi
1238 3763 1362 3818 pax,
1396 3748 1486 3803 ubi
1531 3757 1616 3803 est

61 3837 262 3892 verbum
290 3838 411 3906 Dei,
447 3839 520 3894 ibi
565 3851 650 3894 est
696 3849 748 3894 et
782 3839 986 3894 veritas
1013 3838 1240 3895 Christi.
1285 3840 1381 3894 Est
1425 3851 1610 3896 autem

63 3930 243 3986 veritas
279 3941 337 3986 et
377 3932 430 3986 in
465 3931 791 4000 iniustitia“
818 3949 832 3985 :
861 3941 918 3986 ut
955 3932 1024 3996 si,
1062 3932 1214 3985 verbi
1248 3947 1438 3996 causa,
1468 3931 1614 3986 dica-

61 4037 188 4086 mus,
216 4025 539 4079 dazmonium
586 4024 716 4078 illud
764 4024 1050 4095 Pythonis,
1096 4025 1242 4092 quod
1288 4024 1344 4078 in
1380 4019 1611 4079 Actibus

59 4113 472 4179 apostolorum”
519 4115 753 4170 refertur
805 4118 859 4170 in
910 4115 1106 4169 ancilla
1157 4115 1388 4185 quadam
1450 4116 1607 4172 habi-

63 4210 208 4270 tasse,
246 4217 299 4261 et
346 4207 616 4262 clamasse
652 4217 776 4277 post
828 4208 1124 4276 apostolos,
1172 4209 1296 4277 quia
1335 4227 1353 4258 ι
1379 4208 1431 4261 lii
1469 4210 1610 4264 servi

63 4290 143 4346 Dei
174 4299 364 4351 summi
411 4310 561 4360 sunt,
597 4299 690 4367 qui
741 4298 1074 4352 annuntiant
1111 4299 1422 4353 hominibus
1461 4300 1603 4353 viam

63 4385 392 4453 Dci"i,erat
410 4390 614 4444 veritas
645 4390 696 4443 in
733 4391 818 4444 his
851 4391 1030 4445 verbis
1056 4407 1071 4443 :
1096 4404 1281 4444 verum
1315 4391 1458 4446 enim
1491 4399 1612 4446 erat

1718 3194 1828 3249 lute
1858 3193 2172 3264 separeris?
2203 3202 2257 3247 et
2289 3193 2418 3262 quid
2440 3191 2684 3245 salvahis
2717 3191 2851 3245 alios
2896 3188 3032 3262 (42),
3076 3190 3122 3244 si
3168 3191 3284 3259 ipse

1717 3289 1953 3358 pereas?
1979 3286 2114 3354 Non,
2148 3287 2344 3358 inquit,
2373 3288 2446 3342 ita
2483 3297 2565 3340 est
2596 3286 2745 3356 (43):
2783 3286 2876 3340 sed
2912 3299 3010 3355 ego
3054 3285 3214 3340 didici
3250 3302 3281 3338 a

1717 3379 1978 3450 Magistro
2011 3389 2065 3434 et
2105 3379 2334 3434 Domino
2366 3393 2507 3445 meo,
2564 3378 2687 3446 quia
2723 3396 2742 3428 ι
2773 3377 2866 3445 qui
2901 3378 3012 3431 vult
3043 3377 3281 3432 animam

1715 3487 1870 3527 suam
1903 3471 2108 3526 salvam
2139 3470 2344 3536 facere,
2378 3473 2565 3540 perdet
2593 3485 2712 3525 eam
2744 3485 2758 3533 ;
2817 3479 2872 3523 et
2905 3470 2994 3538 qui
3033 3471 3284 3538 perdide-

1715 3562 1787 3616 rit
1837 3577 1982 3628 eam,
2031 3562 2269 3616 inveniet
2310 3577 2431 3617 eam
2482 3561 2550 3615 3°.
2582 3580 2602 3612 ι
2655 3561 2792 3627 Quid
2841 3575 2974 3630 ergo
3005 3561 3203 3614 mirum
3235 3560 3284 3614 si

1713 3656 2001 3726 Apostolus
2033 3671 2133 3725 pro
2166 3655 2430 3710 fratribus
2472 3655 2586 3709 suis
2627 3655 2913 3709 anathema
2959 3653 3076 3708 fieri
3127 3653 3283 3720 velit,

1714 3750 1804 3816 qui
1840 3748 1981 3803 sciat
2013 3763 2136 3802 eum
2163 3747 2254 3816 qui
2285 3759 2406 3801 erat
2442 3746 2495 3800 in
2529 3746 2703 3800 forma
2734 3745 2848 3810 Dei,
2881 3745 3192 3800 exinanisse
3223 3759 3290 3800 se

1713 3835 1778 3887 de
1832 3849 1919 3899 ea,
1952 3849 2018 3888 ac
2065 3834 2370 3903 suscepisse
2414 3833 2639 3888 formam
2687 3833 2831 3888 servi
2871 3834 2942 3898 ⁸³,
2982 3843 3036 3888 ει
3081 3833 3282 3889 factum

1711 3942 1831 3982 esse
1875 3943 1974 3996 pro
2010 3928 2164 3982 nobis
2195 3927 2543 3983 maledictum
2575 3928 2621 3961 ⁸¹
2662 3928 2686 3983 ?
2733 3928 2872 3995 Quid
2923 3943 3055 4000 ergo
3085 3931 3282 3984 mirum

1712 4020 1755 4073 si
1803 4035 1924 4073 cum
1985 4020 2244 4075 Dominus
2296 4035 2393 4089 pro
2445 4023 2619 4076 servis
2688 4023 3034 4077 maledictum
3104 4022 3284 4079 factus

1711 4112 1782 4166 sit
1809 4111 1943 4184 (44),
1974 4126 2165 4168 servus
2197 4126 2296 4181 pro
2329 4112 2594 4169 fratribus
2637 4116 2929 4169 anathema
2961 4114 3059 4170 fiat
3100 4115 3126 4169 ἲ
3170 4113 3284 4170 Hoc

1711 4211 1891 4255 autem
1927 4201 2167 4256 arbitror
2197 4217 2320 4258 esse
2346 4205 2490 4273 quod
2519 4212 2576 4258 et
2608 4204 2847 4276 Moyses,
2889 4221 3012 4260 cum
3060 4221 3282 4274 peccas-

1710 4301 1794 4348 set
1823 4291 2079 4362 populus,
2115 4292 2330 4349 dicebat
2365 4296 2432 4349 ad
2464 4297 2747 4351 Dominum
2783 4297 2869 4350 υτ
2905 4316 2928 4349 ι
2962 4297 3027 4352 Ει
3053 4313 3198 4353 nunc
3233 4300 3280 4353 εἲ

1709 4387 1925 4453 quidem
1967 4387 2198 4443 remittis
2225 4388 2307 4443 eis
2336 4399 2643 4459 peccatum,
2673 4392 2924 4447 remitte:
2957 4393 3040 4446 sin
3074 4403 3280 4458 autem,

58 4482 185 4544 quod
214 4481 496 4537 dicebatur
521 4500 533 4535 :
572 4485 664 4537 sed
701 4498 806 4537 non
836 4492 953 4537 erat
987 4483 1089 4537 ista
1119 4484 1328 4538 veritas
1361 4483 1416 4538 in
1449 4484 1608 4538 Chri-
1637 4489 1682 4546 ι)
1711 4478 1828 4533 dele
1857 4493 1942 4532 me
1969 4481 2034 4534 de
2064 4479 2206 4535 libro
2237 4480 2362 4535 vita
2389 4495 2550 4550 quem
2584 4483 2876 4552 scripsisti.
2900 4503 2920 4536 ι
2947 4483 3083 4550 Quid
3108 4485 3284 4554 ergo?

59 4580 161 4636 sto;
193 4581 244 4626 et
280 4582 568 4643 propterea
603 4589 900 4628 conversus
934 4574 1001 4629 ad
1033 4589 1150 4628 eam
1186 4573 1387 4630 Paulus
1424 4575 1604 4630 dixit:

63 4677 80 4709 ι
103 4661 428 4731 Obmutesce,
461 4674 519 4721 et
549 4667 636 4720 exi
673 4667 741 4720 ab
767 4683 827 4719 ea
849 4667 916 4720 ⁷⁷.
951 4685 970 4717 ι
1005 4665 1112 4720 Sed
1143 4675 1198 4721 et
1237 4666 1367 4722 illud
1402 4667 1604 4722 veritas

64 4750 150 4806 fuit
188 4763 325 4823 quod
373 4759 513 4814 dixit
557 4758 926 4828 Caiphas(58)
965 4777 979 4814 :
1021 4777 1040 4810 ι
1067 4758 1298 4829 Expedit
1342 4760 1494 4816 vobis
1545 4769 1604 4815 ut

1707 4569 2026 4625 lnferiorem
2060 4571 2142 4625 vis
2173 4569 2357 4642 Moyse
2381 4571 2608 4626 Paulum
2644 4563 2860 4628 videri?
2888 4575 2980 4628 llle
3025 4591 3084 4630 se
3111 4577 3282 4629 deleri

1711 4664 1848 4732 petit
1876 4666 1940 4718 de
1966 4664 2108 4718 libro
2137 4664 2263 4718 vitae
2295 4680 2396 4734 pro
2431 4664 2693 4721 fratribus
2723 4668 2837 4722 suis
2883 4683 2898 4732 ;
2939 4667 3138 4722 Paulus
3174 4684 3278 4722 non

1712 4761 1874 4816 debet
1921 4771 2113 4831 optare
2162 4759 2454 4812 anathema
2497 4773 2617 4814 esse
2662 4774 2759 4828 pro
2811 4761 3070 4815 fratribus
3115 4761 3282 4815 suis?

117 4893 157 4923 "
181 4894 876 4972 lioin.ix,1seq._"llCor.
903 4915 978 4963 xl,
1004 4899 1092 4953 10.
1124 4899 1213 4972 λδ
1232 4899 1458 4972 ιὶριηει,
1483 4898 1570 4972 18.

1790 4911 1835 4972 :t.
1867 4901 2134 4972 xvl.16.‘g
2170 4898 2216 4928 "°
2239 4897 2519 4972 ibid._17.h
2552 4900 2606 4972 :7
2636 4899 2766 4954 ibid.
2792 4901 2877 4957 18.
2955 4904 3003 4935 ⁷⁸
3027 4903 3277 4972 Joan.x:,

59 4959 134 5014 50.
202 4965 243 4998 ⁷³
270 4959 425 5022 Boni.
453 4985 515 5034 ιι,
541 4959 630 5025 ἱῦ.

119 5077 433 5157 (ΜὴΕάἰιί,
479 5099 578 5141 «ει
635 5096 1038 5150 testamentum,
1091 5097 1142 5142 et
1198 5086 1486 5157 legislatio,
1543 5101 1600 5143 et

59 5144 369 5228 pbsequium,
396 5144 452 5210 et
474 5159 763 5228 promissa,
783 5144 1221 5225 quorum'patres
1241 5144 1307 5210 ex
1330 5144 1548 5228 quibus.
1577 5179 1594 5210 ι

63 5213 116 5267 Et
141 5213 250 5282 post
280 5243 297 5275 ι
321 5213 375 5278 in
410 5213 606 5280 sas-cola
632 5246 649 5277 ›
683 5213 890 5280 addunt
923 5244 954 5278 ‘r
977 5213 1320 5282 See-culorum.
1347 5213 1542 5292 Ἀιιιειι,
1573 5249 1592 5282 ι

61 5296 181 5358 qua},
209 5304 475 5358 postrema
516 5299 680 5351 verba
725 5299 1050 5351 omittuntur
1098 5299 1152 5350 in
1200 5313 1331 5352 mss.
1375 5300 1593 5355 nostris.

119 5357 221 5437 (.55)
250 5363 345 5437 Ms.
373 5381 534 5432 unus,
569 5386 588 5417 ι
619 5368 912 5421 secundum
941 5381 1016 5420 ea»
1035 5382 1154 5435 qua:
1177 5383 1336 5437 supra
1362 5371 1590 5436 posuit.»

64 5417 237 5506 putide
276 5417 401 5506 editi
412 5417 441 5419 ﬁ
455 5417 743 5506 ﬁmi-5;;
755 5417 782 5502 ξ
794 5417 818 5420 ”
830 5417 1066 5490 nam;
1080 5417 1155 5490 1.;
1178 5417 1395 5492 ἒέὲιὲεῇ
1405 5417 1593 5494 buli}.

63 5493 595 5576 adyfrsaptihus'sibi,
612 5493 862 5561 creatura
887 5507 1146 5574 possit....
1168 5509 1434 5576 separari,
1449 5527 1466 5561 ι
1489 5493 1596 5565 etc.

248 5571 405 5641 Editi,
443 5594 463 5627 ι
492 5588 547 5631 et
574 5563 835 5631 mendacii
868 5563 1072 5631 notam.
1109 5596 1128 5628 ι

119 5635 220 5768 ἕδη
247 5635 402 5699 Sunt.
434 5647 600 5702 Deest
627 5647 678 5699 in
709 5648 871 5701 editis
893 5647 1025 5699 etin
1058 5646 1330 5717 plerisque
1360 5663 1489 5704 mss.

139 5704 221 5768 58)
243 5708 404 5768 ΕιΙὶιί.
435 5734 454 5767 ‹
483 5725 601 5768 erat
639 5720 781 5768 uuod
807 5717 936 5768 dixit
965 5717 1217 5768 Cainhas.
1259 5737 1277 5768 ι

243 5708 404 5788 Editi,
435 5734 454 5767 ‹
483 5725 601 5771 erat
639 5720 781 5784 quod
807 5717 936 5770 dixit
965 5704 1217 5788 Gai-tilias.
1243 5704 1277 5768 ἰ

120 5777 224 5841 (59)
255 5781 341 5839 Sic
372 5777 474 5839 ms.
522 5777 686 5852 unus,
729 5788 858 5840 editi
903 5795 955 5842 ct
1005 5777 1276 5840 liabarius.
1309 5786 1434 5843 Mss.
1471 5804 1596 5843 vero

704 4971 752 5003 ⁸ο
774 4968 942 5024 Marc.
970 4986 1082 5036 vni,
1122 4970 1213 5025 54.
1287 4969 1332 5001 ⁸³
1377 4969 1574 5040 Philip.

1795 4971 1850 5028 7.
1924 4973 1969 5002 ⁸¹
1992 4970 2173 5027 Galat.
2205 4983 2287 5032 tu,
2316 4967 2403 5022 15.

2478 4968 2524 5001 ⁸³
2546 4969 2715 5026 Exod.
2748 4989 2922 5040 xxx”,
2963 4975 3054 5041 31,
3085 4976 3174 5030 3‘2.

1707 5089 1951 5160 quidam,
1993 5109 2011 5141 ι
2053 5099 2160 5144 tota
2185 5105 2319 5160 gens
2346 5101 2551 5159 pereat.
2591 5111 2612 5145 ι

1779 5160 1892 5229 (40)
1920 5160 2081 5224 ΙιίιΙὶιί,
2115 5178 2136 5211 ι
2166 5176 2266 5228 pro
2295 5171 2428 5229 quot
2457 5163 2611 5217 malis
2637 5162 2872 5219 actibus.
2901 5181 2921 5215 ι

1781 5230 1894 5297 (At)
1927 5231 2020 5284 Sic
2046 5246 2145 5284 ms.
2185 5246 2322 5283 unus
2351 5242 2403 5284 et
2438 5231 2713 5290 llabanus.
2740 5234 2880 5287 Editi
2904 5248 3035 5287 vero
3056 5242 3110 5287 et
3140 5249 3273 5290 mss.

1705 5301 1946 5372 plerique
1978 5315 2260 5368 perperam
2296 5304 2519 5366 habent,
2554 5319 2572 5348 σ
2606 5303 2757 5370 Quod
2803 5303 3014 5372 loquor,
3042 5305 3093 5357 in
3122 5305 3280 5358 Chri-

1703 5375 1789 5424 sto
1818 5369 2035 5437 loquor,
2071 5389 2091 5422 ι
2133 5381 2188 5424 ει
2218 5382 2429 5440 postea,
2486 5391 2506 5423 ι
2547 5373 2600 5426 in
2629 5369 2839 5444 Spiritu
2872 5369 3062 5428 Sancto
3103 5378 3279 5429 canti-

1702 5451 1880 5495 netur.
1919 5459 1938 5490 ι

1801 5509 1889 5585 12)
1923 5509 2091 5574 Editi,
2134 5528 2154 5561 ο
2176 5519 2230 5563 ει
2263 5525 2360 5564 ειη·
2382 5512 2621 5585 salvahis
2652 5514 2806 5571 alios.
2840 5534 2859 5566 ι
2895 5513 3021 5569 Μεε.
3053 5517 3274 5585 quidam

1707 5590 1761 5635 et
1790 5583 2071 5650 ﬂabauus,
2111 5598 2130 5631 ι
2161 5590 2215 5650 et
2249 5583 2391 5650 quod
2433 5584 2669 5638 salvahis
2695 5585 2848 5637 alios.
2887 5604 2906 5636 ›

1801 5649 1888 5720 45)
1923 5651 2086 5720 Editi,
2117 5672 2135 5701 ι
2171 5649 2421 5718 Nunquid
2452 5654 2523 5705 ita
2554 5655 2680 5708 est?
2713 5674 2730 5705 ι
2773 5655 2933 5707 male.

1790 5719 2088 5795 f11)_[‘_]t|iti,
2122 5739 2140 5770 α
2168 5721 2496 5795 sit‘l'actum.
2533 5743 2548 5773 ι
2589 5725 2650 5777 Ει
2679 5736 2892 5795 postea,
2953 5724 3140 5784 «'thc
3175 5744 3278 5782 au-

1709 5800 1814 5844 tent
1843 5791 2081 5846 arbitror
2114 5791 2282 5860 quod,
2329 5810 2345 5843 ι
2378 5804 2484 5844 ctc.
2681 5791 2695 5795 “
3058 5807 3062 5811 ·
