3692 6138
407 268 542 326 H59

407 394 512 447 Sed
555 391 792 446 fortasse
836 389 982 445 dicat
1033 388 1253 460 aliquis,
1310 391 1433 459 quia
1477 389 1686 461 Moyses
1719 391 1821 443 hoc
1857 391 1988 444 olle--

411 497 557 545 rens,
600 481 830 536 salutem
881 479 1081 548 populo
1133 480 1332 534 meruit
1375 481 1669 549 impetrare
1724 496 1738 534 :
1785 481 1981 536 Paulus

412 589 540 629 vero
575 582 730 642 optat
773 573 1014 640 quidem,
1073 574 1167 627 sed
1216 589 1322 626 non
1355 584 1440 627 est
1479 575 1718 631 auditus.
1759 573 1896 640 Quid
1935 575 1980 627 si

411 665 693 718 ostendam
730 663 826 717 tibi
869 664 1041 733 magis
1076 663 1306 716 Paulum
1343 663 1584 717 auditum
1624 679 1766 727 esse,
1819 681 1980 734 quam

414 756 680 827 Moysen?
712 757 910 810 Omnes
947 756 1088 809 enim
1115 757 1188 810 illi
1215 757 1308 827 qui
1342 771 1437 825 per
1480 756 1702 826 Moysen
1738 757 1983 811 exierant

413 853 480 901 de
525 845 760 919 Egypto
813 847 949 916 (l5),
998 849 1310 902 ceciderunt
1366 848 1418 901 in
1473 849 1712 903 deserto.
1775 848 1979 902 Posteri

415 955 542 995 vero
573 956 762 996 eorum
796 942 887 1010 qui
921 951 1123 994 terram
1159 943 1601 1011 repromissionis
1629 951 1979 1012 acceperunt,

413 1033 572 1085 etiam
616 1048 758 1086 nunc
789 1043 1050 1103 vagantur
1084 1035 1195 1107 (46)
1232 1037 1300 1090 ab
1348 1051 1412 1089 ea
1447 1039 1664 1091 exsules
1703 1047 1757 1091 et
1800 1046 1984 1090 extor-

416 1141 520 1178 res.
556 1124 754 1180 Paulus
783 1139 911 1178 vero
939 1125 1064 1178 audi
1090 1128 1216 1195 quid
1249 1128 1393 1182 dicat
1439 1128 1505 1181 de
1542 1127 1711 1182 Israel
1746 1145 1760 1182 :
1794 1147 1813 1177 ε
1847 1126 1980 1181 ΝοΙυ

415 1232 530 1280 vos,
565 1218 760 1286 inquit,
786 1217 1060 1288 ignorare,
1088 1219 1309 1284 fratres,
1342 1220 1661 1289 mysterium
1697 1220 1820 1285 hoc,
1855 1221 1978 1288 quia

412 1311 631 1364 cmcitas
659 1326 724 1364 ex
757 1323 909 1378 parte
951 1311 1134 1366 lsraeli
1167 1313 1399 1382 contigit
1427 1311 1563 1382 (47),
1599 1312 1771 1365 donec
1813 1311 1984 1380 pleni-

415 1405 544 1455 tudo
575 1403 817 1470 gentium
848 1403 1204 1468 subintraret,
1252 1413 1307 1458 et
1352 1405 1431 1457 sic
1461 1402 1637 1457 omnis
1678 1403 1842 1456 Israel
1875 1403 1982 1456 sal-

413 1511 510 1547 \us
543 1497 695 1547 fieret
728 1494 796 1546 ⁸³.
837 1513 855 1547 ι
907 1495 1066 1549 Vides
1093 1509 1222 1566 ergo
1251 1496 1379 1565 quia
1417 1498 1702 1549 exauditus
1732 1505 1815 1549 est
1845 1495 1982 1548 Pau-

413 1589 493 1640 lus
539 1601 593 1642 et
628 1589 752 1656 quia
800 1604 860 1643 se
907 1588 1104 1643 obtulit
1147 1591 1456 1652 anathema,
1511 1589 1740 1644 salutem
1787 1590 1983 1643 meruit

409 1679 688 1734 fratribus.
725 1681 788 1732 Et
817 1681 937 1733 ideo
985 1681 1116 1734 mihi
1169 1682 1390 1735 videtur
1421 1681 1509 1735 illa
1541 1686 1720 1735 omnia
1765 1682 1978 1750 praemi-

408 1774 565 1836 sisse,
595 1775 734 1842 quod
761 1775 904 1827 nulla
937 1775 986 1848 vi
1011 1775 1225 1843 possita
1249 1774 1339 1830 Dei
1360 1776 1629 1830 charitate
1650 1775 1824 1829 divelli
1843 1775 1976 1844 (48),

408 1873 466 1915 ιιι
490 1880 612 1918 cum
646 1879 706 1918 se
733 1863 890 1919 oll'ert
923 1865 1220 1919 anathema
1251 1881 1350 1933 pro
1397 1866 1662 1920 fratribus
1691 1868 1833 1928 suis,
1869 1880 1975 1918 non

407 1953 616 2024 lapsum
647 1955 762 2022 ejus
796 1955 1108 2026 possibilem
1153 1955 1368 2023 judices
1401 1971 1416 2010 :
1451 1959 1545 2012 sed
1582 1958 1723 2012 sicut
1769 1957 1856 2010 ille
1889 1955 1980 2024 qui

408 2047 787 2116 inseparabilis
819 2063 848 2101 a
886 2049 1046 2103 Patre
1074 2056 1158 2102 est
1209 2065 1304 2118 per
1340 2062 1613 2113 naturam,
1657 2059 1710 2104 et
1752 2051 1977 2102 immor-

411 2139 534 2192 talis
565 2139 618 2192 iu
657 2150 885 2193 mortem
917 2141 1086 2201 venit,
1122 2148 1176 2194 et
1209 2141 1261 2193 in
1294 2141 1507 2195 inferna
1539 2143 1846 2205 descendit;
1900 2141 1976 2194 ita

405 2239 461 2282 et
494 2229 595 2281 iste
621 2229 886 2282 imitando
917 2231 1265 2299 magistrum,
1298 2246 1419 2284 cum
1453 2232 1694 2300 separari
1725 2247 1753 2284 a
1778 2231 1977 2286 Christi

409 2322 680 2376 eharitate
708 2337 816 2374 non
854 2323 1049 2392 possit,
1087 2339 1114 2376 a
1148 2324 1372 2378 Christo
1420 2325 1707 2378 anathema
1751 2325 1844 2378 fiat
1882 2339 1979 2392 pro

409 2412 670 2468 fratribus
711 2414 843 2476 suis,
891 2415 1176 2469 devotione
1231 2416 1436 2483 utique,
1501 2431 1606 2469 non
1658 2417 1980 2485 prtevarica-

411 2511 577 2562 tione.
607 2507 760 2574 Quod
791 2517 969 2560 autem
1001 2528 1019 2558 ι
1059 2508 1277 2578 cognati
1308 2509 1609 2563 secundum
1638 2524 1859 2563 carnem
1877 2510 1922 2540 ⁸³⁵
1953 2527 1972 2560 ι

407 2601 519 2654 sint
555 2598 723 2654 Paulo
753 2601 1034 2664 Israelita),
1057 2601 1391 2670 expositione
1424 2617 1526 2654 non
1555 2602 1774 2670 indiget.
1800 2621 1818 2653 ι
1843 2602 1983 2668 Quo-

408 2706 552 2753 rum,
593 2692 786 2761 inquit,
841 2692 1064 2761 adoptio
1117 2703 1198 2747 est
1254 2692 1372 2761 (49)
1417 2693 1742 2748 filiorum“.
1796 2714 1815 2747 ι
1863 2695 1978 2748 Ad-

405 2784 573 2852 optati
606 2785 804 2838 etenim
832 2795 958 2839 sunt
987 2785 1079 2839 lilii
1107 2787 1272 2839 Israel
1300 2802 1330 2839 a
1361 2788 1466 2841 Deo
1497 2799 1622 2842 tunc
1646 2805 1665 2839 ι
1695 2804 1817 2842 cum
1842 2791 1977 2844 divi-

409 2879 558 2928 deret
584 2876 844 2931 Excelsus
872 2888 1079 2945 gentes,
1137 2888 1193 2932 et
1253 2879 1590 2949 dispergeret
1631 2881 1770 2935 filios
1803 2883 1976 2936 Adam

409 2968 704 3022 secundum
755 2985 1039 3023 numermn
1091 2971 1410 3041 angelorum
1443 2972 1537 3026 Dei
1591 2974 1730 3044 (50),
1757 2983 1806 3028 et
1838 2975 1978 3030 facta

407 3068 490 3112 est
520 3060 695 3128 portio
739 3059 953 3113 Domini
1007 3060 1197 3125 Jacob,
1229 3074 1282 3116 et
1313 3062 1587 3119 funiculus
1644 3067 1978 3122 haereditatis

407 3150 525 3218 "ius
559 3151 723 3207 Israel
757 3154 825 3208 ⁸⁷.
867 3173 886 3205 ι
920 3155 1022 3208 Ista
1062 3167 1146 3210 est
1175 3171 1306 3226 ergo
1336 3158 1554 3226 adOptio
1585 3158 1842 3213 ﬁliorum.
1869 3179 1887 3211 ι
1914 3161 1980 3216 Ει

405 3243 600 3314 gloria,
632 3255 686 3300 et
716 3253 1034 3301 testamenta
1059 3248 1194 3317 (BI),
1215 3259 1271 3303 et
1291 3249 1580 3317 legislatio.
1623 3269 1643 3303 ι
1701 3252 1776 3307 De
1809 3253 1980 3324 gloria

407 3337 528 3390 lata:
572 3338 704 3408 legis
734 3354 874 3408 saepe
897 3339 1008 3406 jam
1041 3341 1243 3394 dictum
1276 3353 1384 3405 est,
1415 3344 1555 3396 sicut
1583 3354 1637 3398 et
1671 3344 1788 3414 ipse
1830 3345 1980 3415 Apo-

407 3429 579 3483 stolus
611 3429 787 3484 dicit:
825 3447 847 3480 ι
884 3430 940 3483 Si
982 3430 1127 3483 enim
1165 3431 1308 3498 quod
1355 3443 1673 3499 evacuatur,
1723 3451 1824 3504 per
1865 3435 1982 3506 glo-

410 3523 546 3578 riam
579 3530 686 3588 est,
729 3541 748 3574 ο
788 3522 891 3576 hoc
923 3533 1006 3578 est
1036 3521 1203 3578 Vetus
1257 3524 1692 3594 Testamentum,
1745 3549 1763 3581 ι
1811 3532 1982 3587 multo

409 3614 583 3684 magis
613 3618 757 3683 quod
795 3625 998 3681 manet,
1054 3616 1106 3668 in
1170 3615 1340 3686 gloria
1385 3629 1469 3672 est
1515 3619 1582 3685 ⁸⁸,
1623 3640 1642 3672 ι
1703 3621 1980 3694 Evangelii

407 3706 614 3761 scilicet
638 3708 968 3774 praediCatio.
1020 3709 1125 3762 Sed
1175 3711 1319 3778 quod
1378 3711 1527 3777 dicit,
1569 3732 1586 3763 ι
1627 3711 1979 3772 Testamenta

403 3809 461 3855 et
494 3799 782 3870 Iegislatio,
827 3820 844 3851 ι
881 3817 1048 3854 unum
1087 3799 1320 3856 fortasse
1347 3803 1533 3858 dicere
1567 3806 1840 3860 videatur.
1867 3809 1977 3862 Lex

404 3896 549 3949 enim
584 3911 704 3963 qua:
738 3895 840 3948 lata
867 3906 969 3959 est,
1004 3897 1121 3965 ipsa
1153 3896 1320 3950 etiam
1351 3895 1761 3954 Testamentum
1794 3903 1980 3972 appet.

408 3988 575 4042 Iatur.
609 3987 714 4041 Sed
753 4003 853 4054 ego
886 3989 1028 4042 hanc
1057 4003 1177 4042 esse
1207 3987 1613 4044 distinctionem
1645 4005 1796 4061 puto,
1833 3997 1977 4063 quod

410 4079 678 4148 legislatio
716 4080 934 4147 quidem
963 4079 1127 4132 fuerit
1168 4096 1299 4146 una,
1351 4090 1406 4134 et
1441 4084 1611 4138 semel
1648 4085 1828 4140 habita
1881 4104 1979 4157 per

406 4173 667 4242 Moysen;
700 4179 1024 4225 testamenta
1079 4187 1210 4225 vero
1247 4172 1358 4244 (52)
1410 4171 1726 4244 frequenter
1771 4189 1976 4234 statuta

403 4275 551 4318 sunt.
586 4262 812 4330 Quoties
849 4264 992 4317 enim
1042 4277 1427 4332 peccaverunt,
1477 4278 1531 4320 et
1577 4269 1772 4338 abjecti
1828 4282 1975 4338 sunt,

407 4357 566 4411 toties
589 4357 920 4410 exhteredati
953 4356 1225 4410 videntur.
1267 4357 1330 4411 Et
1371 4374 1616 4422 rursum,
1645 4364 1859 4428 quoties
1888 4379 1977 4418 re-

507 4451 554 4483 “
580 4452 733 4511 Rom.
761 4469 836 4513 XI,
863 4452 952 4511 25,
987 4453 1075 4506 26.
1156 4453 1372 4507 "Rom.
1408 4471 1481 4515 Ix,
1507 4455 1558 4508 5.
1636 4457 1682 4488 ⁸⁸
1707 4458 1833 4515 ibid.
1885 4462 1941 4516 4.

405 4523 461 4598 Ῐι
608 4523 751 4598 _0s_e.
787 4524 974 4598 ιιι,1⁴2ἱ
1053 4523 1259 4598 ’fglfuc.
1305 4541 1361 4582 Il.
1402 4525 1512 4598 542
1607 4529 1650 4559 θ’
1674 4527 1820 4588 Psal.
1851 4549 1984 4598 xvn,

406 4592 458 4645 5.
535 4594 582 4624 "
607 4593 622 4645 Ι
651 4594 777 4649 Cor.
801 4610 917 4660 Vili,
942 4595 994 4648 6.
1071 4595 1114 4626 ’⁷
1145 4595 1282 4648 I’sal.
1312 4611 1457 4658 χρη,
1485 4597 1535 4649 5.

1156 4453 1200 4485 ⁸⁸
1220 4455 1372 4507 Rom.
1408 4471 1481 4515 Ix,
1507 4455 1558 4508 5.

1053 4525 1094 4555 ⁹¹
1125 4523 1254 4577 Luc.
1305 4541 1361 4582 ιι,
1402 4525 1489 4576 54.

1834 266 2153 323 ORIGENIS

3498 267 3603 324 lllll

2018 399 2059 452 Α
2092 388 2420 459 pr0pitiatus
2456 387 2594 442 Deus
2629 387 2739 457 (55)
2797 385 3067 439 revocavit
3096 399 3214 447 eos,
3239 393 3297 440 et
3330 384 3383 439 in
3416 385 3596 442 hcredi-

2086 491 2247 535 tatem
2303 496 2413 534 suze
2463 481 2826 549 possessionis
2877 479 3116 543 adduxit,
3155 477 3314 530 toties
3367 490 3598 546 reparasse

2086 584 2434 641 testamenta,
2489 585 2542 628 et
2579 576 2822 629 haeredes
2871 590 2964 629 eos
3011 574 3301 644 scripsisse
3351 575 3600 630 credendus

2083 678 2185 723 est.
2222 687 2240 717 ι
2271 668 2337 721 Ει
2365 667 2710 735 obsequium,
2737 676 2791 720 et
2823 666 3230 734 promissiones.
3263 684 3285 716 ι
3321 662 3601 733 Obsequium

2085 760 2442 814 sacerdotalia
2482 760 2615 813 dicit
2643 758 2820 812 ollicia
2863 776 2876 811 :
2929 759 3091 829 612
3129 775 3148 807 ι
3187 756 3599 825 promissioues,t

2083 869 2220 922 quae,
2257 855 2504 922 patribus
2559 853 2716 906 factae
2761 863 2906 916 sunt,
2944 862 2997 906 et
3026 862 3320 920 sperantur
3355 852 3523 904 dandae
3543 854 3604 907 his

2084 947 2174 1015 qui
2213 961 2313 1015 per
2346 946 2509 1001 [idem
2542 946 2641 1000 filii
2674 947 2935 1000 dicuntur
2958 945 3190 998 Abrahae
3215 943 3284 996 ⁸³.
3317 942 3518 996 Certum
3543 957 3603 998 est

2087 1052 2265 1095 tamen
2303 1041 2444 1108 quod
2480 1040 2643 1092 etiam
2699 1039 2998 1094 secundum
3039 1053 3264 1092 carnem
3301 1052 3369 1094 ex
3407 1038 3512 1106 ipso
3535 1054 3604 1108 ge-

2084 1147 2233 1197 nere,
2266 1133 2370 1186 hoc
2395 1143 2477 1186 est
2507 1147 2572 1185 ex
2610 1132 2925 1197 Israelitico,
2970 1131 3169 1185 fuerint
3199 1145 3309 1182 non
3339 1130 3497 1183 solum
3536 1147 3604 1197 pa-

2087 1233 2217 1286 tres,
2249 1225 2342 1278 sed
2371 1233 2426 1277 et
2455 1223 2725 1288 Christus,
2771 1224 2914 1277 sicut
2957 1232 3011 1275 et
3036 1225 3043 1232 '
3066 1238 3161 1290 per
3202 1221 3508 1291 prophetam
3543 1225 3604 1274 di-

2084 1315 2163 1369 cit
2190 1315 2303 1385 (54)
2339 1333 2352 1368 :
2389 1335 2408 1366 ι
2452 1313 2543 1369 Vae
2570 1315 2699 1377 illis,
2722 1317 2847 1383 quia
2873 1329 3002 1367 caro
3028 1328 3145 1367 mea
3175 1329 3242 1367 ex
3279 1313 3411 1380 ipsis
3436 1314 3600 1366 δι”.»

2090 1408 2202 1462 Cur
2235 1419 2417 1462 autem
2452 1425 2474 1460 ι
2514 1423 2592 1461 vae
2627 1407 2777 1460 illis?
2807 1426 2826 1458 ι
2864 1405 3002 1472 Quia
3038 1415 3201 1459 natus
3234 1416 3322 1458 est
3363 1403 3505 1457 Jesus
3529 1427 3544 1454 I
3568 1407 3602 1457 in

2086 1500 2294 1552 ruinam
2350 1509 2407 1552 et
2463 1499 2515 1552 in
2579 1499 3035 1552 resurrectionem
3083 1506 3376 1550 multorum
3411 1497 3474 1561 ἰ,
3517 1516 3533 1548 ι
3567 1507 3606 1550 et

2084 1591 2208 1658 quia
2239 1591 2307 1643 ab
2343 1589 2452 1642 illis
2487 1605 2718 1656 quorum
2751 1604 2881 1643 caro
2915 1597 3056 1653 erat,
3091 1588 3408 1658 repudiatus
3447 1597 3534 1648 est,
3566 1599 3604 1641 et

2086 1700 2113 1734 a
2169 1683 2424 1752 gentibus
2457 1697 2484 1733 a
2522 1682 2722 1750 quibus
2777 1681 3146 1752 ignorabatur,
3204 1689 3484 1747 susceptus
3529 1691 3603 1745 est,

2013 1761 2053 1814 Β
2082 1778 2226 1832 sicut
2251 1787 2301 1830 et
2341 1791 2435 1844 per
2463 1775 2628 1828 David
2663 1774 2832 1828 dicit:
2875 1791 2895 1824 ‹
2926 1771 3182 1840 Populus,
3220 1787 3383 1840 quem
3415 1785 3508 1824 non
3531 1785 3598 1824 co-

2082 1870 2266 1940 gnovi,
2306 1863 2530 1922 servivit
2554 1867 2684 1920 mihi
2710 1868 2777 1920 ⁹².
2811 1886 2829 1918 ι
2866 1867 2940 1920 Ex
2971 1867 3102 1934 ipsis
3133 1881 3268 1934 ergo
3303 1874 3387 1917 est
3416 1865 3604 1920 etCliri-

2083 1974 2198 2017 sms
2249 1961 2548 2014 secundum
2607 1974 2848 2012 carnem.
2897 1975 2916 2008 ι
2951 1959 3053 2024 Qui
3112 1969 3196 2010 est
3255 1970 3421 2024 super
3464 1957 3602 2008 omnia

2085 2055 2224 2106 Deus
2259 2051 2579 2106 benedictus
2615 2050 2666 2103 in
2701 2047 2898 2103 saacula
2927 2048 2993 2101 ’³.
3029 2067 3047 2099 ι
3083 2047 3370 2102 Christum
3403 2045 3603 2099 aliudse-

2081 2142 2316 2194 cundum
2354 2153 2574 2195 carnem
2609 2153 2751 2202 esse,
2794 2148 2849 2193 et
2871 2138 3018 2191 aliud
3049 2138 3352 2192 secundum
3376 2138 3601 2206 spiritum,

2075 2232 2189 2302 jam
2215 2243 2271 2286 et
2303 2231 2356 2285 in
2386 2230 2659 2300 prioribus
2713 2229 2876 2299 huius
2923 2227 3182 2297 Epistolte
3219 2229 3459 2296 partibus
3496 2228 3600 2278 desi-

2081 2331 2292 2398 gnavit,
2325 2327 2416 2381 ubi
2444 2325 2610 2380 dicit:
2646 2343 2665 2376 t
2704 2324 2804 2390 Qui
2839 2323 3012 2377 factus
3037 2332 3121 2376 est
3150 2337 3217 2376 ex
3240 2321 3448 2376 semine
3481 2319 3604 2372 bar-ill

2081 2421 2378 2476 secundum
2430 2433 2673 2482 carnem,
2711 2417 2802 2486 qui
2861 2417 3162 2469 destinatus
3199 2424 3288 2468 est
3343 2413 3496 2468 Filius
3536 2410 3602 2464 Dei

2082 2513 2138 2567 in
2170 2512 2390 2574 virtute,
2423 2509 2723 2565 secundum
2763 2508 3012 2576 spiritum
3050 2505 3497 2561 sanctificationis
3520 2502 3600 2554 “.i

2080 2605 2148 2658 Et
2191 2603 2464 2674 quomodo
2510 2601 2809 2656 secundum
2849 2599 3099 2668 spiritum
3147 2597 3324 2651 Filius
3354 2596 3440 2649 Dei
3471 2595 3546 2657 sit,
3567 2607 3604 2648 et

2081 2697 2378 2752 secundum
2413 2709 2632 2749 carnem
2667 2693 2810 2746 filius
2839 2690 3030 2756 David,
3065 2690 3274 2756 ibi(55)
3310 2689 3505 2757 plenius
3534 2703 3601 2753 pro

2085 2789 2293 2842 viribus
2324 2787 2699 2854 exposuimus.
2737 2785 2904 2852 Quem
2939 2779 3070 2852 ergo
3100 2783 3170 2836 ibi
3204 2782 3490 2835 secundum
3525 2781 3601 2846 spi-

2081 2882 2248 2934 ritum
2293 2879 2491 2934 Filium
2526 2879 2619 2930 Dei
2663 2876 2816 2939 dixit,
2882 2875 2970 2928 hic
3024 2872 3360 2941 procedente
3397 2872 3599 2925 doctrina

2083 2974 2298 3038 ordine,
2345 2971 2756 3042 prolicieutibus
2815 2978 3001 3038 utpote
3057 2967 3423 3034 auditoribus,
3476 2965 3597 3018 Deum

2089 3085 2107 3118 ι
2142 3067 2234 3136 qui
2264 3076 2350 3121 est
2385 3080 2548 3135 super
2577 3064 2760 3118 omnia
2809 3061 3125 3116 benedictus
3163 3062 3213 3092 9"
3256 3059 3371 3129 (56)
3404 3078 3423 3110 ι
3472 3058 3600 3125 ipsum

2081 3176 2203 3216 esse
2235 3159 2577 3232 pronuntiat.
2615 3156 2683 3210 Et
2717 3155 2883 3210 miror
2911 3155 3182 3224 quomodo
3215 3154 3436 3222 quidam
3462 3151 3600 3217 legen-

2081 3261 2162 3305 tes
2198 3251 2340 3320 quod
2377 3249 2518 3303 idem
2571 3246 2861 3316 Apostolus
2912 3247 2964 3299 in
3008 3245 3132 3297 aliis
3186 3245 3328 3298 dicit
3375 3261 3388 3297 :
3441 3261 3457 3292 ι
3492 3240 3600 3295 L'uus

2083 3341 2222 3396 Deus
2255 3341 2434 3404 Pater,
2459 3354 2526 3393 ex
2556 3355 2663 3408 quo
2696 3337 2876 3391 omnia
2907 3354 2920 3389 :
2953 3346 3009 3390 et
3041 3351 3180 3388 unus
3204 3333 3462 3388 Dominus
3487 3331 3600 3385 .lcsus

2082 3436 2357 3498 Christus,
2393 3449 2489 3502 per
2521 3448 2683 3502 quem
2715 3432 2897 3484 omnia
2921 3431 2990 3494 ⁹⁶,
3026 3447 3044 3480 ι
3092 3438 3308 3496 negent
3331 3427 3503 3480 Filium
3534 3421 3600 3475 Dei

2086 3527 2255 3580 Deum
2281 3526 2482 3579 debere
2513 3522 2781 3592 profiteri,
2807 3538 2874 3576 ne
2890 3524 3026 3575 duos
3049 3522 3178 3574 deos
3208 3520 3396 3573 dicere
3427 3515 3598 3568 videati-

2085 3627 2192 3671 tur.
2233 3616 2300 3671 Et
2331 3615 2461 3684 quid
2512 3615 2578 3669 de
2621 3615 2725 3669 hoc
2771 3612 2893 3667 Ioco
2933 3611 3171 3682 Apostoli
3208 3611 3428 3670 facient,
3458 3607 3500 3658 iu
3525 3617 3600 3670 qna

2085 3721 2271 3779 aperte
2301 3708 2554 3763 Christus
2593 3726 2610 3758 ι
2645 3723 2806 3774 super
2838 3706 3022 3760 omnia
3047 3703 3188 3759 Deus
3226 3723 3244 3755 ι
3303 3717 3420 3756 esse
3465 3698 3600 3770 perbi-

2084 3806 2242 3859 betur
2271 3802 2409 3870 (57).
2462 3801 2572 3855 Sed
2623 3816 2727 3854 non
2770 3801 3059 3854 advertunt
3105 3798 3195 3864 qui
3245 3797 3367 3848 Isaac
3401 3795 3465 3846 ita
3510 3806 3599 3843 seu-

2087 3897 2249 3961 tiunt,
2277 3894 2423 3963 quod
2468 3893 2611 3947 sicut
2657 3892 2941 3946 Dominum
2981 3888 3166 3944 Jesum
3221 3887 3486 3941 Christum
3524 3896 3598 3934 non

2084 3989 2158 4042 ita
2186 3991 2353 4040 duum
2385 4000 2508 4040 esse
2535 3983 2822 4038 Dominum
2856 3983 3012 4046 dixit,
3042 3991 3100 4034 ut
3126 3995 3196 4033 ex
3234 3979 3341 4033 hoc
3387 3979 3507 4030 Deus
3530 3973 3598 4025 I'a«

2086 4089 2167 4134 ter
2200 4079 2460 4134 Dominus
2492 4093 2597 4131 non
2627 4077 2882 4130 dicatur:
2913 4076 2987 4129 ita
3017 4084 3071 4127 et
3094 4073 3260 4127 Deum
3303 4071 3497 4124 Patrem
3524 4078 3597 4119 non

2083 4174 2157 4228 ita
2190 4174 2326 4228 dixit
2355 4187 2476 4226 esse
2506 4185 2672 4224 unum
2712 4168 2902 4231 Deum,
2937 4177 2994 4220 ut
3027 4165 3165 4219 Deus
3200 4163 3372 4218 Filius
3404 4177 3495 4217 nan
3515 4172 3598 4212 cre-

2084 4269 2263 4320 datur.
2301 4265 2435 4320 Vera
2460 4279 2543 4320 εει
2573 4264 2717 4317 enim
2744 4261 3023 4328 Scriptura
3050 4259 3319 4327 quaedicit
3346 4277 3358 4311 :
3395 4276 3410 4307 ι
3443 4253 3595 4309 Scitote

2083 4361 2338 4428 quoniam
2383 4359 2644 4414 Dominus
2677 4360 2793 4426 ipse
2826 4369 2911 4410 est
2942 4357 3080 4410 Deus
3120 4354 3188 4405 ⁸⁷.
3228 4371 3246 4404 ι
3291 4352 3434 4405 Unus
3460 4354 3592 4399 autem

2017 4461 2058 4492 ⁸⁷
2084 4459 2238 4514 Deut.
2267 4474 2442 4518 χχχιι.
2469 4458 2522 4518 8.
2553 4459 2605 4512 9.
2704 4456 2749 4488 ⁸⁸
2781 4454 2820 4506 ll
2851 4456 2973 4509 Cor.
3005 4469 3084 4512 ιιι,
3111 4451 3196 4504 Il.
3274 4449 3319 4480 δ’
3359 4445 3512 4518 Galal.
3537 4455 3591 4498 ιιι.

2017 4532 2108 4588 45.
2221 4530 2266 4560 ³³
2291 4517 2447 4583 Boni.
2477 4517 2551 4589 IS,
2580 4528 2634 4581 5.
2726 4529 2772 4558 ⁸⁵
2794 4526 2947 4579 Rom.
2986 4542 3021 4586 t,
3063 4526 3114 4587 5,
3145 4530 3198 4576 4.
3307 4520 3350 4552 ⁸⁵
3389 4517 3592 4570 “eunti.

479 4685 591 4754 (45)
623 4685 699 4740 De
719 4686 968 4758 /Egypto.
1007 4687 1129 4742 Ilaec
1156 4689 1319 4742 verba
1347 4692 1538 4743 desunt
1565 4690 1616 4743 in
1647 4688 1808 4742 editis
1833 4695 1886 4741 et
1924 4687 1977 4741 in
2013 4690 2056 4746 D
2087 4697 2356 4758 stamenta
2392 4705 2408 4735 ι
2441 4701 2559 4758 cum
2599 4700 2715 4758 ius.
2737 4681 3057 4758 unouﬂegio.

407 4757 680 4824 plerisque
709 4757 866 4825 mss.,
905 4774 1112 4813 necnon
1147 4770 1200 4811 et
1236 4761 1373 4828 apud
1423 4759 1733 4828 Rahanum,
1765 4760 1859 4815 sed
1897 4773 1979 4813 re-

407 4829 711 4898 stituuntur
738 4844 802 4880 ex
840 4845 944 4880 uno
973 4845 1072 4882 ms.
1119 4827 1286 4898 Regio
1332 4845 1481 4886 itum.
1517 4827 1670 4882 I659.

478 4898 590 4967 (46)
624 4898 785 4958 Editi,
820 4913 1126 4967 perperam,
1157 4899 1493 4965 (iactantur.
1533 4921 1550 4951 ι

477 4967 590 5041 (47)
622 4967 720 5041 Ms.
754 4969 954 5040 Regius
987 4986 1136 5024 num.
1173 4969 1311 5025 1659
1337 4980 1386 5024 et
1423 4970 1698 5041 Rabanus,
1746 4992 1766 5026 t
1809 4973 1863 5028 in
1902 4969 1979 5025 Is-

409 5040 518 5093 rael
547 5039 797 5109 contigit,
831 5039 854 5091 ὁ
883 5051 991 5094 etc.

478 5108 594 5183 (48)
649 5108 741 5183 sic
779 5126 908 5183 mss.
941 5120 998 5164 et
1031 5109 1310 5166 Rabanus.
1367 5113 1505 5167 Editi
1553 5130 1704 5174 vero.
1771 5132 1788 5163 ι
1834 5112 1980 5183 quod

409 5180 579 5234 nulla
611 5180 694 5234 vis
748 5182 920 5248 possit
969 5197 1092 5234 eum
1128 5199 1157 5233 a
1199 5183 1466 5236 charitale
1514 5185 1604 5236 Dei
1643 5180 1926 5240 divellere.
1957 5203 1975 5234 ι

411 5251 616 5304 Deinde
657 5264 847 5305 omnes
898 5250 1382 5322 mss.,iﬂabanus,
1408 5263 1460 5308 et
1491 5257 1643 5318 editi,
1700 5273 1716 5305 t
1755 5255 1986 5322 passibi-

408 5325 512 5442 :em
564 5337 578 5384 ;
627 5339 646 5372 ι
687 5324 782 5376 sed
835 5332 1014 5377 tamen
1071 5321 1353 5392 legendum
1411 5326 1626 5381 videtur
1681 5344 1699 5376 ι
1749 5321 1986 5394 possibi-

429 5408 536 5442 ειιι.
565 5411 582 5442 ι

429 5408 536 5444 ειιι.
565 5411 582 5442 ι

479 5461 592 5532 (49)
631 5460 750 5515 Est.
784 5462 945 5516 Deest
977 5463 1028 5516 in
1061 5475 1220 5518 antea
1249 5465 1429 5519 editis.

479 5533 596 5603 (50)
649 5532 763 5606 Dei.
807 5534 1089 5587 Omittitur
1149 5536 1199 5587 in
1255 5538 1414 5588 editis
1467 5547 1522 5590 et
1579 5537 1631 5590 in
1706 5536 1980 5606 plerisque

409 5604 1031 5676 tnss__.,_sedrrestituitur
1060 5621 1124 5658 ex
1163 5621 1268 5658 ttno
1294 5621 1392 5658 ms.
1428 5606 1618 5676 Regio.

480 5671 592 5741 (51)
616 5672 785 5744 Editi,
821 5694 838 5725 ι
876 5675 1143 5744 Etglorite
1169 5671 1572 5730 testameuttuii.
1608 5697 1626 5729 ι
1658 5677 1782 5730 Mss.
1818 5675 1979 5744 pleri-

411 5757 515 5814 que
553 5743 717 5796 etiam
774 5762 793 5797 t
842 5743 1222 5802 testamentum
1267 5765 1281 5814 ;
1317 5765 1335 5801 ι
1388 5750 1478 5802 sed
1515 5743 1863 5816 Icgenduntt
1900 5759 1977 5801 te-

2161 4756 2272 4825 (52)
2321 4754 2470 4810 Vero.
2515 4755 2672 4808 Deest
2709 4753 2952 4825 ineditis
2986 4768 3040 4806 et
3074 4754 3123 4804 in
3161 4754 3423 4821 plerisque
3443 4761 3542 4825 mss.

2314 4825 2479 4892 Etliti,
2517 4844 2535 4876 ι
2567 4824 2951 4892 repropitiatus
2975 4834 3059 4877 est
3081 4825 3239 4888 Deus,
3273 4843 3290 4875 ι
3327 4820 3422 4898 etc.
3453 4820 3507 4874 Et
3527 4833 3591 4894 po-

2089 4893 2226 4964 ste‘a,
2258 4893 2286 4949 ’‹
2323 4898 2482 4950 toties
2534 4910 2818 4962 reparasse
2862 4904 3265 4947 testamentum.
3307 4912 3326 4945 ι
3369 4893 3480 4946 Mss.
3509 4905 3591 4957 qm-

2087 4973 2235 5032 datn,
2272 4987 2290 5018 ι
2324 4967 2485 5020 toties
2517 4980 2801 5033 reparasse
2836 4973 3182 5018 testamento.
3211 4983 3228 5014 ι

2158 5031 2272 5111 (541)
2304 5031 2738 5111 δίο-ιιιξείιεὲιιιιί
2767 5050 2918 5111 vero,
2964 5053 2984 5086 ι
3041 5036 3182 5111 sicut
3206 5050 3302 5104 per
3336 5031 3590 5111 prophetam

2087 5105 2309 5165 dicitur.
2349 5126 2367 5158 ι
2405 5105 2681 5163 Rabanus.
2721 5123 2741 5156 ι
2777 5107 2920 5159 sicut
2949 5113 3002 5157 ct
3026 5107 3287 5173 propheta
3316 5107 3452 5166 dicit,
3485 5112 3590 5175 ιψμι

2095 5182 2288 5235 deinde
2318 5177 2545 5242 omittit,
2599 5194 2618 5226 ι
2652 5175 2742 5230 Va:
2771 5176 2904 5241 illis,
2935 5172 3060 5245 quia
3099 5176 3232 5230 earo
3271 5191 3381 5229 mea
3409 5187 3465 5227 ex
3497 5172 3590 5239 ipsis

2093 5263 2193 5308 est.
2220 5250 2330 5306 Cur
2361 5257 2564 5304 autem.
2594 5265 2614 5299 ι

2167 5321 2280 5394 (55)
2325 5318 2430 5372 lbi.
2461 5317 2744 5394 Omittitur
2774 5319 2828 5373 in
2855 5317 3043 5373 editis.
3093 5315 3227 5372 Vide
3255 5315 3382 5370 lib.i
3410 5315 3456 5369 in
3489 5310 3588 5363 hanc

2095 5387 2410 5464 Epistulam,
2438 5405 2614 5464 nunt._

2167 5462 2281 5533 (56)
2312 5459 2390 5514 Ita
2412 5462 2564 5516 editi.
2599 5459 2724 5516 Mss.
2756 5475 2884 5514 vero
2910 5459 3037 5528 duo,
3078 5480 3095 5534 ι
3128 5460 3291 5514 Deum
3319 5458 3401 5526 qui
3429 5463 3583 5534 (35(9):

2086 5526 2186 5606 per
2207 5526 2388 5587 omnia
2419 5541 2759 5600 regnantem,
2805 5550 2824 5582 ι
2874 5542 2984 5585 etc.
3024 5526 3180 5586 Alter.
3215 5546 3311 5586 ms.
3355 5526 3521 5584 omittit
3548 5526 3583 5570 et

2094 5627 2112 5660 ι
2147 5606 2464 5659 benedictus
2495 5623 2514 5655 ι
2547 5609 2600 5655 et
2629 5620 2646 5652 t
2670 5615 2994 5674 regnantem.
3024 5623 3040 5654 ι

2161 5675 2272 5746 (57)
2307 5675 2476 5737 Alias,
2515 5692 2533 5723 ι
2585 5676 2952 5742 perscribitur.
2987 5690 3008 5724 ι
