3692 6138
87 295 214 350 ΗΜ

1011 296 1366 354 COMMENT.
1409 296 1475 351 IN
1515 294 1729 352 EPIST.
1771 295 1862 349 AD
1901 294 2068 350 ROM.
2107 294 2234 349 LIB.
2273 291 2385 350 VII.

3199 293 3334 348 III?

87 426 319 484 uterque
348 425 434 471 est
472 417 632 483 Deus,
669 417 794 485 quia
832 431 937 472 non
971 427 1054 473 est
1077 419 1218 473 aliud
1247 420 1381 476 Filio
1411 421 1668 482 divinila:
1695 425 1741 480 Λ
1771 420 1824 473 in
1853 419 1972 474 solo
2001 416 2150 472 Isaac
2178 417 2267 486 qui
2293 422 2411 470 erat
2440 412 2880 482 repromissionis
2906 412 3070 476 ﬁlius,
3104 415 3330 468 seminis

88 509 154 560 tis
194 508 418 561 initimn
453 525 616 577 quam
660 507 865 573 Pater;
913 511 1008 564 sed
1042 512 1212 580 ipsius
1246 512 1404 566 unius
1443 512 1662 566 Paterni

91 600 277 664 fontis,
313 601 463 654 sicut
493 602 758 669 sapientia
783 603 935 666 (1ιείι,
969 621 985 653 ι
1020 606 1306 670 purissima
1337 623 1354 655 ι
1382 615 1465 658 est
1499 623 1518 656 ι
1553 621 1665 657 ma-

91 695 235 747 natio
267 691 319 726 ⁹⁶
355 713 376 746 ι
420 693 607 751 Filius.
661 696 758 750 Est
806 711 938 763 ergo
971 696 1219 751 Christus
1253 713 1272 747 ι
1317 696 1457 750 Deus
1504 711 1666 764 super

86 785 288 842 omnia.
330 805 350 838 ι
389 786 520 852 Quze
565 807 583 836 ‹
631 788 862 841 omnia?
900 808 918 839 ι
964 787 1057 841 Illa
1110 790 1226 841 sine
1265 789 1428 842 dubio
1460 803 1580 857 quae
1611 798 1664 841 et

89 879 248 948 paulo
279 889 414 934 ante
437 881 694 946 diximus,
755 899 775 931 ι
823 895 986 950 super
1036 882 1396 951 principatus,
1427 893 1482 936 et
1507 891 1662 951 pole-

85 979 275 1032 states,
304 980 363 1024 et
400 971 652 1034 virtutes,
684 980 737 1025 et
767 985 931 1025 omne
955 985 1146 1025 nomen
1181 973 1324 1041 quod
1353 973 1662 1029 nominatur

87 1079 188 1116 non
217 1063 400 1118 solum
433 1064 486 1118 in
517 1064 619 1118 hoc
650 1067 869 1127 saeculo,
901 1064 998 1119 sed
1031 1065 1194 1120 etiam
1237 1066 1293 1118 in
1330 1063 1513 1119 futuro
1541 1066 1606 1118 θ’.
1636 1084 1654 1117 ι

85 1156 183 1220 Qui
218 1167 408 1209 autem
451 1171 612 1225 super
632 1155 811 1209 omnia
841 1164 945 1221 est,
979 1171 1144 1226 super
1180 1171 1240 1210 se
1271 1157 1542 1211 neminem
1566 1157 1660 1212 ha-

86 1244 191 1296 bet.
242 1242 362 1296 Non
414 1246 558 1298 enim
605 1253 726 1314 post
773 1244 989 1298 Patrem
1027 1254 1108 1300 est
1151 1246 1263 1316 (58)
1305 1249 1439 1317 ipse,
1468 1249 1560 1302 sed
1591 1249 1657 1302 de

85 1331 267 1388 Patre.
311 1332 429 1388 Hoc
479 1335 621 1389 idem
661 1345 840 1388 autem
894 1334 1172 1407 Sapientia
1231 1338 1324 1394 Dei
1380 1341 1544 1395 etiam
1591 1341 1657 1394 de

86 1423 288 1493 Spiritu
330 1439 527 1480 sancto
566 1428 790 1497 intelligi
825 1429 992 1492 dedit,
1026 1430 1114 1485 ubi
1148 1432 1319 1486 dicit:
1361 1453 1379 1485 ι
1421 1433 1656 1502 Spiritus

91 1517 298 1572 Domini
336 1517 566 1586 replevit
595 1521 785 1574 orbem
823 1529 1091 1576 terrarum
1135 1543 1148 1578 :
1197 1534 1249 1577 et
1283 1525 1378 1594 qui
1415 1527 1656 1580 continet

83 1608 285 1673 omnia,
343 1609 632 1662 scientiam
683 1609 846 1666 habet
880 1612 1029 1666 vocis
1069 1613 1107 1666 ³.
1143 1632 1162 1664 ι
1227 1614 1283 1668 Si
1318 1629 1447 1686 ergo
1485 1614 1653 1670 Filius

86 1717 106 1749 ι
145 1699 286 1752 Deus
317 1715 486 1769 super
512 1702 695 1755 omnia
733 1723 750 1754 ι
785 1704 1005 1769 dicitur,
1043 1712 1098 1759 et
1143 1703 1376 1774 Spiritus
1434 1717 1651 1762 sanctus

82 1791 368 1845 continere
404 1795 588 1847 omnia
643 1806 994 1863 memoratur,
1053 1796 1197 1851 Deus
1253 1808 1435 1852 autem
1490 1798 1651 1854 Pater

80 1893 160 1936 est
191 1900 211 1934 ι
233 1899 300 1937 ex
333 1899 444 1953 quo
467 1887 673 1951 omnia,
707 1907 724 1938 ι
763 1888 1044 1942 evidenter
1071 1887 1373 1943 ostenditur
1404 1903 1647 1943 naturam

82 1975 365 2030 Trinitatis
399 1987 455 2033 et
516 1979 877 2033 substantiam
906 1995 1066 2033 unam
1096 1995 1242 2047 esse,
1289 1997 1409 2050 quae
1444 1993 1528 2038 est
1561 1998 1650 2038 su-

85 2080 175 2133 per
207 2069 420 2124 omnia.

147 2157 234 2210 H.
283 2177 303 2209 σ
336 2158 453 2214 Non
483 2170 663 2216 autem
694 2163 897 2218 excidit
925 2166 1148 2220 verbum
1195 2165 1306 2236 (59)
1360 2167 1472 2222 Dei.
1520 2168 1646 2231 Non

80 2248 218 2302 enim
247 2265 446 2306 omnes
479 2254 572 2321 qui
611 2264 742 2309 sunt
778 2270 841 2310 ex
876 2256 1060 2321 lsrael,
1096 2258 1147 2312 hi
1181 2269 1308 2313 sunt
1336 2259 1594 2316 Israelita:
1630 2284 1642 2318 :

80 2356 176 2395 nec
204 2343 298 2412 qui
331 2355 464 2399 sunt
494 2361 678 2402 semen
706 2349 1002 2418 Abraham,
1050 2367 1238 2409 omnes
1286 2353 1420 2408 ﬁlii:
1461 2355 1555 2409 sed
1592 2358 1643 2411 in

81 2433 225 2488 Isaac
284 2437 573 2492 vocabitur
606 2440 700 2494 tibi
737 2456 967 2498 semen:
1003 2444 1054 2498 id
1100 2454 1201 2506 est,
1256 2462 1362 2499 non
1408 2448 1499 2516 qui
1549 2448 1643 2502 lilii

82 2527 282 2593 carnis,
313 2529 369 2582 hi
403 2529 495 2585 ﬁlii
523 2542 649 2586 sunt
697 2533 787 2587 Dei
825 2551 840 2587 :
890 2538 984 2589 sed
1014 2539 1103 2606 qui
1139 2541 1232 2595 lilii
1267 2543 1645 2611 promissionis

81 2628 220 2683 sunt,
253 2621 587 2688 deputantur
616 2623 669 2676 in
701 2638 887 2680 semen
931 2627 974 2680 ³.
1018 2645 1037 2678 ι
1070 2628 1331 2695 Quoniam
1365 2647 1526 2703 supra
1560 2635 1646 2688 di-

81 2722 224 2766 xerat
259 2711 282 2746 ⁸
307 2717 462 2785 quod
502 2731 599 2786 pro
631 2715 894 2775 fratribus
919 2723 1056 2786 suis,
1091 2741 1110 2774 ι
1141 2725 1231 2792 qui
1268 2735 1396 2780 sunt
1425 2731 1639 2794 cognati

81 2803 374 2860 secundum
432 2822 674 2874 carnem,
729 2812 822 2881 qui
871 2823 998 2867 sunt
1047 2815 1323 2883 Israelitae,
1360 2837 1378 2870 ι
1427 2828 1644 2888 optaret

83 2897 236 2950 etiam
281 2900 574 2956 anathema
627 2903 770 2970 ﬁeri,
822 2920 886 2958 eo
933 2909 1076 2978 quod
1131 2910 1370 2978 ipsorum
1414 2924 1643 2968 essetet

83 2986 290 3055 adoptio
346 2989 584 3045 ﬁliorum
635 2993 769 3064 (60),
797 3005 852 3049 et
900 2995 1190 3067 Iegislatio,
1237 3013 1290 3056 et
1323 3004 1640 3070 promissio-

82 3093 204 3145 nes;
240 3080 306 3136 de
347 3081 434 3136 his
463 3099 605 3138 nunc
631 3085 763 3138 dicit
793 3087 916 3155 quia
982 3090 1208 3144 verbum
1237 3089 1330 3145 Dei
1359 3110 1464 3149 non
1490 3097 1638 3149 exci-
1667 3123 1709 3178 ο

84 3168 176 3232 dit,
211 3170 311 3224 hoc
339 3183 446 3237 est,
480 3176 769 3242 promissio
802 3193 922 3246 quae
951 3180 1030 3233 eis
1059 3180 1172 3251 (61)
1205 3181 1346 3237 facta
1393 3195 1498 3251 est,
1531 3201 1636 3240 non

82 3263 316 3317 evanuit.
359 3263 461 3330 Qui
491 3267 635 3320 enim
665 3283 827 3323 verus
857 3269 1021 3325 fuerit
1055 3273 1246 3342 lsrael,
1281 3291 1385 3331 non
1416 3294 1482 3332 ex
1518 3294 1639 3333 car-

84 3355 180 3408 nali
234 3372 436 3426 genere
496 3370 702 3414 tantum
761 3363 828 3417 de
875 3365 1152 3421 Abraham
1203 3384 1376 3439 genus
1431 3371 1638 3429 ducens

83 3446 123 3513 (ι
163 3447 271 3504 Νοιι
305 3451 452 3506 enim
504 3454 594 3522 qui
649 3455 742 3508 ﬁlii
796 3458 976 3512 carnis
1022 3477 1044 3512 ι
1097 3470 1241 3526 sunt,
1290 3479 1310 3514 ι
1344 3464 1398 3518 1ιί
1447 3474 1502 3518 ει
1543 3464 1638 3519 lilii

83 3537 167 3593 Dei
200 3557 222 3594 ι
275 3545 476 3613 sunt),
509 3546 601 3599 sed
658 3547 749 3616 qui
806 3551 1101 3606 secundum
1157 3557 1636 3622 repromissionem

82 3631 195 3686 ﬁdei
227 3634 294 3688 de
330 3637 608 3692 Abraham
641 3640 940 3708 descendit,
995 3644 1112 3715 ipse
1153 3648 1319 3702 etiam
1364 3650 1459 3703 Dei
1507 3664 1639 3720 pro-

81 3724 232 3778 missa
282 3730 658 3800 consequitur.
703 3731 839 3788 Nam
900 3736 967 3790 de
1007 3753 1207 3808 genere
1252 3740 1420 3796 Israel
1478 3743 1633 3798 multi

77 3825 214 3879 sunt,
273 3819 368 3873 sed
427 3836 534 3875 non
581 3837 769 3879 omnes
831 3827 996 3882 Israel
1055 3832 1415 3900 appellantur.
1467 3833 1634 3890 Israel

80 3920 301 3976 namque
332 3910 497 3965 Deum
529 3915 760 3972 videndo
793 3921 1105 3978 nominatus
1137 3934 1240 3979 est.
1280 3925 1372 3980 Sic
1403 3928 1546 3982 enim
1579 3940 1634 3985 et

76 3998 182 4065 ipse
207 3998 376 4056 Jacob
409 4005 540 4058 dicit
570 4024 583 4061 :
621 4027 639 4059 ι
673 4007 788 4064 Vidi
823 4011 1105 4070 Dominum
1141 4015 1277 4071 facie
1308 4020 1374 4074 ad
1412 4007 1628 4089 fac'iem,

77 4099 127 4179 et
153 4092 293 4148 salva
323 4097 465 4152 facta
516 4109 600 4154 est
647 4104 826 4156 anima
863 4120 979 4158 mea
1011 4105 1052 4158 ’⁸.
1083 4126 1102 4159 ι
1145 4108 1288 4178 Ergo
1333 4113 1460 4179 quia
1499 4113 1632 4167 vidit.

77 4177 256 4249 Donni,
306 4188 472 4244 Israel
517 4194 815 4262 appellatus
862 4206 964 4252 est.
1002 4197 1103 4264 Qui
1151 4177 1278 4255 vero
1325 4177 1431 4256 non
1487 4206 1632 4261 videt

77 4285 188 4362 eum
215 4280 305 4346 qui
341 4283 496 4349 dixit,
535 4303 552 4334 ι
588 4286 688 4352 Qui
718 4301 802 4339 me
835 4288 999 4351 videt,
1038 4291 1179 4345 videt
1210 4301 1267 4346 et
1290 4291 1503 4348 Patrem
1526 4297 1575 4362 ⁸,
1605 4315 1623 4348 ι

76 4360 228 4420 Israel
260 4385 367 4424 non
396 4382 573 4440 potest
600 4376 727 4431 dici.
762 4396 780 4429 ι
813 4377 923 4434 Νεε
944 4377 1068 4449 quia
1094 4398 1277 4438 semen
1301 4360 1625 4444 suntAbra-

1769 511 1850 566 sui
1887 509 2179 580 posteritas
2210 516 2521 578 poneretur.
2560 505 2626 559 Et
2658 521 2802 560 nunc
2840 520 2970 575 ergo
3011 505 3100 574 qui
3132 521 3333 560 secun-

1768 604 1892 658 dum
1921 602 2072 657 Isaac
2098 599 2192 655 lilii
2223 597 2653 668 repromissionis
2679 609 2826 662 sunt,
2852 597 2902 652 id
2933 609 3015 653 est
3047 598 3168 652 lidei
3193 597 3334 651 illius

1766 709 1862 765 per
1886 708 2060 763 lquam
2102 692 2522 765 promissionem
2576 690 2854 744 Abraham
2897 689 3096 743 meruit
3139 687 3334 742 futura:

1767 786 2096 840 hmreditatis
2154 783 2434 852 accipere,
2488 781 2587 850 ipsi
2629 789 2837 836 tantum
2899 780 3224 850 deputantur
3278 781 3330 834 in

1765 893 1987 933 semen:
2019 879 2070 929 in
2102 877 2234 944 ipsis
2271 877 2413 929 enim
2456 874 2788 929 luereditatis
2841 873 3114 927 successio
3154 871 3332 927 decla—

1764 984 1916 1025 ratur
1951 972 2085 1041 (65).

1834 1064 1918 1118 15.
1992 1082 2013 1115 ι
2071 1059 2457 1117 Promissionis
2511 1059 2658 1114 enim
2722 1058 2949 1112 verbum
3014 1058 3115 1112 hoc
3175 1066 3260 1112 est
3309 1073 3324 1111 :

1761 1159 1838 1211 Ad
1903 1157 2007 1211 hoc
2062 1165 2274 1224 tempus
2328 1152 2544 1208 veniam
2578 1193 2593 1214 ,
2657 1161 2711 1206 et
2763 1152 2869 1206 erit
2935 1149 3085 1204 Sara:
3159 1149 3323 1203 filius.

1757 1248 1918 1318 613
1965 1247 2080 1302 Non
2113 1245 2288 1301 solum
2332 1255 2544 1309 autem,
2575 1243 2667 1298 sed
2709 1251 2766 1297 et
2803 1241 3050 1297 Rebecca
3108 1255 3172 1296 ex
3220 1257 3326 1296 uno

1756 1339 2052 1396 concubitu
2101 1338 2332 1403 habens,
2379 1336 2526 1391 Isaac
2576 1334 2747 1405 patris
2797 1333 2970 1389 nostri
3007 1333 3141 1404 (64).
3190 1331 3323 1386 Nam

1757 1448 1880 1487 cum
1909 1431 2144 1485 nondum
2170 1429 2279 1483 nati
2313 1427 2560 1494 fuissent,
2595 1437 2690 1481 aut
2713 1426 2912 1495 aliquid
2943 1425 3323 1495 egissentboni

1757 1527 1837 1581 vel
1873 1524 2021 1588 mali,
2062 1533 2124 1578 ut
2177 1523 2472 1578 secundum
2503 1520 2822 1576 elecﬁonem
2862 1521 3192 1588 propositum
3227 1517 3324 1572 Dei

1757 1626 1991 1681 maneat,
2025 1631 2132 1670 non
2152 1630 2218 1670 ex
2245 1615 2519 1684 operibus,
2546 1613 2639 1668 sed
2668 1627 2734 1666 ex
2765 1622 2990 1666 vocante
3016 1612 3214 1665 dictum
3239 1619 3325 1664 est

1754 1711 1824 1775 ei,
1848 1709 1974 1779 quia
2006 1707 2181 1778 major
2221 1707 2420 1762 serviet
2457 1705 2676 1768 minori,
2714 1704 2857 1759 sicut
2887 1690 3165 1772 scriptum
3193 1713 3274 1758 est
3304 1721 3319 1757 :

1751 1805 1915 1859 Jacob
1944 1804 2137 1868 dilexi,
2171 1803 2309 1857 Esau
2345 1813 2525 1856 autem
2553 1800 2680 1855 odio
2727 1799 2890 1853 habui
2919 1799 2958 1850 ⁸.
2987 1818 3005 1850 ι
3038 1797 3324 1866 Proposuit

1750 1896 2038 1963 Apostolus
2067 1891 2339 1963 persequi,
2375 1890 2516 1959 quod
2544 1890 2671 1944 licet
2707 1889 3017 1957 repudiatus
3043 1888 3114 1942 sit
3150 1902 3320 1956 popu-

1752 1987 1835 2042 lus
1861 1986 2026 2042 Israel
2062 2000 2158 2055 per
2189 1983 2584 2049 inﬁdelitatem,
2617 1997 2721 2037 non
2764 1991 2942 2036 tamen
2967 1995 3046 2036 eae
3088 1981 3320 2050 promis-

1750 2081 1933 2136 siones
1954 2078 2048 2133 Dei
2073 2093 2193 2147 quae
2238 2090 2364 2145 erga
2406 2090 2502 2131 eos
2532 2075 2728 2129 habitae
2760 2072 2997 2140 fuerant,
3024 2073 3323 2129 deciderint

1749 2177 1804 2221 et
1851 2167 2124 2222 frustratae
2171 2166 2281 2221 sint
2314 2163 2425 2237 (65)
2463 2185 2473 2219 :
2505 2165 2772 2233 docetque
2819 2164 2960 2232 quod
3011 2177 3133 2217 cum
3167 2160 3322 2216 multi

1749 2260 1841 2314 lilii
1869 2259 2065 2315 fuerint
2097 2258 2418 2323 Abrahaa,in
2447 2257 2561 2311 solo
2591 2256 2737 2312 Isaac
2765 2255 2991 2312 sitfacta
3015 2252 3320 2324 promissio.

1753 2373 1771 2405 c
1797 2352 1911 2407 Non
1934 2371 1952 2406 ιι
1986 2353 2152 2416 enim,
2179 2353 2370 2421 inquit,
2401 2371 2419 2404 ι
2453 2350 2544 2420 qui
2584 2351 2676 2404 ﬁlii
2705 2350 2887 2404 carnis
2922 2357 3080 2411 sunt,
3109 2347 3161 2400 hi
3196 2355 3322 2400 sunt

1748 2445 1842 2498 ﬁlii
1875 2445 1987 2499 Dei.
2029 2462 2050 2496 ι
2080 2443 2146 2498 Ει
2193 2443 2471 2498 contendit
2516 2444 2821 2504 ostendere,
2862 2440 3136 2510 quomodo
3169 2435 3322 2491 Isaac

1746 2552 1852 2591 non
1880 2537 1951 2592 sit
1981 2536 2122 2591 ﬁlius
2142 2535 2343 2601 carnis,
2370 2535 2460 2589 sed
2490 2535 2557 2588 sit
2583 2533 2724 2588 ﬁlius
2750 2533 2874 2597 Dei;
2907 2541 2962 2585 et
2993 2529 3133 2585 redit
3159 2530 3226 2583 ad
3254 2543 3319 2584 ea

1745 2645 1864 2698 quae
1887 2628 1953 2683 de
1974 2627 2092 2696 ipso
2117 2626 2168 2680 in
2197 2625 2390 2682 Genesi
2423 2625 2620 2693 scripta
2656 2632 2803 2678 sunt.
2825 2641 2843 2674 ι
2875 2621 3312 2686 Ριοιιιίεεὶοιιίε,ι

1745 2721 1940 2790 inquit,
1995 2738 2014 2772 ι
2050 2721 2274 2774 verbum
2309 2717 2412 2772 hoc
2450 2726 2533 2771 est
2563 2733 2578 2768 :
2606 2716 2684 2770 Ad
2709 2716 2811 2771 hoc
2842 2725 3054 2784 tempus
3077 2715 3316 2777 veniam,

1743 2825 1798 2869 et
1823 2813 1928 2869 erit
1970 2813 2120 2868 Sarae
2161 2810 2303 2864 ﬁlius
2323 2811 2366 2863 ⁷.
2405 2829 2424 2861 ι
2466 2807 2579 2862 Non
2613 2821 2764 2878 ergo,
2797 2807 2992 2876 inquit,
3029 2821 3125 2876 per
3169 2808 3317 2862 ordi-

1744 2915 1866 2961 nem
1900 2904 2200 2959 nativitatis
2229 2901 2465 2957 carnalis
2488 2900 2639 2956 Isaac
2667 2899 2942 2964 nascitur;
2967 2899 3164 2968 quippe
3190 2915 3314 2954 cum

1743 3007 1799 3053 et
1829 2997 2101 3052 Abraham
2149 2993 2384 3050 emortui
2435 2994 2547 3063 jam
2601 2992 2846 3060 corporis
2902 2991 3230 3055 haberetur,
3260 3000 3317 3046 et

1745 3091 1898 3144 vulva
1928 3090 2078 3144 Sara:
2117 3096 2261 3143 esset
2284 3086 2394 3155 jam
2422 3093 2668 3141 emortua
2689 3085 2734 3146 ⁸.
2759 3083 2904 3138 sicut
2926 3097 3085 3153 supra
3109 3083 3314 3139 dictum

1747 3193 1828 3238 est
1857 3201 1872 3250 ;
1898 3183 1989 3237 sed
2027 3196 2122 3249 per
2149 3181 2403 3234 virtutem
2431 3180 2547 3249 ejus
2570 3177 2657 3246 qui
2689 3177 2846 3239 dixit,
2882 3195 2901 3227 ‹
2939 3175 3020 3228 Ad
3053 3175 3156 3229 hoc
3184 3183 3314 3230 tem-

1744 3291 1846 3346 pus
1867 3275 2099 3334 veniam.
2123 3282 2178 3328 et
2207 3273 2310 3328 erit
2336 3272 2484 3327 Sara:
2514 3272 2652 3326 ﬁlius
2676 3272 2718 3324 ’.
2757 3289 2776 3322 ι
2809 3267 3000 3324 Merito
3024 3267 3187 3337 igitur
3203 3283 3312 3324 non

1743 3368 1944 3432 carnis,
1975 3367 2068 3422 sed
2093 3365 2186 3420 Dei
2222 3365 2364 3420 lilius
2391 3363 2613 3427 dicitur,
2638 3361 2729 3432 qui
2761 3378 2826 3417 ex
2857 3365 3086 3418 adventu
3113 3371 3168 3415 et
3195 3376 3314 3416 ser-

1743 3475 1900 3515 mone
1933 3458 2171 3512 nascitur
2204 3456 2321 3512 Dei.
2357 3455 2480 3511 Ηίεε
2509 3471 2660 3526 ergo,
2683 3456 2882 3525 inquit,
2909 3455 3051 3511 ratio
3079 3470 3186 3511 non
3221 3469 3311 3509 so-

1741 3554 1851 3606 lum
1885 3553 1952 3606 de
1984 3550 2156 3615 Isaac,
2192 3551 2286 3605 sed
2325 3559 2378 3604 et
2407 3550 2470 3604 de
2492 3547 2660 3605 Jacob
2697 3550 3000 3620 recipienda
3033 3559 3135 3604 est.
3173 3547 3308 3602 Nam

1738 3652 1792 3700 et
1814 3644 2079 3710 Rebecca,
2110 3641 2304 3712 inquit,
2331 3657 2437 3696 non
2471 3643 2764 3697 secundmn
2803 3641 3038 3696 carnalis
3069 3639 3179 3713 (66)
3213 3656 3310 3694 na-

1742 3735 1965 3790 tivitatis
1985 3733 2228 3789 ordinem
2263 3733 2485 3803 protulit
2519 3741 2752 3802 partum.
2783 3731 2917 3787 Cum
2941 3735 3082 3788 enim
3108 3748 3184 3788 ex.
3200 3749 3306 3786 uno

1739 3823 2028 3880 concubitu
2052 3823 2202 3878 Isaac
2227 3824 2470 3893 geminos
2491 3823 2848 3891 concepisset,
2872 3825 3108 3878 nondum
3146 3832 3302 3891 partu

1737 3917 1908 3983 edito,
1943 3932 2120 3987 neque
2168 3917 2290 3970 ullis
2321 3916 2528 3970 actibus
2563 3930 2850 3985 puerorum
2880 3917 3038 3972 bonis
3080 3917 3308 3973 malich

1736 4013 1877 4064 inter
1904 4011 2148 4065 homines
2177 4009 2374 4064 habitis
2407 4007 2545 4080 (67),
2575 4023 2703 4079 erga
2733 4007 2898 4064 Iacob
2927 4010 3107 4064 divina
3139 4010 3304 4067 habe-

1735 4113 1823 4158 tur
1851 4103 2046 4158 electio
2076 4101 2209 4173 (68),
2232 4110 2285 4156 et
2307 4101 2525 4164 dicitur,
2553 4119 2572 4153 ι
2613 4101 2740 4171 quia
2775 4101 2946 4171 major
2969 4103 3167 4159 serviet
3201 4107 3304 4162 mi,

1733 4196 1872 4260 nori,
1908 4215 1925 4248 ι
1958 4205 2035 4258 ει,
2071 4211 2090 4245 ι
2127 4192 2294 4248 Jacob
2322 4193 2509 4256 dilexi,
2541 4192 2679 4247 Esau
2703 4204 2883 4248 autem
2910 4196 3039 4250 odio
3067 4196 3252 4250 habui.
3279 4217 3298 4246 ι

1730 4289 1838 4345 Cur
1867 4298 2046 4342 autem
2081 4288 2194 4342 haec
2242 4286 2316 4339 ita
2350 4286 2492 4340 dicta
2515 4287 2649 4351 sint,
2691 4288 2848 4342 docet
2873 4287 3031 4360 (69):
3068 4307 3087 4340 ι
3131 4290 3201 4345 Ut
3223 4304 3304 4342 sc-

1729 4382 1964 4438 cundum
1999 4380 2341 4447 electionem,
2363 4382 2558 4451 inquit,
2582 4384 2914 4450 propositum
2941 4382 3032 4436 Dei
3062 4393 3297 4442 maneat.

76 4454 208 4521 bam,
240 4476 428 4519 omnes
472 4467 635 4522 etiam
697 4471 789 4524 ﬁlii
819 4489 839 4524 ι
875 4482 1020 4528 sunt.
1078 4474 1188 4531 Hoc
1221 4478 1467 4536 videlicet
1513 4481 1624 4552 jam
1659 4471 1702 4525 D
1729 4490 1831 4528 non
1858 4489 1925 4528 ex
1950 4473 2224 4542 operibus,
2260 4473 2352 4527 sed
2383 4489 2452 4528 ex
2482 4485 2711 4529 vocante
2753 4477 2951 4530 dictum
2986 4486 3100 4536 est;
3144 4494 3162 4525 ι
3196 4477 3301 4536 hoc

75 4555 188 4604 tunc
226 4553 336 4626 (62)
364 4557 751 4629 designabatur
777 4565 830 4618 in
861 4567 1159 4629 Abraham.
1191 4583 1311 4624 cum
1339 4573 1386 4625 ei
1423 4574 1624 4630 multos
1722 4576 1824 4628 est,
1855 4573 1912 4618 ut
1941 4580 2061 4617 non-
2082 4563 2172 4632 qui
2200 4563 2291 4616 ﬁlii
2320 4564 2520 4630 carnis,
2541 4565 2633 4619 sed
2664 4565 2754 4633 qui
2789 4565 2882 4618 ﬁlii
2911 4565 3002 4618 Dei
3029 4577 3172 4630 sunt,
3198 4566 3295 4635 ipsi

74 4638 198 4696 filios
226 4645 465 4716 habenti,
507 4668 642 4721 quos
670 4657 958 4726 Apostolus
985 4659 1124 4716 ﬁlios
1150 4665 1330 4717 carnis
1360 4665 1620 4734 appellat,

132 4782 176 4813 ⁸⁸
199 4783 442 4860 Sap.}nt,
466 4788 554 4845 25.
633 4791 676 4822 9°
706 4789 902 4860 Ephes.
930 4807 969 4858 ι,
991 4793 1082 4846 2i.

72 4863 170 4915 xw,
204 4854 254 4908 9.
331 4856 352 4887 ⁶
380 4859 533 4914 llom.
566 4875 643 4924 ιιι,
686 4860 719 4914 9
751 4854 870 4931 seq.

295 4976 576 5054 Qmittitur
627 4989 773 5054 «best
819 5001 837 5034 ι
884 4984 935 5038 in
965 4986 1151 5043 editis.
1209 4987 1410 5043 Deinde
1459 4990 1618 5044 iidem

70 5040 257 5162 Sicitiﬁ
291 5047 403 5102 Hoc
436 5062 618 5105 autem
647 5050 721 5122 (id
743 5064 826 5108 est
858 5040 1264 5128 sapientia-Dei)
1288 5040 1611 5126 fetiatnndeﬂ

131 5181 237 5262 (59)
265 5185 428 5262 Editi,
470 5209 490 5242 ι
521 5191 808 5262 evidenter
843 5197 1149 5251 ostenditur
1191 5209 1381 5252 natura
1430 5199 1611 5253 Trini-

75 5258 206 5337 tatis,
237 5266 290 5309 et
323 5260 624 5337 substantia
655 5279 784 5337 una,
817 5281 938 5337 quae
962 5274 1044 5320 est
1077 5284 1237 5337 super
1253 5271 1454 5325 omnia.
1489 5271 1606 5325 Non

72 5334 227 5400 autem
265 5329 403 5400 quod
439 5331 700 5385 exciderit
739 5329 982 5400 verbum,
1020 5355 1038 5388 ι
1072 5329 1181 5393 etc.

75 5461 85 5472 .
135 5395 236 5464 (60)
266 5397 438 5477 Editi,
458 5419 475 5452 ‹
501 5403 594 5477 sed
622 5405 711 5471 qui
743 5405 835 5458 ﬁlii
865 5395 1236 5477 promissionis
1267 5412 1603 5466 mstimantur

74 5470 117 5514 in
140 5470 370 5548 semine.
403 5470 666 5534 Quoniam
693 5470 1089 5548 supra-dixerat
1123 5495 1219 5548 pro
1249 5480 1596 5535 fratribus....

69 5535 704 5623 quiIsraeli‘ltmnoplare
759 5535 820 5598 se
868 5535 1156 5603 anathema
1199 5552 1340 5617 lieri,
1373 5567 1612 5623 quorum

69 5616 213 5677 esset
233 5607 444 5676 adoptio
477 5607 727 5677 filiorum,
760 5633 778 5666 ι
811 5626 917 5670 etc.

163 5676 246 5747 61)
268 5677 429 5742 Editi,
462 5700 480 5731 ι
510 5697 629 5747 quae
654 5676 721 5736 ex,
747 5687 847 5740 eis.
882 5705 901 5740 ι

161 5743 244 5816 62)
274 5747 435 5816 Editi,
473 5770 491 5802 ι
519 5743 640 5807 Ilaec
671 5756 925 5812 discretio
947 5759 1057 5830 jam
1095 5770 1238 5825 tunc,
1282 5780 1300 5813 ι
1337 5771 1445 5819 ctc.

1162 4796 1177 4825 ⁸
1207 4796 1333 4865 Sap.
1364 4796 1474 4860 t,7.
1549 4798 1613 4850 'I

1797 4815 1859 4859 ix,
1881 4797 1996 4851 6-8.
2073 4799 2093 4828 ³
2132 4799 2259 4850 ibid.
2287 4798 2339 4862 5,
2369 4799 2422 4851 4.
2499 4798 2522 4829 ⁸
2543 4797 2677 4855 Gen.
2702 4816 2872 4865 xxxii,
2900 4800 2988 4854 50.

971 4860 1209 4922 1’Genes.
1260 4860 1414 4934 x'vm,
1445 4867 1534 4922 I0.
1601 4869 1806 4923 ειιυιυ.
1834 4883 1909 4932 tv,
1945 4869 2031 4923 I9.
2101 4869 2124 4900 ’
2155 4860 2432 4935 llome,
2478 4869 2530 4924 9*.

1721 4661 2048 4732 deputentur
2083 4658 2135 4710 in
2174 4672 2380 4711 semen.
2412 4656 2566 4712 Sicut
2594 4658 2735 4710 enim
2772 4659 2843 4714 ibi
2878 4674 2942 4713 ex
2972 4659 3152 4713 multis
3178 4661 3302 4719 ﬁliis

3097 4802 3118 4833 ⁸
3138 4799 3295 4858 Joau.

1805 4989 1919 5061 (6'5)
1947 4990 2115 5061 Editi,
2147 5007 2166 5042 ι
2196 4999 2252 5044 ει
2289 4991 2418 5060 ipsis
2456 4992 2784 5047 haereditatis
2812 4993 3086 5048 successio
3120 4993 3297 5047 decla-

1730 5059 1898 5115 ratur.
1947 5079 1966 5113 ι
2006 5059 2106 5116 Ms.
2157 5059 2318 5128 unus,
2361 5080 2391 5112 «ς
2421 5063 2719 5118 collocatur
2764 5082 2785 5114 ι
2831 5079 2930 5134 pro
2982 5081 3002 5116 ‹
3049 5063 3294 5118 declara-

1723 5143 1828 5184 lttr.
1866 5151 1883 5182 ι

1791 5201 1904 5273 (64)
1947 5202 2049 5258 Ms.
2086 5201 2287 5273 Regius
2316 5216 2466 5273 num.
2496 5201 2656 5262 I659,
2686 5221 2705 5254 ι
2738 5206 2830 5258 sed
2857 5213 2912 5257 et
2937 5202 3194 5257 Rebeccae
3223 5217 3291 5258 ex

1718 5271 1825 5324 uno
1867 5271 2159 5328 concubitu
2178 5271 2400 5327 habens
2425 5271 2574 5327 Isaac
2603 5274 2740 5341 patri
2769 5286 2972 5327 nostro.
3011 5291 3030 5323 ›

1785 5342 1898 5411 (65‘)
1938 5343 2100 5407 Editi,
2142 5361 2162 5395 ι
2221 5341 2540 5396 deciderunt
2571 5355 2625 5396 et
2671 5343 2946 5399 frustratae
2990 5350 3133 5396 sunt.
3175 5360 3196 5393 ι
3225 5342 3291 5395 ΕΙ.

1709 5423 1915 5479 postea,
1957 5431 1975 5464 ι
2015 5412 2152 5466 facta
2183 5423 2266 5467 est
2293 5414 2653 5480 repromissio.
2696 5432 2714 5464 ι

1783 5482 1895 5553 (66)
1936 5484 2098 5546 Editi,
2135 5501 2154 5534 ι
2185 5497 2289 5536 non
2319 5479 2489 5537 scium
2515 5485 2807 5537 secundum
2838 5479 3098 5553 carnalis,
3136 5499 3154 5532 ι
3181 5491 3292 5537 etc.

1785 5552 1899 5622 (67)
1942 5554 2103 5617 Edili,
2127 5570 2146 5604 t
2176 5561 2332 5621 partu
2357 5553 2511 5616 editi,
2559 5567 2728 5622 neque
2758 5552 2880 5604 ullis
2906 5553 3120 5623 actibus
3153 5566 3294 5623 plte-

1715 5621 1897 5678 rorutu
1928 5624 2054 5677 boni
2079 5623 2272 5676 malive
2298 5625 2437 5676 inter
2477 5624 2725 5678 homines
2751 5621 2940 5676 habiti.
2979 5639 2999 5673 ι

1789 5691 1902 5763 (68)
1943 5693 2108 5756 Editi,
2151 5711 2170 5744 ι
2208 5693 2448 5748 dilectio.
2489 5712 2508 5745 ›

1791 5765 1902 5836 (ϐυ)
1946 5763 2157 5834 Ειιιιίκι
2193 5763 2302 5820 Cur
2323 5772 2500 5818 autem
2530 5764 2597 5818 ita
2632 5763 2760 5829 sint,
2795 5764 2970 5819 docet.
3006 5779 3024 5812 ι
