3692 6138
398 251 537 306 1145

395 457 488 511 Dei
523 456 659 527 (70),
691 455 763 508 ita
793 463 847 508 et
878 455 965 508 hic
988 469 1052 508 ex
1079 453 1283 509 duobus
1312 456 1491 510 minor
1522 455 1740 525 eligitur
1767 455 1952 521 Jacob,

395 549 486 617 qui
527 549 812 614 adoptetur
840 545 893 598 in
926 544 1088 598 lilium
1131 545 1226 600 Dei
1260 562 1275 612 ;
1308 555 1362 600 et
1395 546 1475 600 sic
1502 561 1686 600 verum
1728 546 1786 600 ﬁt
1813 549 1956 616 quod

395 639 787 705 promissiones
811 637 904 692 Dei
927 653 1031 690 non
1063 637 1112 689 in
1138 638 1262 693 llliis
1287 639 1491 704 carnis,
1516 641 1607 694 sed
1637 641 1687 695 in
1708 639 1800 694 Dei
1835 642 1958 696 ﬁliis

396 738 664 785 constent.
693 729 799 784 Sed
827 730 940 784 haec
970 732 1149 784 omnia
1179 745 1243 784 eo
1271 740 1538 799 spectant,
1569 742 1627 785 ut
1665 733 1793 787 illud
1833 749 1958 802 pro-

395 822 489 877 bet
518 822 826 892 Apostolus,
855 825 995 890 quod
1039 824 1082 874 si
1131 823 1210 878 vel
1242 822 1389 878 lsuac
1419 823 1503 878 vel
1541 821 1710 878 Jacob
1747 839 1843 893 pro
1871 825 1958 880 his

395 914 606 968 meritis
648 914 805 968 electi
859 913 1089 968 fuissent
1117 931 1148 968 a
1203 916 1312 970 Deo
1357 930 1476 984 quae
1506 917 1557 970 in
1602 931 1768 972 carne
1798 917 1957 986 positi

395 1007 764 1077 acquisierant
790 1007 925 1078 (³11)⁹
947 1019 1000 1062 et
1025 1024 1122 1076 per
1143 1021 1310 1077 Opera
1336 1009 1515 1063 carnis
1531 1008 1816 1077 justilicari
1843 1025 1957 1063 me-

395 1096 654 1165 ruissent,
685 1107 867 1167 posset
896 1097 1080 1165 utique
1122 1099 1298 1154 meriti
1338 1114 1524 1154 eorum
1552 1100 1726 1170 gratia
1763 1101 1830 1154 ad
1861 1114 1960 1170 po-

397 1189 698 1244 sleritatem
743 1189 921 1243 carnis
979 1205 1197 1258 quoque
1241 1199 1293 1242 et
1340 1191 1618 1257 sanguinis
1665 1191 1958 1261 pertinere.

396 1277 551 1333 Nunc
580 1294 709 1333 vero
741 1295 864 1333 cum
901 1281 1093 1334 electio
1131 1295 1320 1335 eorum
1355 1296 1459 1335 non
1489 1297 1556 1336 ex
1593 1284 1848 1350 operibus
1878 1284 1959 1337 fa-

397 1379 484 1425 cta
517 1372 606 1436 sit,
634 1373 726 1426 sed
749 1388 814 1426 ex
840 1377 1113 1444 proposito
1131 1374 1248 1438 Dei,
1272 1384 1325 1428 et
1345 1390 1411 1447 ex
1439 1378 1686 1431 vocantis
1711 1377 1954 1443 arbitrio,

394 1461 817 1530 promissionum
859 1463 1028 1529 gratia
1084 1481 1186 1518 non
1223 1466 1275 1518 in
1319 1465 1444 1520 ﬁliis
1476 1465 1657 1520 cnrnis
1687 1467 1958 1536 impletur,

1831 247 2150 309 ORIGENIS

394 366 576 422 carnis
614 363 764 419 Isaac
795 363 1013 431 eligitur
1038 379 1066 418 a
1097 363 1205 418 Deo
1240 363 1332 433 qui
1363 364 1648 434 adoptetur
1679 365 1733 419 in
1783 365 1950 420 tilium
1983 376 2028 431 Α
2059 377 2115 421 et
2159 366 2265 421 erit
2304 364 2454 424 Sara
2499 365 2668 431 filius;
2723 384 2743 419 ι
2787 364 2869 421 vel
2901 366 2967 420 de
3021 368 3119 423 hoc
3174 382 3190 420 :

3472 265 3579 320 ll“

3253 385 3275 419 ι
3326 366 3479 426 «1³0011
3517 381 3578 428 tlt-

2045 457 2184 524 ‘lexi,
2211 456 2350 511 Esau
2376 465 2551 511 autem
2579 458 2704 513 odio
2739 457 2899 511 habui
2923 457 3062 523 ¹²·¹³,
3092 477 3113 510 ι
3139 473 3270 514 cum
3301 459 3352 513 in
3378 470 3579 529 praesenti

2056 545 2288 616 capitulo
2316 547 2700 602 introduxisset
2735 544 2969 616 aliquam
2999 562 3295 616 personam
3323 550 3460 606 velut
3479 571 3580 608 eou-

2057 638 2409 694 tradicentem
2448 637 2550 693 sibi
2585 647 2643 693 et
2669 642 3018 708 quaestionem
3049 651 3384 707 moventem,
3407 654 3456 698 et
3474 646 3582 700 dice-

2057 740 2140 785 ret
2171 747 2185 783 :
2210 749 2228 782 ι
2258 730 2505 800 Nunquid
2565 732 2820 800 iniquitas
2875 743 2959 788 est
2982 733 3120 804 apud
3145 734 3320 786 Deum
3339 732 3388 787 τι
3410 749 3583 802 respon-

2056 821 2348 890 dissetque,
2385 841 2404 874 ι
2429 821 2582 876 Absit
2603 822 2732 894 (77),
2777 842 2796 876 ι
2839 824 2934 878 sed
2972 843 2992 876 ι
3029 839 3134 878 non
3179 823 3584 897 volentis,neque

2055 909 2220 981 6M.
2239 911 2536 979 currentis,
2564 912 2658 966 sed
2691 903 2998 968 misereutis
3035 911 3147 983 (78)
3172 911 3274 967 Dei
3296 923 3423 981 ,est:
3452 932 3470 966 ι
3491 919 3584 972 etsi

2059 1000 2392 1055 Pharaonem
2419 1011 2697 1072 propterea
2720 1003 3039 1074 elegit,utin
3062 1005 3177 1074 ipso
3199 1005 3486 1074 potentiam
3505 1024 3587 1064 sua

2058 1095 2276 1148 virtutis
2303 1095 2614 1150 ostenderet
2641 1111 2656 1148 :
2688 1079 2743 1150 et
2781 1097 2824 1150 si
2852 1097 2970 1166 ipse
2993 1097 3080 1152 cui
3105 1098 3223 1151 vult
3249 1095 3537 1164 miseretur,
3550 1112 3588 1154 et

2059 1195 2217 1250 quem
2246 1182 2362 1237 vult
2406 1183 2624 1239 indurat
2652 1203 2667 1240 :
2697 1192 2756 1238 ut
2790 1187 2922 1254 quid
2950 1187 3016 1240 de
3050 1187 3391 1250 hominibus,
3432 1187 3586 1256 inquit,

2058 1275 2300 1344 queritur
2323 1275 2435 1346 (79)
2453 1276 2477 1329 ?
2493 1285 2545 1332 et
2562 1292 2657 1331 cur
2673 1277 2762 1346 qui
2786 1287 2970 1346 peccat
2984 1279 3256 1348 culpatur,
3281 1293 3404 1333 cum
3423 1281 3524 1333 talis
3542 1285 3587 1336 de

2061 1383 2381 1438 unoquoque
2405 1369 2570 1438 ipsius
2585 1368 2832 1424 voluntas
2859 1370 3120 1425 habeatur
3139 1371 3158 1425 ἒ
3174 1371 3306 1425 Haec
3319 1385 3445 1441 ergo
3465 1380 3511 1426 et
3527 1371 3588 1426 his

2061 1461 2256 1514 similia
2286 1461 2669 1524 commoventi,
2698 1470 2863 1531 atque
2903 1463 2954 1516 in
2983 1462 3142 1532 hujus
3172 1477 3233 1517 se
3263 1464 3494 1534 mysterii
3515 1481 3586 1519 cu-

396 1553 492 1607 sed
515 1552 566 1606 in
587 1552 711 1608 ﬁliis
729 1554 842 1619 Dei,
867 1555 969 1609 hoc
1003 1564 1104 1619 est,
1128 1557 1216 1624 qui
1244 1557 1490 1612 similiter
1519 1569 1577 1610 ut
1616 1557 1717 1626 ipsi
1749 1575 1813 1613 ex
1847 1575 1962 1629 pro-
2062 1551 2297 1605 biculum
2339 1552 2647 1621 protervius
2672 1562 2728 1607 et
2766 1553 3131 1622 importunius
3184 1554 3473 1624 ingerenti,
3496 1571 3586 1608 cum

397 1643 570 1712 posito
595 1644 683 1698 Dei
711 1645 997 1714 eliguntur,
1027 1657 1080 1700 et
1101 1648 1421 1718 adoptantur
1449 1648 1501 1703 in
1534 1649 1692 1705 ﬁlios.
1719 1650 1964 1720 Comple-
1993 1715 2028 1720 _
2063 1642 2435 1711 increpatione
2476 1643 2808 1714 dignissima:
2840 1645 3258 1701 exclamationis
3285 1647 3525 1710 occurrit,
3549 1659 3589 1702 et

396 1743 485 1788 tur
511 1751 740 1804 namque
769 1739 930 1791 etiam
961 1739 1010 1792 in
1035 1738 1119 1792 his
1147 1715 1272 1793 illud
1299 1742 1442 1808 quod
1461 1741 1570 1810 jam
1603 1757 1765 1811 supra
1805 1715 1967 1814 expo-
1993 1715 2035 1770 Β
2063 1738 2195 1794 dicit
2235 1755 2250 1792 :
2287 1757 2306 1790 σ
2339 1741 2384 1794 Ο
2414 1740 2575 1795 homo
2601 1741 2614 1794 2
2653 1751 2706 1795 tu
2732 1741 2855 1810 quis
2876 1756 2934 1795 es
2971 1740 3061 1810 qui
3087 1751 3284 1794 contra
3311 1743 3588 1809 respondeas

394 1826 602 1881 suimus
641 1827 764 1896 quia
797 1844 960 1898 «quos
983 1831 1275 1898 praescivit,
1295 1831 1413 1886 illos
1437 1843 1490 1886 et
1515 1835 1912 1904 praedestinavit
1944 1853 1960 1890 :

396 1927 449 1971 et
471 1932 604 1985 quos
650 1921 1200 1986 praedestinavit,i|los
1227 1933 1281 1978 et
1303 1925 1618 1980 vocavitzet
1641 1941 1776 1994 quos
1807 1942 1964 1982 voca-

396 2007 492 2072 vit,
513 2008 629 2063 illos
657 2019 711 2063 et
736 2010 1048 2075 justilicavit
1085 2032 1097 2066 :
1127 2026 1182 2068 et
1214 2031 1349 2085 quos
1385 2015 1722 2085 justiﬁcavit,
1750 2020 1866 2074 illos
1909 2031 1963 2076 et

396 2099 718 2166 gloriﬁcavit
738 2101 832 2155 ¹⁰.›
859 2103 1201 2175 Quaecunque
1229 2119 1408 2163 autem
1436 2111 1501 2163 de
1519 2111 1601 2165 his
1627 2114 1964 2170 sermonibus

395 2202 556 2257 supra
591 2195 972 2260 exposuimus,
1001 2198 1188 2251 eadem
1230 2200 1391 2253 etiam
1431 2202 1494 2254 ad
1533 2204 1812 2270 presentis
1859 2204 1961 2260 loci

396 2283 822 2354 explanationem
857 2291 989 2344 satis
1039 2292 1360 2362 abundeque
1410 2293 1712 2360 sulﬁciunt,
1747 2310 1815 2350 ne
1863 2296 1962 2351 ite-

397 2378 567 2432 rando
591 2380 774 2432 endem
821 2379 1094 2436 fastidium
1124 2383 1235 2453 (72)
1277 2385 1578 2456 legentibus
1619 2403 1957 2459 generemus.

467 2467 554 2521 16.
598 2485 617 2518 ι
650 2467 787 2535 Quid
811 2485 940 2540 ergo
973 2473 1214 2528 dicemus
1256 2476 1279 2528 ἱ)
1306 2475 1556 2548 Nunquid
1592 2480 1852 2549 iniquitas
1877 2491 1961 2536 est

395 2561 532 2626 apud
577 2561 795 2615 Deum?
836 2565 1012 2618 Absit.
1050 2566 1216 2636 Moysi
1257 2571 1402 2624 enim
1443 2572 1624 2626 dicit:
1665 2572 1960 2630 Miserebor

396 2651 547 2719 cujus
575 2653 854 2721 misereor,
881 2667 933 2709 et
978 2659 1402 2716 misericordiam
1446 2666 1712 2734 praestabo
1738 2667 1822 2720 cui
1853 2668 1957 2721 mi-
1997 2709 2014 2728 -.

396 2739 638 2796 serebor.
685 2743 850 2811 Igitur
899 2760 1004 2799 non
1042 2747 1269 2805 volentis
1309 2766 1482 2820 neque
1523 2757 1792 2810 currentis
1816 2797 1830 2819 ,
1863 2758 1954 2810 sed

397 2833 704 2889 miserentis
729 2845 810 2890 est
854 2837 968 2892 Dei.
995 2839 1132 2893 Dicit
1155 2843 1298 2898 enim
1324 2845 1602 2915 Scriptura
1642 2847 1905 2904 Pharaoni
1939 2869 1952 2903 :

395 2923 528 2991 Quia
568 2928 632 2979 ad
669 2929 770 2981 hoc
807 2931 978 2997 ipsum
1018 2943 1069 2986 te
1097 2937 1352 2990 suscitavi
1379 2978 1394 3002 ,
1436 2947 1494 2992 ut
1518 2943 1795 2995 ostendam
1821 2943 1874 2996 in
1906 2952 1956 2998 te

2062 1828 2217 1887 Deo?
2247 1851 2265 1884 ι
2297 1830 2464 1898 Quasi
2493 1832 2698 1887 diceret
2733 1847 2750 1885 :
2786 1830 2863 1884 Tu
2894 1832 3015 1901 quis
3047 1847 3106 1886 es
3134 1833 3233 1902 qui
3260 1843 3316 1887 te
3361 1833 3416 1886 in
3448 1833 3586 1886 aulam

2062 1925 2204 1995 regis
2231 1925 2529 1995 immergis,
2563 1935 2619 1979 et
2648 1925 2925 1980 interioris
2964 1925 3198 1980 cubiculi
3237 1939 3406 1978 ausus
3442 1939 3494 1979 es
3530 1940 3588 1979 se

2064 2029 2212 2074 creta
2234 2017 2553 2086 penetrare?
2583 2017 2786 2072 Idcirco
2815 2017 2976 2086 igitur
3004 2027 3059 2072 et
3083 2033 3182 2072 nos
3209 2018 3264 2071 in
3295 2017 3483 2070 talibus
3503 2032 3589 2069 sus-

2061 2126 2230 2180 penso
2271 2112 2406 2178 pede
2459 2120 2711 2182 tanquam
2754 2109 2807 2162 in
2859 2111 2979 2164 aula
3027 2109 3174 2178 regia
3225 2108 3423 2176 positi,
3461 2123 3586 2174 pauca

2059 2215 2332 2264 sermone,
2362 2201 2514 2270 plura
2537 2200 2755 2257 silentio
2783 2211 3140 2267 transeamus,
3168 2199 3291 2269 ipso
3313 2199 3462 2253 nobis
3496 2212 3588 2266 apo-

2059 2294 2196 2350 stolo
2247 2293 2414 2348 Paulo
2455 2294 2710 2363 magistro
2751 2305 2805 2349 et
2845 2293 2979 2347 duce
3018 2291 3177 2360 hujus
3219 2291 3439 2346 itineris
3463 2290 3586 2344 far-to.

2058 2383 2224 2456 Igitur
2247 2400 2312 2439 ex
2357 2400 2584 2454 persona
2631 2385 3047 2441 contradicentis
3079 2384 3184 2438 sibi
3225 2383 3364 2438 dicit
3397 2383 3588 2451 Aposto-

2058 2478 2140 2533 lus
2175 2496 2228 2532 ε(
2253 2478 2504 2548 Nunquid
2524 2479 2782 2549 iniquitas
2803 2488 2888 2535 est
2923 2479 3062 2550 apud
3087 2478 3260 2533 Deum
3289 2479 3352 2532 τι
3373 2488 3425 2532 et
3444 2479 3586 2532 statim

2057 2570 2112 2626 in
2141 2571 2306 2626 initiis
2335 2572 2623 2642 respondet
2650 2588 2666 2626 :
2705 2590 2724 2625 ι
2753 2571 2908 2629 Absit
2939 2591 2954 2639 ;
2987 2593 3006 2627 ι
3042 2581 3098 2628 ιιι
3123 2573 3195 2627 ad
3219 2573 3402 2628 omnia
3431 2582 3585 2627 caetera

2055 2678 2175 2732 quae
2196 2678 2262 2717 ex
2299 2678 2527 2733 persona
2560 2665 2990 2719 contradicentis
3027 2665 3341 2735 objicienda
3375 2672 3512 2723 sunt.
3535 2665 3584 2716 ab

2055 2755 2312 2826 Apostolo
2360 2768 2574 2824 semper
2626 2756 2938 2822 responderi
2989 2756 3262 2819 videatur,
3320 2773 3339 2805 ‹
3391 2753 3580 2810 Absit.»

2054 2847 2159 2902 lste
2197 2860 2328 2915 ergo
2375 2846 2464 2914 qui
2510 2845 2856 2911 contradicit,
2906 2847 3077 2900 utitur
3106 2859 3164 2901 et
3211 2849 3386 2919 Moysi
3422 2852 3581 2910 verbis,

2053 2938 2250 3007 quibus
2293 2938 2424 2992 dicit
2468 2937 2534 2990 ad
2569 2950 2693 2990 eum
2743 2937 3043 2992 Dominus:
3078 2956 3096 2988 ι
3134 2938 3436 2996 Miserebor
3468 2941 3583 3007 cujus

393 3018 646 3070 virtutem
678 3033 946 3085 meam,et
971 3036 1030 3080 ut
1051 3028 1532 3100 annuntietur(75)
1555 3047 1748 3088 nomen
1774 3048 1951 3088 meum
1982 3059 2022 3116 η
2059 3031 2334 3097 misereor,
2381 3040 2435 3084 et
2476 3030 2899 3086 misericordiam
2948 3033 3221 3100 praestabo
3273 3033 3364 3088 cui
3402 3035 3583 3088 misere-

398 3111 447 3163 in
474 3112 725 3167 universa
753 3124 916 3168 terra.
947 3117 1086 3186 Ergo
1113 3121 1200 3174 cui
1238 3122 1346 3176 vult
1377 3124 1686 3192 miseretur,
1714 3136 1769 3180 et
1794 3142 1952 3196 quem

394 3201 510 3256 vult
559 3203 793 3260 indurat.
830 3205 974 3262 Dicis
1015 3209 1196 3280 itaque
1231 3211 1362 3266 mihi
1392 3230 1406 3266 :
1435 3213 1573 3279 Quid
1613 3229 1746 3285 ergo
1780 3217 1957 3272 adhuc

393 3291 675 3360 queritur?
701 3293 969 3350 Voluntati
993 3297 1136 3370 enim
1153 3299 1271 3368 ejus
1292 3302 1415 3378 quis
1451 3303 1658 3358 resistit
1684 3304 1723 3334 ¹¹
1751 3304 1902 3375 (74)?
1931 3325 1950 3358 ι

394 3379 681 3452 Legentem
710 3385 824 3440 haec
859 3389 1166 3445 meminisse
1209 3395 1466 3447 attentius
1495 3396 1746 3450 convenit
1770 3396 1958 3451 simili-

400 3475 601 3530 tudinis
645 3477 791 3531 illius
815 3519 829 3543 ,
861 3495 1019 3554 quam
1061 3483 1112 3535 in
1150 3486 1518 3553 superioribus
1546 3487 1700 3542 libris
1724 3489 1790 3543 de
1828 3505 1958 3560 apo-

397 3563 574 3619 stolici
603 3571 868 3625 sermonis
905 3571 1308 3641 dispensatione
1339 3576 1636 3644 posuimus,
1657 3579 1802 3646 quod
1837 3589 1959 3633 tan-

395 3669 557 3724 quam
585 3658 638 3712 in
668 3661 815 3730 regia
847 3666 1080 3737 quadam
1104 3665 1281 3732 domo,
1311 3682 1434 3736 quae
1474 3668 1863 3738 multiplicibus
1887 3673 1958 3726 sit

398 3749 732 3819 ingressibus
763 3755 1171 3830 egressibusque
1206 3758 1479 3826 distincta,
1508 3776 1574 3814 ex
1599 3778 1706 3816 uno
1733 3763 1784 3817 in
1812 3764 1958 3819 aliud

395 3841 654 3898 conclave
680 3844 754 3900 ita
793 3857 1119 3912 transeatur,
1144 3859 1202 3904 ut
1233 3851 1321 3904 vix
1363 3852 1715 3922 ingredientis
1735 3854 1956 3921 indicia,

397 3941 492 3987 aut
522 3935 848 4005 egredientis
871 3950 1166 4008 appareant
1191 3959 1205 3994 :
1242 3942 1314 3996 ita
1342 3944 1500 3998 etiam
1528 3943 1726 3999 Paulus
1749 3947 1959 4001 divino-

398 4041 518 4080 rum
573 4038 778 4083 secreta
825 4030 1097 4100 paululum
1141 4032 1358 4102 quidem
1393 4035 1742 4105 subaperiens
1768 4037 1958 4091 videa-

400 4128 513 4183 tur,
541 4135 646 4174 non
695 4129 874 4177 tamen
917 4123 1072 4192 plane
1103 4135 1392 4194 aperteque
1428 4129 1665 4195 pandens
1699 4127 1830 4198 (75).
1863 4128 1958 4183 De-

398 4209 563 4277 nique
581 4226 702 4266 cum
736 4227 833 4282 pro
856 4213 939 4266 his
973 4228 1092 4282 qua:
1121 4215 1368 4284 superius
1394 4217 1604 4271 dixerat
1627 4217 1695 4272 de
1721 4220 1874 4277 Isaac
1907 4232 1963 4278 et

395 4297 587 4364 Jacoh,
615 4304 754 4370 quod
785 4319 880 4372 per
900 4304 1214 4359 electionem
1242 4317 1295 4360 et
1330 4321 1396 4361 ex
1425 4310 1700 4378 proposito
1725 4312 1837 4376 Dei,
1865 4329 1962 4367 an-

2056 3124 2154 3178 bor
2178 3123 2242 3180 ιι.
2281 3143 2301 3176 ι
2336 3123 2487 3190 Quod
2521 3125 2566 3180 si
2592 3134 2694 3188 est,
2725 3123 2917 3194 inquit,
2952 3137 3055 3176 non
3089 3137 3226 3193 ergo
3265 3123 3487 3179 volentis
3508 3138 3579 3178 ne-

2056 3229 2160 3284 que
2183 3215 2448 3269 currentis
2473 3225 2557 3270 est
2579 3214 2744 3276 salus,
2763 3215 2855 3268 sed
2881 3214 2996 3282 ejus
3023 3215 3110 3269 cui
3139 3214 3434 3270 miseretur
3454 3214 3580 3272 Deus.

2056 3306 2188 3360 Nam
2219 3317 2275 3361 et
2320 3306 2586 3360 Pharaoni
2629 3305 2765 3376 (80),
2805 3306 3001 3375 inquit,
3041 3304 3274 3373 dicitur,
3313 3324 3333 3358 ι
3379 3307 3492 3375 quia
3529 3307 3580 3359 ad

2056 3399 2158 3453 hoc
2189 3399 2361 3468 ipsum
2391 3408 2444 3452 te
2465 3396 2742 3460 suscitavi,
2767 3405 2825 3450 ut
2864 3395 3140 3451 ostendam
3175 3396 3226 3449 in
3268 3407 3321 3451 te
3368 3398 3581 3450 virtutem

2058 3505 2250 3550 meam,
2278 3497 2333 3542 et
2361 3497 2419 3542 υι
2454 3486 2806 3542 anttuntielur
2833 3501 3023 3541 nomen
3066 3502 3245 3540 meum
3287 3487 3342 3542 in
3372 3489 3581 3540 universa

2059 3592 2202 3636 terra
2233 3581 2274 3612 ¹⁵
2305 3596 2319 3644 ;
2358 3599 2377 3632 ι
2412 3589 2470 3633 ιιι
2501 3595 2566 3634 ex
2602 3580 2705 3635 hoc
2754 3579 2996 3633 videatur
3016 3579 3258 3643 ostendi,
3297 3580 3417 3647 quia
3456 3581 3496 3632 si
3532 3578 3578 3630 ad

2061 3670 2162 3724 hoc
2186 3670 2394 3724 electus
2425 3679 2504 3724 est
2527 3669 2758 3736 Pharao,
2795 3679 2852 3721 ut
2873 3683 2968 3738 per
2986 3683 3104 3723 eum
3130 3669 3309 3724 virtus
3336 3669 3422 3724 Dei
3448 3669 3580 3723 homi-

2060 3761 2214 3814 nibus
2237 3761 2557 3824 declaretur,
2585 3776 2690 3815 non
2716 3760 2814 3815 fuit
2832 3762 2888 3814 in
2913 3775 3009 3814 sua
3032 3769 3306 3830 potestate
3330 3763 3462 3832 quod
3489 3776 3580 3829 per-

2061 3853 2142 3906 iit.
2188 3851 2251 3907 Et
2300 3853 2451 3908 addit
2477 3853 2584 3924 (81)
2616 3861 2734 3924 post
2775 3852 2956 3907 omnia
2991 3870 3004 3906 :
3043 3871 3062 3904 ι
3103 3853 3246 3923 Ergo
3277 3855 3361 3908 cui
3391 3853 3490 3905 vult
3511 3851 3579 3906 nti-

2059 3955 2291 4012 seretur,
2338 3953 2392 4002 et
2428 3961 2590 4015 quem
2633 3946 2746 4001 vult
2795 3946 3032 4004 indurat.
3064 3965 3084 4000 ι
3121 3945 3237 4002 Hoc
3277 3958 3380 4011 est.
3423 3945 3576 4014 inquit,

2059 4038 2201 4106 quod
2218 4053 2492 4096 asseveras
2511 4049 2564 4094 tu
2595 4037 2686 4108 qui
2732 4035 3080 4102 contradicis,
3127 4039 3256 4108 quia
3305 4039 3418 4093 sine
3452 4048 3578 4090 causa

2060 4132 2409 4199 conqueritur
2434 4140 2489 4186 et
2530 4133 2718 4198 arguit
2749 4134 2995 4188 homines
3039 4132 3199 4186 Deus.
3239 4129 3300 4186 Si
3333 4132 3464 4185 enim
3495 4130 3578 4196 ipse

2062 4237 2221 4289 quem
2265 4222 2564 4292 vulteligit,
2595 4233 2649 4278 et
2679 4239 2836 4293 quem
2868 4225 2979 4279 vult
3022 4223 3228 4291 abjicit,
3262 4221 3507 4277 voluntati
3539 4219 3578 4272 il-

2065 4311 2168 4366 lius
2196 4314 2318 4383 quis
2364 4316 2568 4370 resistit
2592 4313 2704 4387 (82)
2745 4331 2842 4385 per
2872 4333 3031 4386 quem
3067 4318 3251 4373 omnia
3286 4317 3310 4368 ?
3343 4315 3464 4369 Illud
3488 4313 3575 4366 sine

405 4406 616 4464 tequam
641 4395 838 4465 aliquid
869 4397 1049 4464 operis
1079 4395 1206 4450 boni
1245 4397 1439 4450 malive
1472 4399 1788 4467 gessissent,
1823 4401 1962 4458 Deus
1992 4404 2035 4458 D
2066 4403 2227 4458 dubio
2273 4407 2626 4462 contradictio
2681 4411 2784 4462 ista
2835 4407 3069 4474 molitur,
3111 4410 3255 4479 quod
3307 4409 3358 4462 in
3404 4404 3576 4461 homine

403 4487 600 4540 dixerit
625 4487 732 4556 (76)
765 4487 847 4542 vel
895 4490 961 4542 de
1001 4488 1128 4543 illo:
1160 4507 1180 4540 ι
1223 4490 1302 4543 Ad
1345 4491 1446 4544 hoc
1489 4501 1698 4560 tempus
1725 4493 1960 4560 veniam,

2076 4510 2179 4549 non
2203 4497 2273 4550 sit
2312 4496 2531 4553 libertas
2565 4499 2815 4566 arbitrii,
2853 4517 2949 4556 nec
3007 4502 3209 4556 habeat
3253 4497 3574 4567 unusquisque

472 4626 516 4658 ¹⁰
547 4625 952 4701 Bonus-Inﬁt),
985 4626 1094 4701 ἵξοέ
1153 4627 1370 4680 “nolit.
1406 4644 1477 4690 Ix,
1507 4629 1585 4701 11
1605 4644 1718 4698 seq.
1789 4627 2129 4701 “'“waenes.
2167 4644 2319 4694 xvttl,
2353 4630 2447 4698 l0;
2490 4630 2714 4686 Malach.
2747 4649 2784 4699 ι,
2825 4632 2880 4686 2.
2957 4635 3000 4665 ¹⁸
3043 4637 3214 4692 Exod.
3267 4653 3452 4701 xxxtn,
3491 4634 3570 4695 l9;

401 4693 557 4759 Rom.
593 4712 668 4760 ιι,
708 4696 905 4761 15,16.
982 4699 1024 4729 ³⁸
1055 4697 1225 4755 Exod.
1283 4714 1357 4763 Ix,
1407 4703 1513 4763 16;
1559 4693 1714 4758 Itoni.
1758 4715 1836 4764 ις,
1884 4699 1970 4752 17.

472 4843 586 4914 (70)
619 4844 692 4898 lta
731 4843 982 4898 Babanus
1019 4843 1104 4897 hic
1145 4853 1198 4897 et
1225 4843 1535 4914 infraaMss.
1568 4860 1694 4897 vero
1723 4843 1965 4913 plerique

397 4926 455 4970 et
486 4913 641 4974 editi,
676 4932 694 4963 ι
746 4916 799 4966 in
850 4914 986 4968 lilios
1033 4913 1146 4968 Dei.
1185 4933 1202 4964 ι
1242 4915 1338 4966 Ms.
1388 4913 1584 4983 Regius
1626 4931 1771 4967 num.
1806 4913 1960 4977 1659,

403 5001 425 5039 ι
457 4985 509 5038 in
543 4984 653 5037 lilio
702 4984 813 5038 Dei.
849 5002 868 5034 ι

471 5051 584 5124 (71)
627 5054 788 5117 Editi,
827 5072 845 5105 ι
893 5053 960 5107 ad
987 5068 1050 5107 ea
1096 5068 1213 5121 qme
1249 5053 1300 5104 in
1346 5069 1508 5106 carne
1546 5054 1701 5124 positi
1734 5053 1964 5121 quasie-

429 5135 544 5178 ant.
583 5143 604 5176 ι

470 5192 582 5264 (72)
625 5193 788 5259 Editi,
822 5213 841 5245 ‹
889 5194 1454 5262 dispensationem.....
1479 5210 1546 5248 ne
1593 5195 1783 5248 iterato
1807 5191 1963 5246 fasti-

399 5264 570 5327 dium,
611 5285 629 5317 ι
660 5273 764 5317 etc.
1589 5292 1594 5298 -

472 5335 586 5402 (73)
629 5334 790 5395 Editi,
827 5351 846 5384 ι
886 5341 944 5386 ιιι
989 5335 1267 5386 ostendam
1300 5335 1353 5387 in
1393 5343 1444 5386 te
1489 5335 1762 5396 virtutem,
1791 5337 1844 5386 et
1875 5346 1967 5385 ana

402 5403 706 5460 nuntietur.
741 5423 759 5456 ι
805 5403 932 5456 Mss.
966 5404 1202 5470 quidam,
1239 5420 1256 5453 ι
1292 5403 1626 5465 annuntiem,
1663 5422 1682 5454 ι
1713 5413 1818 5455 etc.

474 5475 588 5544 (74)
631 5475 794 5533 Editi,
829 5491 848 5523 ι
913 5473 1323 5544 Dicitisitaqne
1373 5474 1500 5526 tnihi
1550 5489 1563 5524 :
1612 5473 1749 5544 Quid
1790 5471 1964 5525 adhuc

403 5543 663 5612 qumritur
695 5545 718 5596 ?
751 5543 1022 5597 Voluntati
1046 5543 1190 5596 enim
1213 5545 1329 5611 ejus
1355 5544 1476 5610 quis
1506 5543 1756 5612 resistet?
1789 5560 1806 5588 ι

474 5615 586 5683 (75)
621 5613 782 5690 Editi,
815 5633 845 5690 ςᾉ
871 5623 928 5667 ιιι
955 5622 1220 5690 tanquam
1255 5613 1396 5681 regia
1443 5611 1737 5690 cujusdam
1768 5613 1959 5690 domus

405 5697 522 5751 qua:
549 5683 932 5748 multiplicibus
955 5683 1378 5754 ingressibus....
1404 5695 1458 5738 et
1488 5698 1554 5740 ex
1591 5699 1701 5742 uno,
1727 5683 1777 5736 in
1812 5682 1954 5738 aliud

2069 4842 2344 4906 conclave,
2372 4843 2440 4897 ita
2475 4854 2731 4899 transeat.
2771 4864 2789 4896 ι
2829 4845 3029 4900 Deinde
3062 4845 3222 4900 iidem
3248 4846 3374 4900 editi
3403 4854 3450 4898 et
3472 4858 3569 4898 mss

2069 4913 2305 4978 quidam,
2326 4933 2344 4965 ‹
2365 4913 2439 4966 ita
2464 4915 2625 4986 etiam
2651 4915 2872 4968 Paulum
2902 4916 3332 4986 subaperientem
3359 4917 3568 4970 videri....

2070 4992 2362 5050 aperteque
2391 4983 2728 5049 pandentem.
2764 5002 2784 5036 ι

2161 5051 2251 5116 76)
2290 5053 2453 5116 Editi,
2496 5071 2514 5103 ι
2546 5053 2776 5108 dixerat.
2815 5072 2834 5105 ι

2161 5051 2251 5116 76)
2290 5053 2453 5116 Editi,
2496 5071 2514 5103 ι
2546 5053 2776 5108 dixerat.
2815 5072 2834 5105 ι

2138 5051 2249 5192 177)
2291 5121 2774 5190 Respondissetque,
2807 5123 2970 5177 Absit.
3004 5121 3126 5179 Haec
3161 5124 3505 5178 desiderantur
3532 5123 3567 5170 in

2070 5200 2226 5264 antea
2255 5193 2430 5264 editis,
2458 5203 2509 5244 et
2537 5195 2586 5244 in
2619 5211 2718 5264 ius.
2759 5194 2926 5264 Regio
2957 5209 3101 5248 num.
3135 5194 3291 5259 1659,
3318 5209 3402 5264 qut
3427 5209 3565 5262 [maca

2074 5261 2254 5323 habet,
2295 5279 2314 5314 ι
2361 5263 2403 5314 si
2443 5279 2546 5315 non
2575 5261 2886 5321 volentisfi
2921 5274 3024 5318 etc.

2141 5331 2252 5399 (78)
2285 5331 2446 5394 Editi,
2481 5349 2498 5382 ι
2535 5334 2922 5394 misericordia.
2963 5353 2981 5385 ι
3010 5343 3064 5388 et
3099 5353 3118 5386 ι
3152 5333 3516 5389 misericordis.
3546 5348 3561 5380 ι

2483 5421 2501 5452 ‹
2545 5405 2822 5470 quaeritur,
2850 5424 2866 5454 ι
2904 5405 3057 5458 male.
3410 5475 3415 5476 γ
3553 5469 3559 5476 _

2137 5470 2246 5540 (80)
2290 5472 2449 5543 Editi,
2488 5493 2504 5522 ι
2546 5489 2716 5543 neque
2750 5477 3014 5529 currentis
3046 5476 3221 5543 salus,
3264 5476 3351 5530 sed
3378 5475 3476 5542 ejus
3499 5470 3560 5523 eui

2066 5543 2370 5594 miseretur.
2407 5542 2538 5596 Nam
2565 5542 2850 5606 Pharaoni,
2882 5563 2899 5594 ι
2931 5555 3038 5599 etc.

2133 5612 2244 5749 (81)
2287 5610 2449 5676 Editi,
2485 5631 2505 5665 ι
2549 5614 2599 5666 in
2626 5614 2739 5682 ejus
2769 5625 3120 5681 potestate...
3157 5617 3222 5672 Et
3250 5614 3450 5670 addidit.
3480 5626 3497 5662 ι

2155 5680 2242 5749 82,
2285 5681 2444 5749 Editi,
2482 5703 2498 5734 ι
2537 5685 2764 5739 resistet.
2800 5705 2818 5737 ι

2155 5680 2242 5749 82,
2285 5681 2444 5750 Editi,
2482 5703 2498 5734 ι
2537 5680 2818 5739 resiétct.»
