3692 6138
99 218 248 278 1145

1057 226 1418 284 COMMENT.
1458 225 1526 282 IN
1565 224 1785 282 EPIST.
1826 225 1919 278 AD
1956 224 2124 282 ROM.
2169 226 2296 281 LIB.
2332 227 2444 285 VII.

3249 230 3387 285 1146

99 340 157 396 in
206 355 316 398 sua
360 353 653 415 potestate
691 354 877 402 utaut
918 346 1158 402 salvetur
1194 346 1331 420 (85),
1370 357 1465 402 aut
1503 357 1713 418 pereat.
1746 352 1793 411 Α
1819 348 2134 416 sagacitate,
2183 348 2636 417 contemplabitur
2680 363 2914 419 quorum
2943 363 3010 404 ex
3063 341 3149 400 llis
3175 349 3387 405 animus

100 430 177 486 De
207 433 429 502 quibus
475 433 704 505 pleni.
722 439 941 508 quidem
971 455 1001 494 a
1041 440 1198 495 nobis
1224 440 1278 494 in
1307 454 1373 496 eo
1412 441 1596 497 libello
1620 440 1712 496 ubi

99 523 169 577 de
197 523 435 579 arbitrii
470 526 724 584 libertate
750 529 1125 595 disseruimus,
1145 545 1242 600 pro
1270 530 1476 586 viribus
1499 531 1713 602 singula

97 629 344 686 quaeque
392 618 651 674 discussa
692 630 819 675 sunt
849 620 994 692 (84),
1022 637 1142 692 quae
1183 625 1252 678 ad
1298 624 1710 680 instructionem

99 705 242 759 satis
278 722 580 777 superque
606 708 896 764 subiciant.
923 711 1117 767 Paucis
1161 721 1340 768 tamen
1370 713 1534 768 etiam
1567 729 1712 770 nunc

99 797 167 852 de
200 797 294 854 his
321 813 459 868 qua:
494 801 566 856 ibi
599 801 740 857 dicta
783 812 930 870 sunt,
971 805 1399 862 admonebimus.
1432 805 1587 872 Quod
1626 805 1710 860 di-

97 887 201 951 xit,
243 905 266 940 ι
316 886 451 943 Non
491 889 757 957 volentis,
785 905 962 961 neque
992 894 1284 961 currentis,
1311 895 1408 952 sed
1447 897 1707 952 miseren-

98 981 172 1039 tis
204 987 296 1036 est
329 980 464 1047 Dei,
499 1001 519 1036 ι
573 983 648 1038 ita
679 984 977 1053 accipitur,
1015 986 1232 1043 sicutet
1275 989 1442 1044 David
1491 991 1624 1046 dicit
1651 991 1705 1047 in

98 1072 328 1129 Psalmo
365 1075 415 1105 “
451 1092 467 1129 :
506 1092 530 1128 α
567 1074 688 1131 Nisi
719 1075 978 1131 Dominus
1007 1078 1358 1135 :edificaverit
1385 1083 1625 1146 domum,
1651 1084 1703 1136 in

97 1179 305 1220 vanum
345 1165 749 1221 laboraverunt
772 1168 864 1238 qui
893 1168 1161 1224 aediﬁcant
1194 1187 1336 1227 eam.
1379 1171 1489 1229 Nisi
1521 1175 1702 1229 Domi-

97 1273 202 1314 nus
231 1260 583 1315 custodierit
615 1261 915 1327 civitatem,
958 1263 1158 1318 frustra
1187 1267 1370 1336 vigilat
1399 1270 1490 1338 qui
1521 1279 1704 1326 custo-

96 1350 178 1404 dit
203 1365 359 1405 eam.
403 1369 425 1403 ι
463 1351 521 1406 In
557 1368 666 1422 quo
695 1356 937 1409 ostendit
978 1372 1081 1411 non
1118 1358 1245 1427 quia
1285 1361 1331 1414 is
1365 1361 1455 1430 qui
1483 1362 1700 1416 domum

97 1443 362 1508 aedificat,
399 1444 544 1500 nihil
573 1455 714 1516 agat,
743 1454 798 1501 et
839 1447 1044 1504 otiosus
1085 1450 1176 1517 sit,
1202 1461 1256 1507 et
1283 1452 1353 1506 ita
1383 1467 1502 1506 eam
1535 1451 1702 1507 aedili-

95 1544 186 1588 cet
219 1534 544 1600 Dominus;
583 1537 678 1591 sed
710 1536 824 1605 ipse
861 1538 1078 1608 quidem
1113 1548 1375 1610 quantum
1407 1552 1490 1596 est
1519 1542 1574 1596 in
1610 1544 1702 1598 ho-

100 1628 247 1681 mine
278 1628 681 1682 sollicitudinis
720 1640 776 1684 et
818 1630 1016 1687 laboris
1044 1635 1346 1702 expendat;
1383 1637 1474 1690 Dei
1517 1647 1694 1691 autem

97 1717 189 1782 sit,
237 1727 304 1772 ut
350 1721 664 1774 obstaculis
693 1722 942 1777 omnibus
984 1725 1199 1786 amotis,
1231 1740 1369 1795 opus
1415 1729 1699 1795 perveniat

100 1810 167 1861 ad
202 1809 479 1863 effectum
512 1809 648 1877 (85).
679 1810 814 1865 Cum
854 1827 983 1882 ergo
1010 1829 1104 1882 per
1133 1815 1234 1868 boc
1269 1816 1524 1870 doceatur
1550 1818 1696 1886 quod

101 1901 266 1956 homo
299 1901 534 1971 quidem
581 1901 820 1958 laborem
856 1905 1131 1974 impendat
1171 1914 1226 1961 et
1254 1907 1692 1977 sollicitudinem,

100 1991 247 2044 Deus
276 2002 474 2046 autem
512 2008 820 2048 successum
873 1997 1021 2063 operi
1078 1997 1281 2052 tribuat
1324 2008 1379 2053 et
1418 1997 1691 2066 eﬂ'ectum,

101 2083 248 2151 pium
293 2086 494 2154 utique
519 2093 574 2139 et
599 2085 908 2155 religiosum
951 2097 1036 2141 est
1080 2088 1201 2143 ideo
1232 2098 1286 2143 et
1318 2091 1523 2145 homini
1550 2093 1692 2160 quod

101 2173 154 2226 in
189 2189 250 2229 se
275 2184 369 2230 est
391 2177 602 2246 operis,
628 2192 896 2232 summam
947 2179 1054 2233 Deo
1092 2181 1260 2248 magis
1291 2190 1454 2250 Quam
1488 2183 1690 2238 homini

101 2268 376 2334 deputare
435 2267 572 2340 (86).
618 2267 708 2324 Sic
764 2279 818 2325 et
868 2285 988 2324 cum
1045 2271 1246 2328 Paulus
1297 2273 1591 2344 plantabat,
1639 2286 1694 2330 et

99 2356 292 2426 Apollo
317 2359 558 2428 rigabat,
583 2361 721 2416 Deus
741 2361 871 2417 dare
889 2363 1086 2418 dicitur
1109 2364 1498 2421 incrementum
1522 2367 1562 2397 ¹⁷
1595 2384 1607 2420 :
1637 2377 1692 2423 et

100 2449 319 2503 additur
349 2467 364 2504 :
417 2469 437 2502 ι
474 2449 663 2521 Itaque
693 2467 867 2522 neque
897 2455 986 2523 qui
1022 2455 1254 2524 plantat,
1287 2470 1459 2524 neque
1482 2457 1574 2526 qui
1610 2458 1688 2511 ri-

99 2547 190 2606 gat
218 2538 562 2609 estaliquid,
588 2541 681 2595 sed
720 2541 809 2610 qui
836 2541 1230 2596 incrementum
1260 2542 1352 2595 dat
1385 2543 1524 2597 Deus
1558 2544 1621 2599 ¹⁸.
1663 2562 1683 2597 ι

101 2627 175 2681 lla
207 2643 346 2698 ergo
377 2632 546 2684 etiam
591 2632 643 2685 in
678 2634 929 2698 praesenti
975 2633 1096 2687 loco
1137 2648 1422 2704 possumus
1467 2635 1683 2702 dicere;

104 2718 287 2788 itaque
314 2735 500 2791 neque
526 2724 616 2792 qui
642 2725 815 2777 currit
843 2733 928 2778 est
954 2725 1178 2793 aliquid,
1208 2740 1382 2795 neque
1407 2727 1496 2796 qui
1534 2726 1644 2782 vult
1669 2745 1683 2794 ;

103 2811 194 2864 sed
233 2814 327 2880 qui
378 2813 634 2868 elfectum
689 2819 780 2870 dat
829 2817 987 2871 Deus.
1044 2816 1145 2882 Qui
1186 2818 1330 2872 enim
1368 2818 1684 2888 vult,ctqui

103 2905 309 2968 currit,
356 2908 464 2961 boc
496 2907 743 2962 videntur
773 2924 896 2964 esse
925 2910 1067 2978 quod
1097 2920 1179 2963 est
1210 2910 1298 2967 ille
1329 2912 1418 2981 qui
1453 2913 1680 2981 plantat,

100 3003 154 3047 et
186 2994 275 3096 ille
313 2998 411 3068 qui
460 2998 635 3069 rigat;
670 3001 764 3054 sed
803 3016 924 3056 eum
963 3002 1054 3070 qui
1103 3001 1309 3071 plantat
1347 3002 1454 3073 (87)
1485 3013 1540 3058 et
1560 3020 1681 3059 eum
1709 3039 1753 3096 ρ

102 3088 192 3155 qui
220 3087 364 3159 rigat
401 3091 537 3146 nihil
566 3092 696 3147 dicit
717 3108 837 3148 esse
861 3093 1150 3162 Apostolus
1180 3111 1194 3146 :
1228 3110 1334 3149 non
1363 3097 1508 3165 quod
1548 3096 1680 3151 nihil

101 3187 302 3246 agant;
335 3181 432 3235 sed
457 3182 600 3250 quod
644 3183 710 3238 ad
753 3183 1209 3253 comparationem
1242 3185 1335 3239 Dei
1380 3185 1474 3255 qui
1499 3186 1682 3261 incre-

107 3281 342 3327 mentum
374 3274 471 3328 dat
499 3275 671 3345 Operi,
712 3277 796 3332 vel
843 3273 1115 3342 ell‘ectum,
1152 3276 1226 3332 illi
1269 3277 1404 3332 nihil
1446 3292 1568 3333 esse
1597 3279 1682 3334 di-

106 3372 316 3418 cantur.
365 3365 478 3420 Sed
530 3376 586 3422 ct
619 3367 721 3422 hoc
768 3369 911 3437 quod
958 3369 1157 3424 dicitur
1187 3369 1255 3424 ad
1308 3367 1677 3435 Pharaonem,

111 3471 131 3504 t
158 3454 291 3520 Quia
321 3457 390 3511 ad
421 3457 524 3512 hoc
560 3458 734 3527 ipsum
769 3467 821 3514 te
864 3459 1146 3525 suscitavi,
1185 3469 1244 3514 ut
1294 3460 1575 3514 ostendam
1623 3461 1678 3516 in

109 3553 157 3596 te
184 3545 441 3603 virtutem
480 3564 652 3604 meam
677 3549 742 3614 ",
786 3569 805 3603 ι
839 3551 1000 3619 quale
1031 3553 1104 3605 sit
1125 3551 1426 3606 videamus.
1455 3551 1676 3607 Certum

107 3643 184 3687 cst
214 3637 382 3692 Deum
413 3653 521 3693 non
552 3641 726 3694 solum
768 3643 910 3696 scire
948 3641 1376 3712 uniuscujusque
1422 3643 1674 3712 proposi-

109 3736 213 3782 tum
238 3746 302 3783 ac
329 3731 688 3797 voluntatem,
717 3733 810 3786 sed
837 3741 890 3788 et
929 3734 1204 3804 praescire.
1254 3731 1447 3788 Sciens
1493 3743 1672 3788 autem

108 3830 159 3874 ct
215 3837 598 3890 praenoscens,
663 3835 917 3894 tauquam
982 3826 1158 3880 bonus
1220 3827 1561 3894 dispensator
1620 3837 1674 3882 et

104 3906 300 3977 justus,
349 3913 783 3984 uniuscujusque
824 3915 1059 3971 motibus
1091 3927 1147 3971 et
1185 3917 1462 3986 proposito
1506 3919 1676 3971 utitur

109 4001 170 4051 ad
207 4017 268 4056 ea
299 4018 466 4074 opera
492 4005 776 4060 efﬁcienda
810 4006 920 4077 (88)
951 4021 1071 4076 quae
1096 4008 1521 4078 uniuscujusque
1556 4011 1674 4062 aui-

108 4105 219 4146 mus
247 4109 311 4149 ac
349 4096 603 4152 voluntas
638 4097 812 4168 eligit.
853 4096 1006 4153 Velut
1027 4099 1097 4164 si,
1127 4100 1278 4154 verbi
1307 4116 1494 4166 causa,
1525 4101 1674 4156 dica-

108 4193 221 4237 mus
248 4201 263 4239 :
294 4185 695 4247 Paterfamilias
718 4193 761 4247 si
785 4196 908 4264 quis
942 4194 1014 4250 sit
1044 4192 1289 4262 sapiens,
1309 4200 1366 4248 et
1395 4192 1597 4262 justus,
1621 4200 1676 4246 et

109 4276 302 4337 habens
339 4285 508 4341 multa
552 4287 774 4342 servitia
797 4328 811 4352 ,
847 4301 1055 4352 nonne,
1089 4299 1293 4358 quanta
1337 4286 1452 4341 fieri
1497 4294 1678 4357 potest

168 4445 209 4477 “
234 4445 374 4504 Psal.
403 4463 584 4511 cxxvn,
608 4449 654 4500 l.
729 4449 768 4478 ¹⁷
805 4446 822 4500 l
855 4446 978 4503 Cor.
1009 4463 1090 4513 ιιι⁹
1135 4447 1187 4502 6.
1265 4448 1308 4478 ¹⁸
1340 4446 1466 4501 ibid.
1496 4447 1550 4501 7.

171 4607 276 4676 (85)
314 4609 482 4671 Alias,
517 4628 536 4661 ι
568 4626 666 4664 nec
701 4610 898 4664 habeat
923 4612 1297 4680 unusquisque
1323 4612 1404 4665 sui
1434 4621 1670 4681 pote8ta-
1699 4613 1746 4670 D

111 4682 207 4728 tem
247 4691 305 4732 ut
341 4681 600 4743 salvetur,
635 4700 654 4732 ι
683 4690 788 4734 etc.

173 4749 278 4821 (δᾴ)
318 4751 453 4805 Vide
480 4749 573 4804 lib.
606 4767 664 4804 ιιι
695 4750 834 4819 Περὶ
867 4749 1088 4820 ἀρχῶν,
1115 4766 1236 4821 cap.
1265 4750 1317 4805 l.

160 4818 278 4939 ((85)
318 4821 486 4881 Editi,
517 4839 535 4870 ι
569 4818 829 4890 quantum
854 4818 1018 4876 estin
1053 4818 1291 4887 homine,
1325 4821 1432 4875 vim
1469 4822 1674 4878 sollici-

197 4887 299 4939 inis
319 4901 375 4939 et
417 4890 619 4939 laboris
642 4892 914 4939 emendat
937 4909 952 4939 :
986 4893 1129 4939 sicut
1161 4893 1458 4939 obstaculis
1486 4895 1670 4939 οιιιιιί-

111 4887 299 4959 tudinis
319 4901 375 4945 et
417 4887 619 4945 laboris
642 4892 953 4959 expendat;
986 4893 1129 4947 sicut
1161 4893 1458 4948 obstaculis
1486 4895 1670 4948 omni-

111 4954 530 5030 bus‘amotis..."
573 4961 640 5016 ad
669 4954 989 5030 perfectum.
1029 4981 1048 5014 ι

174 5026 278 5114 (86)
317 5031 480 5114 Editi,
506 5049 527 5082 ι
562 5026 707 5114 pium
737 5042 790 5085 et
839 5032 1149 5114 religiosum
1183 5041 1288 5098 est,
1322 5033 1442 5088 ideo
1479 5042 1531 5088 et
1571 5033 1671 5114 bo-

111 5110 226 5151 num
256 5102 400 5166 quod
431 5102 485 5155 in
511 5116 572 5156 se
605 5112 689 5156 est
713 5102 896 5168 operis
921 5118 1222 5157 summa....
1261 5114 1471 5171 putare.
1509 5124 1528 5156 ›
1567 5103 1668 5158 Ms.

116 5178 241 5243 unus
261 5169 478 5243 Regius,
518 5188 538 5223 σ
586 5173 734 5243 pium
767 5173 954 5239 utique
982 5185 1036 5227 et
1065 5174 1372 5243 religiosum
1405 5187 1488 5229 est
1514 5177 1580 5229 de
1604 5190 1670 5230 eo

111 5243 158 5285 θι
186 5236 394 5318 homine
431 5236 670 5318 quodin
721 5258 780 5318 se
810 5236 989 5318 agitur
1017 5236 1200 5318 Opere.
1249 5260 1517 5318 summam
1562 5248 1670 5318 Deo

120 5311 286 5385 magis,
324 5329 343 5362 ι
379 5322 486 5385 etc.
525 5311 625 5366 Ms.
655 5311 1244 5385 codexAVallis-Clarae,
1275 5331 1294 5364 ι
1337 5317 1445 5369 Deo
1483 5325 1537 5369 et
1573 5316 1671 5370 bo-

117 5378 228 5454 εξιίιεί
261 5385 401 5450 quod
426 5382 480 5436 in
510 5397 569 5436 se
593 5393 678 5438 est
702 5383 886 5449 operis
914 5378 1277 5440 summam...
1319 5385 1607 5454 imputare.
1645 5405 1663 5438 ι

116 5437 206 5497 Sed
234 5437 408 5506 czéteri
449 5467 579 5506 mss.
624 5437 680 5507 et
721 5437 1160 5508 liabauusrutiiu
1191 5437 1595 5510 inc—stro‘textu.

177 5516 279 5586 (87)
319 5521 385 5596 Et
412 5522 502 5596 ille
527 5525 617 5585 qui
668 5523 802 5592 rigat
835 5540 852 5588 ;
882 5527 974 5576 sed
1004 5541 1118 5578 eum
1167 5526 1256 5596 qui
1287 5527 1514 5594 ρίαιιιαι.
1544 5526 1669 5582 Haec

115 5577 288 5642 desunt
318 5591 370 5644 in
397 5577 576 5646 editis.

177 5651 281 5728 (88)
316 5660 480 5727 Editi,
517 5681 534 5713 ι
569 5662 918 5730 perficienda.
955 5681 976 5716 ι

1632 4445 1675 4476 ¹⁹
1720 4443 1878 4500 Rom.
1914 4461 1995 4512 ιιι,
2025 4445 2120 4513 l7;
2154 4445 2324 4502 Exod.
2354 4463 2430 4512 ις,
2466 4449 2552 4503 l6.

1813 448 1973 508 aptus
2003 439 2074 493 sit
2104 439 2171 494 ad
2207 455 2299 494 rus
2321 440 2633 506 colendum,
2660 455 2714 496 et
2737 442 2886 510 ipsos
2915 441 3027 494 ruri
3060 441 3387 510 deputabit?

1810 533 1964 598 cujus
1989 545 2121 586 vero
2147 532 2213 584 ad
2240 531 2651 600 negotiandum,
2671 533 2826 602 cujus
2851 533 3014 587 etiam
3045 533 3112 586 ad
3141 533 3385 586 nutrien-

1809 622 1936 676 dum
1965 637 2128 692 pecus
2167 622 2300 690 (89),
2339 621 2494 689 cujus
2523 638 2651 677 vero
2692 626 2760 676 ad
2794 623 3185 688 ministerium,
3211 633 3265 677 et
3286 625 3384 677 ob—

1809 713 2059 767 servandi
2087 712 2249 784 615
2274 713 2503 766 cubiculi
2529 714 2612 767 sui
2637 724 2818 782 aptum
2840 714 3214 783 probabit(90)
3241 716 3386 785 inge-

1809 804 1954 858 nium
1975 844 1991 870 ,
2024 812 2080 857 et
2115 805 2186 856 ita
2220 819 2656 872 unumquemque
2686 806 3117 872 competentibus
3154 805 3380 874 oﬂiciis,

1807 904 1994 965 utpote
2038 896 2292 966 sapiens,
2339 897 2706 964 mancipabit?
2734 894 2927 951 Verum
2977 896 3230 966 quoniam
3272 913 3377 953 non

1806 989 1934 1043 latet
1968 1004 2113 1053 eum,
2141 989 2255 1044 sive
2290 987 2707 1060 paterfamilias,
2727 989 2842 1044 sive
2868 1004 2964 1043 rex
2993 990 3095 1044 iste
3122 991 3212 1053 sit,
3234 995 3376 1059 quod

1805 1092 2025 1132 necesse
2061 1087 2146 1133 est
2184 1080 2454 1133 interdum
2498 1078 2762 1133 rebellare
2799 1078 3093 1147 subjectos,
3124 1092 3177 1134 et
3207 1082 3374 1137 disci-

1803 1169 1962 1238 plina;
2001 1169 2121 1237 jura
2167 1185 2549 1238 corrumpere,
2599 1180 2651 1224 et
2678 1170 2748 1224 ob
2799 1172 2900 1226 hoc
2939 1174 3280 1241 correptione
3311 1190 3375 1228 ac

1801 1259 2121 1315 verberibus
2165 1260 2443 1330 indigere,
2472 1275 2692 1314 necesse
2723 1271 2807 1316 est
2839 1276 2973 1329 ergo
3000 1273 3060 1316 ut
3103 1263 3265 1333 eligat
3306 1280 3372 1319 ex

1799 1351 2050 1403 omnibus
2086 1359 2210 1418 apta
2245 1360 2302 1404 et
2333 1353 2401 1404 ad
2451 1353 2554 1404 hoc
2605 1351 2852 1420 ingenia,
2886 1352 2932 1407 si
2978 1367 3083 1424 qua
3126 1354 3215 1407 illa
3249 1365 3376 1408 sunt

1801 1441 2039 1496 atrocius
2072 1441 2324 1508 incitata,
2362 1457 2482 1511 quae
2524 1443 2636 1497 suis
2673 1443 2888 1512 quidem
2926 1445 3161 1500 motibus
3197 1445 3378 1500 feran—

1803 1548 1906 1596 tur,
1923 1533 2350 1588 emendationem
2371 1545 2548 1587 tamen
2568 1534 3001 1603 delinquentibus
3014 1537 3374 1590 necessariam
3437 1531 3448 1540 ’

1799 1628 2099 1682 conferant.
2136 1625 2408 1680 Ponamus
2441 1641 2574 1696 ergo
2599 1626 2680 1680 vel
2711 1627 3162 1695 patremfamilias
3191 1631 3372 1688 istum.

1799 1716 1884 1769 vel
1910 1731 2088 1784 regem
2123 1716 2323 1771 vidisse
2365 1725 2608 1786 tempus,
2643 1731 2749 1783 quo
2786 1718 3064 1771 emendari
3093 1719 3286 1772 debent
3316 1715 3373 1772 lli
3473 1763 3476 1766 .

1798 1809 1886 1875 qui
1937 1818 2126 1862 contra
2177 1817 2453 1869 mores.et
2486 1806 2826 1876 disciplinam
2870 1807 3035 1862 multa
3084 1811 3373 1864 commisc-

1799 1899 1925 1962 rint,
1953 1908 2008 1953 et
2028 1898 2258 1968 elegisse
2285 1899 2615 1952 dirissimum
2642 1898 2750 1968 (9i)
2775 1899 3030 1967 aliquem,
3051 1908 3105 1953 et
3133 1900 3214 1954 his
3241 1901 3372 1968 ipsis

1796 1990 1886 2058 qui
1931 1988 2256 2058 corripiendi
2287 1999 2416 2042 sunt
2453 1989 2620 2042 multo
2663 1990 2923 2044 ditiorem
2971 1989 3106 2060 (9‘2),
3143 1991 3234 2058 qui
3271 2007 3371 2060 pro

1795 2081 2090 2136 sceleribus
2129 2081 2240 2135 suis
2264 2080 2377 2152 jam
2408 2097 2512 2136 non
2553 2082 2623 2136 sit
2645 2081 2836 2150 dignus
2860 2081 3371 2147 emendatioue,sed

1795 2181 1987 2224 morte.
2016 2169 2214 2225 Volens
2240 2185 2370 2225 vero
2396 2170 2672 2224 interitum
2706 2171 2826 2240 ejus
2844 2171 2910 2223 ad
2935 2171 3366 2224 emendationem

1794 2264 2058 2331 prolicere
2086 2273 2430 2327 ceterorum,
2455 2263 2616 2316 mittit
2647 2277 2769 2316 eum
2804 2261 2869 2315 ad
2893 2261 3013 2316 illos
3038 2277 3175 2330 quos
3199 2273 3372 2316 morte

1791 2360 1907 2422 ejus
1931 2357 2130 2426 corrigi
2160 2356 2324 2425 cupit,
2365 2365 2421 2408 et
2449 2355 2579 2408 dicit
2614 2355 2662 2408 ei
2693 2373 2707 2408 :
2743 2372 2763 2406 ι
2799 2356 2934 2420 Quia
2964 2355 3029 2408 ad
3061 2356 3159 2409 hoc
3195 2357 3368 2425 ipsum

1790 2457 1843 2502 te
1876 2448 2169 2515 suscitavi,
2221 2459 2278 2502 ut
2330 2450 2611 2502 ostendam
2660 2448 2712 2500 iu
2765 2457 2818 2500 te
2858 2447 3110 2500 virtutem
3164 2464 3368 2513 meam,

1790 2547 1846 2593 et
1912 2549 1971 2593 ut
2049 2538 2398 2592 aununtietur
2462 2553 2654 2592 nomen
2727 2552 2904 2590 meum
2981 2539 3034 2590 in
3118 2541 3369 2593 universa

1790 2640 1936 2684 terra
1987 2632 2054 2684 ¹⁰.
2103 2649 2124 2684 ι
2162 2625 2293 2684 Vide
2335 2631 2478 2685 enim
2507 2631 2631 2701 quia
2669 2647 2774 2686 non
2808 2632 2984 2687 dixit:
3020 2652 3038 2683 ι
3071 2632 3204 2699 Quia
3239 2652 3261 2684 ι
3299 2637 3368 2688 ad

1788 2722 1891 2777 hoc
1928 2723 2103 2792 ipsum
2144 2734 2196 2778 te
2218 2723 2321 2778 feci
2354 2743 2366 2778 :
2405 2724 2645 2793 alioquin
2690 2725 2756 2777 ad
2801 2726 3139 2779 conditorem
3173 2727 3366 2781 referri

1786 2815 1942 2882 culpa
1976 2817 2251 2870 videretur
2281 2837 2304 2872 ε-
2327 2817 2420 2871 sed
2452 2818 2528 2870 ait
2556 2834 2571 2870 :
2602 2834 2620 2868 ι
2657 2817 2735 2869 Ad
2765 2817 2868 2870 hoc
2908 2819 3081 2886 ipsqu
3111 2829 3163 2872 te
3191 2821 3366 2874 susci-

1789 2910 1896 2961 tavi
1931 2927 1943 2961 :
1988 2909 2146 2977 illoc
2173 2918 2292 2972 est,
2342 2917 2401 2962 ut
2443 2925 2536 2977 per
2575 2909 2742 2963 animi
2781 2910 2859 2963 tui
2898 2909 3162 2963 malitiam
3201 2924 3365 2978 quam

1787 2999 1885 3054 tibi
1920 2999 2147 3054 infrenis
2178 2998 2288 3071 (95)
2312 3010 2366 3055 et
2396 3001 2516 3055 sine
2545 3001 2638 3054 Dei
2667 3002 2860 3056 timore
2898 3003 3130 3056 vivendo
3162 3001 3364 3072 quaisi-

1789 3091 1880 3157 sti,
1921 3093 2062 3146 etin
2091 3093 2230 3147 alios
2263 3093 2532 3164 irrogetur
2568 3091 2715 3147 utilis
2753 3104 2808 3147 et
2850 3092 3132 3148 fructuosa
3172 3106 3375 3169 corrc:

1786 3183 1915 3248 ctio,
1951 3193 2008 3239 et
2037 3184 2088 3238 in
2113 3193 2165 3238 te
2183 3185 2358 3254 ipsum
2382 3185 2449 3238 ad
2477 3185 2812 3252 posteritatis
2839 3185 3146 3254 exemplum
3188 3183 3366 3239 famo-

1785 3275 2034 3331 sissimus
2071 3274 2387 3330 conferatur
2433 3275 2708 3330 interitus.
2759 3277 2914 3344 Quod
2955 3287 3134 3330 autem
3188 3276 3361 3340 dicit,

1790 3386 1808 3418 ι
1828 3367 1967 3434 Ergo
1980 3366 2092 3438 (94)
2105 3367 2190 3422 cui
2210 3367 2322 3420 vult
2339 3367 2649 3434 miseretur,
2668 3378 2724 3423 et
2741 3383 2902 3438 quem
2923 3367 3037 3421 vult
3062 3367 3300 3435 indurat,
3333 3387 3354 3420 ι

1783 3473 1850 3513 ex
1877 3457 1960 3512 his
1994 3473 2113 3528 qua:
2145 3459 2196 3512 in
2222 3458 2408 3514 Exodo
2431 3459 2634 3528 scripta
2658 3466 2784 3513 sunt
2812 3459 3030 3513 videtur
3058 3474 3357 3514 assumere.

1784 3547 1858 3604 lbi
1887 3550 2032 3604 enim
2075 3549 2250 3604 dicit:
2289 3568 2308 3602 ι
2359 3549 2625 3604 ludurabo
2663 3564 2759 3604 cor
2784 3549 3121 3614 Pharaonis,
3165 3551 3241 3603 uti
3290 3567 3361 3602 ne

1783 3628 2020 3694 dimittat
2046 3641 2300 3711 populum
2347 3641 2412 3695 ²¹.
2455 3663 2474 3698 ι
2543 3641 2900 3696 lndurabatur
2923 3653 3100 3695 autem
3135 3640 3245 3712 (95)
3265 3656 3361 3695 cor

1781 3731 2085 3788 Pharaonis
2127 3735 2227 3789 hoc
2268 3736 2453 3788 modo.
2493 3733 2675 3787 Nolttit
2710 3734 2853 3787 Dens
2882 3734 2934 3787 in
2965 3748 3090 3786 eum
3120 3733 3356 3786 subitam

1781 3837 1835 3880 et
1860 3825 2072 3896 plenam
2095 3829 2224 3880 dare
2252 3825 2572 3880 vindictam.
2603 3824 2866 3891 Quamvis
2895 3823 3037 3879 enim
3055 3835 3203 3880 esset
3221 3840 3356 3879 con~

1781 3926 2064 3972 summatm
2127 3918 2381 3983 malitiae,
2438 3927 2612 3972 tamen
2665 3933 2761 3987 per
2819 3918 3138 3988 patientiam
3194 3934 3356 3977 suam

1783 4009 1923 4063 Deus
1953 4009 2064 4079 (96)
2098 4025 2196 4064 nec
2222 4009 2320 4080 ipsi
2347 4009 2662 4064 facultatem
2697 4009 3075 4065 conversionis
3105 4009 3356 4064 excluse-

1781 4112 1864 4155 rat
1891 4117 1907 4154 :
1932 4111 1982 4155 et
2013 4101 2132 4156 ideo
2169 4101 2344 4170 primo
2372 4102 2700 4168 lenioribus,
2746 4114 2861 4158 tum
2888 4101 3055 4158 etiam
3093 4099 3355 4171 paulatim

1781 4191 2287 4258 ingravescentibus
2312 4193 2365 4246 in
2388 4208 2511 4248 eum
2541 4195 2860 4249 verberibus
2895 4194 3065 4247 utitur
3096 4191 3229 4261 (97).
3251 4193 3359 4250 Sed

1779 4283 1922 4354 quod
1957 4281 2095 4337 Deus
2117 4283 2341 4352 gerebat
2370 4299 2467 4354 per
2493 4286 2836 4354 patientiam,
2864 4300 2931 4340 ex
2963 4286 3065 4339 hoc
3083 4284 3174 4339 ille
3203 4287 3358 4339 indu.

2643 4452 2688 4485 ⁸ο
2719 4449 2849 4507 ibid.
2875 4451 2916 4484 ’ί
2945 4448 3113 4504 Exod.
3141 4463 3215 4512 Iv,
3237 4447 3328 4501 2i.

1847 4608 1961 4681 (89)
1998 4609 2136 4664 Editi
2169 4621 2227 4665 et
2268 4628 2400 4667 mss.
2445 4614 2646 4682 plures,
2675 4634 2694 4665 ι
2730 4616 3002 4669 untrieudi
3053 4618 3288 4687 pecoris.
3329 4635 3355 4671 ι

1782 4681 2060 4736 Rabauus.
2094 4701 2113 4732 ι
2155 4683 2220 4736 ad
2255 4683 2598 4736 nutriendum
2642 4700 2856 4736 necora.
2896 4705 2916 4736 ι

1833 4699 2060 4744 auauus,
2094 4701 2113 4732 (
2155 4699 2220 4736 au
2255 4699 2598 4736 nutrteuuum
2641 4700 2856 4744 pecora.

1852 4700 2060 4744 manus,
2094 4701 2113 4732 (
2155 4700 2220 4736 au
2255 4700 2598 4736 nutrteuuum
2641 4700 2856 4753 pecora.
2896 4705 2916 4738 ι

1852 4749 1966 4831 (90)
2008 4750 2179 4831 Editi,
2236 4771 2255 4803 ι
2309 4754 2506 4808 cubilis
2562 4755 2644 4809 sui
2687 4766 2871 4824 aptqu
2916 4757 3149 4826 probat,
3189 4776 3211 4811 ι
3257 4757 3354 4824 a|.,

1786 4840 1807 4873 ‹
1849 4823 2117 4890 probarit,
2157 4841 2176 4873 ι
2209 4831 2320 4876 etc.

1853 4890 1968 4972 (91)
2007 4891 2185 4958 Alias,
2227 4911 2247 4946 t
2296 4892 2699 4950 debuissent....
2736 4899 3218 4955 eommiscruut....
3249 4898 3355 4952 du-

1781 4963 2080 5017 rissimum.
2114 4980 2134 5014 ι

1779 5103 1792 5115 _
1851 5031 1964 5115 (92)
1992 5033 2162 5115 Alias,
2201 5050 2220 5084 ι
2251 5031 2549 5115 duriorem.
2586 5055 2606 5086 ι
2638 5035 2702 5089 Ει
2722 5048 2930 5109 postea,
2961 5057 2981 5092 ι
3011 5037 3207 5093 Voleus
3227 5053 3356 5108 ergo

1778 5105 2060 5158 interitmn
2087 5105 2225 5172 ejus,
2263 5122 2283 5154 ι
2315 5112 2423 5158 etc.

1850 5173 1965 5244 (95)
1993 5173 2160 5237 Editi,
2201 5192 2222 5226 ι
2257 5175 2547 5243 infrunite;
2593 5195 2615 5230 ι
2655 5179 2750 5235 sed
2773 5192 2968 5236 omnes
3007 5194 3137 5234 mss.
3162 5189 3220 5234 et
3247 5177 3358 5234 Ba-

1775 5243 1970 5304 banus,
2011 5261 2030 5296 ι
2060 5243 2312 5298 infrenis.
2357 5264 2377 5297 ›

1986 5312 2151 5390 Ergo.
2179 5313 2293 5368 Non
2324 5317 2598 5390 reperitur
2633 5319 2686 5372 in
2724 5331 2887 5378 antea
2913 5320 3098 5376 editis.

1846 5383 1958 5454 (95)
1999 5385 2158 5438 Deest
2190 5403 2210 5436 ι
2251 5383 2431 5441 autem
2469 5407 2488 5438 ι
2517 5389 2570 5442 in
2601 5392 2783 5446 editis.

1843 5454 1956 5524 (96)
1994 5473 2011 5505 ι
2067 5455 2208 5510 Dcus
2253 5477 2271 5507 ι
2311 5459 2580 5512 οιιιίιιίιιιι·
2625 5461 2678 5513 iu
2723 5460 2909 5518 editis.
2959 5461 3166 5516 Deinde
3211 5475 3346 5517 mss.

1771 5527 2018 5646 3:33;“),
2056 5537 2112 5578 ct
2144 5526 2430 5593 Rabanus,
2469 5546 2489 5579 ι
2543 5529 2878 5600 leuioribus,
2926 5549 2949 5589 ι
2983 5548 3084 5608 pro
3130 5549 3152 5587 t
3187 5533 3354 5588 levio-

1931 5632 1944 5646 ο
1981 5614 2000 5646 ι

1771 5608 1944 5649 I'IDIIS.
1981 5614 2000 5646 ι

1843 5663 1955 5735 (97)
1994 5666 2163 5735 Alias,
2191 5683 2212 5720 ι
2249 5669 2523 5726 utebatur.
2562 5688 2582 5723 ι
