3692 6138
307 272 445 326 1317

1757 272 2080 327 ORIGENIS

3429 282 3554 337 1H3

306 397 533 451 rabatur
568 395 634 447 ad
658 402 1056 463 contemptum,
1093 370 1357 463 majorem
1383 394 1486 449 sibi
1521 395 1655 447 iram
1688 410 1878 449 recon.
1913 399 1955 451 Α
1984 393 2234 447 omnibus
2265 395 2354 448 Dei
2387 395 2886 464 dispensationibus
2907 399 3077 472 616
3104 407 3160 453 et
3186 398 3408 469 judieiis
3428 404 3550 455 edo-

302 489 458 550 deiis,
485 486 558 539 ita
587 497 644 539 ιιι
672 490 736 539 ad
765 488 940 556 ipsum
977 487 1087 542 dici
1106 488 1396 542 conveniat
1425 487 1552 540 illud
1575 489 1718 557 quod
1743 489 1880 543 scri-

304 582 382 632 bit
413 579 700 647 Apostolus
724 581 769 610 “
801 595 816 632 :
847 607 864 630 ι
894 581 974 633 Διι
995 580 1209 634 divitias
1226 579 1487 634 bonitatis
1509 581 1650 648 ejus,
1697 593 1750 639 et
1782 598 1878 654 pa-

297 668 650 738 tientiaa(98),
678 679 730 721 et
754 670 1180 740 longaniiiiitatis
1225 673 1565 738 contemnis,
1617 673 1876 743 ignorans

300 760 558 826 quoniam
593 763 856 830 patientia
894 763 987 816 Dei
1025 763 1092 816 ad
1126 763 1503 831 paenitentiam
1543 774 1592 817 te
1621 764 1878 818 adducit?

302 853 613 906 Secundum
647 854 904 906 duritiam
929 866 1108 908 autem
1150 865 1295 909 tuam
1325 865 1378 909 et
1407 871 1504 910 cor
1527 856 1876 926 impmnitens

301 946 642 999 thesauriaas
677 947 771 1000 tibi
816 947 917 1015 ipsi
955 947 1094 1001 iram
1144 947 1196 1002 in
1245 948 1334 1002 die
1388 949 1502 1002 irae.
1545 969 1564 1002 i
1599 949 1712 1004 Non
1746 966 1875 1021 ergo

303 1055 463 1108 quem
493 1040 610 1093 vult
644 1039 786 1094 Deus
821 1042 1056 1105 indurat,
1087 1042 1179 1096 sed
1209 1043 1298 1112 qui
1331 1043 1603 1112 patientia:
1633 1043 1746 1114 (99)
1779 1047 1875 1098 ob-

300 1142 606 1199 temperare
641 1131 896 1195 noluerit,
926 1132 1230 1187 induratiir.
1263 1133 1609 1203 Superﬁuitn'i
1632 1151 1760 1205 ergo
1787 1146 1873 1190 est

298 1221 442 1290 quod
467 1223 600 1276 dicis
622 1221 898 1290 Apostolo,
924 1238 978 1276 o.
1009 1233 1065 1277 tu
1101 1223 1192 1292 qui
1227 1224 1660 1293 adversaris(i):
1693 1244 1710 1275 t
1735 1225 1870 1289 Quid

297 1331 425 1384 ergo
464 1318 636 1370 atlliuc
656 1317 936 1384 queritur?
979 1317 1247 1371 Voluntati
1273 1318 1414 1371 enim
1441 1316 1557 1385 ejus
1580 1321 1699 1387 quis
1733 1320 1869 1373 resi-

294 1407 435 1460 stit?
461 1428 478 1459 i
508 1405 786 1462 Voluntati
816 1406 1033 1474 quidem
1061 1405 1152 1460 Dei
1183 1417 1389 1461 certum
1421 1417 1504 1462 est
1530 1410 1672 1478 quod
1692 1408 1870 1464 nullus

295 1500 559 1566 obsistat;
617 1501 710 1554 sed
761 1502 1093 1555 voluntatem
1144 1501 1260 1569 ejus
1303 1502 1503 1571 justam
1557 1511 1869 1568 rectaniqiie

295 1605 418 1643 esse
454 1591 598 1643 scire
636 1607 733 1644 nos
776 1591 1033 1644 convenit
1062 1591 1160 1661 (2).
1194 1591 1261 1645 Ut
1294 1591 1417 1645 boni
1448 1592 1590 1644 enim
1626 1601 1718 1644 aut
1743 1591 1866 1644 mali

291 1683 465 1734 sinitis
495 1691 692 1736 nostra:
717 1683 1009 1737 voluntatis
1030 1693 1112 1738 est
1145 1701 1158 1736 :
1190 1684 1366 1738 malus
1397 1695 1574 1737 autem
1599 1683 1663 1736 ad
1681 1685 1863 1754 cujus-

1980 494 2130 538 ceret
2153 486 2220 537 “.
2250 485 2316 540 Et
2341 501 2436 540 nos
2477 501 2606 557 ergo
2626 488 2671 542 si
2703 489 2908 559 aliquid
2929 490 3358 548 deteretisDei
3387 503 3444 546 et
3473 509 3554 547 re-

1981 576 2212 629 conditis
2250 576 2362 645 (l0)
2401 578 2776 634 desideramus
2808 595 3135 650 agnoscere.
3170 582 3216 635 si
3261 583 3554 645 desiderio-

1981 683 2098 721 rum
2125 679 2181 722 et
2210 683 2314 721 non
2345 671 2757 726 contentionum
2786 671 2898 743 (11)
2920 674 3017 726 viri
3046 689 3258 736 sumus,
3284 675 3552 730 occultius

1980 760 2032 811 in
2062 758 2256 813 divinis
2289 759 2486 814 litteris
2509 762 2712 816 inserta
2749 763 2840 817 Dei
2869 765 3068 834 judicia
3103 765 3338 820 ﬁdeliter
3368 778 3430 820 et
3460 768 3556 820 hu-

1979 850 2178 904 militer
2203 854 2563 918 requiramus.
2613 852 2904 922 PrOpterea
2936 871 3169 926 namque
3196 866 3252 910 et
3293 857 3557 912 Dominus

1977 943 2216 998 dicebat:
2242 963 2262 995 ι
2287 942 2619 998 Scrutamini
2647 945 2958 1015 Scripturas
2978 949 3045 1012 ’⁷,
3073 968 3091 1000 i
3110 949 3291 1003 sciens
3317 951 3438 1003 [183C
3453 966 3554 1004 non

1976 1035 2042 1089 ab
2078 1035 2162 1090 his
2197 1037 2288 1105 qui
2330 1037 2380 1090 in
2419 1037 2540 1091 aliis
2570 1039 2798 1108 negotiis
2824 1042 3074 1109 occupati
3117 1041 3438 1108 tratisitorie
3473 1043 3558 1096 νει

1974 1126 2199 1180 audiunt
2239 1127 2320 1180 vel
2353 1127 2560 1197 legunt,
2614 1130 2707 1182 sed
2758 1130 2843 1183 his
2887 1131 2977 1198 qui
3034 1144 3181 1184 recto
3219 1144 3274 1186 et
3314 1133 3558 1200 simplici

1974 1217 2156 1280 corde,
2183 1217 2297 1288 jiigi
2326 1218 2530 1282 labore,
2563 1219 2949 1288 contiunisque
2979 1220 3179 1288 vigiliis
3205 1221 3371 1276 altius
3400 1223 3560 1276 Scii—

1974 1317 2157 1376 ptiiras
2191 1309 2406 1365 divinas
2432 1321 2782 1378 scrutantur,
2817 1313 3017 1382 aperiri
3054 1332 3066 1366 :
3117 1330 3180 1368 ex
3218 1316 3427 1384 quibus
3471 1331 3562 1369 me

1973 1412 2076 1452 non
2104 1414 2224 1454 esse
2250 1416 2352 1472 ego
2383 1403 2522 1456 bene
2570 1403 2717 1456 novi.
2763 1404 2820 1458 Si
2867 1406 2993 1473 quis
3026 1417 3203 1460 tamen
3235 1408 3308 1460 sit
3335 1409 3437 1477 qui
3485 1408 3560 1462 ita

1971 1502 2198 1559 quierat,
2228 1492 2484 1549 inveniet.
2529 1495 2725 1550 Verum
2779 1508 2833 1550 et
2872 1515 2968 1550 nos
3004 1513 3103 1566 pro
3139 1500 3348 1553 viribus
3380 1501 3458 1552 ad
3494 1517 3559 1554 ea

1969 1599 2088 1650 quae
2114 1585 2387 1640 habentur
2412 1588 2463 1641 in
2494 1589 2748 1643 manibus
2781 1601 3184 1646 convertamur.
3226 1611 3247 1641 ε
3288 1592 3559 1662 Nunquid

1967 1676 2097 1730 dicit
2153 1677 2486 1748 (igniculum,
2549 1682 2740 1750 inquit,
2802 1685 2852 1738 ei
2917 1686 3008 1753 qui
3053 1684 3165 1756 (12)
3200 1701 3260 1740 se
3311 1687 3488 1740 ﬁnxit
3541 1706 3558 1742 :

294 1773 435 1825 modi
469 1773 718 1834 verbera,
750 1783 804 1826 et
845 1776 1016 1828 bonus
1039 1777 1104 1830 ad
1128 1773 1430 1845 cujusmodi
1451 1776 1677 1846 gloriam
1703 1778 1866 1832 desti-
1897 1755 1940 1810 Β
1969 1768 2104 1833 Ουίά
2137 1785 2220 1825 me
2248 1772 2325 1826 Sic
2349 1771 2522 1826 Γθοίειὶ
2549 1773 2572 1826 ?
2614 1774 2807 1828 Annon
2839 1776 3005 1830 habet
3035 1755 3360 1844 potestatem
3409 1779 3562 1846 ﬁgu-

291 1875 468 1929 nctur,
501 1865 797 1920 voluntatis
825 1877 906 1921 est
932 1867 1048 1922 Dei.

365 1957 450 2008 17.
495 1975 514 2006 ι
546 1957 588 2010 0
621 1959 813 2023 homo,
851 1968 905 2012 tu
949 1961 1072 2028 quis
1098 1976 1156 2014 es
1185 1961 1274 2029 qui
1303 1972 1492 2015 contra
1525 1961 1603 2034 (5)
1647 1977 1864 2032 respon-

291 2048 422 2101 deas
450 2048 595 2102 Dco?
623 2049 871 2119 Nunquid
897 2053 1028 2106 dicit
1056 2053 1366 2123 ﬁgmentum
1397 2055 1443 2108 ei
1470 2055 1641 2125 quise
1669 2057 1860 2112 ﬁnxit:

293 2140 432 2204 Quid
467 2155 550 2193 me
577 2140 752 2194 fecisti
782 2143 899 2196 sic?
944 2141 1134 2198 Annon
1172 2145 1338 2201 habet
1371 2157 1694 2214 potestatem
1731 2150 1865 2218 ﬁgu-

289 2229 374 2282 lus
404 2229 499 2282 ltiti
532 2246 595 2283 ex
623 2233 810 2285 eadem
839 2250 1017 2293 massa
1050 2234 1230 2290 facere
1267 2237 1410 2291 aliud
1449 2239 1665 2306 quidem
1697 2256 1788 2292 vas
1809 2241 1860 2292 in

293 2323 572 2387 honorem,
619 2323 762 2376 aliud
795 2341 924 2378 vero
953 2326 1004 2379 in
1028 2329 1414 2383 contumeliam
1445 2331 1491 2362 ”
1513 2331 1535 2385 ?
1557 2351 1576 2382 ι
1609 2331 1862 2403 Legimus

284 2423 341 2465 et
376 2414 426 2467 in
471 2413 781 2485 Evangeliis
807 2418 876 2481 ",
903 2434 996 2473 eos
1027 2416 1103 2488 (4)
1131 2421 1220 2489 qui
1257 2434 1507 2491 proterve
1537 2433 1592 2477 et
1625 2424 1858 2477 inﬁdeli-

289 2517 373 2558 ter
402 2507 753 2575 inquirebant
782 2524 810 2560 a
849 2509 1079 2567 Domino
1111 2513 1164 2565 iii
1197 2527 1302 2581 qua
1337 2524 1603 2581 potestate
1641 2516 1754 2572 haec
1779 2517 1860 2570 fa-

285 2607 433 2651 ceret
473 2614 593 2667 quae
627 2601 889 2667 faciebat,
943 2613 998 2656 et
1030 2603 1150 2673 quis
1186 2605 1233 2658 ei
1274 2601 1507 2661 dedisset
1537 2617 1856 2677 potestatem

286 2693 446 2756 lianc,
484 2708 552 2745 ne
585 2697 940 2763 responsione
965 2697 1182 2764 quidem
1217 2698 1409 2764 dignos
1443 2700 1676 2754 habitos.
1703 2701 1860 2755 Sinti-

1967 1860 2049 1914 lus
2084 1860 2179 1916 ltiti
2208 1877 2271 1916 ex
2306 1864 2494 1918 eadem
2526 1880 2702 1920 massa
2736 1866 2916 1921 facere
2937 1866 3080 1920 aliud
3101 1867 3324 1938 quidem
3347 1883 3462 1921 vas
3490 1870 3559 1922 ad

1968 1951 2229 2008 honorem
2253 1995 2269 2018 ,
2305 1955 2449 2008 aliud
2494 1971 2624 2012 vero
2670 1959 2736 2010 ad
2782 1959 3208 2014 contumeliam?
3240 1979 3260 2011 ι
3295 1959 3362 2013 Ει
3405 1962 3561 2029 apud

1962 2044 2250 2100 Jeremiam
2285 2048 2603 2116 prophetam
2639 2051 2744 2104 tale
2765 2051 2971 2121 aliquid
3000 2051 3242 2116 legimus,
3266 2053 3358 2105 ubi
3388 2053 3563 2121 jube-

1966 2147 2052 2190 tur
2090 2152 2121 2191 a
2164 2138 2272 2192 Deo
2302 2139 2528 2194 introire
2560 2143 2610 2195 iii
2643 2143 2861 2196 domum
2901 2143 3076 2214 ﬁguli,
3105 2153 3159 2198 et
3194 2145 3390 2200 videre
3425 2161 3559 2201 eum

1965 2227 2253 2296 ﬁngentem
2289 2249 2304 2284 :
2343 2233 2528 2301 utique.
2575 2247 2668 2286 vas
2699 2233 2990 2302 collapsum
3038 2236 3103 2289 de
3144 2235 3403 2288 manibus
3438 2239 3564 2292 suis

1962 2323 2285 2392 recolligetis
2314 2340 2527 2378 rursum
2574 2325 2731 2378 ﬁnxit
2764 2324 2896 2377 illud
2938 2325 3231 2379 secundum
3278 2325 3561 2379 volunta-

1960 2423 2067 2470 tem
2095 2433 2268 2470 suam.
2307 2435 2327 2468 t
2362 2417 2429 2471 Et
2489 2417 2670 2476 lactus
2711 2429 2814 2483 est,
2859 2420 3050 2487 inquit,
3099 2433 3277 2473 sermo
3317 2419 3558 2474 Domini

1959 2508 2024 2559 ad
2068 2522 2190 2560 cum
2237 2509 2425 2564 dicens
2457 2530 2472 2564 :
2503 2509 2757 2579 Nunquid
2801 2526 2901 2580 ego
2949 2526 3051 2563 non
3085 2527 3301 2580 possum
3349 2511 3562 2567 facere

1957 2602 2173 2656 domum
2215 2603 2374 2659 Israel
2402 2606 2542 2660 sicut
2581 2605 2775 2675 ﬁgulus
2813 2606 2912 2662 iste
2956 2606 3039 2659 ’⁸2
3083 2625 3100 2657 i
3141 2605 3205 2660 Et
3245 2603 3558 2674 Sapientia

1956 2694 2086 2748 dicit
2113 2696 2158 2727 ²⁹
2203 2718 2214 2750 :
2256 2714 2275 2746 ι
2315 2697 2451 2750 Vasa
2496 2696 2639 2763 ﬁguli
2686 2700 2880 2767 probat
2919 2697 3141 2765 l'ornax,
3181 2710 3234 2754 et
3273 2702 3558 2758 homines

285 2785 406 2836 liter
426 2800 641 2854 quoque
665 2795 718 2840 et
749 2787 799 2840 in
831 2789 1082 2856 prmsenli
1126 2789 1246 2844 loco
1279 2801 1482 2844 malum
1526 2793 1743 2861 quidem
1949 2786 2126 2853 jllSlOS
2193 2788 2441 2840 tentatio.
2485 2807 2502 2838 Ι
2537 2787 2708 2842 llaliet
2743 2805 2871 2859 ergo
2908 2792 3077 2844 ItOSll‘i
3120 2793 3258 2845 Dens
3288 2806 3556 2862 potesta-

284 2875 529 2930 videmus
559 2877 876 2945 Apostolum
905 2891 959 2932 et
983 2881 1268 2933 adversum
1287 2882 1586 2938 insolentes
1601 2888 1857 2954 quaestio-

283 2978 398 3024 nes,
435 2979 498 3017 ac
538 2980 634 3032 per
663 2981 723 3018 ea
754 2982 876 3036 quae
901 2970 1180 3038 respondit
1211 2972 1310 3041 (6),
1346 2976 1695 3040 proponentis
1719 2992 1852 3030 con-

1958 2891 2061 2933 tem
2091 2880 2232 2934 sicut
2259 2890 2312 2934 et
2354 2881 2550 2946 ﬁgulus
2584 2881 2711 2944 luti,
2741 2891 2798 2933 ut
2827 2881 2989 2936 faciat
3021 2898 3087 2937 ex
3122 2899 3292 2937 massa
3330 2887 3551 2940 eadem

1953 2987 2079 3024 vasa
2131 2973 2195 3025 ad
2240 2973 2538 3036 honorem,
2573 2981 2627 3025 et
2671 2988 2796 3028 vasa
2845 2975 2912 3028 ad
2961 2976 3371 3031 contumeliam.
3416 2977 3550 3034 Tibi

283 3057 573 3110 tumaciam
607 3059 938 3116 confudisse.
976 3062 1066 3114 Ait
1091 3062 1233 3115 enim
1265 3081 1278 3116 :
1321 3082 1338 3113 t
1369 3065 1413 3118 Ο
1447 3065 1628 3132 Ιιοηιο,
1663 3072 1853 3137 tuquis
1881 3105 1922 3162 Ο
1957 3063 2085 3132 Cl'gO
2109 3064 2201 3130 (illi
2230 3063 2530 3117 Ῑηδοιεηίθΐ
2556 3066 2852 3132 respondes
2870 3066 3128 3130 θεονιιωο
3149 3070 3372 3124 audisse
3401 3073 3555 3125 Sum-

280 3160 340 3197 es
367 3145 456 3212 qtti
484 3156 672 3201 contra
703 3151 1032 3218 respondeas
1062 3151 1210 3207 Deo?
1239 3170 1256 3202 i
1295 3153 1404 3207 Hoc
1424 3165 1507 3210 est
1533 3159 1676 3212 enim
1693 3159 1853 3214 homo

279 3240 422 3304 apud
454 3241 642 3304 Deum,
673 3244 816 3309 quod
840 3246 979 3311 apud
1009 3245 1228 3315 ﬁgulum
1265 3247 1453 3304 lutum.
1487 3249 1550 3304 Et
1577 3251 1718 3306 sicut
1743 3269 1856 3306 scr-

277 3345 378 3383 vtis
410 3345 662 3397 nequam,
695 3333 736 3385 si
773 3332 912 3387 forte
943 3334 1214 3389 videbitur
1238 3337 1457 3393 domino
1497 3340 1613 3393 ﬁeri
1653 3343 1852 3396 debere

279 3422 496 3490 aliquod
542 3438 678 3492 npus
718 3427 862 3494 quod
907 3435 962 3480 et
987 3428 1217 3483 rationis
1257 3440 1315 3484 et
1349 3431 1599 3486 utilitatis
1635 3435 1849 3504 plenum

277 3517 370 3582 sit,
405 3515 493 3569 ille
526 3527 703 3571 autem
737 3520 950 3586 operari
994 3520 1202 3586 nolens,
1241 3536 1304 3576 ea
1348 3538 1468 3590 qua:
1497 3525 1850 3596 dominusju-

278 3607 368 3660 bet
426 3608 696 3663 discutere
745 3610 1004 3678 incipiat,
1069 3621 1122 3665 et
1186 3614 1460 3681 requirere
1508 3631 1537 3668 a
1600 3618 1846 3671 domino:

284 3701 483 3771 thuid
516 3702 617 3757 hoc
646 3717 783 3771 opus
814 3703 929 3757 ﬁeri
959 3705 1156 3774 jtibes?
1177 3705 1276 3760 Cui
1325 3709 1583 3777 prodest?
1609 3709 1704 3764 Cui
1751 3729 1849 3766 ne-

276 3797 580 3848 cessarium
628 3797 1064 3852 est?contumaci
1108 3813 1266 3853 servo
1311 3815 1430 3869 quin
1475 3802 1578 3855 erit
1614 3801 1692 3875 (7)
1741 3815 1848 3857 tam

277 3889 439 3958 digna
481 3889 764 3958 responsio
787 3933 800 3956 ,
834 3891 938 3944 nisi
978 3901 1037 3944 ιιι
1069 3893 1280 3947 dicatur
1305 3895 1354 3947 ei
1391 3911 1405 3947 :
1441 3911 1460 3945 t
1500 3893 1577 3948 Tu
1605 3897 1728 3964 quis
1754 3912 1846 3960 es,
1894 3954 1896 3957 ,

275 3982 368 4049 qtti
405 3991 592 4035 contra
618 3984 947 4050 respondeas
979 4002 998 4035 ι
1031 3984 1290 4040 domino?
1311 3987 1382 4041 ita
1413 3987 1621 4056 placet;
1663 3989 1736 4042 ita
1761 3991 1850 4042 do-

279 4072 424 4124 mino
451 4073 682 4126 videtur.
707 4073 823 4127 Non
853 4084 981 4143 puto
1011 4086 1191 4130 autem
1219 4078 1365 4145 quod
1398 4081 1439 4131 si
1462 4079 1636 4134 ﬁdelis
1653 4095 1848 4134 servus

273 4147 330 4214 et
360 4165 597 4232 prudens
622 4165 952 4235 interroget,
995 4166 1180 4220 voletis
1223 4168 1526 4239 intelligere
1573 4180 1628 4223 et
1661 4171 1845 4224 mirari

273 4257 594 4321 sapientiam
624 4257 826 4311 domini
868 4258 966 4328 (8),
1000 4261 1142 4328 quod
1169 4260 1386 4314 dicatur
1409 4263 1457 4316 ei
1499 4279 1512 4314 :
1560 4279 1578 4312 ‹
1611 4261 1690 4316 Tu
1725 4264 1847 4332 quis

270 4350 372 4402 es?
408 4369 428 4402 ι
494 4351 733 4420 Denique
783 4368 903 4406 cum
963 4353 1154 4406 Daniel
1204 4357 1463 4423 propheta
1517 4354 1844 4409 voluntatem

1957 3158 2086 3210 ciat.
2122 3156 2224 3222 Qui
2259 3172 2388 3212 vero
2411 3173 2570 3226 Opera
2601 3159 2878 3227 sapientiae
2901 3161 2996 3215 Dei
3026 3162 3077 3216 in
3102 3161 3549 3230 dispensationi-

1956 3249 2054 3302 bus
2080 3249 2190 3320 (15)
2219 3249 2333 3316 ejus
2359 3251 2630 3304 desiderat
2654 3254 2925 3315 contueri,
2953 3255 3137 3307 audiat
3169 3254 3219 3308 in
3266 3255 3385 3310 alio
3422 3257 3549 3310 loco

1954 3340 2020 3392 de
2040 3340 2122 3394 his
2155 3340 2286 3409 ipsis
2318 3338 2538 3392 Paulum
2567 3341 2869 3394 divinorum
2891 3353 3218 3398 secretorum
3243 3347 3546 3401 conscium

1954 3433 2334 3500 disputantem.
2375 3451 2392 3483 t
2430 3430 2484 3485 In
2520 3432 2680 3487 domo
2719 3443 2896 3488 autem
2955 3451 3145 3505 magna
3206 3453 3311 3491 noti
3381 3452 3544 3505 sunt,

1953 3523 2146 3592 inquit,
2196 3526 2566 3579 tantummodo
2636 3541 2758 3581 vasa
2803 3543 2964 3581 aurea
2997 3539 3052 3580 et
3104 3540 3352 3597 argentea
3384 3570 3402 3591 ,
3443 3533 3543 3584 sed

1949 3624 2001 3667 et
2035 3613 2205 3683 lignea
2255 3623 2310 3667 et
2357 3613 2581 3680 ﬁctilia,
2615 3626 2668 3670 et
2714 3616 2818 3669 alia
2849 3618 3062 3686 quidem
3108 3619 3174 3670 ad
3220 3619 3543 3681 honorem,

1952 3707 2058 3760 alia
2089 3716 2268 3761 autem
2309 3707 2376 3761 ad
2406 3709 2819 3763 contumeliam.
2849 3709 2905 3763 Si
2945 3723 3075 3777 ergo
3100 3711 3220 3778 quis
3249 3712 3538 3764 emunda-

1951 3801 2090 3853 verit
2120 3799 2467 3868 semetipsum
2497 3799 2565 3854 ab
2594 3801 2698 3864 liis,
2721 3802 2827 3854 erit
2856 3816 2948 3856 vas
2978 3803 3043 3854 ad
3083 3802 3342 3856 honorem
3394 3818 3535 3856 san-

1949 3890 2266 3955 ctiﬁcatum,
2315 3900 2371 3946 et
2411 3892 2543 3946 utile
2576 3892 2825 3956 Domitio,
2854 3893 2920 3946 ad
2953 3907 3116 3946 omne
3148 3907 3280 3960 opus
3311 3892 3534 3946 bonuii:

1950 3993 2194 4052 paratum
2229 3984 2293 4038 ³⁸.
2339 4003 2359 4036 i
2404 3984 2572 4039 Audis
2604 3985 2802 4039 Paulus
2848 3989 2899 4039 in
2944 3985 3028 4040 liis
3077 3986 3130 4038 in
3175 3985 3377 4055 quibus
3419 4003 3534 4040 non

1951 4077 2136 4130 liabuit
2169 4086 2479 4144 protervum
2511 4076 2966 4131 contradictoretn
2995 4116 3010 4140 ,
3050 4077 3319 4146 quomodo
3360 4092 3532 4132 vaso-

1950 4183 2065 4220 rum
2093 4167 2433 4222 diversitates
2467 4168 2722 4235 aperuit?
2751 4168 2883 4222 Nam
2925 4169 2997 4223 ibi
3032 4169 3121 4222 tibi
3160 4171 3379 4222 auditor
3418 4187 3528 4224 non

1947 4267 2071 4312 erat
2127 4258 2344 4327 dignus,
2391 4258 2485 4312 sed
2530 4259 2906 4312 contradictor
2956 4267 3115 4321 erat,
3165 4263 3279 4311 sola
3332 4257 3528 4311 ﬁctilia

1949 4365 2075 4406 vasa
2107 4345 2529 4417 commemorat;
2564 4351 2654 4406 hic
2696 4361 2875 4406 autem
2919 4363 2974 4405 et
3004 4367 3170 4404 aurea
3213 4351 3344 4404 dicit
3376 4367 3526 4412 eSsc.

277 4441 486 4496 Domitii
513 4444 1212 4512 desiderassetagnosccre,
1241 4445 1381 4497 unde
1403 4454 1458 4497 et
1491 4464 1508 4496 t
1537 4446 1617 4498 vir
1639 4445 1843 4500 deside-
1877 4457 1918 4510 ι)
1947 4455 2000 4500 et
2043 4457 2332 4514 argentea,
2367 4453 2423 4499 et
2453 4444 2653 4515 lignea,
2697 4452 2750 4498 et
2797 4444 2980 4497 ﬁctilia
3009 4462 3023 4499 :
3055 4453 3110 4498 et
3156 4443 3262 4496 alia
3303 4445 3526 4514 quidem

277 4533 483 4586 rioruin
506 4534 550 4564 "
590 4554 608 4587 ι
648 4535 953 4605 appellatus
989 4545 1105 4602 est,
1143 4551 1245 4590 non
1276 4547 1359 4590 est
1391 4534 1467 4607 (9)
1504 4537 1551 4590 ei
1585 4538 1787 4591 dictum
1827 4556 1840 4591 :

277 4647 295 4678 ι
331 4626 410 4680 'l‘n
441 4628 563 4695 quis
591 4629 693 4682 es?
721 4647 741 4679 ι
778 4629 874 4683 sed
907 4630 1102 4683 missus
1125 4638 1209 4683 est
1231 4630 1473 4697 angelus,
1503 4630 1595 4698 qui
1631 4645 1753 4684 eum
1779 4630 1846 4685 de

341 4749 387 4781 "
419 4745 581 4801 Rom.
613 4764 671 4806 ii.
701 4747 754 4810 4,
792 4747 843 4800 5.

272 4823 319 4862 ’ν
356 4818 515 4873 .Ιι).ιιι.
563 4834 613 4881 ν,
657 4818 747 4871 '50.

921 4747 966 4778 ”
998 4747 1151 4800 Rom.
1187 4763 1260 4810 ix,
1291 4747 1383 4811 20,
1415 4747 1506 4802 21.

345 4962 458 5028 (98)
492 4961 631 5016 Etliti
667 4963 1085 5031 praatermittutit
1110 4979 1127 5011 t
1156 4960 1272 5027 ejus
1295 4975 1346 5015 et
1374 4961 1670 5031 patientiae.
1715 4979 1733 5010 ι

339 5032 452 5103 (99)
493 5030 712 5094 Etliti”
762 5033 1048 5098 patienter.
1089 5050 1107 5082 ι
1145 5031 1244 5085 Ms.
1289 5047 1429 5084 unus
1467 5041 1519 5103 et
1564 5030 1838 5094 liabanus,

274 5124 293 5154 ι
332 5102 626 5172 patieiitite.
668 5123 685 5154 ι
724 5103 1116 5172 Caeteriinss.,
1155 5119 1172 5151 t
1218 5102 1573 5170 paiiiitetitite.
1608 5121 1626 5152 ι

357 5175 434 5242 (1)
472 5172 635 5235 Etliti,
671 5193 689 5225 ι
729 5172 870 5241 quod
899 5171 1063 5234 dicis,
1096 5181 1148 5224 ιιι
1174 5174 1264 5239 qui
1304 5171 1560 5238 Apostolo
1591 5171 1843 5225 adversa-

272 5247 369 5298 ris.
407 5262 426 5294 ι
477 5245 746 5306 ltabantts,
784 5260 802 5292 t
841 5243 982 5309 quod
1013 5243 1147 5294 dicit
1191 5242 1516 5308 Apostolus,
1564 5253 1619 5294 tu
1665 5242 1779 5311 qui,
1819 5260 1839 5293 ι

273 5325 381 5369 etc.
413 5315 518 5367 Sed
555 5315 739 5367 t-zeteri
782 5328 912 5366 mss.
949 5312 1083 5364 utin
1111 5323 1297 5366 nostro
1322 5322 1493 5366 textu.

345 5384 420 5454 ('2)
443 5384 582 5436 Etliti
611 5395 732 5453 post
769 5403 787 5435 t
821 5383 1069 5435 convenit
1107 5400 1125 5433 ι
1155 5385 1376 5447 addunt,
1407 5401 1424 5432 ι
1459 5385 1693 5436 Attende
1716 5381 1842 5450 quid

278 5455 429 5508 dicit.
465 5473 486 5506 ι
529 5455 635 5508 Sed
673 5458 786 5509 lia'c
812 5456 972 5506 verba
1000 5470 1262 5522 nusquam
1286 5464 1599 5524 comparent
1628 5457 1679 5507 iii
1714 5469 1842 5505 nisis.

275 5539 375 5578 nec
396 5527 532 5592 apud
569 5525 867 5581 liabziouui.

342 5595 417 5661 (5)
446 5594 665 5649 Contra.
705 5597 865 5649 Deest
893 5597 942 5647 iii
967 5594 1148 5648 editis.

351 5665 429 5732 (Ιι)
459 5666 587 5716 Eos.
617 5666 898 5719 Otiiittitiir
925 5669 974 5718 iii
997 5666 1178 5719 editis.

351 5735 426 5802 (5)
455 5735 698 5799 Qititleiii.
734 5738 1075 5792 Desideratur
1107 5738 1156 5790 iii
1190 5747 1347 5793 antea
1378 5737 1557 5794 editis.

1602 4750 1650 4784 ἰ
1679 4747 1844 4804 Marc.
1886 4765 1963 4812 XI,
1993 4748 2083 4811 28;
2113 4748 2238 4801 l.tie.
2261 4763 2356 4809 xx,
2389 4745 2442 4800 ‘2.
2519 4746 2562 4777 ³⁸
2597 4744 2724 4797 Dan.
2769 4762 2843 4811 ix,
2867 4744 2958 4798 9.5.

828 4818 873 4848 ³⁸
899 4816 1098 4873 Jereiii.
1129 4834 1280 4880 xvui,
1313 4819 1368 4884 5,
1394 4820 1446 4872 ti.
1521 4818 1566 4848 ¹⁹
1598 4818 1763 4872 Eccli.
1795 4836 1962 4884 χχι-ιι,
1999 4826 2052 4874 ti.

1951 4537 2081 4591 dicit
2107 4537 2217 4606 (M)
2252 4551 2370 4590 esse
2413 4539 2480 4590 ad
2518 4538 2795 4600 honorem,
2837 4536 2942 4589 alia
2979 4551 3106 4589 vero
3145 4536 3212 4588 ad
3241 4545 3528 4589 contunie-

1955 4630 2079 4683 liam
2110 4628 2252 4684 ﬁeri.
2285 4627 2552 4683 Similiter
2581 4638 2634 4682 et
2663 4628 2755 4682 ubi
2776 4628 3089 4682 memoravit
3112 4627 3225 4698 (l5)
3255 4629 3522 4682 rationein

3046 4747 3092 4776 ιε
3118 4747 3249 4800 ibid.
3303 4745 3362 4798 ei
3396 4760 3519 4816 seq.

2127 4819 2171 4849 ³ο
2206 4818 2242 4870 1Ι
2275 4817 2415 4873 Titii.
2454 4832 2507 4874 ll,
2536 4816 2626 4877 20,
2653 4815 2741 4871 21.

2021 4960 2098 5028 t6)
2129 4959 2294 5024 Etliti,
2326 4976 2345 5010 t
2372 4972 2468 5029 per
2490 4973 2552 5011 ea
2575 4973 2694 5028 quae
2725 4957 3033 5026 respondet.
3067 4973 3084 5007 i
3120 4955 3247 5011 Mss.
3273 4955 3515 5025 quidam,

1953 5049 1970 5080 t
2012 5047 2104 5098 per
2132 5045 2228 5084 eas
2265 5045 2384 5098 quae
2419 5029 2816 5099 responsiones,
2843 5045 2862 5077 i
2896 5036 3004 5080 etc.

2019 5101 2094 5169 (7)
2134 5097 2295 5166 Etliti,
2327 5119 2344 5150 ι
2387 5097 2726 5152 contumacis
2749 5113 2878 5164 ergo
2901 5112 3021 5164 qum
3043 5097 3164 5169 erit,
3209 5116 3230 5149 ι
3265 5106 3364 5149 etc.

2017 5167 2089 5238 (⁷8)
2124 5171 2287 5231 Etliti,
2317 5187 2336 5220 ‹
2371 5181 2426 5222 et
2459 5171 2735 5222 admirans
2760 5169 3081 5235 sapientiam
3117 5167 3338 5221 domini.
3360 5184 3389 5232 ⁴ι

2026 5243 2102 5318 (β)
2127 5239 2466 5318 Ο-ιιιῇιιίιιιιςηι
2499 5250 2582 5318 c_s_t
2621 5239 2728 5318 i_i_ti
2758 5238 2942 5318 editis.
2964 5309 2998 5318 ﬁ
3042 5309 3053 5318 _
3346 5307 3370 5318 η
3397 5306 3409 5318 ,

2021 5311 2130 5380 (10)
2167 5311 2326 5372 Etliti,
2349 5326 2366 5359 t
2392 5311 2448 5364 Si
2495 5309 2698 5378 aliquid
2726 5309 2926 5362 secreti
2964 5309 3054 5362 Dei
3074 5318 3138 5380 et
3170 5309 3441 5362 reconditi.
3479 5325 3507 5362 ιι

2019 5378 2131 5447 (⁷11)
2161 5381 2322 5444 Editi,
2359 5400 2375 5431 t
2409 5382 2895 5450 contemptionutii,
2928 5398 2946 5430 ι
2981 5378 3139 5434 male.

2017 5453 2130 5521 (l2)
2160 5452 2324 5517 Etliti,
2358 5470 2376 5503 t
2416 5451 2609 5516 ﬁgulus
2630 5453 2676 5503 ei
2710 5451 2885 5517 inquit
2913 5450 3028 5518 qui,
3069 5467 3090 5502 ι
3120 5460 3225 5508 etc.

2017 5520 2126 5593 (i3)
2155 5522 2321 5585 Etliti,
2365 5541 2382 5572 t
2431 5538 2591 5590 opera
2631 5521 2723 5576 Dei
2762 5521 3042 5589 sapienter
3068 5523 3121 5575 in
3157 5520 3509 5590 dispensatio-

1946 5596 2122 5653 nibus,
2165 5613 2183 5643 ι
2211 5604 2315 5647 etc.

2015 5668 2127 5732 (li)
2161 5663 2319 5716 Dicit.
2351 5663 2512 5717 Deest
2543 5665 2593 5716 iii
2626 5664 2803 5719 editis.

2015 5738 2124 5805 (to)
2159 5733 2319 5801 Etliti,
2362 5755 2378 5785 ι
2429 5735 2690 5789 Similiter
2719 5747 2770 5790 ei
2807 5735 2892 5789 hic
2931 5735 3275 5799 memoravit,
3325 5750 3340 5781 i
3370 5740 3495 5783 etc.
