3692 6138
117 275 253 331 1149

1072 271 1426 330 ΟΟΜΜΕΝΤ.
1468 271 1535 325 IN
1570 268 1788 326 EHST.
1829 271 1922 324 AD
1959 272 2127 328 ROM.
2169 273 2297 329 LIB.
2340 272 2453 328 VII.

3224 269 3364 325 1150

114 410 283 466 quare
310 394 419 450 alia
452 394 520 449 ad
555 394 849 460 honorem,
894 391 999 448 alia
1041 409 1173 448 vero
1200 396 1265 447 ad
1306 393 1690 448 contumeliam
1724 397 1767 451 Α
1796 391 1958 462 617
1991 394 2079 448 hic
2119 392 2251 447 nihil
2281 393 2386 446 tale
2423 391 2616 456 reddit,
2663 388 2757 445 sed
2797 387 2950 459 quasi
3006 401 3190 457 vagam
3230 402 3363 441 cou-

119 489 285 540 liant:
322 486 397 540 ibi
437 485 734 549 siluit,‘hic
761 486 994 550 aperuit.
1022 502 1048 534 .t
1092 482 1149 538 Si
1185 485 1328 539 enim
1354 484 1475 553 quis
1498 499 1692 537 emun-

115 576 327 644 daverit
381 577 754 644 semetipsum,
804 575 997 643 inquit,
1059 576 1128 627 ab
1181 575 1285 640 Itis,
1319 593 1341 627 ι
1377 575 1494 628 sine
1534 574 1695 629 dubio

116 667 321 735 peccati
354 666 646 730 sordibus,
678 683 699 719 ι
738 667 844 720 erit
870 668 939 721 ad
964 668 1227 721 honorem
1253 681 1350 721 vas
1384 666 1693 721 sanctiﬁca-

118 771 248 823 tttttt,
277 767 334 813 et
363 759 505 813 utile
544 758 804 823 Domino,
850 759 917 813 ad
943 774 1102 812 omne
1138 774 1275 829 opus
1301 760 1499 814 bonum
1536 774 1696 829 para-

117 861 226 904 tum
262 848 331 902 ⁸³.
373 866 396 900 ι
443 848 633 902 Restat
653 849 816 918 igitur
843 859 902 901 ut
930 848 1021 914 qui
1054 862 1115 902 se
1147 863 1254 901 non
1286 848 1690 908 emundaverit,

116 955 213 994 nec
240 955 340 1005 per
373 939 755 1008 paenitentiam
778 936 990 1007 peccati
1031 937 1269 992 maculas
1291 937 1525 991 abluerit
1558 935 1691 1008 (l6),

115 1032 184 1085 sit
209 1044 307 1084 vas
345 1029 419 1083 ad
456 1027 858 1083 contumeliam.
905 1027 1057 1093 Quod
1095 1037 1151 1082 et
1196 1028 1242 1082 si
1290 1029 1503 1082 auxerit
1533 1027 1693 1083 mali-

117 1123 267 1184 tiam,
290 1130 346 1175 et
374 1120 622 1176 converti
659 1133 757 1187 per
773 1118 1029 1171 duritiam
1062 1119 1260 1173 mentis
1286 1129 1340 1171 et
1369 1133 1466 1173 cor
1504 1119 1694 1188 impa-

116 1212 290 1266 nitens
318 1212 545 1265 omnino
568 1208 976 1277 contempserit,
1007 1207 1242 1277 eritjam
1270 1223 1374 1263 non
1396 1210 1567 1265 solum
1597 1224 1692 1262 vas

115 1302 485 1366 contumelia,
541 1302 637 1356 sed
683 1309 739 1354 et
790 1314 887 1353 vas
949 1300 1063 1355 ira.
1127 1299 1204 1354 Ita
1252 1316 1382 1370 ergo
1427 1302 1689 1357 rationem

116 1411 274 1463 quam
298 1395 370 1447 ibi
403 1394 627 1461 indigne
657 1389 1008 1460 poscentibus
1044 1390 1267 1458 claudit,
1303 1394 1391 1449 hic
1414 1395 1576 1462 digne
1597 1394 1694 1447 de-

118 1486 485 1541 siderantibus
527 1484 717 1554 pandit
759 1501 774 1539 :
810 1500 909 1555 per
951 1498 1114 1555 quam
1164 1485 1328 1540 etiam
1379 1485 1508 1540 illud
1550 1484 1692 1554 quod

118 1578 271 1647 paulo
294 1587 426 1633 ante
455 1576 701 1633 deJacolt
721 1588 777 1633 et
809 1580 952 1635 Esau
988 1578 1270 1649 proposuit
1295 1577 1432 1650 (l7),
1451 1580 1694 1647 apertius

118 1671 458 1739 explanatur.
509 1668 577 1725 Ut
616 1670 761 1724 enim
800 1668 967 1726 Jacob
1006 1679 1156 1726 esset
1186 1684 1283 1724 vas
1328 1671 1394 1722 ad
1430 1669 1689 1724 honorem

1790 485 2125 553 jnnctionem
2156 487 2312 539 istam
2357 484 2607 551 reliquit;
2634 499 2753 553 qua
2787 483 2953 537 etiam
2988 480 3035 535 si
3073 495 3177 534 non
3208 495 3364 533 assu-

1797 586 2007 639 matur,
2055 578 2285 630 lucidior
2346 579 2550 645 absque
2599 590 2663 629 ea
2727 575 2946 628 dabitur
2999 570 3308 626 intellectus
3342 587 3361 621 :

1795 668 1942 720 verbi
1969 683 2156 731 causa,
2187 677 2245 721 ut
2279 667 2348 719 ita
2382 668 2621 736 legamus
2653 683 2667 718 :
2709 684 2728 715 ι
2771 664 2970 719 Voletts
3002 662 3143 716 Deus
3171 671 3364 716 osten-

1794 756 1925 810 dere
1955 756 2115 820 iratn,
2151 768 2206 810 et
2237 769 2419 810 norant
2453 756 2635 809 facere
2661 756 2951 823 potentiam
2982 768 3159 814 suam,
3192 752 3360 805 susti-

1795 849 1913 902 nuit
1951 849 2001 902 itt
2036 848 2199 902 multa
2228 849 2491 918 patientia
2528 864 2652 902 vasa
2699 850 2789 901 ira
2824 858 2947 915 apta
2989 847 3042 898 in
3094 845 3355 912 perditio-

1795 953 1939 1001 nem,
1977 949 2037 991 ut
2078 950 2234 993 notas
2280 939 2484 993 faceret
2512 939 2733 992 divitias
2778 938 2961 1007 gloria:
2988 951 3099 990 sua
3130 937 3181 989 itt
3213 935 3362 989 vasis

1795 1030 2199 1086 misericordia.
2238 1051 2259 1084 ι
2299 1032 2355 1084 ltt
2398 1046 2506 1100 quo
2549 1031 2652 1084 hoc
2684 1031 2900 1082 videtur
2943 1028 3195 1097 intelligi,
3236 1029 3363 1095 quia

1793 1118 1919 1173 dum
1967 1119 2197 1173 sustinet
2233 1120 2374 1174 Deus
2422 1128 2478 1174 et
2517 1119 2788 1187 patienter
2831 1115 2938 1171 fert
2981 1115 3285 1170 incredulos
3310 1125 3366 1169 et

1795 1209 2063 1275 inﬁdeles,
2112 1221 2297 1265 notam
2343 1211 2480 1265 facit
2520 1210 2829 1265 hominibus
2859 1217 2915 1263 et
2958 1208 3272 1278 patientiam
3309 1217 3365 1261 ct

1794 1303 2089 1372 potentiam
2115 1317 2273 1358 suam
2308 1320 2323 1358 :
2357 1302 2704 1371 patientiam,
2742 1302 2870 1355 dum
2910 1300 3002 1354 ditt
3037 1301 3287 1363 sustinet,
3317 1300 3363 1352 si

1793 1391 1933 1447 forte
1955 1392 2309 1462 resipiscant,
2331 1403 2388 1446 et
2407 1400 2797 1446 convertantur
2821 1406 2836 1456 ;
2879 1390 3204 1459 potentiam,
3232 1389 3361 1442 dum

1793 1484 2087 1553 aliquando
2115 1484 2291 1552 punit,
2316 1494 2372 1539 et
2400 1485 2602 1554 ﬂagitia
2633 1498 2741 1537 nou
2779 1496 3164 1550 usquequaque
3194 1480 3361 1532 inulta

1793 1576 2144 1646 dereliuqnit.
2182 1577 2247 1630 Et
2278 1590 2495 1631 rursum
2533 1594 2553 1627 ι
2593 1576 2648 1628 in
2702 1574 2844 1628 vasis
2892 1573 3297 1636 misericordiae,
3336 1589 3356 1620 ο

1795 1669 1899 1722 hoc
1949 1677 2053 1733 est,
2104 1669 2197 1739 qui
2245 1670 2565 1738 semetipsos
2612 1667 3044 1721 emundaveruut
3087 1665 3157 1717 ab
3208 1663 3360 1717 omni

118 1759 538 1824 sanctiﬁcatum,
574 1770 629 1813 et
660 1759 790 1814 utile
829 1758 1059 1815 Domino
1082 1797 1098 1824 ,
1135 1759 1204 1813 ad
1228 1773 1391 1814 omne
1418 1772 1557 1826 opus
1594 1759 1692 1811 bo-
1726 1745 1772 1803 Β
1797 1761 1954 1816 sorde
1986 1761 2218 1830 peccati,
2247 1777 2310 1816 ex
2345 1776 2449 1830 qua
2485 1779 2509 1812 ί
2545 1762 2776 1816 mundus
2803 1775 2906 1814 non
2938 1768 3021 1812 est
3048 1757 3359 1825 quisquam,

118 1867 239 1905 num
261 1861 535 1919 paratmn,
554 1851 734 1905 anima
753 1851 867 1920 ejus
882 1851 1282 1908 etnundaverat
1303 1849 1650 1917 semetipsam
1673 1865 1687 1901 :

118 1956 165 1997 et
196 1944 384 1997 videns
412 1943 558 1998 Deus
582 1944 870 2007 puritatem
900 1943 1115 2013 ejos,et
1134 1950 1456 2012 potestatem
1486 1940 1690 1996 habens

123 2051 184 2088 ex
218 2036 408 2089 eadem
443 2050 621 2089 massa
650 2034 831 2092 facere
856 2036 1002 2090 aliud
1030 2050 1124 2090 vas
1139 2036 1206 2090 ad
1237 2033 1520 2096 honorem,
1545 2033 1690 2087 aliud

122 2129 184 2180 ad
222 2128 640 2193 contumeliam,
692 2127 865 2183 Jacob
907 2127 1125 2199 quidem
1169 2128 1282 2197 qui,
1319 2136 1378 2182 ut
1433 2127 1687 2193 diximus,

122 2220 506 2273 entundaverat
532 2218 642 2289 (l8)
658 2219 1031 2288 semetipsum,
1052 2217 1183 2272 fecit
1201 2234 1296 2273 vas
1318 2220 1385 2272 ad
1408 2219 1689 2284 honorem;

126 2308 256 2361 Esau
288 2324 422 2363 vero
448 2310 605 2377 cujus
621 2309 856 2363 animam
880 2323 985 2363 non
1015 2307 1090 2363 ita
1118 2324 1310 2378 puram
1337 2325 1438 2365 nec
1465 2309 1537 2363 ita
1561 2309 1694 2362 sim-

126 2400 310 2467 plicem
348 2403 522 2465 vidit,
548 2418 614 2456 ex
654 2402 843 2456 eadem
882 2415 1063 2457 massa
1095 2402 1228 2483 iecit
1258 2416 1355 2456 vas
1398 2401 1464 2455 ad
1498 2410 1691 2456 contu-

126 2496 355 2551 meliam.
394 2496 465 2551 Ut
487 2505 664 2551 autem
687 2497 833 2553 scias
854 2496 998 2565 quod
1021 2510 1120 2562 pro
1145 2495 1384 2565 puritate
1408 2504 1465 2549 et
1484 2494 1694 2563 simpli-

127 2590 285 2643 citate
326 2592 523 2644 anitna
561 2588 732 2644 Jacob
763 2589 940 2644 factus
965 2589 1132 2644 fuerit
1170 2604 1264 2643 vas
1295 2589 1362 2642 ad
1409 2589 1691 2648 honorem,

127 2680 245 2732 andi
285 2680 443 2749 quale
482 2681 530 2734 ei
561 2680 742 2734 divina
795 2679 1078 2749 Scriptura
1121 2680 1491 2748 simplicitatis
1539 2679 1694 2731 teSti-

131 2771 358 2823 monium
417 2771 685 2840 perhibet.
736 2789 755 2822 ι
786 2770 853 2825 Et
900 2781 1039 2837 erat,
1087 2773 1283 2841 inquit,
1335 2770 1501 2826 Jacob
1529 2772 1693 2827 homo

130 2861 368 2931 simplex,
399 2862 652 2916 habitans
683 2862 904 2918 domum
934 2863 1002 2918 3‘.
1046 2881 1066 2914 ι
1105 2863 1228 2917 Ideo
1257 2879 1386 2933 ergo
1406 2864 1694 2931 Apostolus

132 2952 254 3006 dicit
274 2952 338 3007 de
362 2953 467 3019 eis,
503 2952 627 3021 quia
653 2955 968 3023 priusquam
1005 2963 1361 3007 nascerentur
1393 2953 1594 3007 dicitur
1626 2955 1692 3009 de

132 3056 242 3096 ets:
278 3060 297 3094 ι
332 3041 499 3124 Iacob
523 3043 704 3107 dilexi,
738 3043 876 3098 Esau
907 3052 1087 3098 autem
1114 3044 1241 3098 odio
1274 3044 1432 3098 habui
1457 3045 1578 3100 ³³⁸.»
1644 3062 1654 3073 ·

196 3132 278 3188 18.
318 3153 338 3185 ι
380 3116 535 3201 Quod
567 3136 610 3188 si
638 3135 824 3192 volens
852 3134 996 3191 Deus
1024 3135 1313 3190 ostendere
1339 3138 1496 3200 iram,
1523 3145 1690 3192 etno-
1717 3116 1760 3174 (ἶ

135 3235 233 3278 tant
254 3225 434 3281 facere
468 3227 760 3296 potentiam
791 3243 973 3291 suam,
1003 3228 1267 3282 sustinuit
1299 3229 1352 3283 itt
1389 3229 1554 3282 multa
1595 3244 1690 3298 pa-

135 3318 310 3374 tientia
343 3335 475 3374 vasa
511 3321 604 3373 ira
625 3330 750 3391 apta
783 3321 835 3375 in
864 3321 1244 3390 perditionem,
1276 3333 1335 3374 ttt
1368 3332 1521 3376 notas
1548 3322 1693 3378 iace-

137 3420 211 3464 ret
228 3413 438 3469 divitias
468 3412 653 3484 gloria
684 3429 798 3470 sua
826 3414 878 3467 in
923 3414 1067 3468 vasis
1108 3413 1530 3479 misericordia,
1572 3431 1690 3484 qua

137 3507 449 3573 praeparavit
486 3506 537 3558 itt
580 3505 805 3575 gloriam
838 3520 990 3559 suam
1027 3521 1042 3557 :
1078 3519 1215 3573 quos
1255 3514 1313 3560 et
1349 3507 1565 3561 vocavit
1593 3522 1692 3561 nos

137 3609 234 3647 non
258 3596 429 3650 solum
463 3596 574 3667 (19)
609 3612 676 3651 ex
709 3594 933 3659 Judais,
984 3597 1076 3650 sed
1104 3597 1265 3649 etiam
1314 3611 1381 3650 ex
1422 3596 1689 3665 gentibus,

137 3686 267 3740 sicut
280 3687 329 3740 in
346 3688 485 3743 Osee
502 3689 630 3742 dicit
649 3705 662 3742 :
686 3687 896 3742 Vocabo
916 3703 1024 3740 non
1041 3686 1250 3757 plebem
1269 3702 1465 3749 meam,
1482 3686 1690 3755 plebem

139 3790 327 3844 meam;
358 3789 415 3833 et
446 3794 550 3834 non
575 3778 846 3843 dilectam,
869 3777 1149 3843 dilectam;
1173 3788 1349 3833 etnon
1384 3779 1693 3833 misericor-

136 3866 268 3922 diam
286 3881 653 3936 consecutam,
670 3870 1091 3927 misericordiam
1109 3870 1688 3926 consecutant.Eterit:

139 3958 188 4011 ln
220 3959 356 4026 loco,
377 3962 472 4018 ubi
492 3962 694 4017 dictum
719 3971 803 4016 est
829 3962 908 4016 eis
938 3979 951 4015 :
977 3959 1091 4015 Non
1117 3962 1270 4031 plebs
1295 3977 1415 4017 mea
1447 3976 1544 4017 vos
1569 3979 1585 4015 :
1621 3962 1692 4017 ibi

138 4040 463 4109 Vocabuntur
492 4054 583 4108 lilii
608 4052 699 4107 Dei
732 4053 837 4106 vivi
866 4054 934 4109 ³³.
971 4073 989 4105 t
1026 4053 1181 4122 Sape
1215 4055 1281 4107 de
1319 4053 1695 4123 incompositis

138 4142 522 4202 elocutionibus
542 4147 789 4217 Apostoli
810 4146 1223 4214 defectibusque
1238 4159 1426 4200 earum
1454 4160 1694 4201 commo-

140 4236 364 4299 ltlliﬂllls,
393 4239 538 4308 quod
571 4249 628 4294 ct
652 4241 705 4293 in
735 4239 984 4308 prasenti
1016 4239 1135 4293 loco
1167 4236 1516 4292 nihilominus
1537 4237 1695 4292 inve-

141 4327 290 4382 nitur.
353 4329 467 4383 Non
528 4332 670 4384 enim
725 4333 970 4386 redditur
1028 4330 1095 4385 ad
1150 4330 1353 4399 aliquid
1413 4331 1518 4385 hoc
1578 4330 1693 4401 (20)

140 4422 269 4484 quod
322 4424 397 4477 ait
441 4424 493 4476 in
542 4424 808 4494 principio
853 4423 1077 4493 capituli
1115 4440 1128 4477 :
1168 4441 1187 4474 ‹
1220 4422 1373 4489 Quod
1417 4423 1460 4477 si
1508 4423 1696 4481 volens

144 4510 289 4569 Deus.
336 4536 354 4570 ι
408 4516 564 4572 Verbi
623 4533 826 4581 causa,
900 4526 961 4570 ut
1027 4526 1083 4571 et
1148 4516 1201 4569 itt
1259 4515 1382 4570 aliis
1444 4517 1556 4585 ipse
1617 4517 1698 4573 di-

145 4603 312 4662 xit":
346 4629 363 4660 ι
405 4609 557 4675 Quod
580 4610 626 4665 si
658 4608 910 4678 primitia
935 4618 1159 4673 sancta,
1177 4616 1230 4661 et
1264 4623 1440 4663 massa
1472 4606 1587 4680 (21)
1617 4627 1629 4662 :
1670 4629 1690 4662 ι

209 4787 248 4819 ³⁸
280 4790 318 4844 Il
352 4790 493 4847 Tim.
524 4808 583 4848 ιι.
631 4788 718 4845 21.
836 4788 880 4820 ³²
905 4785 1040 4841 Gen.
1068 4799 1193 4850 xxv,
1213 4784 1304 4845 27.

146 4855 185 4890 ³⁸
208 4858 299 4916 Job
326 4878 434 4927 xiv,
465 4862 521 4929 4,
556 4862 608 4914 5.
712 4860 757 4891 "
786 4858 930 4914 Psal.
962 4873 1090 4923 xxx,
1128 4855 1221 4911 20.

208 4994 315 5115 (16)
340 4999 503 5061 Editi,
534 5016 552 5050 ι
593 4997 856 5052 maculam
880 4994 1135 5050 abluerit.
1173 5013 1192 5047 ι

241 5068 320 5115 th
355 5069 524 5115 Alias-
558 5087 577 5115 ι
612 5067 881 5115 nrmtonit.
914 5085 932 5115 ι

241 5068 320 5138 l7)
352 5069 525 5133 Alias,
558 5087 577 5120 ι
612 5067 881 5138 preponit.
914 5085 932 5117 ι

211 5134 318 5206 (18)
340 5140 505 5203 Alias,
528 5156 547 5190 ι
582 5134 916 5193 eittuitdavit.
962 5154 981 5188 ι

214 5205 320 5280 (l9)
355 5210 518 5273 Editi,
547 5228 566 5261 ι
597 5209 831 5264 sustinet
866 5208 917 5260 in
957 5205 1131 5280 multa
1152 5205 1424 5280 patientia
1447 5219 1573 5280 vasa
1605 5205 1699 5259 ira

148 5284 260 5352 apta
290 5275 355 5334 ad
376 5282 679 5338 interitum.
707 5287 765 5331 ttt
789 5277 1104 5352 ostenderet
1132 5277 1351 5352 divitias
1377 5275 1561 5345 gloria:
1588 5292 1699 5329 sua:

150 5347 196 5423 it}
220 5360 441 5423 Vasa...._
463 5364 581 5419 qua
604 5349 927 5418 praparavit
952 5348 1002 5402 itt
1024 5347 1276 5417 gloriam,
1303 5361 1442 5415 quos
1461 5355 1516 5400 et
1539 5361 1700 5399 vocat-

153 5420 338 5485 vttnon
369 5420 561 5485 solum,
606 5438 625 5471 ι
651 5430 757 5473 etc.
969 5483 983 5485 ξ
1320 5445 1326 5450 ·

214 5483 320 5559 (20)
350 5491 440 5544 Sic
482 5483 608 5543 is.
653 5483 1222 5559 plerique,__llabanus
1246 5530 1259 5552 ,
1297 5486 1562 5559 etwediti.
1595 5483 1697 5559 Ms.

154 5554 490 5675 zﬁrxoitegiuls
516 5554 667 5614 num;
682 5554 839 5623 1659,
873 5576 891 5607 ι
930 5554 1045 5610 Non
1068 5559 1210 5614 enim
1239 5557 1471 5614 reddidit
1497 5555 1698 5626 aliquid

320 5670 346 5675 .-
379 5649 397 5675 Ι
422 5644 449 5675 Ω
477 5644 528 5675 Ω.

154 5634 212 5673 ad
234 5634 347 5692 hoc,
379 5649 397 5680 ι
422 5639 528 5684 etc.

217 5693 320 5766 (2|)
343 5700 507 5767 Alias,
546 5717 565 5752 ι
601 5707 655 5753 et
676 5713 886 5753 massa.
922 5713 951 5770 ι⁸

1379 4786 1445 4819 ³²¹
1478 4789 1708 4851 Malacb.

1791 1852 2002 1908 etiamsi
2046 1853 2206 1908 unius
2250 1853 2357 1907 diei
2406 1853 2569 1907 fuerit
2613 1854 2718 1909 vita
2752 1852 2868 1920 ejus
2901 1852 2945 1882 ³⁸
2972 1848 3106 1922 (22),
3148 1868 3168 1900 t
3206 1860 3365 1902 uetas

1793 1943 1925 1997 facit
1947 1944 2166 1999 divitias
2199 1945 2385 2012 gloria
2409 1961 2520 1999 sua
2545 1959 2561 1998 :
2589 1960 2709 2014 qua
2749 1960 2877 1997 vasa
2923 1958 3030 1997 non
3072 1941 3364 1994 irrationa—

1793 2031 1886 2084 bili
1919 2030 2120 2100 aliqua,
2148 2041 2242 2085 attt
2271 2032 2492 2088 fortuita
2535 2033 2733 2101 gratia,
2772 2034 2863 2086 sed
2892 2031 3146 2100 quoniam
3186 2030 3300 2097 ipsa
3330 2044 3361 2080 a

1793 2125 2122 2193 supradictis
2153 2110 2270 2193 (25)
2316 2124 2570 2180 sordibus
2622 2139 2680 2179 se
2716 2132 3201 2194 expurgavet‘ant,’
3226 2136 3363 2190 pra-

1793 2216 2007 2287 paravit
2034 2217 2086 2270 in
2109 2217 2365 2286 gloriam.
2392 2215 2545 2282 Quod
2581 2226 2760 2270 autem
2794 2213 3073 2282 subjttttgit
3101 2229 3116 2267 :
3159 2230 3178 2263 ι
3218 2211 3366 2279 Quos

1793 2319 1849 2363 et
1879 2309 2091 2362 vocavit
2119 2325 2216 2362 nos
2240 2308 2388 2378 (24);
2432 2328 2451 2360 ι
2486 2324 2582 2377 pro
2618 2322 2684 2361 eo
2712 2317 2770 2361 ut
2810 2307 2854 2360 si
2897 2306 3124 2360 dixisset
3160 2323 3174 2358 :
3212 2304 3365 2359 Sicut

1796 2415 1896 2455 nos
1931 2416 2066 2470 quos
2095 2400 2306 2455 vocavit
2332 2419 2350 2450 ι
2399 2416 2504 2452 non
2536 2399 2704 2452 solum
2746 2412 2811 2452 ex
2843 2394 3060 2462 Judais,
3084 2396 3176 2450 sed
3198 2395 3360 2449 etiam

1794 2507 1860 2546 ex
1903 2494 2176 2559 gentibus.
2220 2511 2240 2544 ι
2282 2491 2575 2560 Superiora
2607 2492 2753 2543 enim
2793 2489 2946 2558 quasi
2989 2488 3054 2542 de
3079 2486 3365 2541 Pharaone

1794 2581 1885 2652 qui
1914 2580 2014 2635 luit
2040 2596 2132 2635 vas
2154 2581 2272 2645 ira,
2293 2580 2431 2634 etde
2460 2579 2586 2633 liliis
2624 2579 2783 2632 Israel
2808 2582 2897 2646 qui
2923 2589 3081 2631 erant
3104 2592 3228 2631 vasa
3273 2577 3368 2629 mi-

1795 2674 2127 2737 sericordia,
2188 2681 2509 2742 prosecutus
2579 2671 2815 2726 videtur.
2890 2670 2986 2724 llic
3038 2685 3169 2740 ergo
3219 2668 3391 2738 quod.

1793 2763 2092 2833 subjungit,
2123 2780 2144 2812 ι
2181 2761 2328 2828 Quos
2348 2771 2406 2816 et
2439 2762 2653 2815 vocavit
2680 2776 2797 2823 nos,
2826 2777 2933 2813 non
2968 2761 3141 2813 solum
3172 2774 3237 2813 ex
3260 2758 3358 2812 Ju-

1786 2855 1948 2920 dais,
1984 2856 2078 2909 sed
2108 2854 2270 2909 etiam
2312 2869 2382 2908 ex
2428 2855 2699 2925 gentibus,
2729 2872 2747 2905 ι
2769 2853 3175 2907 similitmlinem
3211 2852 3365 2905 vide-

1796 2957 1885 3003 tur
1916 2961 2239 3001 assumere:
2276 2945 2381 3000 hoc
2427 2955 2534 3008 est,
2580 2953 2638 2999 ut
2682 2945 2755 2997 ita
2803 2945 3007 2997 dictum
3066 2944 3363 2998 videatur:

1797 3041 2024 3097 Sicutet
2057 3054 2156 3094 nos
2188 3051 2376 3094 sumus
2423 3052 2552 3091 vasa
2593 3036 3002 3102 misericordia,
3036 3052 3174 3104 quos
3202 3052 3364 3089 voca—

1797 3134 1873 3186 vit
1906 3146 2011 3186 non
2039 3129 2215 3186 solum
2259 3143 2325 3183 ex
2359 3125 2580 3194 Judais,
2612 3125 2708 3180 sed
2754 3126 2917 3180 etiam
2968 3141 3034 3180 ex
3088 3126 3368 3195 gentibus.

1799 3225 1946 3291 Haec,
1984 3232 2243 3292 quantum
2272 3221 2338 3276 ad
2368 3221 2542 3291 ipsius
2570 3219 2850 3290 apostolici
2898 3219 3171 3274 sermonis
3212 3218 3369 3271 ordi-.

1799 3330 1919 3371 nem
1973 3313 2517 3383 explauationemque
2569 3312 2858 3364 verborum
2914 3310 3170 3378 pertinet,
3219 3310 3365 3363 dicta

1798 3409 1925 3464 sint.
1956 3405 2108 3460 Nunc
2139 3407 2375 3459 breviter
2408 3413 2740 3474 repetentes,
2773 3401 2956 3470 aliqua
2992 3400 3157 3455 etiam
3187 3401 3254 3454 de
3286 3400 3371 3453 in-

1803 3498 2020 3555 tcllectu
2052 3497 2313 3553 interiore
2358 3494 2712 3564 requiramus.
2752 3492 3034 3557 Quomodo
3062 3505 3192 3559 ergo
3228 3488 3371 3544 Deus

1801 3603 1980 3646 notam
2012 3590 2144 3645 facit
2176 3588 2289 3661 (25)
2326 3589 2459 3641 iram
2488 3584 2685 3640 suam?
2718 3583 2820 3638 Per
2853 3599 3004 3647 vasa,
3050 3582 3243 3652 inquit,
3276 3582 3372 3635 ira

1800 3692 1980 3752 aptata
2028 3682 2081 3737 in
2122 3681 2499 3751 perditionem.
2554 3676 2890 3744 Obstupesco
2936 3689 3035 3743 ego
3087 3675 3228 3743 apud
3260 3687 3375 3727 me-

1801 3778 2088 3847 metipsum
2120 3774 2232 3846 (26)
2266 3773 2440 3828 sancti
2472 3757 2710 3842 Spiritus
2753 3768 3039 3824 consilium
3076 3767 3128 3821 in
3169 3765 3370 3818 divinis

1800 3868 2166 3925 voluminibus
2203 3876 2488 3922 contuens.
2519 3862 2651 3917 Nam
2682 3863 2819 3916 iram
2852 3860 3069 3930 quidem
3107 3856 3205 3910 Dei
3245 3870 3368 3926 qua:

1801 3975 1882 4020 est
1909 3979 1937 4016 a
1968 3971 2161 4016 natura
2188 3958 2304 4026 ejus
2329 3966 2618 4018 extranea,
2660 3964 2841 4007 notam
2890 3952 3006 4004 lteri
3054 3949 3369 4005 hominibus

1801 4058 1952 4121 dicit,
2003 4054 2143 4108 sicut
2195 4064 2441 4121 prasens.
2489 4048 2577 4101 bic
2626 4044 2873 4114 Apostoli
2924 4044 3130 4097 indicat
3171 4041 3369 4094 locus:

1799 4152 2100 4208 bonitatem
2131 4159 2259 4200 vero
2287 4142 2428 4213 ejus,
2469 4150 2524 4196 et
2560 4137 2927 4201 dulcedinem,
2974 4133 3117 4213 quod
3164 4143 3371 4187 natura:

1801 4244 1920 4312 ejus
1949 4251 2027 4294 est
2057 4237 2356 4308 proprium,
2392 4234 2650 4289 abscondi
2682 4242 2968 4294 memorat,
2994 4239 3048 4282 et
3071 4212 3367 4287 occultari,

1803 4337 1945 4391 sicut
1971 4331 2136 4400 David
2189 4328 2367 4384 dicit:
2403 4346 2423 4378 ι
2463 4327 2634 4393 Quam
2683 4340 2878 4390 magna
2932 4320 3221 4376 multitudo
3248 4319 3367 4372 dul-

1802 4426 2013 4483 cedinis
2062 4433 2185 4487 tua,
2234 4421 2479 4484 Domine,
2518 4434 2681 4488 quam
2730 4413 3059 4470 abscondisti
3121 4413 3365 4467 timenti-

1728 4476 1777 4536 υ
2036 4511 2114 4567 ³⁶Ξ
2148 4476 2336 4578 Quid
2390 4476 2516 4579 ergo
2537 4476 2718 4562 causa
2769 4506 3011 4559 dicemus
3056 4501 3199 4572 quod
3235 4502 3376 4554 Deus

1803 4609 1937 4664 iram
1970 4602 2280 4662 manifestat
2307 4601 2639 4665 hominibus,
2687 4608 2743 4653 et
2790 4596 3131 4653 dulcedinem
3187 4588 3374 4647 celat?

1751 4812 1790 4863 t,
1817 4796 1871 4858 2;
1898 4795 2055 4851 Rom.
2095 4809 2173 4858 ιι,
2218 4792 2307 4848 15.
2383 4788 2427 4822 ⁸³
2460 4789 2589 4845 ibid.
2612 4784 2683 4841 22
2713 4799 2830 4853 seq.
2905 4778 3129 4834 “Rom.
3162 4793 3239 4842 XI,
3287 4774 3372 4831 16.

1878 4991 1990 5061 (22)
2020 4989 2163 5044 Eottt‘
2192 4996 2311 5061 post
2346 5004 2367 5038 ι
2399 4985 2508 5061 vita
2552 4983 2670 5061 ejus
2704 5002 2723 5034 ι
2772 4982 2977 5061 addunt
3010 4999 3031 5034 ι
3073 4996 3235 5051 super
3264 4989 3377 5061 ter-

1807 5050 1943 5123 ram,
1972 5050 2001 5112 ἰ
2030 5075 2147 5129 qua
2186 5050 2351 5112 verba
2381 5050 2591 5113 desunt
2617 5058 2669 5109 iu
2705 5054 2959 5108 omnibus
3010 5050 3151 5110 ιιιεεζ
3172 5050 3378 5108 nostris

1805 5144 1860 5187 et
1888 5134 2024 5199 apud
2052 5131 2355 5184 llabattum.

1874 5189 1991 5273 (25)
2021 5200 2163 5255 Editi
2186 5240 2201 5264 ,
2241 5218 2261 5250 ¢
2296 5198 2391 5273 sed
2422 5211 2543 5251 cum
2583 5208 2644 5249 ea
2676 5194 3023 5273 supradictis,
3064 5211 3085 5244 ι
3122 5201 3233 5273 etc:
3266 5189 3367 5273 his.

1803 5261 2020 5334 unus,'t
2067 5261 2452 5339 sedquoniam
2503 5281 2564 5320 se
2612 5261 2957 5334 supradictis,
2987 5273 3155 5339 tete.
3188 5261 3371 5315 Baba-

1807 5359 1927 5407 nns,
1962 5360 1982 5393 ι
2017 5342 2109 5396 sed
2134 5334 2395 5409 quoniam
2424 5351 2551 5409 ecce
2582 5352 2702 5406 qua:
2736 5352 2765 5389 a
2803 5334 3151 5403 supradictis,
3192 5350 3214 5387 ι
3260 5343 3370 5388 etc.

1809 5413 1913 5469 Sed
1950 5428 2078 5466 mss.
2117 5408 2222 5464 duo
2260 5419 2405 5463 recte
2441 5418 2499 5460 ut
2531 5408 2581 5459 itt
2628 5418 2814 5461 nostro
2846 5414 3015 5460 textu.

1877 5481 1991 5550 (24)
2022 5483 2182 5535 Deest
2212 5496 2232 5530 ι
2271 5495 2371 5532 nos
2409 5497 2427 5531 t
2465 5480 2517 5550 in_
2540 5477 2719 5550 editis.

2223 5567 2242 5600 ι
2275 5560 2466 5625 potam
2503 5546 2680 5625 laciet.
2712 5564 2731 5596 ι

1879 5560 1971 5625 (25
2022 5560 2185 5615 Edttl,
2223 5567 2242 5600 ι
2286 5560 2466 5603 notam
2503 5560 2680 5601 laetet.
2712 5564 2731 5596 ι

1879 5560 1993 5694 (26)
2024 5620 2186 5689 Editi,
2223 5637 2243 5672 ι
2274 5621 2416 5674 intra
2449 5620 2843 5686 mentetipsum.
2877 5629 2900 5664 ι
