3692 6138
362 291 490 347 HM

1825 286 2144 344 ORIGENIS

3459 290 3558 346 “32

355 407 471 460 Scit
503 405 618 458 stne
645 401 809 456 dubio
839 399 1030 470 fragile
1055 413 1177 456 esse
1203 400 1485 456 hominum
1532 416 1723 472 genus,
1769 410 1825 457 et
1853 403 1921 456 ad
1949 415 1996 470 Α
2027 399 2462 456 misericordiam
2510 405 2878 453 consecutam.
2926 396 2994 451 Et
3026 399 3150 467 {erit
3182 414 3197 454 :
3244 399 3310 454 In
3358 401 3468 456 loco
3496 411 3560 462 ubi

358 496 562 563 lapsum
593 491 828 559 proclive
863 504 962 560 per
994 489 1403 560 negligentiam,
1446 492 1642 560 quibus
1679 494 1928 561 expediat

357 583 530 652 magis
577 595 701 634 esse
747 579 850 635 sub
899 590 1044 634 metu
1077 580 1191 645 irae,
1235 596 1396 649 quam
1431 596 1527 651 spe
1582 583 1928 652 benignitatis

357 675 452 728 Dei
487 682 542 728 et
575 671 876 726 dulcedinis
923 671 1177 735 relaxari,
1215 673 1360 727 sicut
1410 683 1467 726 et
1509 672 1786 742 Sapientia
1831 675 1925 730 Dei

359 763 496 817 dicit
535 761 578 794 ³⁷
610 780 624 816 :
661 778 680 812 ι
720 761 821 827 Qui
873 761 1046 829 parcit
1087 759 1301 825 baculo,
1349 761 1465 815 odit
1513 761 1684 816 filium
1743 778 1924 818 suum.

359 855 418 908 Si
445 854 588 908 enim
640 851 976 922 percusseris
1029 867 1151 906 eum
1210 852 1380 920 virga,
1431 869 1540 908 non
1603 856 1922 910 morietur:

359 947 594 1000 animam
629 954 806 998 autem
836 944 956 1012 ejus
981 943 1189 998 salvam
1230 945 1400 1001 facies
1441 963 1471 1001 a
1511 957 1709 1002 morte.
1751 967 1773 1000 ι
1814 946 1924 1002 Νο-

361 1046 470 1090 tam
503 1035 634 1090 facit
655 1035 766 1108 (27)
801 1051 932 1107 ergo
967 1037 1264 1106 potentiam
1299 1053 1452 1092 suam
1487 1037 1651 1104 Deus,
1677 1039 1800 1094 dum
1833 1040 1928 1093 im-

357 1131 476 1197 pios
509 1130 740 1198 castigat
779 1139 834 1184 et
874 1131 1118 1197 corripit,
1173 1140 1234 1185 ut
1277 1134 1574 1186 secundum
1627 1132 1926 1201 Scriptum

358 1223 679 1276 sententiam
723 1240 742 1272 α
790 1224 915 1274 dum
967 1221 1269 1290 ﬂagellatur
1329 1223 1608 1290 pestilens,
1666 1222 1926 1277 innocens

359 1315 592 1368 astutior
625 1312 719 1368 fiat
740 1313 808 1369 ⁸⁸.
857 1332 877 1366 ι
911 1314 1078 1369 NOtas
1097 1324 1274 1369 autem
1309 1315 1438 1370 facit
1473 1315 1636 1368 etiam
1661 1332 1680 1364 ι
1712 1316 1926 1370 divitias

357 1401 543 1470 gloriae
575 1417 686 1456 sua:
713 1404 766 1456 in
803 1404 946 1458 vasis
975 1403 1388 1470 misericordiae,
1432 1417 1554 1472 quae
1598 1407 1926 1474 praeparavit

360 1494 412 1546 in
439 1494 685 1562 gloriam.
720 1515 738 1548 ι
770 1495 1120 1552 Iunctescunt
1143 1498 1346 1552 divitia
1369 1498 1485 1568 (28)
1517 1497 1612 1552 Dei
1635 1512 1759 1552 cum
1794 1513 1924 1568 erga

357 1599 452 1640 eos
480 1587 569 1656 qui
605 1588 742 1642 inter
773 1588 1020 1644 homines
1050 1601 1402 1660 spernuntur,
1432 1599 1486 1644 et
1516 1589 1746 1645 humiles
1769 1599 1920 1654 sunt,

355 1680 728 1735 misericordia
772 1683 889 1751 ejus
927 1684 1254 1748 ostenditur,
1291 1685 1382 1753 qui
1443 1700 1550 1739 non
1607 1685 1663 1739 in
1718 1685 1924 1740 divitiis

2029 492 2231 548 dictum
2259 499 2347 546 est
2371 490 2453 544 eis
2476 507 2492 544 :
2516 487 2631 542 Non
2662 487 2816 558 plebs
2850 502 2968 542 mea
2995 504 3112 554 vos,
3152 489 3224 543 ibi
3261 491 3560 551 vocabuntur

2029 582 2124 636 filii
2151 581 2244 635 Dei
2278 580 2384 635 vivi
2416 579 2482 634 ".
2531 597 2552 632 ι
2590 578 2983 634 Testimonium
3031 595 3164 635 sane
3211 582 3324 636 hoc
3369 585 3493 651 quod
3519 591 3563 640 de

2028 675 2165 732 Osee
2194 674 2425 729 assumit
2451 671 2763 742 Apostolus,
2797 682 3058 738 quantum
3086 673 3154 726 ad
3195 673 3384 726 locum
3426 675 3562 744 ipsum

2029 766 2310 835 prophetae
2353 763 2465 834 (55)
2514 762 2766 832 pertinet,
2796 776 2906 814 non
2952 763 3170 816 videtur
3213 764 3289 818 de
3331 768 3566 834 gentibuc,

2026 858 2195 929 618
2218 857 2314 910 sed
2352 856 2418 910 de
2441 857 2558 923 ipso
2591 855 2786 924 populo
2815 851 2979 909 Israel
3011 853 3140 907 dici.
3175 854 3310 920 Sed,
3344 856 3474 909 utin
3501 875 3568 911 su-

2028 949 2335 1018 perioribus
2366 948 2626 1012 diximus,
2657 961 2720 1000 ex
2751 945 2914 1000 simili
2957 945 3155 1000 Paulus
3195 948 3375 1001 sumit
3418 963 3570 1002 exem-

2027 1040 2194 1110 plum,
2233 1049 2293 1095 ut
2333 1037 2587 1094 ostendat
2635 1038 2762 1108 quia
2798 1037 2940 1091 sicut
2997 1037 3103 1092 illis
3149 1039 3429 1107 quondam
3473 1055 3571 1096 ctun

2027 1131 2218 1199 abiecti
2272 1141 2456 1187 essent
2503 1139 2559 1186 et
2615 1130 2906 1200 desperati,
2962 1131 3166 1184 dictum
3219 1141 3313 1186 est
3361 1134 3570 1200 primo:

2032 1243 2051 1276 ι
2091 1225 2198 1279 Vos
2221 1239 2327 1278 non
2363 1223 2591 1294 populus
2623 1237 2796 1286 meus,
2839 1231 2895 1278 et
2939 1237 3039 1292 ego
3085 1238 3189 1276 non
3245 1238 3373 1276 sum
3425 1233 3574 1280 vester

2031 1315 2168 1368 Deus
2193 1315 2268 1378 “;
2309 1333 2328 1365 ι
2369 1325 2426 1369 et
2448 1313 2662 1367 additur
2710 1323 2832 1380 post
2872 1314 2987 1367 hac
3016 1314 3128 1385 (56)
3156 1332 3171 1370 :
3206 1333 3226 1366 r
3265 1315 3337 1369 Et
3359 1317 3461 1369 erit
3489 1335 3500 1370 :
3533 1318 3573 1371 Ia

2027 1405 2146 1461 loco
2181 1407 2232 1458 in
2286 1420 2393 1475 quo
2435 1405 2638 1460 dictum
2673 1413 2757 1460 est
2794 1406 2876 1458 eis
2914 1424 2928 1460 :
2963 1404 3076 1457 Non
3117 1421 3235 1459 mea
3266 1405 3424 1476 plebs
3456 1420 3572 1461 vos:

2026 1498 2363 1552 vocabuntur
2384 1509 2437 1552 et
2470 1498 2568 1566 ipsi
2596 1497 2689 1550 ﬁlii
2719 1497 2810 1550 Dei
2841 1497 2945 1550 vivi
2982 1496 3059 1562 “;
3099 1516 3117 1548 ι
3163 1497 3263 1560 ita,
3312 1497 3502 1566 inquit,
3532 1506 3576 1551 et

2033 1607 2052 1641 ι
2097 1604 2196 1643 nos
2247 1604 2384 1657 quos
2446 1589 2662 1642 vocavit
2725 1603 2832 1641 non
2878 1587 3050 1642 solum
3101 1605 3166 1643 ex
3223 1587 3455 1652 ludatis,
3503 1591 3577 1643 sed

2025 1683 2190 1735 etiam
2239 1696 2306 1734 ex
2340 1680 2612 1750 gentibus,
2675 1699 2694 1731 ι
2727 1681 2817 1749 qui
2863 1691 2990 1734 ante
3034 1697 3138 1734 non
3184 1695 3416 1734 eramus
3453 1679 3581 1750 plebs

355 1771 489 1836 suis,
520 1789 621 1828 nec
650 1775 702 1828 in
735 1775 972 1844 potentia
1017 1792 1136 1841 sua,
1173 1779 1267 1831 sed
1306 1779 1360 1832 in
1392 1779 1624 1833 Domino
1671 1788 1919 1848 sperant.
1953 1764 1996 1818 Β
2024 1772 2162 1840 ejus,
2187 1788 2329 1826 nunc
2357 1771 2567 1841 plebem
2611 1788 2764 1824 suam
2795 1787 2894 1826 uos
2924 1771 3036 1842 (57)
3066 1773 3308 1834 vocavit,
3345 1790 3366 1822 ‹
3400 1781 3456 1826 et
3493 1788 3578 1826 non

355 1861 506 1916 Sicut
527 1873 583 1917 et
609 1873 735 1919 tunc
773 1865 1121 1921 [lebrzeorum
1161 1883 1293 1938 gens
1325 1870 1609 1940 desperata
1647 1870 1790 1923 inter
1820 1870 1918 1922 ho-

354 1955 528 2010 mines
569 1967 622 2011 et
660 1956 893 2027 abiecta,
927 1975 956 2012 a
997 1957 1109 2013 Deo
1148 1959 1580 2014 misericordiam
1626 1970 1920 2014 consecuta

353 2058 469 2111 est;
503 2047 574 2101 ita
609 2063 738 2118 ergo
783 2049 896 2121 (29)
949 2059 1005 2104 et
1054 2067 1201 2107 nunc
1257 2053 1488 2122 p0pulus
1539 2053 1779 2120 gentium
1830 2051 1920 2120 qui

352 2140 730 2206 spernebatur,
780 2150 834 2192 et
884 2143 1275 2210 desperabatur
1318 2145 1386 2197 ab
1446 2144 1531 2198 his
1576 2145 1668 2212 qui
1715 2143 1770 2197 in
1817 2145 1924 2198 cir-

351 2231 684 2285 cumcisione
729 2231 1054 2301 gloriantur,
1101 2235 1532 2290 misericordiam
1577 2247 1904 2290 consecutus

353 2330 457 2373 est.
491 2320 598 2374 Sed
638 2321 769 2375 illud
809 2333 892 2376 est
917 2324 1060 2391 quod
1089 2326 1272 2379 aerius
1310 2326 1570 2380 debemus
1611 2325 1920 2386 intendere,

351 2411 480 2472 quia
505 2422 559 2465 et
587 2412 661 2466 illi
696 2417 971 2468 consecuti
1009 2426 1137 2470 sunt
1178 2418 1632 2482 misericordiam,
1677 2427 1731 2471 et
1771 2416 1922 2485 plebs

355 2503 447 2556 Dei
479 2503 726 2572 appellati
754 2515 902 2570 sunt,
943 2517 998 2561 et
1023 2507 1208 2561 dilecti
1238 2507 1331 2562 Dei
1367 2507 1616 2572 fuerunt;
1653 2508 1748 2562 sed
1783 2523 1922 2576 quo-

356 2595 500 2648 niam
547 2611 764 2652 servare
803 2598 914 2670 (50)
961 2611 1242 2669 acceptam
1292 2600 1525 2670 gratiam
1579 2600 1920 2662 nescierunt,

355 2686 553 2740 dicitur
585 2689 651 2742 ad
695 2702 789 2743 eos
823 2707 835 2742 :
877 2707 896 2742 ι
934 2687 992 2742 In
1029 2691 1224 2757 quibus
1265 2689 1638 2745 tumchabatur
1678 2705 1922 2743 commo-

358 2780 496 2833 ratio
526 2779 689 2835 lsrael
734 2779 872 2852 (3f),
924 2782 1100 2834 dimisi
1145 2795 1287 2848 eam,
1331 2792 1385 2837 et
1423 2783 1541 2837 dedi
1586 2783 1634 2835 ei
1683 2781 1922 2836 libellum

357 2871 560 2938 repudii
595 2871 646 2924 in
679 2888 871 2926 manus
896 2889 1025 2928 suas
1057 2874 1138 2939 ³⁹;
1174 2893 1191 2924 ι
1236 2883 1291 2927 et
1327 2874 1454 2927 item
1501 2874 1628 2928 alibi
1663 2893 1674 2925 :
1713 2891 1732 2924 ι
1772 2871 1923 2926 Facti

355 2961 490 3015 estis
535 2962 666 3016 mihi
716 2965 769 3016 in
815 2965 1121 3018 satietatem
1168 2964 1302 3036 (52),
1341 2965 1455 3034 jam
1505 2980 1611 3018 non
1657 2965 1922 3019 dimittam

356 3069 577 3126 peccata
607 3071 802 3116 vestra.
844 3080 863 3112 ι
899 3062 964 3116 Ει
996 3078 1093 3131 per
1110 3061 1400 3117 Jeremiam
1439 3064 1697 3118 Dominus
1741 3063 1873 3116 dicit
1905 3080 1918 3114 :

361 3170 380 3202 ι
427 3151 580 3206 Sicut
609 3153 866 3222 spelunca
907 3155 1108 3225 hyaenae
1151 3155 1292 3209 facta
1335 3167 1416 3210 est
1454 3156 1585 3210 milii
1641 3155 1926 3210 haereditas

356 3258 475 3297 mea
531 3243 598 3299 ‘°.
655 3263 675 3297 ›
729 3243 806 3300 Ne
851 3245 992 3299 forte
1041 3248 1202 3301 etiam
1253 3263 1351 3304 nos
1403 3248 1496 3317 qui
1561 3263 1668 3302 non
1723 3247 1927 3300 fuimus

355 3341 505 3411 plebs
543 3343 654 3411 (55)
691 3344 806 3410 Dei,
847 3344 939 3398 sed
983 3361 1077 3414 per
1123 3346 1344 3401 divitias
1387 3347 1567 3416 glorize
1618 3361 1728 3400 sua:
1765 3361 1928 3400 voca-

355 3433 434 3487 vit
465 3448 562 3488 nos
589 3436 796 3503 plebem
832 3451 1008 3499 suam,
1041 3447 1096 3492 et
1148 3437 1240 3508 qui
1293 3452 1398 3492 non
1458 3436 1662 3491 fuimus
1712 3436 1924 3502 dilecti,

356 3527 450 3580 sed
495 3527 620 3582 facti
661 3544 850 3584 sumus
903 3531 1104 3596 dilecti,
1152 3539 1206 3586 et
1257 3530 1351 3585 filii
1401 3531 1494 3586 Dei
1549 3531 1677 3593 vivi,
1727 3531 1770 3584 si
1821 3546 1925 3584 non

357 3627 417 3671 ιιι
467 3618 559 3671 lilii
611 3618 748 3674 lucis
793 3631 848 3676 et
905 3621 1000 3675 filii
1068 3620 1159 3676 Dei
1214 3619 1574 3684 ambulemus,
1625 3620 1671 3674 si
1713 3635 1820 3673 non
1871 3631 1928 3673 ut

356 3706 508 3778 plebs
593 3708 686 3764 Dei
766 3709 841 3764 ita
915 3726 1174 3781 agamus,
1231 3730 1250 3763 ‹
1300 3721 1359 3764 ut
1419 3710 1662 3765 videntes
1747 3711 1926 3766 homi-

358 3815 456 3856 nes
503 3816 668 3872 opera
715 3813 900 3857 nostra
952 3803 1112 3868 bona,
1163 3803 1508 3874 magnificent
1553 3802 1766 3858 Patrem
1825 3818 1926 3856 no-

355 3902 526 3948 strum
588 3894 678 3962 qui
731 3896 782 3948 in
836 3894 990 3950 ccelis
1056 3905 1141 3950 est
1185 3895 1252 3960 δι,
1311 3914 1329 3946 ι
1376 3896 1664 3949 verendum
1715 3906 1799 3950 est
1863 3911 1930 3950 ne

357 3987 506 4042 illum
562 4002 864 4042 sermonem
922 3989 1262 4043 incurramus
1311 3989 1578 4058 Apostoli,
1633 4003 1742 4058 quo
1785 3988 1860 4041 ait
1907 4003 1921 4041 :

362 4095 382 4129 ι
419 4077 474 4131 Si
505 4078 650 4131 enim
699 4075 842 4132 Deus
882 4079 1218 4134 naturalibus
1267 4079 1434 4134 ramis
1495 4095 1600 4133 non
1653 4078 1924 4150 pepercit,

359 4185 458 4224 nec
489 4169 586 4223 tibi
609 4181 792 4239 parcet
817 4171 881 4226 δ’.
923 4170 1076 4225 Sicut
1099 4172 1152 4224 in
1181 4172 1318 4228 Osee
1347 4173 1480 4227 dicit
1507 4173 1620 4239 (5i)
1660 4190 1672 4226 :
1709 4171 1924 4226 Vocabo

357 4274 465 4314 non
526 4261 736 4328 plebem
798 4277 995 4328 meam,
1039 4262 1249 4331 plebem
1301 4277 1509 4327 meam;
1551 4271 1606 4316 et
1649 4279 1753 4316 non
1795 4262 1928 4316 dile-

358 4360 524 4418 ctam,
547 4351 830 4421 dilectam;
867 4364 922 4409 et
959 4370 1064 4409 non
1089 4353 1516 4410 misericordiam
1552 4363 1924 4420 consecutam,

421 4491 466 4524 ³⁷
493 4489 654 4547 Prov.
691 4507 810 4554 xm,
839 4490 941 4554 24;
969 4506 1126 4553 χλιιι,
1161 4491 1250 4555 15,
1287 4491 1374 4546 14.
1451 4491 1494 4524 ³³
1533 4491 1697 4547 Prov.
1734 4506 1852 4552 XIX,
1887 4489 1931 4544 21

421 4561 448 4614 ἰ.
525 4562 570 4595 ⁸³
602 4562 759 4616 Rom.
788 4578 863 4616 ιι.
893 4561 983 4615 21.
1084 4562 1131 4593 ’⁵³
1165 4562 1318 4615 Rom.
1378 4577 1453 4616 Ix.
1503 4561 1595 4616 25.
1693 4562 1740 4594 “
1767 4559 1896 4616 Ose.

2089 4490 2099 4522 ’
2144 4488 2346 4545 Jerem.
2397 4504 2480 4552 tu,
2513 4489 2567 4545 8.
2643 4487 2690 4520 ‘°
2719 4485 2918 4542 Jerem.
2950 4501 3048 4547 xu.
3080 4484 3134 4540 9.

2172 4560 2217 4591 ι’
2241 4560 2373 4614 ibid.
2411 4559 2494 4614 10.
2570 4558 2616 4590 ⁸⁸
2645 4557 2787 4612 Psal.
2821 4571 2986 4616 Lxxv,
3012 4555 3068 4609 2.

361 4559 448 4616 16.
525 4562 570 4595 ⁸³
602 4562 759 4616 Rom.
788 4578 863 4627 ιι,
893 4561 983 4615 21.
1084 4562 1131 4593 ’⁵³
1165 4562 1318 4615 Rom.
1378 4577 1453 4626 Ix,
1503 4561 1595 4617 25.

357 4631 407 4666 ⁸³
428 4632 586 4688 Rom.
615 4649 692 4699 lx,
721 4631 812 4686 26.
903 4631 950 4664 δ’
987 4631 1181 4702 Philip.
1211 4648 1285 4699 tv,
1314 4631 1368 4686 7.

2023 1865 2314 1928 dilectam,
2351 1863 2632 1927 dilectam;
2683 1872 2738 1916 et
2786 1863 2837 1916 in
2884 1862 3006 1917 loco
3062 1863 3152 1916 ubi
3200 1863 3415 1918 dictum
3458 1874 3576 1918 esti

2023 1956 2200 2019 nobis,
2251 1974 2270 2006 ς
2313 1953 2430 2009 Non
2465 1954 2613 2023 plebs
2655 1969 2769 2008 mea
2808 1969 2935 2017 vos;
2973 1955 3044 2009 ibi
3072 1974 3090 2006 ι
3123 1953 3452 2010 vocabimur
3477 1954 3580 2007 «filii

2025 2045 2117 2100 Dei
2180 2044 2307 2098 vivi.
2367 2063 2386 2096 ι
2455 2044 2562 2097 Sed
2607 2043 2859 2098 fortassis
2931 2045 3208 2113 requirant
3258 2059 3291 2096 a
3342 2045 3494 2097 nobis
3539 2045 3582 2098 bi

2022 2137 2112 2205 qui
2165 2151 2234 2188 ex
2289 2135 2699 2189 circumcisione
2741 2145 2888 2196 sunt,
2940 2144 2995 2187 et
3045 2134 3270 2188 dicant:
3305 2131 3409 2187 Ubi
3457 2133 3582 2185 enim

2023 2230 2090 2282 ad
2120 2243 2212 2283 vos
2239 2229 2437 2282 dictqu
2469 2238 2576 2288 est.
2606 2229 2734 2296 quia
2763 2243 2867 2280 non
2913 2228 3033 2280 sitis
3062 2227 3211 2296 plebs
3248 2227 3352 2281 Dei
3388 2241 3500 2289 vos,
3539 2236 3585 2278 ut

2027 2323 2095 2375 ibi
2136 2320 2403 2374 vocemiui
2453 2320 2544 2372 filii
2593 2319 2681 2371 Dei
2743 2319 2883 2373 vivi?
2945 2319 3205 2373 Asserent
3261 2319 3414 2372 enim
3463 2321 3585 2387 quod

2025 2413 2166 2466 Deus
2198 2413 2311 2465 haec
2335 2411 2387 2464 in
2414 2409 2599 2464 .luduea
2647 2412 2858 2463 locutus
2888 2419 2968 2464 est
2997 2410 3074 2478 (in
3110 2410 3224 2477 ipsa
3279 2409 3434 2463 enim
3487 2419 3587 2461 tan-

2025 2505 2303 2559 tummodo
2335 2515 2498 2558 notus
2525 2511 2608 2558 est
2637 2503 2776 2557 Dens
2807 2503 2908 2574 "‘),
2953 2513 3008 2557 et
3053 2504 3189 2556 nihil
3235 2503 3361 2556 hac
3393 2501 3460 2554 ad
3504 2515 3588 2554 nos

2026 2611 2297 2670 spectant,
2332 2601 2459 2670 quia
2488 2619 2506 2652 ‹
2541 2600 2627 2654 lex
2661 2600 2724 2653 ad
2764 2614 2857 2654 eos
2888 2600 2981 2670 qui
3024 2600 3074 2652 in
3101 2598 3217 2668 lege
3249 2608 3387 2652 sunt
3417 2597 3580 2665 loqui-

2027 2703 2112 2747 tur
2135 2693 2199 2746 "7.
2241 2713 2259 2746 ι
2292 2693 2402 2747 lmo
2425 2708 2525 2762 ego
2551 2692 2830 2746 ostendam
2865 2691 3039 2745 locum
3070 2691 3238 2744 multo
3265 2689 3587 2760 digniorem,

2027 2785 2115 2839 ubi
2154 2786 2323 2839 Deum
2361 2784 2507 2853 loqui
2541 2794 2597 2838 et
2629 2785 2809 2838 decuit
2845 2793 2902 2838 et
2941 2781 3195 2852 possibile
3252 2780 3387 2835 fuit.
3429 2780 3592 2848 Neque

2025 2878 2170 2932 enim
2193 2886 2594 2946 consequenter
2627 2876 2766 2929 Deus
2793 2874 2937 2942 loqui
2985 2875 3038 2927 in
3073 2874 3379 2938 montibus,
3433 2882 3488 2926 ct
3516 2889 3590 2924 ru-

2027 2970 2206 3038 pibus,
2234 2979 2286 3023 et
2317 2967 2730 3037 quibuscunque
2761 2965 2989 3019 terrenis
3032 2964 3166 3019 locis
3205 2966 3427 3020 dicetur
3449 2965 3552 3033 (58)
3580 2987 3588 3017 ;

2027 3060 2122 3114 sed
2161 3061 2215 3114 in
2239 3067 2420 3113 mente
2463 3058 2696 3112 hominis
2727 3057 2965 3126 loquitur
3012 3056 3176 3119 Deus.
3209 3057 3261 3110 in
3300 3072 3469 3112 sensu
3520 3073 3592 3110 ra-

2031 3151 2296 3216 tionabili,
2334 3163 2390 3204 et
2426 3151 2478 3204 iu
2525 3149 2813 3219 principali
2861 3149 3076 3214 cordis,
3134 3159 3189 3203 et
3238 3150 3319 3204 ibi
3375 3165 3500 3204 cum
3524 3151 3594 3202 in-

2028 3244 2174 3312 digui
2205 3251 2259 3297 et
2287 3243 2452 3297 alieni
2483 3259 2512 3296 a
2542 3242 2654 3296 Deo
2679 3253 2834 3296 actus
2861 3242 3202 3296 conscientia
3242 3243 3594 3310 redargncnte

2029 3335 2337 3406 culpantur,
2379 3337 2474 3402 ibi,
2515 3336 2762 3405 inquam,
2811 3335 3223 3402 pronuntiatur,
3277 3335 3355 3389 ibi
3411 3335 3595 3388 dicitur

2029 3429 2095 3481 ad
2133 3428 2372 3499 singulos
2397 3444 2665 3499 quosque,
2696 3429 2819 3496 quia
2853 3446 2872 3478 ι
2901 3443 3006 3480 non
3037 3427 3187 3494 plebs
3215 3442 3338 3480 mea
3371 3443 3471 3482 vos
3488 3427 3547 3479 ⁵³.
3575 3446 3591 3479 ι

2033 3521 2092 3576 Si
2118 3537 2247 3578 vero
2289 3523 2548 3577 emundet
2606 3536 2665 3576 se
2719 3521 2840 3590 quis
2893 3521 2962 3574 ab
3018 3521 3102 3574 his
3144 3528 3199 3575 et
3251 3521 3596 3589 purificet,et

2037 3631 2057 3664 ι
2088 3627 2190 3681 pax
2221 3611 2338 3673 Dei,
2364 3627 2484 3681 quae
2505 3620 2797 3680 exsuperat
2831 3625 3047 3664 omnem
3094 3621 3336 3664 mentem
3361 3611 3430 3676 δ’,
3468 3630 3487 3663 ι
3516 3625 3600 3664 cor

2035 3704 2152 3775 ejus
2188 3703 2411 3772 incipiat
2439 3703 2732 3765 custodire,
2775 3701 2870 3769 ibi,
2915 3701 3017 3756 hoc
3049 3712 3153 3767 est,
3190 3703 3244 3755 in
3293 3703 3482 3756 cordis
3523 3717 3598 3755 se-

2035 3805 2206 3858 creto,
2277 3793 2535 3864 pacificus
2583 3794 2832 3859 effectus,
2895 3792 3043 3849 ﬁlius
3113 3793 3208 3848 Dei
3261 3793 3593 3848 conscientia

2035 3885 2363 3954 astipulante
2382 3886 2686 3940 vocabitur.

2109 3979 2198 4034 l9.
2239 3997 2258 4031 ι
2299 3979 2466 4032 Isaias
2504 3991 2684 4032 autem
2728 3975 2929 4030 clamat
2959 3989 3057 4046 pro
3102 3974 3308 4032 lsrael:
3352 3975 3412 4028 Si
3451 3974 3599 4028 fuerit

2033 4084 2296 4125 numerus
2326 4069 2559 4123 filiorum
2601 4067 2765 4121 Israel
2789 4075 3057 4135 tanquam
3094 4080 3259 4119 arena
3308 4069 3500 4128 maris,
3530 4081 3598 4118 re~

2035 4165 2217 4234 liquia‘:
2240 4164 2402 4218 salvae
2446 4163 2596 4216 fient.
2644 4160 2879 4214 Verbum
2923 4159 3068 4213 enim
3125 4173 3520 4214 consummatis
3548 4170 3594 4210 et

2031 4257 2286 4312 breviatis
2325 4255 2377 4308 in
2407 4255 2707 4325 aequitate:
2745 4254 2871 4322 quia
2905 4253 3127 4307 verbum
3181 4251 3492 4304 breviatum
3530 4250 3593 4303 fa-

2034 4349 2142 4405 ciet
2195 4349 2456 4404 Dominus
2514 4362 2678 4418 super
2733 4357 2933 4400 tcrratn
2982 4363 2996 4399 :
3041 4353 3096 4399 et
3145 4345 3288 4398 sicut
3358 4345 3597 4414 praidixit

3237 4484 3281 4515 ιι
3337 4483 3525 4537 Matth.
3551 4498 3596 4549 v,

2172 4560 2217 4591 "
2241 4560 2373 4614 ibid.
2411 4559 2494 4614 10.
2570 4558 2616 4590 ⁵⁸
2645 4557 2787 4612 Psal.
2821 4571 2986 4618 Lxxv,
3012 4555 3068 4609 2.
3144 4555 3188 4587 "’
3215 4553 3376 4611 Rom.
3406 4571 3490 4619 tu,
3519 4552 3598 4609 l9.

442 4749 558 4833 (Ἦ)
593 4749 684 4804 δίε
726 4766 827 4805 ms-
857 4761 1088 4833 υηιιε.,ει
1115 4749 1409 4833 Baianas;
1429 4748 1570 4833 Εειίιί
1605 4764 1733 4804 ver"
1761 4757 1818 4803 ει
1841 4763 1946 4804 θεε-
1977 4748 2021 4804 D
2054 4757 2228 4833 esse
2259 4741 2364 4833 ἤιξ’)
2389 4760 2438 4833 ,ξ
2471 4735 3183 4833 ἱιξὶ,νίὶε3.¹ξξ¹ξ1ιιῑὶξῑὶἱί,993
3220 4736 3596 4833 fiatﬁat"

358 4817 463 4875 teri
495 4835 627 4889 mss.
664 4839 684 4870 ‹
715 4821 1136 4888 percusserit....
1162 4817 1355 4874 Nota’m
1385 4820 1574 4878 faciet.
1610 4838 1636 4889 ,ι

399 4889 544 4972 ,(28)
577 4887 674 4972 Μετ
711 4889 911 4959 ιῖθείυδ
942 4906 1093 4944 num.
1131 4890 1291 4956 1659,
1340 4910 1359 4942 ‹
1394 4901 1453 4944 ιιι
1481 4887 1821 4945 iuuotescaut
1846 4889 1932 4944 di-

358 4978 380 5013 ι
400 4970 529 5023 iti:e,
563 4980 582 5012 ι
619 4970 725 5015 etc.

432 5031 544 5101 (29)
581 5028 1148 5101 Ergo._De_sideratur
1215 5031 1264 5083 in
1322 5030 1472 5084 libris
1531 5029 1928 5101 anteaeditis.

361 5097 566 5156 l'eind’e
611 5097 712 5154 nis.
758 5097 959 5168 Regius
1008 5116 1156 5158 nutu.
1203 5101 1359 5166 1659,
1407 5120 1426 5152 t
1474 5099 1874 5170 despiciebatur
1907 5119 1924 5151 ι

359 5189 454 5242 ιη)
491 5171 948 5242 «Αάρερθηιιιοιιπ.
995 5191 1013 5222 ι

432 5240 544 5311 (30)
584 5241 743 5307 Editi,
784 5259 802 5292 t
833 5240 1143 5298 observare.
1182 5263 1202 5295 ι

382 5384 392 5433 Ι
431 5309 738 5433 (ἔξηβάίιί,
785 5329 805 5363 t
843 5312 1288 5368 commemoratio
1328 5310 1518 5379 Israel,
1565 5309 1744 5367 dimisi
1781 5324 1926 5376 eam,

399 5401 444 5433 ε(
471 5400 482 5433 ι
515 5399 586 5433 el.
627 5401 646 5432 δ
673 5393 780 5433 etc.

361 5393 482 5436 tletlt
515 5393 586 5447 el,
627 5401 646 5432 ι
673 5393 780 5436 etc.

433 5451 548 5522 (252)
593 5451 749 5505 Facti
799 5453 921 5506 estis
972 5451 1102 5506 mihi
1142 5453 1194 5505 in
1241 5453 1574 5515 satietatem,
1627 5461 1732 5506 etc.
1777 5449 1930 5522 Hune

365 5520 662 5595 §cripiurte
691 5523 867 5578 locum
908 5538 1010 5577 nec
1051 5525 1102 5577 iu
1149 5523 1377 5595 Vulgata
1421 5525 1618 5592 reperi,
1662 5537 1762 5576 nec
1794 5521 1935 5591 apud

365 5591 744 5658 Septuaginta.

442 5611 744 5715 ptllaillt'la.
1550 5662 1560 5670 _

577 5663 740 5734 idlli.
773 5681 790 5712 ι
819 5664 908 5731 qui
939 5680 1044 5719 non
1077 5680 1263 5720 sumus
1296 5663 1446 5734 plebs
1473 5662 1585 5716 Det.
1636 5682 1654 5710 ι

440 5725 548 5803 (51)
575 5725 668 5788 llic
699 5725 936 5800 Apestoli
961 5745 1264 5802 contextus,
1289 5725 1308 5787 ἆ
1337 5736 1488 5792 Sicut
1515 5734 1565 5787 in
1590 5735 1724 5789 Osee
1742 5732 1892 5798 dicit,
1919 5751 1937 5784 ι

2047 4808 2228 4875 ediiis,
2259 4825 2358 4866 nec
2389 4813 2442 4865 in
2473 4825 2608 4864 mss.
2637 4810 2838 4863 nostris
2873 4818 3180 4876 comparet;
3226 4809 3320 4862 sed
3367 4808 3596 4877 restitui-

2045 4895 2131 4938 tur
2158 4900 2222 4938 ex
2249 4881 2494 4938 Rabano.
2531 4881 2597 4934 Et
2625 4880 3020 4933 restituendum
3047 4894 3169 4932 eum
3213 4893 3334 4932 esse
3375 4892 3596 4945 sequen-

2042 4955 2114 5008 tia
2147 4955 2313 5007 verba
2363 4952 2622 5012 indicant,
2663 4967 2682 5000 ι
2723 4948 3119 5003 Testimonium
3163 4963 3295 5002 sane
3334 4949 3436 5003 hoc
3465 4948 3596 5016 quod

2039 5025 2106 5078 de
2133 5023 2274 5078 Osee
2299 5023 2528 5076 assumit
2553 5019 2870 5088 Apostolus,
2911 5038 2928 5069 ι
2966 5029 3094 5082 etc.,
3128 5034 3250 5088 qua:
3284 5021 3450 5072 verba
3489 5017 3596 5071 nul-

2039 5093 2254 5148 latentis
2278 5092 2468 5146 referri
2504 5099 2729 5159 possunt
2756 5090 2821 5142 ad
2854 5093 3248 5158 praecedentem
3286 5099 3591 5143 contextum

2046 5184 2066 5216 ‹
2127 5164 2183 5219 Si
2245 5164 2389 5217 enim
2449 5161 2592 5215 Deus
2646 5160 2985 5214 naturalibus
3041 5160 3207 5213 ramis
3256 5175 3363 5213 non
3418 5173 3598 5228 peper-

2039 5235 2165 5298 cit,»
2199 5246 2330 5298 etc.,
2361 5241 2546 5302 utpote
2575 5231 2666 5300 qui
2705 5246 2772 5284 ex
2805 5232 2945 5284 Osee
2976 5231 3196 5283 miuitue
3232 5229 3544 5284 assumitur.

2112 5305 2225 5374 (55)
2259 5299 2680 5374 Editi,tipsius
2718 5303 3024 5372 prophetat;
3071 5319 3091 5351 ι
3133 5310 3188 5354 et
3219 5311 3426 5370 postea,
3459 5317 3478 5350 ι
3515 5299 3597 5352 sed

1999 5427 2010 5438 .
2037 5377 2104 5432 de
2123 5373 2245 5442 ipso
2263 5373 2425 5428 Israel
2451 5373 2578 5442 dici.
2605 5389 2623 5422 ι

2111 5440 2225 5515 (36)
2266 5446 2358 5498 Sic
2399 5459 2501 5498 ms.
2543 5440 2937 5515 R_egius_num.
2982 5441 3331 5496 I659.'Editi
3385 5455 3522 5515 vero,
3550 5450 3595 5492 et

2053 5509 2186 5572 mss.
2207 5509 2486 5584 quidam,
2513 5532 2531 5564 ι
2572 5509 2647 5564 Et
2674 5512 2821 5584 addit
2869 5523 2986 5582 post
3025 5517 3180 5584 ihwe,
3213 5531 3238 5584 ί»
3274 5522 3381 5566 etc.
3433 5509 3594 5564 Raba-

2052 5583 2250 5660 nns,_(
2273 5586 2343 5660 Et
2369 5583 2579 5660 addidit
2610 5583 2892 5660 propheta,
2919 5594 2974 5639 et
3007 5583 3142 5639 dicit
3171 5601 3184 5636 :
3212 5583 3277 5636 Et
3301 5585 3425 5647 erit,
3456 5599 3474 5634 ι
3499 5593 3575 5634 etc

2120 5657 2232 5726 ('57)
2262 5655 2396 5726 Nos.
2425 5654 2587 5726 Deest
2609 5653 2664 5726 in
2687 5653 2868 5708 editis.

2119 5725 2230 5799 (38)
2264 5725 2428 5791 Editi,
2459 5743 2479 5776 ι
2518 5725 2737 5779 dicitur.
2776 5737 2795 5778 ι
