3692 6138
53 255 195 311 1153

1035 261 1391 317 COMMENT.
1434 262 1499 317 IN
1539 263 1760 320 EPIST.
1803 265 1894 319 AD
1929 264 2096 323 ROM.
2136 266 2266 322 LIB.
2309 266 2424 322 VII.

3205 273 3346 330 “Si

51 381 229 434 Isaias
262 399 279 435 :
315 381 443 439 Nisi
475 384 734 441 Dominus
765 385 1004 441 Sabaoth
1046 387 1355 456 reliquisset
1390 387 1547 441 nobis
1587 401 1674 442 se-
1701 393 1748 451 Α
1777 402 1871 459 ges
1897 388 2182 444 Dominum
2215 389 2384 445 Deum
2415 400 2564 445 tuum
2594 406 2659 447 ex
2689 399 2801 447 toto
2833 391 2997 448 corde
3037 401 3150 456 tuo.
3191 403 3248 449 et
3278 411 3348 449 ex

51 489 205 542 men,
255 478 423 532 sicut
479 478 712 534 Sodoma
771 478 898 534 facti
946 495 1214 543 essemus,
1263 489 1316 535 et
1365 481 1508 535 sicut
1554 478 1665 535 Go-

52 570 292 624 morrba
357 571 574 627 similes
615 572 926 628 fuissemus.
987 573 1124 639 Quid
1179 589 1310 644 ergo
1374 574 1666 630 dicemus?

51 660 217 726 Quod
248 672 482 732 gentes,
513 679 634 734 quae
657 680 766 720 non
801 666 1152 720 sectabantur
1186 663 1480 734 justitiam,
1508 681 1660 722 com-

53 753 493 822 prehenderunt
543 757 848 827 justitiam;
892 758 1161 826 justitiam
1203 767 1389 813 autem
1428 775 1551 831 qua:
1591 778 1658 817 et

56 849 166 903 fide
197 858 314 904 est.
364 851 538 904 Israel
565 860 748 905 autem
783 862 1000 906 sectans
1027 850 1200 919 legem
1223 850 1468 920 iustitiae,
1497 853 1552 908 in
1579 855 1660 909 Ie-

57 957 183 1011 gem
227 958 347 995 non
390 941 658 1012 pervenit.
694 942 914 1010 Quare?
952 943 1088 1008 Quia
1134 958 1240 997 non
1287 959 1350 998 ex
1396 943 1526 1004 fide.
1566 947 1660 1000 sed

57 1034 219 1103 quasi
260 1051 334 1090 ex
366 1037 626 1105 operibus
665 1033 1010 1091 offenderunt
1048 1037 1102 1089 in
1139 1036 1371 1104 lapidem
1404 1035 1661 1093 offensio-

61 1130 170 1190 nis,
222 1130 379 1181 sicut
416 1127 675 1196 scriptum
716 1135 801 1181 est
839 1144 853 1179 :
897 1125 1042 1182 Ecce
1073 1142 1216 1196 pono
1250 1129 1304 1181 in
1354 1127 1484 1184 Sion
1523 1128 1660 1198 lapi-

61 1221 184 1274 dem
209 1217 570 1280 offensionis,
597 1226 652 1272 et
683 1225 891 1286 petram
933 1217 1174 1271 scandali
1205 1236 1220 1272 :
1253 1228 1310 1273 et
1347 1219 1438 1286 qui
1478 1220 1657 1274 credit

61 1311 116 1367 in
150 1327 306 1373 eum,
340 1325 458 1364 non
499 1310 781 1364 erubescet
822 1308 890 1362 ⁸⁸.
943 1328 961 1360 ι
1009 1309 1369 1379 Posteaquam
1424 1326 1518 1380 per
1561 1311 1656 1366 Dei

65 1402 412 1472 sapientiam
442 1417 602 1472 quam
655 1400 892 1471 loquitur
927 1400 1038 1473 (39)
1079 1401 1280 1456 Paulus
1333 1403 1475 1457 inter
1532 1419 1658 1473 per-

61 1495 235 1550 fectos
277 1495 352 1560 ⁵¹,
399 1501 610 1548 secreta
650 1505 704 1548 et
751 1493 1065 1550 abscondita
1126 1494 1324 1550 divinae
1372 1495 1660 1564 dispensa-

60 1587 227 1639 tionis
253 1585 542 1655 exposuit,
585 1595 644 1640 et
671 1587 906 1641 ostendit
932 1601 1038 1656 qua
1088 1586 1300 1640 ratione
1349 1601 1528 1655 quove
1561 1601 1656 1640 or-

60 1677 185 1730 dine
209 1677 296 1730 vel
343 1678 489 1732 iram
517 1677 658 1733 Deus
689 1679 938 1734 ostendat
965 1680 1018 1734 in
1057 1679 1206 1734 vasis
1237 1680 1353 1747 ira,
1399 1681 1483 1736 vel
1518 1681 1656 1735 divi-

61 1773 167 1824 tias
220 1769 422 1839 gloriae
467 1785 580 1825 sua:
615 1771 668 1824 in
715 1770 863 1825 vasis
916 1771 1304 1826 misericordiae
1333 1789 1347 1826 :
1379 1783 1434 1826 et
1469 1773 1654 1826 docuit
1687 1765 1730 1825 Β
1755 1764 1873 1822 Non
1948 1767 2086 1822 dixit
2147 1784 2163 1822 :

61 1863 205 1932 quod
236 1877 341 1917 vas
376 1863 475 1918 ira:
504 1862 596 1918 fiat
626 1865 998 1935 unusquisque
1040 1877 1108 1917 ex
1160 1879 1225 1917 eo
1257 1865 1400 1933 quod
1433 1879 1528 1933 per
1556 1865 1654 1917 du-

61 1955 243 2007 ritiam
291 1971 456 2010 suam
496 1965 552 2010 et
597 1969 692 2012 cor
740 1956 1090 2026 impaenitens
1149 1956 1475 2010 thesaurizet
1537 1955 1654 2026 (40)

65 2044 163 2098 sibi
196 2044 303 2114 ipsi
346 2045 491 2099 iram
528 2045 582 2099 in
610 2047 697 2102 die
725 2045 822 2101 im
857 2047 932 2112 ⁵¹;
966 2061 1091 2100 vasa
1132 2055 1313 2129 auten}
1347 2047 1656 2101 misericor-

65 2135 168 2189 dia:
197 2137 314 2190 sint
338 2137 396 2191 bi
429 2137 518 2206 qui
554 2151 615 2192 se
648 2139 1064 2192 emundaverint
1093 2138 1160 2192 ab
1189 2137 1295 2202 his,
1319 2147 1376 2192 et
1403 2139 1467 2191 ad
1491 2151 1655 2191 onnie

68 2241 204 2294 opus
239 2228 456 2282 bonum
500 2231 930 2298 prarparaverint
963 2229 1010 2261 ⁸³
1044 2247 1058 2284 :
1102 2244 1244 2284 nunc
1281 2237 1343 2284 ut
1391 2229 1506 2284 haec
1539 2229 1652 2299 ipsa

70 2318 276 2386 majore
322 2322 660 2376 auctoritate
701 2321 1012 2386 confirmet,
1053 2322 1218 2376 etiam
1269 2323 1322 2376 in
1373 2321 1654 2392 prophetis

71 2410 222 2463 docet
265 2409 391 2466 hac
449 2425 574 2466 esse
607 2412 922 2480 pratscripta
969 2409 1124 2481 (ﬂ):
1161 2430 1180 2463 ι
1213 2410 1402 2476 Isaias,
1455 2412 1651 2481 inquit,

70 2501 269 2556 clamat
335 2517 440 2572 pro
506 2503 722 2559 Israel:
762 2504 819 2558 Si
868 2504 1033 2559 fuerit
1097 2519 1355 2559 numerus
1417 2503 1650 2558 filiorum

74 2593 234 2648 Israel
260 2603 524 2662 tanquam
556 2611 717 2649 arena
747 2596 934 2656 maris,
959 2595 1202 2666 reliquiae
1224 2595 1391 2650 salvae
1422 2596 1571 2649 fient.
1624 2612 1643 2645 ο

73 2685 377 2744 Providens
402 2689 607 2744 etenim
630 2690 696 2746 de
722 2687 922 2744 futuris
946 2689 1230 2758 propheta,
1260 2689 1474 2742 videbat
1503 2687 1647 2758 quod

73 2777 282 2846 plurimi
308 2796 378 2834 ex
409 2779 599 2844 Israel,
642 2791 695 2834 et
732 2781 785 2834 hi
827 2783 1062 2837 maxime
1111 2782 1202 2851 qui
1251 2795 1431 2836 arena:
1482 2779 1652 2833 maris

74 2881 483 2940 comparantur,
531 2886 627 2939 per
653 2873 907 2927 duritiam
945 2888 1100 2928 suam
1141 2881 1196 2928 et
1242 2887 1340 2926 cor
1392 2871 1644 2939 impaeni-

78 2969 190 3015 tens
221 2961 267 2993 “
298 2960 469 3017 futuri
504 2970 658 3018 erant
705 2979 871 3018 cvasa
929 2965 1022 3019 ira:
1063 2972 1244 3034 aptata
1288 2965 1354 3018 ad
1385 2963 1650 3032 perditio-

79 3068 216 3117 nem,
256 3073 276 3106 ι
304 3071 413 3110 non
450 3056 740 3111 credentes
771 3057 896 3112 vitae
918 3071 1052 3120 suae,
1083 3059 1178 3111 sed
1214 3056 1499 3111 Dominum
1527 3070 1644 3109 ma-

70 3145 277 3211 jestatis
309 3147 692 3218 crucifigentes
745 3146 808 3202 ⁵⁵.
885 3168 903 3200 ι
939 3149 994 3202 Si
1017 3165 1172 3220 ergo,
1207 3149 1402 3218 inquit,
1435 3148 1640 3202 fuerint

80 3246 324 3308 tanquam
357 3253 527 3294 arena
563 3239 748 3301 maris,
779 3240 1019 3310 reliquiae
1047 3239 1208 3296 salvae
1232 3240 1381 3295 fient.
1413 3259 1432 3291 ι
1455 3239 1530 3294 Illi
1549 3239 1642 3309 qui

77 3341 177 3380 non
214 3329 520 3392 salvantur,
572 3340 830 3399 tanquam
880 3345 1045 3385 arena
1096 3332 1264 3386 maris
1311 3341 1473 3398 sunt;
1517 3331 1644 3386 reli-

77 3419 207 3485 quiae
243 3435 374 3475 vero
407 3436 528 3490 quae
569 3420 730 3476 salva:
774 3420 926 3488 fient,
979 3431 1239 3493 tanquam
1297 3422 1467 3478 stellae
1515 3421 1642 3478 cteli

78 3522 217 3565 sunt.
271 3512 579 3583 Utrumque
645 3514 846 3568 etenim
913 3515 1330 3583 promissionis,
1398 3530 1518 3585 qua:
1573 3517 1641 3571 ad

78 3604 339 3660 Abraham
389 3605 532 3662 facta
594 3619 700 3668 est,
743 3607 983 3661 continet
1027 3623 1210 3662 sermo
1242 3607 1402 3678 (42):
1443 3628 1462 3660 ι
1507 3609 1638 3673 Erit,

79 3694 261 3763 inquit,
321 3712 507 3754 semen
549 3707 701 3752 tuum
744 3700 888 3754 sicut
928 3715 1094 3754 arena
1163 3702 1354 3764 maris,
1395 3709 1453 3755 et
1497 3701 1638 3755 sicut

77 3786 235 3842 stella:
257 3789 475 3846 cali".
523 3809 542 3842 ι
583 3791 650 3845 Ει
682 3790 786 3846 hoc
805 3801 889 3845 est
921 3792 1064 3861 quod
1105 3791 1283 3845 dicit:
1334 3811 1353 3844 ι
1405 3790 1637 3846 Verbum

78 3878 208 3931 enim
240 3896 628 3937 consummans
672 3893 726 3936 et
770 3885 1026 3939 brevians
1072 3885 1124 3938 in
1177 3885 1475 3954 aequitate:
1510 3886 1637 3954 quia

79 3971 289 4026 verbum
320 3975 622 4028 breviatum
667 3975 834 4030 faciet
872 3977 1134 4032 Dominus
1159 3991 1324 4045 super
1357 3987 1578 4034 terram.
1611 3997 1631 4030 ι

79 4059 302 4118 Verbum
341 4055 672 4130 breviatum,
722 4067 812 4121 ubi
865 4067 1018 4121 multi
1069 4067 1247 4122 vocati
1286 4077 1436 4135 sunt,
1479 4069 1636 4138 pauci

81 4162 247 4208 autem
279 4156 435 4212 electi
463 4157 535 4212 ⁸⁷.
562 4157 856 4212 Possumus
889 4169 1068 4214 autem
1094 4167 1150 4212 et
1181 4160 1344 4214 totius
1377 4160 1638 4215 doetrinae

81 4240 286 4296 vcrhnm
329 4246 510 4300 dicere
561 4247 884 4312 breviatum,
927 4259 986 4302 nt
1031 4249 1176 4314 quod
1229 4251 1378 4318 prius
1422 4250 1528 4304 Lex
1582 4261 1638 4307 et

79 4327 343 4400 Propheta:
392 4339 742 4392 continebant
800 4339 854 4393 in
898 4339 1182 4395 latitudine
1217 4355 1630 4409 praeceptorum,

1773 486 1884 534 tota
1916 480 2094 534 anima
2130 489 2240 542 tua,
2273 490 2329 534 et
2359 495 2424 535 ex
2464 481 2592 536 totis
2620 483 2825 538 viribus
2865 485 2972 540 tuis
3001 501 3017 539 :
3058 496 3114 540 et
3147 486 3337 556 proxi-

1769 585 1918 624 mum
1959 579 2108 625 tuum
2140 572 2282 626 sicut
2314 572 2567 638 teipsum.
2599 572 2658 627 In
2706 573 2791 628 his
2831 575 3039 629 duobus
3075 576 3374 644 mandatis,

1769 663 1944 718 omnis
1972 660 2080 716 Lex
2117 663 2312 732 pendet
2343 671 2397 716 et
2429 661 2710 731 Propheta
2732 663 2807 731 ‘3;
2838 684 2858 717 ι
2884 664 2938 720 in
2966 679 3074 735 quo
3117 657 3376 720 eviden-T

1773 763 1855 809 ter
1907 752 2204 822 Prophetas
2249 763 2304 808 et
2354 754 2551 824 Legem
2596 756 2807 811 duobus
2863 758 2949 813 his
2986 756 3373 838 sermonibus

1767 842 2053 900 breviavit.
2089 843 2271 900 Potest
2309 854 2364 899 et
2394 862 2413 896 ι
2446 846 2668 900 verbum
2697 847 2995 902 breviatum
3026 865 3045 899 ι
3077 849 3181 902 dici
3212 845 3370 904 lides'

1767 937 1995 1006 symboli
2034 952 2154 1006 quae
2213 935 2560 992 credentibus
2604 937 2856 1002 traditur,
2907 939 2961 992 in
3011 954 3119 1010 qua
3180 941 3346 997 totius

1767 1025 2008 1095 mysterii
2045 1042 2256 1082 summa
2309 1028 2497 1097 paucis
2535 1041 2780 1082 connexa
2837 1030 3181 1086 sermonibus
3227 1031 3343 1103 (45)

1765 1120 2092 1175 continetur.
2133 1138 2153 1172 ι
2210 1120 2277 1174 Et
2323 1121 2462 1177 sicut
2524 1123 2797 1194 praedixit,
2855 1124 3050 1193 inquit,
3122 1123 3340 1182 Isaias:

1766 1212 1878 1268 Nisi
1937 1211 2197 1268 Dominus
2255 1213 2493 1270 Sabaoth
2563 1216 2873 1286 reliquisset
2920 1216 3075 1270 nobis
3130 1231 3341 1282 semen,

1764 1302 1908 1358 sicut
1943 1301 2176 1358 Sodoma
2217 1305 2344 1358 facti
2377 1319 2647 1370 essemus,
2669 1317 2720 1360 et
2750 1307 2890 1360 sicut
2935 1305 3239 1362 Gomorrba
3269 1309 3343 1362 si-

1764 1395 1922 1449 miles
1948 1394 2258 1451 fuissemus.
2288 1415 2307 1448 ι
2332 1397 2485 1463 Quod
2513 1413 2696 1452 semen
2724 1397 2890 1452 Isaias
2907 1413 2935 1451 a
2965 1399 3190 1454 Domino
3210 1399 3343 1456 dicit

1763 1487 2116 1543 derelictum?
2147 1489 2279 1544 Illud
2331 1490 2451 1545 sine
2490 1489 2654 1546 dubio
2685 1491 2830 1561 quod
2877 1491 3018 1546 idem
3049 1492 3342 1563 Apostolus

1762 1579 1980 1650 exponit
2035 1581 2089 1636 in
2129 1582 2275 1647 aliis,
2335 1597 2458 1637 cum
2505 1582 2640 1636 dicit
2682 1582 2751 1638 ad
2800 1584 3080 1638 Abraham
3127 1585 3334 1640 dictum

1761 1687 1980 1728 essen
2017 1671 2137 1728 Tibi
2191 1673 2334 1727 dabo
2386 1683 2584 1727 terram
2647 1672 2810 1735 hanc.
2862 1681 2919 1728 et
2967 1675 3164 1729 semini
3221 1685 3337 1734 tuo.

2230 1766 2300 1822 Et
2368 1766 2700 1832 seminibus,
2777 1767 2929 1837 quasi
3006 1767 3058 1822 in
3120 1768 3335 1836 multis;

1755 1861 1882 1925 sed,
1913 1859 2106 1915 semini
2155 1868 2276 1925 tuo,
2333 1869 2589 1930 tanquam
2626 1860 2677 1913 in
2710 1875 2841 1926 uno,
2897 1861 2987 1929 qni
3035 1871 3124 1916 est
3173 1862 3335 1916 Chri-

1755 1963 1874 2007 stus
1889 1952 1956 2009 ".
1981 1971 2000 2004 ι
2030 1951 2140 2007 Hoc
2161 1961 2244 2007 est
2265 1966 2393 2024 ergo
2421 1952 2564 2020 quod
2607 1951 2719 2023 (44)
2762 1952 2896 2007 dicit
2934 1949 3101 2008 Isaias
3129 1967 3144 2007 :
3169 1953 3339 2025 619

1760 2043 1914 2100 «Nisi
1948 2042 2209 2101 Dominus
2241 2044 2551 2114 reliquisset
2595 2045 2750 2098 nobis
2800 2058 3013 2109 semen,
3039 2063 3059 2098 ι
3125 2046 3178 2100 id
3221 2056 3328 2110 est.

1755 2136 1858 2192 nisi
1891 2135 2132 2191 dedisset
2153 2135 2310 2190 nobis
2327 2135 2605 2190 Christum
2635 2144 2693 2188 ut
2717 2150 2782 2188 ex
2812 2135 2972 2189 nobis
2993 2145 3334 2200 nasceretur,

1761 2247 1781 2280 ι
1809 2227 1952 2284 sicut
1981 2227 2218 2282 Sodoma
2267 2226 2561 2282 fuissemus
2582 2227 2649 2294 ⁸ο,
2676 2244 2696 2278 ›
2751 2238 3016 2296 quantum
3047 2229 3112 2282 ad
3142 2228 3336 2296 impie-

1756 2321 1885 2375 tatis
1921 2319 2346 2392 magnitudinem
2391 2330 2624 2388 spectat,
2674 2321 2776 2374 nisi
2829 2323 2954 2389 qnia
3006 2335 3062 2377 et
3115 2324 3336 2392 gravius

1753 2411 1956 2482 aliquid
1990 2413 2132 2481 apud
2164 2411 2442 2466 Israelitas
2471 2422 2682 2482 gestum
2731 2423 2836 2464 est.
2873 2411 3010 2468 Nam
3040 2414 3335 2470 Sodomita:

1754 2505 1808 2558 in
1841 2505 2080 2573 hospites
2113 2505 2301 2558 incesti
2339 2503 2656 2558 referuntur
2705 2504 2817 2574 (45)
2864 2515 2918 2559 et
2967 2506 3227 2575 impudici
3252 2508 3328 2574 ⁶¹;

1753 2596 1979 2664 popqus
2024 2611 2154 2650 vero
2185 2595 2347 2649 Israel
2383 2596 2436 2650 in
2479 2611 2604 2650 eum
2639 2597 2936 2667 sacrilegus
2981 2599 3189 2653 exstitit
3236 2601 3330 2670 qui

1751 2703 1876 2742 cum
1915 2686 2174 2741 Dominus
2207 2684 2507 2755 majeSIatis
2557 2687 2650 2753 sit,
2686 2687 2855 2742 frater
2896 2704 3086 2743 eorum
3128 2691 3243 2762 (46)
3274 2703 3331 2748 et

1751 2779 1854 2832 dici
1889 2779 2056 2833 voluit
2087 2789 2142 2833 et
2173 2794 2313 2834 esse.
2369 2779 2482 2832 Nisi
2510 2794 2640 2847 ergo
2673 2795 2856 2834 semen
2892 2781 3033 2836 istud
3065 2782 3332 2840 Dominus

1752 2871 2082 2940 reliquisset,
2114 2885 2210 2940 per
2231 2870 2372 2940 quod
2405 2871 2646 2942 reliquiae
2671 2873 2832 2927 salva:
2863 2874 3077 2940 fierent,
3113 2887 3168 2931 et
3197 2891 3325 2932 vasa

1750 2963 2138 3019 misericordiae
2198 2964 2574 3029 salvarentur,
2630 2964 2908 3021 interisset
2942 2967 3171 3036 populus
3232 2969 3325 3026 ille

1749 3066 1810 3112 ut
1841 3057 2101 3112 Sodoma.
2151 3057 2214 3112 Et
2261 3066 2444 3112 tamen
2482 3072 2590 3112 non
2636 3061 2810 3112 Otiose
2850 3059 3018 3116 Isaias
3049 3081 3068 3113 ι
3091 3076 3272 3117 semen
3300 3081 3322 3116 ι

1749 3144 2048 3199 nominavit
2094 3145 2237 3214 quod
2271 3145 2517 3199 relictura
2548 3155 2651 3201 est.
2696 3146 2895 3203 Semen
2925 3165 3160 3221 namque
3189 3153 3326 3206 dici-

1749 3247 1836 3291 tur
1861 3239 2002 3308 quod
2050 3239 2355 3293 seminatur
2401 3240 2453 3293 in
2487 3248 2654 3305 terra,
2685 3250 2741 3294 et
2785 3241 3025 3297 fructum
3059 3244 3324 3316 multipli-

1745 3343 1865 3383 cem
1900 3329 2076 3382 reddit
2127 3344 2142 3382 :
2191 3333 2398 3384 docens
2445 3343 2544 3398 per
2589 3331 2713 3393 hoc,
2741 3331 2903 3384 etiam
2934 3332 3210 3389 Christum
3238 3351 3326 3390 se-

1746 3423 2063 3501 mipandnm
2114 3435 2256 3488 esse,
2307 3421 2360 3476 id
2393 3431 2478 3476 est
2509 3423 2878 3492 sepeliendum
2921 3441 3040 3481 esse
3069 3429 3120 3481 in
3151 3437 3319 3497 terra,

1742 3525 1796 3567 et
1829 3513 1953 3567 inde
1979 3524 2349 3584 resurgentem
2369 3515 2600 3569 fructum
2623 3516 2912 3584 plurimum
2947 3521 3108 3576 totius
3127 3521 3320 3579 Eccle-

1745 3605 1840 3658 siae
1867 3603 2228 3658 multitudinis
2251 3605 2612 3675 prolaturum,
2645 3607 2785 3662 sicut
2816 3619 2873 3665 et
2916 3613 3030 3680 ipse
3060 3613 3320 3669 Dominus

1742 3697 1916 3752 dicit:
1953 3714 1972 3748 ι
1995 3695 2108 3752 Nisi
2135 3712 2363 3765 granum
2411 3697 2664 3753 frumenti
2700 3701 2752 3754 in
2793 3711 2996 3756 terram
3038 3706 3314 3768 ceciderit,

1740 3797 1797 3842 et
1817 3797 2085 3843 mortuum
2112 3787 2296 3854 fuerit,
2325 3789 2556 3846 fructum
2583 3808 2687 3848 non
2716 3793 2872 3848 affert
2901 3796 3043 3865 (47);
3062 3797 3106 3850 si
3139 3805 3316 3854 autem

1740 3891 2014 3936 mortuum
2047 3880 2228 3950 fuerit,
2260 3883 2493 3938 fructum
2528 3883 2818 3954 plurimum
2847 3885 3006 3941 affert
3020 3889 3085 3945 ".
3122 3908 3142 3940 ι

1815 3993 1834 4026 ι
1857 3973 1994 4040 Quid
2019 3989 2147 4044 ergo
2169 3973 2445 4030 dicemus?
2474 3977 2626 4042 Quod
2653 3987 2843 4046 gentes
2867 3993 2986 4047 quae
3007 3994 3111 4034 non
3141 3993 3310 4036 secta.

1740 4065 2248 4134 banturjustitiam,
2286 4068 2820 4136 comprehenderunt
2849 4068 3116 4137 justitiam
3156 4072 3312 4142 (48);

1732 4159 2000 4228 justitiam
2037 4169 2218 4214 autem
2251 4174 2374 4229 qua:
2407 4176 2473 4214 ex
2507 4161 2611 4216 tide
2640 4172 2725 4218 est
2747 4163 2815 4218 ⁸³.
2841 4182 2861 4216 ι
2902 4162 3163 4220 Videatur
3193 4166 3308 4221 for-

1740 4255 1902 4308 tassis
1932 4253 2034 4308 hoc
2065 4254 2394 4307 contrarium
2425 4269 2550 4310 esse
2582 4255 2663 4311 vel
2697 4256 2802 4312 illis
2831 4259 2898 4312 de
2925 4259 3123 4328 quibus
3149 4276 3308 4329 supra

1739 4345 1998 4406 diximus,
2041 4345 2184 4412 quod
2232 4346 2604 4416 unusquisque
2633 4349 2890 4404 emundet
2919 4365 2979 4406 se
3019 4361 3074 4407 et
3110 4367 3314 4422 expur-

77 4426 284 4481 veniens
316 4429 576 4485 Dominus
623 4435 1022 4500 pronuntiaret.
1053 4442 1107 4486 et
1141 4433 1348 4490 direret
1378 4454 1390 4488 :
1430 4453 1447 4485 ι
1500 4435 1628 4490 υίιι.
1663 4451 1708 4506 ι)
1735 4444 1842 4507 get,
1875 4446 1935 4490 ut
1965 4437 2060 4490 fiat
2085 4452 2181 4492 vas
2215 4436 2368 4500 utile,
2409 4448 2464 4493 et
2498 4455 2595 4496 vas
2619 4441 3008 4499 misericordia
3041 4463 3057 4500 :
3089 4446 3173 4500 vel
3203 4447 3311 4503 illis

138 4585 182 4655 ιι
206 4585 354 4644 Rom,
390 4605 466 4652 ιι,
498 4589 567 4642 2'7
602 4601 719 4655 seq.
827 4586 870 4618 ³¹
907 4587 920 4640 l
955 4586 1080 4641 Cor.
1141 4605 1201 4649 ιι.
1235 4588 1287 4645 6.

1386 4592 1431 4622 ⁵⁸
1468 4591 1622 4647 Iliun.
1679 4608 1744 4654 tl,
1781 4592 1834 4649 5.

1930 4593 1976 4627 ⁸³
2009 4592 2051 4648 II
2083 4595 2292 4659 'I‘im.tt,
2321 4598 2413 4653 21.
2505 4598 2552 4630 “
2591 4598 2747 4655 Rom.
2783 4616 2845 4660 II.
2877 4602 2934 4657 5.
3038 4605 3084 4637 "
3119 4605 3135 4659 I
3176 4604 3307 4664 Cor.

83 4654 232 4743 {lle-8..
275 4659 320 4690 ⁸⁸
347 4659 656 4743 (aerugini,
685 4654 776 4709 17.
856 4657 1129 4743 πτωδίειεξιιἒ
1175 4676 1311 4721 xxn.
1352 4661 1486 4743 14.“
1517 4663 1562 4694 ⁵⁸
1593 4663 1707 4743 yet

1803 4681 1875 4728 ιι,
1923 4666 2209 4743 δξιιηιιιι.
2248 4654 2499 4738 x'xn,37,
2531 4671 2622 4735 39,
2653 4654 2743 4725 to.
2821 4654 3066 4730 iveatai.
3097 4654 3303 4743 εἰμ’ῐᾶ

80 4723 118 4753 ⁸ο
143 4724 253 4780 lsai.
291 4745 330 4791 I,
363 4730 428 4809 9..
493 4731 535 4761 “
564 4727 700 4783 Gen.
747 4744 857 4794 xtx,
893 4727 944 4781 5.
1025 4731 1068 4760 ⁸⁸
1101 4729 1256 4784 Joan.
1295 4746 1390 4794 xit,
1423 4731 1514 4786 24.
1592 4734 1636 4764 ⁵³
1670 4733 1829 4788 Rom.
1861 4723 1938 4802 ix,
1973 4725 2064 4792 30.

143 4823 245 4892 ('59)
273 4825 615 4888 Salodianus,
665 4845 684 4877 ι
723 4826 918 4898 Postea
937 4842 1070 4898 qua:
1117 4842 1214 4895 per
1260 4827 1350 4898 Dei
1405 4832 1623 4898 sapien-

83 4890 370 4970 tiamgnam
408 4898 664 4970 loquitur,
699 4915 718 4970 ι
754 4907 862 4970 etc.
906 4890 1185 4960 Merlintis,
1222 4916 1253 4970 ε
1280 4890 1623 4970 Ροέιθιίψιω

81 4975 169 5036 per:
205 4963 291 5020 Dei
334 4963 651 5036 sapientiam
697 4967 956 5036 loquitur,
998 4987 1017 5018 ι
1063 4978 1169 5020 etc.
1215 4963 1618 5034 Genebrard'us,

87 5048 103 5081 ί
145 5032 489 5107 Posteaquam
519 5054 614 5107 per
649 5037 740 5090 Dei
765 5032 1085 5104 sapientiam
1119 5039 1352 5100 locutus,
1392 5057 1410 5088 ι
1439 5049 1546 5094 etc.

139 5102 243 5176 (40)
291 5102 466 5172 Editi,
521 5102 547 5158 ἰ
605 5102 961 5170 thesaurizat,
1013 5127 1033 5159 ι
1087 5117 1142 5162 et
1184 5110 1444 5162 omittunt
1493 5126 1618 5165 cum

82 5184 199 5248 ipss.
238 5176 524 5248 plerisque,
563 5195 581 5227 ι
619 5177 741 5246 ipsi,
774 5197 793 5228 ι
827 5186 901 5240 et,
944 5196 963 5228 ι
999 5179 1052 5231 in
1085 5179 1173 5232 die
1201 5180 1314 5232 irae.
1359 5197 1380 5228 ι
1415 5179 1619 5235 Deinde

83 5241 220 5318 iidem
239 5241 368 5302 editi
403 5241 604 5303 habent
627 5241 654 5312 ,⁷
685 5266 703 5298 ι
729 5241 864 5300 sunt
900 5249 955 5301 hi
983 5248 1074 5318 qui
1100 5263 1160 5304 se
1185 5249 1622 5306 emundaverunt

85 5307 251 5387 “bills.
279 5327 420 5374 ειη..
453 5307 942 5387 praeparaverunt.»

143 5379 247 5451 (II)
275 5387 370 5443 Ms.
413 5379 639 5457 unus.‘
688 5389 853 5440 etiam
899 5389 952 5441 in
1008 5389 1268 5457 propheta
1319 5389 1475 5446 docet
1513 5391 1618 5446 hoc

85 5461 187 5528 esse
220 5459 497 5528 scriptum.
537 5475 557 5508 ι
594 5456 736 5511 Editi
778 5471 928 5525 vero,
984 5456 1238 5513 Rabanus
1264 5469 1320 5513 et
1349 5462 1438 5514 alii
1483 5477 1622 5516 mss.

85 5528 131 5602 [It
149 5536 196 5575 In
221 5540 398 5583 nostro
424 5537 594 5602 textu,
626 5528 728 5582 nisi
751 5530 892 5597 quod
918 5529 1049 5584 editi
1074 5529 1342 5585 babeantr
1370 5532 1568 5602 scripta
1589 5549 1609 5584 ι

85 5596 219 5668 Dr9_t_
231 5599 568 5668 praescripta.
604 5616 624 5649 ι

145 5660 359 5738 (42)’81ρ
386 5660 516 5741 mss.
543 5676 599 5722 et
631 5668 910 5726 Rabanus.
942 5671 1084 5727 Editi
1114 5686 1266 5738 vero,
1295 5689 1313 5722 ι
1345 5671 1614 5741 Utrasque

87 5738 209 5786 etum
252 5739 631 5806 promissiones
674 5756 795 5810 quae
833 5746 901 5799 ad
943 5743 1241 5798 Abrahain'
1273 5741 1428 5800 factae
1461 5738 1608 5804 sunt.

1724 4832 1968 4887 continet
1998 4848 2196 4888 sermo.
2245 4854 2264 4886 ι

1800 4902 1916 4974 (45)
1948 4905 2110 4968 Editi,
2146 4925 2162 4955 ι
2198 4907 2382 4974 paucis
2405 4918 2541 4958 nexa
2566 4909 2934 4973 sermonibus,
2965 4930 2983 4962 ι
3015 4921 3122 4966 etc.

1799 4973 1913 5053 (44)
1948 4975 2112 5053 Editi,
2159 4973 2360 5044 «quod
2417 4987 2503 5029 est
2542 4976 2813 5034 Christus.
2869 4980 2985 5036 Non
3035 4997 3167 5053 ergo
3219 4993 3302 5039 est

1723 5043 1892 5102 aliud,
1927 5045 2094 5111 quod,
2125 5063 2144 5097 ›
2174 5043 2280 5100 etc.

1799 5114 1915 5182 (45)
1943 5117 2096 5170 Alias
2128 5135 2145 5166 ι
2174 5115 2414 5172 fuerunt.
2452 5135 2471 5168 ι

1813 5182 1913 5257 ζ46)
1947 5183 2106 5257 Editi,
2145 5205 2164 5236 ι
2201 5196 2352 5257 pater
2378 5201 2588 5241 eorum.
2625 5208 2644 5240 ι

1823 5255 2048 5328 47))18,
2083 5255 2222 5312 unus
2255 5255 2494 5328 Regius,
2546 5275 2566 5309 ι
2599 5259 2774 5328 ipsum
2817 5262 2991 5318 solum
3030 5271 3231 5319 manet.
3270 5281 3292 5318 ι

1727 5325 2111 5395 Λιιθνῐὶθςὶιιε
2143 5343 2292 5381 num.
2318 5325 2478 5392 1659,
2513 5347 2532 5378 ι
2573 5325 2809 5384 fructum
2847 5348 2954 5387 non
2983 5333 3178 5389 aﬂ'eret
3211 5372 3296 5392 ....

1729 5395 1962 5470 fructum
1994 5397 2282 5470 plurimum
2318 5397 2527 5452 aﬂeret.
2569 5418 2588 5450 ι
2643 5401 2748 5454 Sed
2779 5405 2959 5457 caeteri
2992 5419 3155 5470 mss.,
3191 5402 3299 5460 Ra-

1727 5467 1900 5520 banus
1931 5476 1990 5520 et
2015 5467 2144 5520 editi
2178 5477 2238 5524 ut
2261 5467 2312 5520 in
2344 5479 2530 5522 nostro
2561 5479 2732 5525 textu.

1797 5536 1910 5609 (48)
1941 5536 2072 5592 Mss.
2099 5537 2229 5600 duo,
2265 5556 2284 5587 ι
2311 5549 2616 5610 consecutae
2645 5549 2772 5595 sunt
2791 5541 3118 5610 justitianm
3153 5543 3294 5599 Editi

1722 5613 1776 5682 et
1809 5623 1912 5682 nis.
1959 5623 2130 5682 unus,
2181 5627 2199 5658 ι
2258 5609 2735 5677 apprehenderunt
2772 5609 3064 5682 justitiam.
3121 5632 3144 5671 ι
3189 5617 3296 5672 Sed

1723 5675 1982 5735 [tabanus
2014 5689 2073 5741 ut
2101 5680 2154 5740 iu
2185 5675 2374 5738 nostro
2400 5690 2566 5734 textu.
