3692 6138
359 283 499 338 11255

1827 287 2147 343 ORIGENIS

3495 291 3611 344 115!)

304 469 311 485 '
356 422 480 474 quze
527 406 579 458 in
636 404 1016 474 superioribus
1065 405 1444 470 disseruimus,
1508 407 1650 474 quod
1705 407 1939 458 naturali
1969 415 2015 468 Α
2048 407 2098 458 in
2134 421 2279 470 eum,
2329 421 2434 461 non
2483 407 2769 462 erubescet
2803 407 2864 462 “.
2895 427 2914 460 ι
2950 407 3245 477 Apostolus
3270 417 3474 472 autem,
3507 428 3524 458 ι
3550 416 3612 462 la-

355 497 491 566 .lcge,
530 498 580 551 in
606 513 711 567 qua
739 499 856 552 sine
887 499 1052 551 dubio
1081 511 1162 552 est
1183 510 1239 553 et
1259 499 1492 566 iustitia,
1523 508 1744 553 utantur
1774 500 1938 552 etiam

357 600 564 659 gentes.
609 591 889 658 Quomodo
919 607 1052 656 ergo
1083 592 1169 645 hic
1200 592 1328 646 dicit
1361 593 1489 661 quia
1545 610 1564 642 ‹
1591 601 1786 662 gentes
1817 606 1940 660 quae

345 699 461 738 «non
503 683 858 737 sectabantur
909 682 1202 751 justitiam,
1251 686 1779 753 comprehenderunt
1825 684 1938 754 (49)

347 772 698 843 justitiam?»
746 775 877 828 Vide
908 791 1037 844 ergo
1089 776 1132 828 si
1188 776 1288 829 hoc
1327 777 1488 830 modo
1529 791 1822 845 possumus
1863 791 1942 831 re-

355 867 644 934 spondere.
688 867 845 919 Aliud
899 878 980 920 est
1032 868 1255 931 sectari,
1304 868 1450 921 aliud
1499 869 1722 921 insitum
1769 869 1936 921 habe-

355 971 416 1011 re
447 957 581 1026 (50).
640 957 851 1012 Sectari
906 958 1107 1012 dicitur
1162 959 1250 1013 ille
1297 965 1384 1028 qui
1424 974 1520 1029 per
1546 960 1847 1014 doctrinam
1882 970 1936 1015 et

359 1049 649 1104 lectionem
688 1050 910 1103 multam
943 1051 1155 1119 assequi
1188 1050 1392 1120 aliquid
1424 1053 1573 1120 cupit
1605 1069 1618 1104 :
1647 1052 1791 1106 unde
1817 1059 1872 1105 et
1903 1067 1932 1105 a

360 1143 620 1196 sectando
653 1153 821 1195 sectae
865 1143 1146 1210 appellatae
1172 1153 1298 1196 sunt
1332 1143 1637 1210 ltujusmodi
1677 1144 1935 1197 doctrinm

353 1250 474 1304 qua:
529 1236 807 1288 hominmn
859 1235 1149 1289 traditione
1199 1237 1505 1290 discuntur.
1551 1237 1756 1292 Gentes
1803 1252 1932 1307 ergo

355 1327 469 1397 (5|)
511 1327 634 1396 quia
682 1327 850 1396 legem
881 1327 1077 1380 tabulis
1122 1327 1204 1381 vel
1237 1327 1388 1382 libris
1417 1329 1494 1383 sic
1537 1330 1792 1398 scriptam
1822 1347 1929 1384 non

353 1418 690 1480 habuerunt,
748 1434 852 1472 non
889 1418 1146 1473 dicuntur
1196 1429 1417 1474 sectatte
1447 1436 1566 1477 esse
1611 1421 1874 1492 justitiam
1914 1441 1928 1477 :

353 1510 662 1564 habuerunt
717 1520 892 1564 tamen
947 1511 1186 1574 insitam,
1223 1527 1383 1581 quam
1429 1512 1512 1567 lex
1549 1528 1642 1568 eos
1670 1515 1930 1570 naturalis

352 1601 587 1655 edocuit.
647 1602 850 1656 Idcirco
880 1617 1009 1672 ergo
1039 1604 1265 1671 proximi
1325 1603 1542 1660 fuerunt
1582 1606 1809 1675 justitite
1860 1607 1910 1662 ei

353 1706 475 1758 qua:
509 1707 570 1746 ex
623 1693 724 1748 ﬁde
758 1702 862 1759 est,
897 1693 949 1746 id
986 1703 1089 1758 est,
1136 1694 1375 1750 Christo.
1424 1714 1441 1745 ι
1468 1694 1630 1748 Israel
1682 1711 1810 1750 vero
1839 1711 1926 1750 se-

2047 499 2224 564 pidem
2258 496 2594 562 oﬂ'ensionis,
2623 508 2677 554 et
2705 508 2913 569 petram
2955 501 3222 564 scandali,
3249 520 3267 552 ι
3307 501 3375 555 de
3403 502 3512 555 alio
3542 504 3608 555 lo-

2044 603 2109 642 co
2141 588 2307 658 ipsius
2358 591 2510 644 Isaia!
2543 591 2824 660 propheta:
2870 591 2996 645 huic
3027 592 3345 647 testimonio
3372 593 3610 653 inseruit.

2044 683 2096 734 in
2129 698 2235 750 quo
2267 683 2338 736 ita
2388 684 2653 753 scriptum
2679 693 2763 738 est
2811 702 2827 739 :
2867 705 2886 736 ‹
2909 685 2974 739 Et
3009 703 3113 741 non
3147 696 3408 755 tanquam
3461 685 3611 753 lapidi

2040 771 2356 826 ollensionis
2381 774 2680 828 occurretis
2702 773 2774 838 ei,
2811 789 2986 844 neque
3005 786 3060 828 ut
3093 775 3253 843 lapidi
3285 774 3456 828 ruina;
3496 773 3608 839 ⁶⁶;ι

2039 871 2088 916 et
2125 877 2189 916 ex
2233 873 2463 932 utroque
2515 865 2631 919 loco
2687 880 2982 932 excerpens
3053 882 3172 934 quae
3229 867 3615 921 assertionibus

2037 969 2153 1010 Suis
2209 959 2490 1011 commoda
2555 959 2877 1012 videbantur
2934 959 3139 1027 aptavit
3197 959 3333 1029 (56).
3391 960 3616 1012 Verum-

2037 1051 2220 1098 tamen
2256 1045 2517 1101 Dominus
2545 1046 2726 1108 Jesus,
2755 1063 2918 1117 quem
2951 1049 3216 1117 plurimis,
3249 1052 3343 1118 sed
3377 1051 3536 1104 bonis
3563 1064 3615 1103 et

2041 1136 2372 1191 Salutaribus
2406 1139 2723 1194 nominibus
2773 1142 3088 1209 compellari
3145 1141 3478 1205 invenimus,
3521 1143 3616 1193 mi-

2038 1244 2156 1282 rum
2215 1228 2446 1285 fortasse
2482 1233 2727 1286 videatur
2774 1250 2872 1288 cur
2922 1235 2974 1288 in
3017 1237 3121 1290 hoc
3177 1236 3296 1290 loco
3343 1251 3513 1304 quem
3551 1238 3614 1290 de

2039 1322 2173 1376 Isaia
2202 1326 2462 1392 propheta
2509 1328 2742 1396 sumpsit
2769 1317 3084 1396 Apostolus.
3133 1329 3267 1387 laois
3296 1330 3614 1383 offensionis

2040 1424 2094 1468 et
2127 1425 2276 1483 petra
2310 1418 2550 1471 scandali
2585 1420 2926 1483 nominetur;
2957 1436 3076 1472 cum
3113 1421 3298 1490 utique
3329 1421 3478 1475 bono
3513 1421 3613 1474 Do-

2033 1508 2199 1570 mino,
2237 1515 2290 1561 et
2329 1509 2453 1562 boni
2491 1508 2665 1563 Patris
2712 1509 2850 1565 Filio
2882 1527 3216 1581 qutccunque
3268 1516 3409 1566 bona
3446 1524 3504 1566 et
3527 1529 3615 1566 sa-

2033 1599 2224 1652 lutaria
2255 1599 2370 1669 (57)
2407 1600 2659 1655 videntur
2685 1605 2921 1670 aptanda
2965 1605 3096 1665 sint,
3135 1614 3192 1657 ut
3236 1620 3360 1674 pax,
3414 1617 3475 1657 et
3526 1605 3613 1671 ju-

2035 1693 2202 1758 stitia,
2243 1703 2300 1747 et
2345 1695 2570 1759 veritas,
2607 1703 2663 1749 et
2697 1696 2896 1749 ostium
2949 1711 3056 1764 quo
3107 1697 3342 1751 intratur
3395 1699 3467 1748 ad
3519 1697 3618 1750 Pa-

353 1796 506 1838 etans
558 1785 729 1854 legem
777 1785 1022 1854 justitiae,
1078 1788 1130 1840 in
1171 1788 1342 1853 legem
1379 1803 1484 1839 non
1533 1787 1874 1857 pervenit“.
1903 1807 1920 1838 ι
1959 1766 2000 1819 Β
2034 1795 2191 1848 trem,
2240 1795 2294 1838 et
2324 1797 2533 1854 pastor,
2576 1798 2633 1842 et
2669 1787 2753 1842 leo
2793 1790 2859 1844 de
2913 1790 3050 1842 lrilm
3083 1789 3237 1853 .Iuda,
3285 1790 3368 1842 vel
3396 1791 3617 1844 catulus

351 1876 419 1930 Et
451 1879 537 1931 hic
574 1878 744 1942 locus,
795 1881 939 1932 sicut
995 1895 1156 1948 supra
1211 1881 1614 1934 observandum
1668 1881 1926 1945 diximus,

351 1971 406 2024 in
439 1987 544 2024 uno
574 1973 873 2040 eodemque
903 1971 1170 2026 versiculo
1208 1973 1421 2026 diverse
1467 1973 1711 2026 nominat
1757 1973 1926 2043 legem

353 2061 490 2132 (52).
530 2063 751 2117 Certum
786 2074 866 2116 est
889 2063 1033 2116 enim
1065 2063 1192 2131 quia
1222 2063 1388 2118 Israel
1413 2067 1726 2118 sectabatur
1756 2066 1924 2135 legem

347 2151 572 2220 iustitiae
602 2154 893 2208 secundum
934 2154 1191 2218 litteram,
1246 2157 1337 2209 sed
1367 2156 1418 2209 in
1469 2156 1640 2225 legem
1671 2174 1774 2210 non
1807 2172 1927 2225 per-

350 2246 520 2299 venit.
577 2244 748 2312 Quam
788 2247 992 2316 legent?
1050 2246 1178 2302 Sine
1229 2248 1392 2303 dubio
1443 2250 1684 2318 spiritus.
1739 2249 1926 2320 Neque

347 2339 492 2392 enim
529 2339 628 2392 hoc
662 2340 863 2393 diceret
908 2341 1219 2408 Apostolus,
1267 2343 1390 2408 quia
1428 2341 1596 2412 legem
1634 2357 1793 2410 quam
1837 2357 1926 2396 se-

349 2431 617 2495 ctabatur,
674 2445 728 2486 et
759 2448 918 2502 quam
973 2436 1209 2498 tenebat,
1247 2444 1300 2488 et
1349 2450 1509 2504 quam
1566 2433 1818 2500 habebat,
1873 2437 1924 2488 in

350 2524 491 2576 hanc
519 2540 622 2576 non
658 2529 989 2592 pervenerit.
1033 2526 1228 2580 Reddit
1261 2540 1388 2594 ergo
1421 2526 1705 2589 rationem,
1739 2542 1838 2578 cur
1872 2527 1922 2579 in

348 2614 518 2683 legem
566 2616 728 2669 Israel
771 2633 874 2671 non
936 2620 1170 2688 potuerit
1223 2619 1527 2686 pervenire.
1594 2637 1612 2668 ι
1641 2617 1774 2684 Quia
1818 2635 1922 2672 non

346 2722 413 2759 ex
465 2707 585 2771 ﬁde,
635 2709 828 2776 inquit,
882 2711 973 2763 sed
1028 2711 1140 2780 (55)
1183 2710 1334 2779 quasi
1386 2726 1448 2764 ex
1508 2711 1757 2778 operibus
1777 2712 1840 2765 ⁸⁵.
1899 2731 1916 2762 ι

347 2797 423 2849 De
458 2799 559 2850 Iide
589 2797 789 2853 Christi
821 2812 874 2854 et
923 2805 1176 2869 operibus
1220 2803 1371 2871 legis,
1423 2803 1636 2855 almnde
1671 2803 1721 2856 in
1757 2804 1922 2857 initiis

349 2890 507 2956 hujus
533 2892 782 2959 Epistola:
810 2895 1167 2948 disseruimus
1205 2894 1316 2964 (5i)
1353 2913 1365 2947 :
1399 2905 1452 2948 et
1483 2895 1601 2948 ideo
1637 2912 1702 2950 ne
1731 2896 1919 2950 eadem

347 2982 546 3048 szepius
601 2982 881 3046 iteremus,
932 2997 1273 3055 prtesentenr
1305 2987 1479 3039 locum
1536 2989 1722 3056 paucis
1756 2988 1922 3056 ipsius

2031 1875 2204 1930 leonis
2233 1877 2327 1946 qui
2365 1879 2637 1932 excitatur
2666 1895 2694 1933 a
2738 1894 2950 1945 somno,
2985 1880 3068 1934 vel
3099 1881 3494 1942 sanctiﬁcatio,
3528 1883 3612 1932 vel

2030 1968 2346 2037 redemptio,
2377 1979 2429 2024 et
2456 1981 2652 2024 ctetera
2690 1973 2991 2040 hujusmodi
3016 1989 3135 2042 quae
3159 1973 3466 2042 dignationi
3497 1975 3614 2042 ejus

2029 2060 2320 2114 convenire
2348 2060 2650 2114 videantur.
2695 2059 2798 2116 Sed
2835 2064 2954 2117 vide
3001 2063 3048 2116 si
3098 2078 3386 2133 possumus
3443 2065 3612 2116 etiam

2034 2169 2052 2202 ι
2085 2151 2312 2220 lapidem
2345 2151 2659 2208 oII‘cnsionis
2681 2165 2735 2208 et
2764 2168 2973 2224 petram
3001 2156 3234 2210 scandali
3260 2175 3280 2207 ι
3311 2157 3618 2211 ostendere

2030 2253 2295 2311 quatenus
2323 2243 2371 2298 ei
2403 2245 2569 2315 620
2594 2255 2969 2315 competenter
2989 2247 3157 2315 possit
3181 2246 3379 2314 aptari.
3430 2245 3616 2301 UII'en-

2029 2333 2108 2387 sio
2129 2342 2183 2386 et
2210 2335 2523 2388 scandalum
2553 2349 2717 2388 unum
2745 2349 2912 2404 prope
2940 2345 3104 2404 atque
3134 2336 3275 2390 idem
3308 2336 3613 2405 signiﬁcat.

2031 2425 2354 2479 Scandalurn
2384 2426 2583 2480 etenim
2627 2425 2827 2479 dicitur
2857 2442 2982 2481 cum
3029 2427 3080 2480 in
3114 2427 3198 2480 via
3236 2427 3377 2481 obex
3415 2427 3616 2495 aliquis

2030 2517 2328 2584 invenitur,
2362 2524 2450 2586 qui
2506 2532 2752 2588 gressum
2804 2517 3105 2574 incedentis
3157 2519 3238 2573 vel
3286 2519 3615 2573 scandentis

2028 2607 2304 2675 impediat.
2349 2608 2475 2663 Inde
2497 2625 2627 2681 ergo
2679 2611 2995 2666 scandalum
3034 2620 3266 2665 tractum
3313 2621 3431 2665 est.
3473 2610 3611 2677 Qui:

2029 2701 2194 2771 igitur
2224 2703 2276 2756 bi
2309 2703 2398 2772 qui
2422 2715 2581 2757 erant
2602 2705 2654 2758 in
2689 2703 2841 2767 Sion,
2874 2705 2987 2759 vias
3021 2719 3124 2758 non
3149 2706 3318 2759 bonas
3348 2705 3613 2758 inceden-

2027 2802 2129 2856 tes,
2165 2794 2269 2846 iter
2321 2793 2640 2862 perditionis
2668 2794 2882 2850 concito
2928 2795 3060 2862 pede
3095 2797 3418 2859 currebant,
3459 2798 3612 2848 malis

2023 2886 2134 2938 suis
2165 2885 2410 2940 faventes
2436 2887 2697 2951 invicem,
2744 2888 2889 2940 sicut
2919 2886 3187 2955 Propheta
3222 2888 3352 2941 dicit
3378 2887 3461 2951 ⁷⁸,
3493 2889 3606 2956 quia

2027 2997 2046 3030 ς
2070 2978 2322 3032 laudatur
2349 2989 2607 3048 peccator
2640 2982 2694 3034 in
2726 2981 3009 3037 desideriis
3035 2983 3229 3036 anima:
3255 2997 3400 3045 sute,
3434 2993 3496 3037 et
3525 2985 3606 3050 qui

341 3073 582 3140 Apostoli
644 3075 986 3129 sermonibus
1048 3077 1404 3145 explicemus,
1481 3080 1684 3148 quibus
1741 3080 1912 3134 dicit:
1946 3118 1988 3174 ϐ
2024 3071 2239 3139 iniquus
2279 3082 2360 3125 est
2411 3071 2522 3142 (53)
2577 3074 2952 3128 benediCilllr:
2987 3094 3004 3124 ι
3034 3075 3260 3130 veniens
3330 3074 3607 3129 Dominus

348 3162 700 3232 «Ignorantes
751 3167 890 3218 enim
926 3166 1015 3220 Dei
1063 3166 1353 3233 justitiam,
1397 3179 1451 3223 et
1484 3185 1634 3222 suam
1669 3185 1917 3238 quazreu-

344 3265 426 3307 tcs
453 3266 708 3319 statuere,
752 3257 983 3324 iustitiae
1021 3259 1110 3313 Dei
1165 3275 1272 3312 non
1315 3269 1441 3314 sunt
1473 3259 1722 3328 subjecti.
1767 3261 1916 3318 Finis

339 3347 487 3400 enim
514 3348 645 3417 legis
667 3349 937 3416 Christus,
967 3351 1033 3404 ad
1061 3351 1326 3420 justitiam
1355 3353 1503 3405 omni
1531 3354 1776 3409 credenti
1795 3356 1860 3408 “.
1887 3375 1906 3406 ι

341 3441 478 3505 Quia
508 3457 636 3511 ergo
667 3442 839 3512 legem
885 3447 1234 3498 sectabantur
1271 3461 1375 3499 non
1421 3448 1715 3501 secundum
1747 3463 1910 3518 opera

336 3532 561 3599 justitite
595 3535 707 3596 Dei,
756 3536 847 3588 sed
896 3537 1188 3590 secumlum
1219 3551 1382 3604 opera
1413 3553 1522 3592 suae
1547 3537 1790 3607 justitiae,
1830 3541 1911 3594 id-

341 3625 487 3679 circo
537 3646 556 3678 ι
603 3625 944 3682 oll'cnderunt
1002 3630 1051 3681 in
1119 3630 1346 3698 lapidem
1430 3630 1770 3697 offensionis,
1845 3635 1913 3688 de

339 3732 446 3784 quo
477 3717 738 3786 scriptum
775 3727 857 3773 est
893 3720 1004 3790 (5'5)
1039 3735 1052 3773 :
1087 3722 1226 3775 Ecce
1261 3736 1400 3790 pono
1431 3723 1482 3775 in
1517 3709 1646 3775 Sion
1680 3723 1911 3792 lapidem

339 3806 674 3876 ochnsionis,
729 3820 778 3864 et
821 3823 1031 3880 petram
1081 3794 1363 3866 scandali:
1417 3823 1471 3866 et
1530 3813 1620 3882 qui
1678 3815 1915 3868 credidit

339 3901 392 3952 'rn
459 3915 617 3965 eum,
682 3917 786 3954 non
851 3903 1128 3956 erubescet
1168 3905 1230 3956 ⁸⁷.
1275 3923 1292 3954 ι
1359 3903 1650 3959 Sciendum
1731 3916 1908 3959 autem

337 4000 447 4055 est,
493 3993 635 4060 quod
674 3993 724 4046 in
775 3993 910 4046 Isaia
965 3997 1220 4064 propheta
1277 3997 1378 4049 hoc
1430 3996 1796 4050 testimonium
1839 3996 1913 4050 ita

339 4085 594 4152 scriptum
647 4096 774 4138 est:
814 4104 832 4136 ι
865 4086 1000 4139 Ecce
1050 4103 1150 4156 ego
1197 4089 1428 4142 immitto
1486 4090 1538 4141 in
1587 4090 1914 4142 fundamen-

339 4184 389 4229 ta
424 4174 552 4229 Sion
609 4176 836 4246 lapidem
890 4178 1208 4246 pretiosum,
1263 4180 1517 4243 electum,
1576 4179 1909 4248 angularem,

334 4270 654 4339 prmclarum
686 4269 739 4324 in
774 4271 1123 4323 fundamenta
1171 4271 1328 4339 ejus;
1380 4281 1435 4325 et
1485 4271 1573 4340 qui
1617 4271 1915 4326 crediderit

2023 3174 2076 3216 et
2106 3163 2354 3217 Salvator
2391 3175 2597 3231 noster,
2655 3181 2886 3234 arguere
2913 3167 3080 3234 ccepit
3127 3167 3242 3220 vias
3292 3181 3528 3230 eorum,
3562 3181 3606 3220 et

2023 3256 2203 3310 dicere
2238 3278 2250 3313 :
2294 3276 2312 3306 ι
2350 3255 2442 3310 Va:
2471 3258 2622 3311 vobis
2652 3258 2854 3311 Scriba:
2879 3268 2933 3312 et
2963 3257 3214 3312 Pharisaei
3239 3259 3320 3324 τις
3348 3277 3373 3310 ι
3415 3270 3477 3315 et
3513 3262 3605 3315 ite-

2023 3364 2140 3401 rum
2178 3367 2190 3402 :
2227 3368 2245 3399 ι
2272 3349 2362 3403 Vae
2383 3351 2535 3403 vobis
2567 3351 2820 3405 divitibus
2850 3351 2934 3415 ";
2987 3369 3005 3400 ι
3053 3361 3108 3404 et
3151 3352 3342 3404 iterum
3399 3366 3418 3404 :
3472 3370 3495 3404 ε
3527 3353 3607 3406 Vae

2023 3441 2142 3506 tibi,
2177 3439 2499 3503 Jerusalem,
2535 3457 2654 3509 qua:
2684 3443 2885 3496 occidis
2931 3443 3240 3510 prophetas,
3285 3452 3341 3497 et
3394 3443 3608 3514 Iapidas

2021 3547 2113 3585 eos
2143 3531 2232 3600 qui
2266 3537 2333 3586 ad
2367 3544 2418 3587 te
2452 3535 2603 3588 missi
2642 3533 2754 3604 (59)
2785 3534 2996 3588 sunt".
3025 3553 3044 3584 ι
3078 3534 3184 3590 Sed
3219 3545 3273 3588 et
3307 3537 3493 3589 multa
3526 3537 3607 3590 his

2022 3627 2221 3679 similia
2252 3627 2462 3691 dicens,
2486 3636 2542 3682 et
2573 3641 2806 3696 arguens
2839 3642 2950 3693 eos,
2981 3628 3241 3697 impedire
3274 3631 3459 3696 coepit
3493 3632 3603 3684 vias

2022 3717 2341 3786 perditionis
2363 3733 2575 3780 eorum,
2605 3728 2658 3772 et
2691 3716 2916 3773 effectus
2943 3730 3026 3772 est
3049 3720 3128 3773 eis
3158 3719 3290 3787 lapis
3328 3719 3604 3776 oll‘ensio-

2023 3811 2106 3864 nis
2139 3819 2194 3864 et
2224 3819 2373 3877 petra
2400 3810 2663 3876 scandali,
2715 3826 2820 3864 non
2871 3811 3054 3865 sinens
3084 3826 3176 3865 eos
3208 3812 3426 3881 ingredi
3461 3816 3600 3867 viain

2023 3903 2187 3956 latam
2217 3918 2336 3972 quae
2374 3903 2525 3957 ducit
2567 3904 2632 3956 ad
2680 3914 2906 3958 mortem
2939 3903 3004 3960 ⁷⁵.
3039 3905 3130 3958 Sic
3171 3907 3418 3973 denique
3464 3920 3523 3960 et
3552 3910 3599 3959 in

2021 3994 2158 4049 Osee
2189 3995 2450 4064 propheta
2481 3996 2741 4064 scriptum
2784 4004 2867 4049 est
2899 3997 2965 4050 de
3000 3998 3082 4052 bis
3113 3999 3203 4068 qui
3238 4000 3465 4066 peccati
3501 4003 3601 4053 iter

2019 4085 2273 4139 incedunt
2311 4108 2322 4140 :
2360 4105 2377 4136 ι
2436 4086 2661 4155 Propter
2737 4088 2860 4150 hoc,
2921 4089 3114 4156 inquit,
3173 4103 3301 4142 ecce
3341 4104 3461 4159 ego
3520 4108 3602 4145 se-

2020 4179 2162 4244 piam
2217 4179 2360 4231 viam
2413 4179 2531 4245 ejus
2575 4183 2799 4236 sudibus
2855 4183 2986 4252 (69),
3045 4195 3098 4237 et
3152 4185 3442 4238 obSIruani
3484 4189 3594 4240 vias

2018 4271 2154 4335 ejus,
2192 4282 2244 4323 ct
2277 4274 2528 4324 semitam
2557 4289 2706 4326 suam
2738 4293 2840 4328 non
2872 4276 3190 4329 inveniet”.
3223 4294 3242 4326 ι
3311 4276 3594 4331 I’onamus

336 4426 338 4428 τ
403 4365 449 4395 ⁵⁸
479 4367 630 4417 “Olli.
657 4381 736 4428 rx,
757 4365 844 4418 51.
921 4365 965 4396 “
991 4365 1146 4420 Rom.
1185 4381 1258 4429 Ix,
1288 4366 1376 4419 52.
1452 4368 1496 4398 ⁵⁸
1522 4367 1674 4420 Rom.
1700 4383 1753 4421 χ.
1779 4367 1832 4430 5,
1863 4367 1915 4418 4.

337 4435 423 4488 14.
473 4436 519 4466 ’θ
552 4437 747 4491 Psalm.
785 4452 859 4497 tx,
883 4435 982 4503 24;
1018 4437 1150 4491 alias
1176 4451 1232 4503 ι,
1261 4437 1314 4490 5.
1389 4437 1431 4467 '“
1453 4436 1642 4492 Matth.
1668 4452 1826 4501 χχιιι,
1860 4437 1949 4490 1‘5.

335 4506 424 4559 13.
491 4507 533 4537 ⁷⁵
569 4508 690 4561 Osc.
727 4524 784 4572 ιι,
823 4505 877 4561 6.
1697 4539 1700 4542 -

409 4603 520 4669 (49)
553 4605 728 4665 Editi,
784 4623 802 4655 ι
840 4604 1122 4671 Quomodo
1149 4617 1282 4672 ergo
1311 4602 1400 4656 hic
1433 4602 1565 4655 dicit
1597 4612 1784 4668 gentes
1933 4607 1977 4662 Ι)

335 4675 834 4740 comprehendisse,
877 4693 893 4727 ι
931 4687 1035 4729 etc.
1065 4674 1190 4728 Mss.
1225 4675 1330 4726 duo
1356 4673 1558 4725 habent
1591 4692 1606 4721 ι
1654 4689 1899 4741 compre-

337 4743 552 4807 hensas,
585 4764 604 4796 ι
636 4760 732 4813 pro
771 4763 789 4795 ι
833 4745 1323 4814 comprehendisse.
1360 4763 1376 4794 ι
1407 4744 1510 4796 Sed
1553 4745 1754 4797 rectius
1789 4759 1893 4796 ms.

335 4828 475 4865 unus
501 4823 553 4866 et
587 4815 842 4868 Rabanns
869 4825 926 4868 ιιι
957 4818 1007 4867 iu
1042 4825 1225 4868 nostro
1257 4823 1423 4868 textu.

409 4883 520 4951 (50)
565 4883 706 4937 Libri
745 4896 898 4938 antea
936 4887 1062 4936 editi
1087 4924 1100 4944 ,
1131 4904 1148 4934 ‹
1191 4885 1346 4937 Aliud
1375 4883 1610 4948 sectari,
1643 4882 1785 4935 aliud
1819 4883 1897 4936 in-

335 4956 532 5007 sectari
570 4956 786 5008 habere.
824 4974 842 5006 ι
888 4956 1013 5009 Mss.
1064 4956 1170 5006 duo
1211 4963 1470 5007 omittunt
1516 4972 1534 5003 ι
1574 4953 1790 5007 insitum
1816 4993 1829 5010 ,
1876 4971 1893 5003 ι

337 5025 477 5090 quod
527 5024 817 5078 restituunt
874 5029 1045 5080 codex
1077 5024 1277 5090 Regius
1321 5023 1670 5087 uum.1659,
1698 5034 1753 5077 et
1795 5022 1901 5077 Ra-

336 5094 526 5148 bantis.

408 5166 520 5234 (5|)
563 5164 728 5230 Editi,
763 5184 780 5216 ι
819 5179 962 5218 vero.
1008 5184 1027 5217 ι
1067 5164 1130 5217 Et
1156 5174 1378 5233 postea,
1425 5165 1776 5218 «habuerunt
1814 5173 1896 5216 ta-

334 5252 455 5289 men
494 5235 650 5288 insita
677 5253 795 5302 qtttc
820 5237 929 5297 lex,
967 5255 985 5285 ι
1019 5245 1124 5287 etc.

407 5307 517 5375 (5'2)
559 5306 648 5359 Sic
685 5301 829 5359 recte
858 5322 957 5358 uis.
997 5305 1193 5373 Regius
1233 5303 1562 5359 nttm.1659.
1623 5301 1697 5354 Ita
1726 5304 1890 5356 etiam

335 5377 424 5428 alii
466 5380 572 5430 duo
627 5391 756 5430 mss.
806 5377 988 5446 Regii,
1027 5376 1125 5427 nisi
1174 5376 1312 5442 quod
1361 5391 1458 5442 pro
1500 5393 1518 5425 ι
1557 5376 1914 5446 nominat,_i'

337 5447 568 5498 habeant
601 5465 618 5496 ι
659 5443 947 5500 nominari.
991 5464 1010 5497 ι
1057 5446 1197 5498 Editi
1239 5460 1368 5497 vero
1416 5460 1730 5513 perperam,
1768 5461 1787 5492 ι
1827 5443 1893 5496 Ει

336 5517 420 5586 Inc
463 5517 609 5569 locus
637 5520 778 5571 sicut
816 5534 976 5586 supra
1021 5515 1407 5586 observaudus.
1462 5517 1704 5568 Diximus
1743 5515 1886 5586 enim

336 5585 520 5640 inuno
564 5583 1178 5659 eodemque'versiculo
1221 5585 1462 5639 diversae
1497 5584 1765 5638 nominari
1821 5583 1897 5636 le-
2033 5653 2063 5706 ά

338 5670 452 5706 ρος.
495 5676 514 5704 ι
1998 5668 2025 5706 {I

373 5670 452 5706 es.
495 5676 514 5704 ι
1998 5668 2025 5706 {I

373 5672 452 5706 (BS.
495 5676 514 5704 ι

338 5672 366 5722 Β
406 5722 692 5786 (55)Editi,
737 5748 754 5776 ι
789 5723 1009 5792 Quare?
1035 5719 1170 5788 Quia
1207 5736 1311 5775 non
1341 5739 1403 5777 cx
1441 5723 1562 5787 fide,
1588 5723 1702 5786 sed,
1735 5741 1749 5771 ι
1784 5733 1888 5774 etc.

1995 4366 2037 4396 ⁸⁷
2073 4368 2227 4420 Rom.
2250 4381 2323 4430 Ix,
2357 4367 2557 4432 52,53.
2635 4370 2679 4401 ⁵⁸
2713 4371 2831 4424 Isai.
2863 4387 3050 4433 xxvut,
3082 4372 3163 4424 16.

2056 4439 2099 4468 ⁷²
2124 4435 2255 4491 Luc.
2284 4453 2356 4502 νι,
2379 4439 2466 4492 24.
2541 4441 2586 4471 ⁷³
2608 4441 2795 4494 Matth.
2832 4458 2959 4494 χχιιι
2981 4481 2992 4503 ,
3027 4443 3114 4495 57.

3239 4374 3284 4404 θ’
3305 4371 3439 4426 Isai.
3473 4389 3586 4436 \‘Ill,

3190 4444 3235 4473 ⁷⁵
3268 4442 3470 4497 Matth.
3499 4459 3586 4510 vlt,

2075 4598 2186 4668 (54)
2236 4572 2364 4650 Vide
2393 4611 2575 4668 supra,
2607 4597 2695 4651 lib.
2727 4614 2806 4662 ιιι,
2840 4615 2992 4653 Itum.
3022 4597 3074 4651 9.

2231 4669 2368 4722 Editi
2392 4708 2408 4733 ,
2443 4688 2462 4718 ι
2497 4667 2848 4722 ΟΙΪειιιΙει-υιιι
2871 4670 3011 4720 cuitu
3036 4671 3090 4721 in
3136 4667 3378 4736 lapidem
3417 4667 3584 4722 oﬂ‘en-

2009 4741 2198 4800 sionis,
2232 4741 2372 4792 sicut
2397 4743 2654 4808 scriptum
2683 4748 2784 4793 est.
2820 4756 2840 4788 ι
2887 4748 2993 4790 etc.

2077 4809 2188 4880 (56)
2236 4809 2326 4880 Sic
2379 4825 2508 4863 mss.
2571 4811 2695 4862 dtto.
2761 4809 2904 4862 Editi
2957 4822 3086 4862 vero
3138 4819 3194 4862 et
3245 4824 3351 4861 ms.
3422 4823 3581 4863 unus.

2011 4900 2029 4932 ι
2069 4879 2384 4950 Apostolum
2551 4881 2843 4933 inseruisse
3023 4889 3413 4950 ext-ementem
3463 4894 3582 4944 qua:

2009 4949 2403 5005 assertionibus
2450 4952 2562 5002 suis
2720 4961 2958 5016 aptasse.
2997 4967 3018 5000 ι
3058 4949 3354 5012 Rabanus,
3387 4966 3407 4998 ι
3447 4951 3585 5014 Αμυ-

2006 5023 2178 5075 stolns
2355 5019 2655 5074 inseruisse
2708 5021 2920 5072 videtur
3097 5023 3441 5088 excerpendo

2007 5102 2377 5240 fngs'ijelid’iti,
2421 5178 2439 5209 ι
2480 5167 2536 5212 et
2559 5158 2736 5212 Patris
2767 5157 2909 5212 bono
2933 5158 3068 5212 Filio
3100 5172 3442 5228 quchunque
3493 5171 3574 5211 sa.

2004 5231 2220 5291 lutaria,
2265 5249 2282 5281 ι
2315 5241 2426 5283 etc.

2004 5371 2042 5372 η
2072 5302 2183 5372 (58)
2227 5299 2290 5351 In
2319 5298 2591 5372 desideriis
2620 5301 2811 5372 animle
2841 5315 2970 5372 aute,
3000 5309 3046 5352 et
3097 5301 3190 5372 qui
3219 5299 3442 5372 iniquus
3469 5307 3570 5350 est.

2000 5371 2126 5424 Haéc
2154 5375 2352 5423 desunt
2382 5371 2433 5422 iit
2468 5371 2628 5422 editis
2663 5371 2748 5422 tibi
2777 5371 2997 5438 legitur,
3031 5389 3049 5424 ι
3102 5371 3360 5422 laudatur
3385 5384 3574 5438 pecca-

2005 5454 2124 5505 tor,
2177 5456 2348 5506 usque
2405 5441 2759 5494 benedicetur
2815 5457 2830 5493 :
2897 5440 3119 5494 venietis
3182 5455 3314 5509 ergo
3388 5440 3572 5490 Domi-

2000 5529 2182 5651 Μδώ
2347 5578 2544 5650 Regius
2579 5597 2725 5634 num.
2758 5579 2915 5645 1659,
2963 5598 2980 5630 ι
3027 5588 3082 5635 et
3123 5579 3326 5648 Iapidas
3372 5576 3566 5632 missos

2101 5664 2169 5702 11!.
2215 5670 2232 5701 Ι

2069 5721 2178 5787 (60)
2214 5721 2387 5787 Editi,
2423 5740 2440 5772 ι
2483 5721 2667 5788 spinis.
2712 5738 2733 5774 ι
