  <div class='ocr_page' id='page_1' title='image "/cluster/home/n/w/nwhite01/storage/ocr_20150623/14/mdp.39015052831362/662.png"; bbox 0 0 3692 6138; ppageno 0'>
   <div class='ocr_carea' id='block_1_1' title="bbox 68 269 191 322">
    <p class='ocr_par' dir='ltr' id='par_1_1' title="bbox 68 269 191 322">
     <span class='ocr_line' id='line_1_1' title="bbox 68 269 191 322; baseline 0 0"><span class='ocrx_word' id='word_1_1' title='bbox 68 269 191 322; x_wconf 58' lang='lat' dir='ltr'><strong>Ilii?</strong></span> 
     </span>
    </p>
   </div>
   <div class='ocr_carea' id='block_1_2' title="bbox 973 275 2360 334">
    <p class='ocr_par' dir='ltr' id='par_1_2' title="bbox 973 275 2360 334">
     <span class='ocr_line' id='line_1_2' title="bbox 973 275 2360 334; baseline -0.001 -1"><span class='ocrx_word' id='word_1_2' title='bbox 973 275 1326 333; x_wconf 71' lang='lat' dir='ltr'><strong>COMMENT.</strong></span> <span class='ocrx_word' id='word_1_3' title='bbox 1370 277 1434 332; x_wconf 88' lang='lat' dir='ltr'><strong>IN</strong></span> <span class='ocrx_word' id='word_1_4' title='bbox 1469 277 1685 333; x_wconf 81' lang='lat' dir='ltr'><strong>EPIST.</strong></span> <span class='ocrx_word' id='word_1_5' title='bbox 1729 277 1817 332; x_wconf 84' lang='lat' dir='ltr'><strong>AD</strong></span> <span class='ocrx_word' id='word_1_6' title='bbox 1857 277 2018 334; x_wconf 83' lang='lat' dir='ltr'><strong>R0.\I.</strong></span> <span class='ocrx_word' id='word_1_7' title='bbox 2060 279 2186 334; x_wconf 85' lang='lat' dir='ltr'><strong>LIB.</strong></span> <span class='ocrx_word' id='word_1_8' title='bbox 2224 279 2360 334; x_wconf 84' lang='lat' dir='ltr'><strong>VIII.</strong></span> 
     </span>
    </p>
   </div>
   <div class='ocr_carea' id='block_1_3' title="bbox 3149 279 3285 332">
    <p class='ocr_par' dir='ltr' id='par_1_3' title="bbox 3149 279 3285 332">
     <span class='ocr_line' id='line_1_3' title="bbox 3149 279 3285 332; baseline -0.015 0"><span class='ocrx_word' id='word_1_9' title='bbox 3149 279 3285 332; x_wconf 60' lang='grc' dir='ltr'><strong>11πῖ</strong></span> 
     </span>
    </p>
   </div>
   <div class='ocr_carea' id='block_1_4' title="bbox 65 387 3281 465">
    <p class='ocr_par' dir='ltr' id='par_1_4' title="bbox 65 387 3281 465">
     <span class='ocr_line' id='line_1_4' title="bbox 65 387 3281 465; baseline 0.001 -27"><span class='ocrx_word' id='word_1_10' title='bbox 65 403 183 453; x_wconf 81' lang='lat' dir='ltr'><strong>ergo</strong></span> <span class='ocrx_word' id='word_1_11' title='bbox 225 387 447 454; x_wconf 86' lang='lat' dir='ltr'><strong>iterum,</strong></span> <span class='ocrx_word' id='word_1_12' title='bbox 475 389 540 443; x_wconf 79' lang='lat' dir='ltr'><strong>“si</strong></span> <span class='ocrx_word' id='word_1_13' title='bbox 575 390 810 456; x_wconf 83' lang='lat' dir='ltr'><strong>videtur,</strong></span> <span class='ocrx_word' id='word_1_14' title='bbox 863 391 916 446; x_wconf 78' lang='lat' dir='ltr'><strong>in</strong></span> <span class='ocrx_word' id='word_1_15' title='bbox 949 395 1126 449; x_wconf 88' lang='lat' dir='ltr'><strong>tnedio</strong></span> <span class='ocrx_word' id='word_1_16' title='bbox 1166 397 1340 463; x_wconf 88' lang='lat' dir='ltr'><strong>ipsum</strong></span> <span class='ocrx_word' id='word_1_17' title='bbox 1374 394 1620 457; x_wconf 79' lang='lat' dir='ltr'><strong>Paulum,</strong></span> <span class='ocrx_word' id='word_1_18' title='bbox 1652 412 1692 465; x_wconf 74' lang='grc' dir='ltr'>Α</span> <span class='ocrx_word' id='word_1_19' title='bbox 1726 397 1954 462; x_wconf 87' lang='lat' dir='ltr'><strong>positum</strong></span> <span class='ocrx_word' id='word_1_20' title='bbox 1996 405 2204 463; x_wconf 92' lang='lat' dir='ltr'><strong>spectat</strong></span> <span class='ocrx_word' id='word_1_21' title='bbox 2233 411 2342 464; x_wconf 87' lang='lat' dir='ltr'><strong>quo</strong></span> <span class='ocrx_word' id='word_1_22' title='bbox 2384 392 2508 447; x_wconf 92' lang='lat' dir='ltr'><strong>illuc</strong></span> <span class='ocrx_word' id='word_1_23' title='bbox 2544 391 2800 461; x_wconf 84' lang='lat' dir='ltr'><strong>pergebat</strong></span> <span class='ocrx_word' id='word_1_24' title='bbox 2841 392 2986 458; x_wconf 81' lang='lat'><strong>(6|),</strong></span> <span class='ocrx_word' id='word_1_25' title='bbox 3025 391 3160 458; x_wconf 82' lang='lat' dir='ltr'><strong>lapis</strong></span> <span class='ocrx_word' id='word_1_26' title='bbox 3197 396 3281 444; x_wconf 81' lang='lat' dir='ltr'><strong>ot-</strong></span> 
     </span>
    </p>
   </div>
   <div class='ocr_carea' id='block_1_5' title="bbox 64 480 1614 554">
    <p class='ocr_par' dir='ltr' id='par_1_5' title="bbox 64 480 1614 554">
     <span class='ocr_line' id='line_1_5' title="bbox 64 480 1614 554; baseline 0.005 -24"><span class='ocrx_word' id='word_1_27' title='bbox 64 480 148 545; x_wconf 91' lang='lat' dir='ltr'><strong>qui</strong></span> <span class='ocrx_word' id='word_1_28' title='bbox 175 481 414 548; x_wconf 86' lang='lat' dir='ltr'><strong>acceptis</strong></span> <span class='ocrx_word' id='word_1_29' title='bbox 447 485 713 549; x_wconf 80' lang='lat' dir='ltr'><strong>quondam</strong></span> <span class='ocrx_word' id='word_1_30' title='bbox 739 485 981 554; x_wconf 81' lang='lat' dir='ltr'><strong>epistolis</strong></span> <span class='ocrx_word' id='word_1_31' title='bbox 1013 501 1041 539; x_wconf 90' lang='lat' dir='ltr'><strong>a</strong></span> <span class='ocrx_word' id='word_1_32' title='bbox 1087 488 1480 551; x_wconf 90' lang='lat' dir='ltr'><strong>sacerdotilms,</strong></span> <span class='ocrx_word' id='word_1_33' title='bbox 1511 486 1614 538; x_wconf 87' lang='lat' dir='ltr'><strong>Da-</strong></span> 
     </span>
    </p>
   </div>
   <div class='ocr_carea' id='block_1_6' title="bbox 65 574 1618 642">
    <p class='ocr_par' dir='ltr' id='par_1_6' title="bbox 65 574 1618 642">
     <span class='ocr_line' id='line_1_6' title="bbox 65 574 1618 642; baseline 0.005 -19"><span class='ocrx_word' id='word_1_34' title='bbox 65 586 290 624; x_wconf 88' lang='lat' dir='ltr'><strong>mascum</strong></span> <span class='ocrx_word' id='word_1_35' title='bbox 326 574 584 642; x_wconf 84' lang='lat' dir='ltr'><strong>pergebat</strong></span> <span class='ocrx_word' id='word_1_36' title='bbox 617 582 676 628; x_wconf 91' lang='lat' dir='ltr'><strong>ut</strong></span> <span class='ocrx_word' id='word_1_37' title='bbox 703 589 892 630; x_wconf 89' lang='lat' dir='ltr'><strong>omnes</strong></span> <span class='ocrx_word' id='word_1_38' title='bbox 919 577 1063 632; x_wconf 90' lang='lat' dir='ltr'><strong>viros</strong></span> <span class='ocrx_word' id='word_1_39' title='bbox 1095 592 1157 632; x_wconf 90' lang='lat' dir='ltr'><strong>ac</strong></span> <span class='ocrx_word' id='word_1_40' title='bbox 1186 577 1442 633; x_wconf 88' lang='lat' dir='ltr'><strong>mulieres</strong></span> <span class='ocrx_word' id='word_1_41' title='bbox 1465 579 1618 632; x_wconf 78' lang='lat' dir='ltr'><strong>Chri-</strong></span> 
     </span>
    </p>
   </div>
   <div class='ocr_carea' id='block_1_7' title="bbox 62 662 1617 736">
    <p class='ocr_par' dir='ltr' id='par_1_7' title="bbox 62 662 1617 736">
     <span class='ocr_line' id='line_1_7' title="bbox 62 662 1617 736; baseline 0.006 -20"><span class='ocrx_word' id='word_1_42' title='bbox 62 672 138 716; x_wconf 86' lang='lat' dir='ltr'><strong>sto</strong></span> <span class='ocrx_word' id='word_1_43' title='bbox 178 662 466 718; x_wconf 86' lang='lat' dir='ltr'><strong>credentes</strong></span> <span class='ocrx_word' id='word_1_44' title='bbox 518 666 726 722; x_wconf 88' lang='lat' dir='ltr'><strong>vinctos</strong></span> <span class='ocrx_word' id='word_1_45' title='bbox 751 668 1076 736; x_wconf 87' lang='lat' dir='ltr'><strong>perduceret</strong></span> <span class='ocrx_word' id='word_1_46' title='bbox 1123 670 1175 724; x_wconf 94' lang='lat' dir='ltr'><strong>in</strong></span> <span class='ocrx_word' id='word_1_47' title='bbox 1219 667 1521 724; x_wconf 82' lang='lat' dir='ltr'><strong>Jerusalem</strong></span> <span class='ocrx_word' id='word_1_48' title='bbox 1549 669 1617 726; x_wconf 82' lang='grc'><strong>⁷⁸.</strong></span> 
     </span>
    </p>
   </div>
   <div class='ocr_carea' id='block_1_8' title="bbox 62 753 1618 827">
    <p class='ocr_par' dir='ltr' id='par_1_8' title="bbox 62 753 1618 827">
     <span class='ocr_line' id='line_1_8' title="bbox 62 753 1618 827; baseline 0.006 -22"><span class='ocrx_word' id='word_1_49' title='bbox 62 753 184 805; x_wconf 89' lang='lat' dir='ltr'><strong>Cum</strong></span> <span class='ocrx_word' id='word_1_50' title='bbox 218 767 346 821; x_wconf 79' lang='lat' dir='ltr'><strong>ergo</strong></span> <span class='ocrx_word' id='word_1_51' title='bbox 373 765 557 822; x_wconf 82' lang='lat' dir='ltr'><strong>ageret</strong></span> <span class='ocrx_word' id='word_1_52' title='bbox 582 756 722 811; x_wconf 86' lang='lat' dir='ltr'><strong>istud</strong></span> <span class='ocrx_word' id='word_1_53' title='bbox 755 758 857 812; x_wconf 90' lang='lat' dir='ltr'><strong>iter</strong></span> <span class='ocrx_word' id='word_1_54' title='bbox 884 759 1110 827; x_wconf 88' lang='lat' dir='ltr'><strong>peccati,</strong></span> <span class='ocrx_word' id='word_1_55' title='bbox 1138 760 1375 815; x_wconf 89' lang='lat' dir='ltr'><strong>occurrit</strong></span> <span class='ocrx_word' id='word_1_56' title='bbox 1419 761 1468 814; x_wconf 89' lang='lat' dir='ltr'><strong>ei</strong></span> <span class='ocrx_word' id='word_1_57' title='bbox 1507 761 1618 815; x_wconf 91' lang='lat' dir='ltr'><strong>Do-</strong></span> 
     </span>
    </p>
   </div>
   <div class='ocr_carea' id='block_1_9' title="bbox 65 843 1620 923">
    <p class='ocr_par' dir='ltr' id='par_1_9' title="bbox 65 843 1620 923">
     <span class='ocr_line' id='line_1_9' title="bbox 65 843 1620 923; baseline 0.006 -27"><span class='ocrx_word' id='word_1_58' title='bbox 65 845 231 899; x_wconf 80' lang='lat' dir='ltr'><strong>minus</strong></span> <span class='ocrx_word' id='word_1_59' title='bbox 259 843 420 901; x_wconf 81' lang='lat' dir='ltr'><strong>Jesus</strong></span> <span class='ocrx_word' id='word_1_60' title='bbox 452 849 504 901; x_wconf 91' lang='lat' dir='ltr'><strong>in</strong></span> <span class='ocrx_word' id='word_1_61' title='bbox 529 850 637 911; x_wconf 81' lang='lat' dir='ltr'><strong>via,</strong></span> <span class='ocrx_word' id='word_1_62' title='bbox 670 860 724 906; x_wconf 92' lang='lat' dir='ltr'><strong>et</strong></span> <span class='ocrx_word' id='word_1_63' title='bbox 750 853 816 905; x_wconf 88' lang='lat' dir='ltr'><strong>ad</strong></span> <span class='ocrx_word' id='word_1_64' title='bbox 849 860 1060 921; x_wconf 89' lang='lat' dir='ltr'><strong>tempus</strong></span> <span class='ocrx_word' id='word_1_65' title='bbox 1079 868 1200 907; x_wconf 91' lang='lat' dir='ltr'><strong>eum</strong></span> <span class='ocrx_word' id='word_1_66' title='bbox 1227 855 1469 908; x_wconf 56' lang='lat' dir='ltr'><strong>caecitate</strong></span> <span class='ocrx_word' id='word_1_67' title='bbox 1500 869 1620 923; x_wconf 90' lang='lat' dir='ltr'><strong>per-</strong></span> 
     </span>
    </p>
   </div>
   <div class='ocr_carea' id='block_1_10' title="bbox 66 939 1618 1014">
    <p class='ocr_par' dir='ltr' id='par_1_10' title="bbox 66 939 1618 1014">
     <span class='ocr_line' id='line_1_10' title="bbox 66 939 1618 1014; baseline 0.004 -23"><span class='ocrx_word' id='word_1_68' title='bbox 66 939 222 991; x_wconf 89' lang='lat' dir='ltr'><strong>cussit</strong></span> <span class='ocrx_word' id='word_1_69' title='bbox 256 953 271 990; x_wconf 88' lang='lat'><strong>:</strong></span> <span class='ocrx_word' id='word_1_70' title='bbox 308 949 364 992; x_wconf 92' lang='lat' dir='ltr'><strong>et</strong></span> <span class='ocrx_word' id='word_1_71' title='bbox 405 939 578 995; x_wconf 82' lang='lat' dir='ltr'><strong>factus</strong></span> <span class='ocrx_word' id='word_1_72' title='bbox 607 952 691 996; x_wconf 93' lang='lat' dir='ltr'><strong>est</strong></span> <span class='ocrx_word' id='word_1_73' title='bbox 721 942 794 995; x_wconf 92' lang='lat' dir='ltr'><strong>illi</strong></span> <span class='ocrx_word' id='word_1_74' title='bbox 820 982 837 1007; x_wconf 92' lang='lat'><strong>,</strong></span> <span class='ocrx_word' id='word_1_75' title='bbox 888 953 1146 1012; x_wconf 88' lang='lat' dir='ltr'><strong>quantum</strong></span> <span class='ocrx_word' id='word_1_76' title='bbox 1179 943 1245 996; x_wconf 92' lang='lat' dir='ltr'><strong>ad</strong></span> <span class='ocrx_word' id='word_1_77' title='bbox 1273 944 1448 1012; x_wconf 91' lang='lat' dir='ltr'><strong>ipsum</strong></span> <span class='ocrx_word' id='word_1_78' title='bbox 1491 959 1618 1014; x_wconf 87' lang='lat' dir='ltr'><strong>pro-</strong></span> 
     </span>
    </p>
   </div>
   <div class='ocr_carea' id='block_1_11' title="bbox 1711 487 3281 558">
    <p class='ocr_par' dir='ltr' id='par_1_11' title="bbox 1711 487 3281 558">
     <span class='ocr_line' id='line_1_11' title="bbox 1711 487 3281 558; baseline 0 -18"><span class='ocrx_word' id='word_1_79' title='bbox 1711 489 1978 542; x_wconf 65' lang='lat' dir='ltr'><strong>Iensionis</strong></span> <span class='ocrx_word' id='word_1_80' title='bbox 2029 498 2083 542; x_wconf 87' lang='lat' dir='ltr'><strong>et</strong></span> <span class='ocrx_word' id='word_1_81' title='bbox 2137 498 2284 558; x_wconf 83' lang='lat' dir='ltr'><strong>petra</strong></span> <span class='ocrx_word' id='word_1_82' title='bbox 2334 487 2593 551; x_wconf 85' lang='lat' dir='ltr'><strong>scandali,</strong></span> <span class='ocrx_word' id='word_1_83' title='bbox 2627 501 2685 541; x_wconf 90' lang='lat' dir='ltr'><strong>ut</strong></span> <span class='ocrx_word' id='word_1_84' title='bbox 2739 487 2866 541; x_wconf 89' lang='lat' dir='ltr'><strong>illud</strong></span> <span class='ocrx_word' id='word_1_85' title='bbox 2924 489 3024 540; x_wconf 92' lang='lat' dir='ltr'><strong>iter</strong></span> <span class='ocrx_word' id='word_1_86' title='bbox 3077 488 3281 556; x_wconf 80' lang='lat' dir='ltr'><strong>peccati</strong></span> 
     </span>
    </p>
   </div>
   <div class='ocr_carea' id='block_1_12' title="bbox 1723 578 3284 647">
    <p class='ocr_par' dir='ltr' id='par_1_12' title="bbox 1723 578 3284 647">
     <span class='ocr_line' id='line_1_12' title="bbox 1723 578 3284 647; baseline 0 -16"><span class='ocrx_word' id='word_1_87' title='bbox 1723 579 1864 646; x_wconf 91' lang='lat' dir='ltr'><strong>quod</strong></span> <span class='ocrx_word' id='word_1_88' title='bbox 1895 581 2140 642; x_wconf 88' lang='lat' dir='ltr'><strong>tenebat,</strong></span> <span class='ocrx_word' id='word_1_89' title='bbox 2174 579 2392 647; x_wconf 83' lang='lat' dir='ltr'><strong>explere</strong></span> <span class='ocrx_word' id='word_1_90' title='bbox 2425 595 2528 633; x_wconf 90' lang='lat' dir='ltr'><strong>non</strong></span> <span class='ocrx_word' id='word_1_91' title='bbox 2569 587 2787 647; x_wconf 89' lang='lat' dir='ltr'><strong>posset,</strong></span> <span class='ocrx_word' id='word_1_92' title='bbox 2838 578 2930 632; x_wconf 90' lang='lat' dir='ltr'><strong>sed</strong></span> <span class='ocrx_word' id='word_1_93' title='bbox 2986 593 3284 632; x_wconf 88' lang='lat' dir='ltr'><strong>conversus</strong></span> 
     </span>
    </p>
   </div>
   <div class='ocr_carea' id='block_1_13' title="bbox 1723 669 3282 739">
    <p class='ocr_par' dir='ltr' id='par_1_13' title="bbox 1723 669 3282 739">
     <span class='ocr_line' id='line_1_13' title="bbox 1723 669 3282 739; baseline -0.001 -16"><span class='ocrx_word' id='word_1_94' title='bbox 1723 671 1968 724; x_wconf 78' lang='lat' dir='ltr'><strong>crederet</strong></span> <span class='ocrx_word' id='word_1_95' title='bbox 1998 671 2046 723; x_wconf 92' lang='lat' dir='ltr'><strong>ei</strong></span> <span class='ocrx_word' id='word_1_96' title='bbox 2076 671 2164 739; x_wconf 85' lang='lat' dir='ltr'><strong>qui</strong></span> <span class='ocrx_word' id='word_1_97' title='bbox 2199 671 2336 723; x_wconf 81' lang='lat' dir='ltr'><strong>viam</strong></span> <span class='ocrx_word' id='word_1_98' title='bbox 2361 686 2512 725; x_wconf 90' lang='lat' dir='ltr'><strong>suam</strong></span> <span class='ocrx_word' id='word_1_99' title='bbox 2535 669 2862 729; x_wconf 84' lang='lat' dir='ltr'><strong>excluserat,</strong></span> <span class='ocrx_word' id='word_1_100' title='bbox 2890 679 2942 722; x_wconf 89' lang='lat' dir='ltr'><strong>et</strong></span> <span class='ocrx_word' id='word_1_101' title='bbox 2963 669 3282 737; x_wconf 88' lang='lat' dir='ltr'><strong>quibusdam</strong></span> 
     </span>
    </p>
   </div>
   <div class='ocr_carea' id='block_1_14' title="bbox 1722 761 3282 832">
    <p class='ocr_par' dir='ltr' id='par_1_14' title="bbox 1722 761 3282 832">
     <span class='ocr_line' id='line_1_14' title="bbox 1722 761 3282 832; baseline -0.001 -16"><span class='ocrx_word' id='word_1_102' title='bbox 1722 763 1946 816; x_wconf 86' lang='lat' dir='ltr'><strong>sudibus</strong></span> <span class='ocrx_word' id='word_1_103' title='bbox 1974 762 2085 832; x_wconf 78' lang='lat'><strong>(62)</strong></span> <span class='ocrx_word' id='word_1_104' title='bbox 2113 763 2549 818; x_wconf 90' lang='lat' dir='ltr'><strong>comminationis</strong></span> <span class='ocrx_word' id='word_1_105' title='bbox 2571 762 2948 830; x_wconf 76' lang='lat' dir='ltr'><strong>obstruxerat;</strong></span> <span class='ocrx_word' id='word_1_106' title='bbox 2973 771 3029 816; x_wconf 90' lang='lat' dir='ltr'><strong>et</strong></span> <span class='ocrx_word' id='word_1_107' title='bbox 3057 761 3282 816; x_wconf 86' lang='lat' dir='ltr'><strong>credens</strong></span> 
     </span>
    </p>
   </div>
   <div class='ocr_carea' id='block_1_15' title="bbox 1719 855 2460 910">
    <p class='ocr_par' dir='ltr' id='par_1_15' title="bbox 1719 855 2460 910">
     <span class='ocr_line' id='line_1_15' title="bbox 1719 855 2460 910; baseline -0.003 -2"><span class='ocrx_word' id='word_1_108' title='bbox 1719 855 1775 908; x_wconf 88' lang='lat' dir='ltr'><strong>in</strong></span> <span class='ocrx_word' id='word_1_109' title='bbox 1802 869 1924 908; x_wconf 91' lang='lat' dir='ltr'><strong>eum</strong></span> <span class='ocrx_word' id='word_1_110' title='bbox 1955 870 2059 908; x_wconf 92' lang='lat' dir='ltr'><strong>non</strong></span> <span class='ocrx_word' id='word_1_111' title='bbox 2091 855 2460 910; x_wconf 86' lang='lat' dir='ltr'><strong>erubesceret.</strong></span> 
     </span>
    </p>
   </div>
   <div class='ocr_carea' id='block_1_16' title="bbox 1158 1234 2162 1328">
    <p class='ocr_par' dir='ltr' id='par_1_16' title="bbox 1158 1234 2162 1328">
     <span class='ocr_line' id='line_1_16' title="bbox 1158 1234 2162 1328; baseline -0.004 -2"><span class='ocrx_word' id='word_1_112' title='bbox 1158 1239 1512 1327; x_wconf 89' lang='lat' dir='ltr'><strong>LIBER</strong></span> <span class='ocrx_word' id='word_1_113' title='bbox 1585 1234 2162 1328; x_wconf 80' lang='lat' dir='ltr'><strong>OCTAVUS.</strong></span> 
     </span>
    </p>
   </div>
   <div class='ocr_carea' id='block_1_17' title="bbox 132 1569 3277 1647">
    <p class='ocr_par' dir='ltr' id='par_1_17' title="bbox 132 1569 3277 1647">
     <span class='ocr_line' id='line_1_17' title="bbox 132 1569 3277 1647; baseline -0.002 -22"><span class='ocrx_word' id='word_1_114' title='bbox 132 1573 174 1625; x_wconf 90' lang='lat' dir='ltr'><strong>l.</strong></span> <span class='ocrx_word' id='word_1_115' title='bbox 207 1591 224 1623; x_wconf 74' lang='grc' dir='ltr'>ί</span> <span class='ocrx_word' id='word_1_116' title='bbox 261 1571 496 1635; x_wconf 75' lang='lat' dir='ltr'><strong>Fratres,</strong></span> <span class='ocrx_word' id='word_1_117' title='bbox 522 1571 768 1624; x_wconf 89' lang='lat' dir='ltr'><strong>voluntas</strong></span> <span class='ocrx_word' id='word_1_118' title='bbox 792 1569 1007 1639; x_wconf 91' lang='lat' dir='ltr'><strong>quidem</strong></span> <span class='ocrx_word' id='word_1_119' title='bbox 1031 1569 1210 1624; x_wconf 90' lang='lat' dir='ltr'><strong>cordis</strong></span> <span class='ocrx_word' id='word_1_120' title='bbox 1236 1570 1362 1631; x_wconf 89' lang='lat' dir='ltr'><strong>mei,</strong></span> <span class='ocrx_word' id='word_1_121' title='bbox 1389 1578 1444 1624; x_wconf 90' lang='lat' dir='ltr'><strong>et</strong></span> <span class='ocrx_word' id='word_1_122' title='bbox 1471 1571 1688 1638; x_wconf 80' lang='lat' dir='ltr'><strong>obse-B</strong></span> <span class='ocrx_word' id='word_1_123' title='bbox 1715 1592 1870 1633; x_wconf 77' lang='lat' dir='ltr'><strong>crare</strong></span> <span class='ocrx_word' id='word_1_124' title='bbox 1934 1577 2096 1631; x_wconf 86' lang='lat' dir='ltr'><strong>Deum</strong></span> <span class='ocrx_word' id='word_1_125' title='bbox 2155 1592 2250 1646; x_wconf 86' lang='lat' dir='ltr'><strong>pro</strong></span> <span class='ocrx_word' id='word_1_126' title='bbox 2316 1576 2627 1647; x_wconf 89' lang='lat' dir='ltr'><strong>ipsis(68),</strong></span> <span class='ocrx_word' id='word_1_127' title='bbox 2685 1585 2743 1628; x_wconf 86' lang='lat' dir='ltr'><strong>ut</strong></span> <span class='ocrx_word' id='word_1_128' title='bbox 2788 1577 2869 1630; x_wconf 81' lang='lat' dir='ltr'><strong>vel</strong></span> <span class='ocrx_word' id='word_1_129' title='bbox 2918 1578 2969 1630; x_wconf 82' lang='lat' dir='ltr'><strong>in</strong></span> <span class='ocrx_word' id='word_1_130' title='bbox 3017 1578 3122 1632; x_wconf 73' lang='lat' dir='ltr'><strong>nne</strong></span> <span class='ocrx_word' id='word_1_131' title='bbox 3179 1579 3277 1630; x_wconf 67' lang='lat' dir='ltr'><strong>an.</strong></span> 
     </span>
    </p>
   </div>
   <div class='ocr_carea' id='block_1_18' title="bbox 65 1660 1620 1731">
    <p class='ocr_par' dir='ltr' id='par_1_18' title="bbox 65 1660 1620 1731">
     <span class='ocr_line' id='line_1_18' title="bbox 65 1660 1620 1731; baseline 0 -17"><span class='ocrx_word' id='word_1_132' title='bbox 65 1663 218 1716; x_wconf 89' lang='lat' dir='ltr'><strong>cratio</strong></span> <span class='ocrx_word' id='word_1_133' title='bbox 243 1661 386 1730; x_wconf 88' lang='lat' dir='ltr'><strong>apud</strong></span> <span class='ocrx_word' id='word_1_134' title='bbox 417 1661 588 1714; x_wconf 89' lang='lat' dir='ltr'><strong>Deum</strong></span> <span class='ocrx_word' id='word_1_135' title='bbox 623 1660 682 1715; x_wconf 89' lang='lat' dir='ltr'><strong>ﬁt</strong></span> <span class='ocrx_word' id='word_1_136' title='bbox 713 1677 811 1731; x_wconf 87' lang='lat' dir='ltr'><strong>pro</strong></span> <span class='ocrx_word' id='word_1_137' title='bbox 839 1660 942 1715; x_wconf 90' lang='lat' dir='ltr'><strong>illis</strong></span> <span class='ocrx_word' id='word_1_138' title='bbox 975 1661 1031 1715; x_wconf 92' lang='lat' dir='ltr'><strong>in</strong></span> <span class='ocrx_word' id='word_1_139' title='bbox 1067 1662 1315 1715; x_wconf 87' lang='lat' dir='ltr'><strong>salutem.</strong></span> <span class='ocrx_word' id='word_1_140' title='bbox 1349 1661 1620 1716; x_wconf 88' lang='lat' dir='ltr'><strong>Testimo-</strong></span> 
     </span>
    </p>
   </div>
   <div class='ocr_carea' id='block_1_19' title="bbox 68 1754 1619 1826">
    <p class='ocr_par' dir='ltr' id='par_1_19' title="bbox 68 1754 1619 1826">
     <span class='ocr_line' id='line_1_19' title="bbox 68 1754 1619 1826; baseline 0.001 -19"><span class='ocrx_word' id='word_1_141' title='bbox 68 1755 200 1808; x_wconf 88' lang='lat' dir='ltr'><strong>nium</strong></span> <span class='ocrx_word' id='word_1_142' title='bbox 247 1757 392 1810; x_wconf 90' lang='lat' dir='ltr'><strong>enim</strong></span> <span class='ocrx_word' id='word_1_143' title='bbox 442 1754 704 1826; x_wconf 87' lang='lat' dir='ltr'><strong>perbibeo</strong></span> <span class='ocrx_word' id='word_1_144' title='bbox 736 1755 862 1817; x_wconf 88' lang='lat' dir='ltr'><strong>illis,</strong></span> <span class='ocrx_word' id='word_1_145' title='bbox 910 1754 1054 1824; x_wconf 87' lang='lat' dir='ltr'><strong>quod</strong></span> <span class='ocrx_word' id='word_1_146' title='bbox 1081 1755 1479 1809; x_wconf 70' lang='lat' dir='ltr'><strong>aemulationem</strong></span> <span class='ocrx_word' id='word_1_147' title='bbox 1526 1755 1619 1810; x_wconf 88' lang='lat' dir='ltr'><strong>Dei</strong></span> 
     </span>
    </p>
   </div>
   <div class='ocr_carea' id='block_1_20' title="bbox 68 1845 1623 1913">
    <p class='ocr_par' dir='ltr' id='par_1_20' title="bbox 68 1845 1623 1913">
     <span class='ocr_line' id='line_1_20' title="bbox 68 1845 1623 1913; baseline -0.003 -11"><span class='ocrx_word' id='word_1_148' title='bbox 68 1849 314 1912; x_wconf 82' lang='lat' dir='ltr'><strong>habeant,</strong></span> <span class='ocrx_word' id='word_1_149' title='bbox 349 1847 446 1902; x_wconf 89' lang='lat' dir='ltr'><strong>sed</strong></span> <span class='ocrx_word' id='word_1_150' title='bbox 478 1862 589 1901; x_wconf 92' lang='lat' dir='ltr'><strong>non</strong></span> <span class='ocrx_word' id='word_1_151' title='bbox 629 1845 926 1900; x_wconf 89' lang='lat' dir='ltr'><strong>secundum</strong></span> <span class='ocrx_word' id='word_1_152' title='bbox 969 1845 1270 1900; x_wconf 83' lang='lat' dir='ltr'><strong>scientiam.</strong></span> <span class='ocrx_word' id='word_1_153' title='bbox 1311 1845 1623 1913; x_wconf 85' lang='lat' dir='ltr'><strong>Ignorantes</strong></span> 
     </span>
    </p>
   </div>
   <div class='ocr_carea' id='block_1_21' title="bbox 68 1937 1624 2008">
    <p class='ocr_par' dir='ltr' id='par_1_21' title="bbox 68 1937 1624 2008">
     <span class='ocr_line' id='line_1_21' title="bbox 68 1937 1624 2008; baseline -0.002 -16"><span class='ocrx_word' id='word_1_154' title='bbox 68 1941 196 1994; x_wconf 88' lang='lat' dir='ltr'><strong>cnim</strong></span> <span class='ocrx_word' id='word_1_155' title='bbox 251 1939 343 1993; x_wconf 86' lang='lat' dir='ltr'><strong>Dei</strong></span> <span class='ocrx_word' id='word_1_156' title='bbox 386 1939 653 2008; x_wconf 87' lang='lat' dir='ltr'><strong>justitiam</strong></span> <span class='ocrx_word' id='word_1_157' title='bbox 678 1977 692 2002; x_wconf 93' lang='lat'><strong>,</strong></span> <span class='ocrx_word' id='word_1_158' title='bbox 734 1946 790 1992; x_wconf 91' lang='lat' dir='ltr'><strong>et</strong></span> <span class='ocrx_word' id='word_1_159' title='bbox 827 1954 979 1992; x_wconf 90' lang='lat' dir='ltr'><strong>suam</strong></span> <span class='ocrx_word' id='word_1_160' title='bbox 1014 1937 1277 2008; x_wconf 85' lang='lat' dir='ltr'><strong>justitiam</strong></span> <span class='ocrx_word' id='word_1_161' title='bbox 1319 1947 1624 2006; x_wconf 60' lang='lat' dir='ltr'><strong>quaerentes</strong></span> 
     </span>
    </p>
   </div>
   <div class='ocr_carea' id='block_1_22' title="bbox 71 2029 1623 2104">
    <p class='ocr_par' dir='ltr' id='par_1_22' title="bbox 71 2029 1623 2104">
     <span class='ocr_line' id='line_1_22' title="bbox 71 2029 1623 2104; baseline -0.001 -18"><span class='ocrx_word' id='word_1_162' title='bbox 71 2034 382 2088; x_wconf 86' lang='lat' dir='ltr'><strong>constituere</strong></span> <span class='ocrx_word' id='word_1_163' title='bbox 405 2071 421 2096; x_wconf 92' lang='lat'><strong>,</strong></span> <span class='ocrx_word' id='word_1_164' title='bbox 449 2033 672 2104; x_wconf 71' lang='lat' dir='ltr'><strong>justitia:</strong></span> <span class='ocrx_word' id='word_1_165' title='bbox 704 2031 800 2085; x_wconf 89' lang='lat' dir='ltr'><strong>Dei</strong></span> <span class='ocrx_word' id='word_1_166' title='bbox 841 2046 952 2085; x_wconf 92' lang='lat' dir='ltr'><strong>non</strong></span> <span class='ocrx_word' id='word_1_167' title='bbox 987 2040 1114 2084; x_wconf 91' lang='lat' dir='ltr'><strong>sunt</strong></span> <span class='ocrx_word' id='word_1_168' title='bbox 1143 2029 1370 2099; x_wconf 85' lang='lat' dir='ltr'><strong>subjecti</strong></span> <span class='ocrx_word' id='word_1_169' title='bbox 1402 2030 1464 2082; x_wconf 82' lang='grc'><strong>⁷⁷.</strong></span> <span class='ocrx_word' id='word_1_170' title='bbox 1499 2049 1515 2080; x_wconf 82' lang='grc' dir='ltr'><strong>ι</strong></span> <span class='ocrx_word' id='word_1_171' title='bbox 1552 2031 1623 2084; x_wconf 85' lang='lat' dir='ltr'><strong>Et</strong></span> 
     </span>
    </p>
   </div>
   <div class='ocr_carea' id='block_1_23' title="bbox 69 2122 1623 2196">
    <p class='ocr_par' dir='ltr' id='par_1_23' title="bbox 69 2122 1623 2196">
     <span class='ocr_line' id='line_1_23' title="bbox 69 2122 1623 2196; baseline -0.002 -19"><span class='ocrx_word' id='word_1_172' title='bbox 69 2141 125 2178; x_wconf 71' lang='lat' dir='ltr'><strong>cx</strong></span> <span class='ocrx_word' id='word_1_173' title='bbox 167 2126 346 2191; x_wconf 91' lang='lat' dir='ltr'><strong>initio,</strong></span> <span class='ocrx_word' id='word_1_174' title='bbox 387 2135 444 2180; x_wconf 90' lang='lat' dir='ltr'><strong>et</strong></span> <span class='ocrx_word' id='word_1_175' title='bbox 486 2126 811 2196; x_wconf 91' lang='lat' dir='ltr'><strong>procedente</strong></span> <span class='ocrx_word' id='word_1_176' title='bbox 839 2124 950 2196; x_wconf 83' lang='grc'>(65)</span> <span class='ocrx_word' id='word_1_177' title='bbox 983 2132 1129 2176; x_wconf 78' lang='lat' dir='ltr'><strong>textu</strong></span> <span class='ocrx_word' id='word_1_178' title='bbox 1163 2122 1444 2192; x_wconf 76' lang='lat' dir='ltr'><strong>Epistolas,</strong></span> <span class='ocrx_word' id='word_1_179' title='bbox 1483 2122 1623 2176; x_wconf 79' lang='lat' dir='ltr'><strong>dixi-</strong></span> 
     </span>
    </p>
   </div>
   <div class='ocr_carea' id='block_1_24' title="bbox 69 2217 1614 2289">
    <p class='ocr_par' dir='ltr' id='par_1_24' title="bbox 69 2217 1614 2289">
     <span class='ocr_line' id='line_1_24' title="bbox 69 2217 1614 2289; baseline 0.003 -20"><span class='ocrx_word' id='word_1_180' title='bbox 69 2233 174 2272; x_wconf 88' lang='lat' dir='ltr'><strong>mus</strong></span> <span class='ocrx_word' id='word_1_181' title='bbox 203 2217 423 2271; x_wconf 87' lang='lat' dir='ltr'><strong>Paulum</strong></span> <span class='ocrx_word' id='word_1_182' title='bbox 479 2233 619 2272; x_wconf 90' lang='lat' dir='ltr'><strong>nunc</strong></span> <span class='ocrx_word' id='word_1_183' title='bbox 667 2234 764 2288; x_wconf 89' lang='lat' dir='ltr'><strong>pro</strong></span> <span class='ocrx_word' id='word_1_184' title='bbox 800 2220 1086 2288; x_wconf 81' lang='lat' dir='ltr'><strong>gentibus,</strong></span> <span class='ocrx_word' id='word_1_185' title='bbox 1117 2236 1260 2276; x_wconf 91' lang='lat' dir='ltr'><strong>nunc</strong></span> <span class='ocrx_word' id='word_1_186' title='bbox 1309 2224 1469 2275; x_wconf 89' lang='lat' dir='ltr'><strong>etiam</strong></span> <span class='ocrx_word' id='word_1_187' title='bbox 1517 2236 1614 2289; x_wconf 88' lang='lat' dir='ltr'><strong>pro</strong></span> 
     </span>
    </p>
   </div>
   <div class='ocr_carea' id='block_1_25' title="bbox 67 2308 1614 2382">
    <p class='ocr_par' dir='ltr' id='par_1_25' title="bbox 67 2308 1614 2382">
     <span class='ocr_line' id='line_1_25' title="bbox 67 2308 1614 2382; baseline 0.003 -22"><span class='ocrx_word' id='word_1_188' title='bbox 67 2308 214 2363; x_wconf 79' lang='lat' dir='ltr'><strong>Israel</strong></span> <span class='ocrx_word' id='word_1_189' title='bbox 244 2309 421 2364; x_wconf 82' lang='lat' dir='ltr'><strong>facere</strong></span> <span class='ocrx_word' id='word_1_190' title='bbox 450 2325 773 2364; x_wconf 86' lang='lat' dir='ltr'><strong>sermonem.</strong></span> <span class='ocrx_word' id='word_1_191' title='bbox 803 2309 937 2376; x_wconf 86' lang='lat' dir='ltr'><strong>Quia</strong></span> <span class='ocrx_word' id='word_1_192' title='bbox 965 2325 1094 2381; x_wconf 86' lang='lat' dir='ltr'><strong>ergo</strong></span> <span class='ocrx_word' id='word_1_193' title='bbox 1114 2313 1164 2365; x_wconf 92' lang='lat' dir='ltr'><strong>in</strong></span> <span class='ocrx_word' id='word_1_194' title='bbox 1191 2314 1276 2366; x_wconf 90' lang='lat' dir='ltr'><strong>bis</strong></span> <span class='ocrx_word' id='word_1_195' title='bbox 1297 2329 1416 2381; x_wconf 74' lang='lat' dir='ltr'><strong>qua:</strong></span> <span class='ocrx_word' id='word_1_196' title='bbox 1447 2328 1614 2382; x_wconf 89' lang='lat' dir='ltr'><strong>nuper</strong></span> 
     </span>
    </p>
   </div>
   <div class='ocr_carea' id='block_1_26' title="bbox 67 2400 1612 2468">
    <p class='ocr_par' dir='ltr' id='par_1_26' title="bbox 67 2400 1612 2468">
     <span class='ocr_line' id='line_1_26' title="bbox 67 2400 1612 2468; baseline 0.006 -18"><span class='ocrx_word' id='word_1_197' title='bbox 67 2401 294 2468; x_wconf 80' lang='lat' dir='ltr'><strong>exposita</strong></span> <span class='ocrx_word' id='word_1_198' title='bbox 334 2411 502 2465; x_wconf 91' lang='lat' dir='ltr'><strong>sunt,</strong></span> <span class='ocrx_word' id='word_1_199' title='bbox 536 2400 720 2455; x_wconf 90' lang='lat' dir='ltr'><strong>multis</strong></span> <span class='ocrx_word' id='word_1_200' title='bbox 755 2404 1080 2457; x_wconf 85' lang='lat' dir='ltr'><strong>testimoniis</strong></span> <span class='ocrx_word' id='word_1_201' title='bbox 1124 2405 1406 2460; x_wconf 87' lang='lat' dir='ltr'><strong>adversum</strong></span> <span class='ocrx_word' id='word_1_202' title='bbox 1447 2406 1612 2460; x_wconf 86' lang='lat' dir='ltr'><strong>Israel</strong></span> 
     </span>
    </p>
   </div>
   <div class='ocr_carea' id='block_1_27' title="bbox 67 2491 1609 2564">
    <p class='ocr_par' dir='ltr' id='par_1_27' title="bbox 67 2491 1609 2564">
     <span class='ocr_line' id='line_1_27' title="bbox 67 2491 1609 2564; baseline 0.008 -27"><span class='ocrx_word' id='word_1_203' title='bbox 67 2504 177 2542; x_wconf 91' lang='lat' dir='ltr'><strong>usus</strong></span> <span class='ocrx_word' id='word_1_204' title='bbox 207 2500 289 2545; x_wconf 92' lang='lat' dir='ltr'><strong>est</strong></span> <span class='ocrx_word' id='word_1_205' title='bbox 311 2491 732 2560; x_wconf 88' lang='lat' dir='ltr'><strong>prophetarum,</strong></span> <span class='ocrx_word' id='word_1_206' title='bbox 781 2493 853 2546; x_wconf 77' lang='lat' dir='ltr'><strong>ita</strong></span> <span class='ocrx_word' id='word_1_207' title='bbox 901 2505 957 2548; x_wconf 92' lang='lat' dir='ltr'><strong>ut</strong></span> <span class='ocrx_word' id='word_1_208' title='bbox 1011 2496 1277 2564; x_wconf 81' lang='lat' dir='ltr'><strong>proferret</strong></span> <span class='ocrx_word' id='word_1_209' title='bbox 1316 2497 1382 2551; x_wconf 87' lang='lat' dir='ltr'><strong>de</strong></span> <span class='ocrx_word' id='word_1_210' title='bbox 1424 2498 1609 2551; x_wconf 86' lang='lat' dir='ltr'><strong>Isaia:</strong></span> 
     </span>
    </p>
   </div>
   <div class='ocr_carea' id='block_1_28' title="bbox 71 2579 1609 2656">
    <p class='ocr_par' dir='ltr' id='par_1_28' title="bbox 71 2579 1609 2656">
     <span class='ocr_line' id='line_1_28' title="bbox 71 2579 1609 2656; baseline 0.009 -27"><span class='ocrx_word' id='word_1_211' title='bbox 71 2597 87 2629; x_wconf 78' lang='grc' dir='ltr'><strong>ι</strong></span> <span class='ocrx_word' id='word_1_212' title='bbox 113 2579 212 2636; x_wconf 84' lang='lat' dir='ltr'><strong>Nisi</strong></span> <span class='ocrx_word' id='word_1_213' title='bbox 251 2582 510 2638; x_wconf 88' lang='lat' dir='ltr'><strong>Dominus</strong></span> <span class='ocrx_word' id='word_1_214' title='bbox 542 2585 778 2643; x_wconf 79' lang='lat' dir='ltr'><strong>Sabaoth</strong></span> <span class='ocrx_word' id='word_1_215' title='bbox 828 2588 1137 2656; x_wconf 81' lang='lat' dir='ltr'><strong>reliquisset</strong></span> <span class='ocrx_word' id='word_1_216' title='bbox 1188 2589 1345 2642; x_wconf 87' lang='lat' dir='ltr'><strong>nobis</strong></span> <span class='ocrx_word' id='word_1_217' title='bbox 1401 2603 1609 2653; x_wconf 92' lang='lat' dir='ltr'><strong>semen,</strong></span> 
     </span>
    </p>
   </div>
   <div class='ocr_carea' id='block_1_29' title="bbox 64 2669 1606 2744">
    <p class='ocr_par' dir='ltr' id='par_1_29' title="bbox 64 2669 1606 2744">
     <span class='ocr_line' id='line_1_29' title="bbox 64 2669 1606 2744; baseline 0.008 -22"><span class='ocrx_word' id='word_1_218' title='bbox 64 2671 205 2724; x_wconf 85' lang='lat' dir='ltr'><strong>sicut</strong></span> <span class='ocrx_word' id='word_1_219' title='bbox 233 2669 468 2728; x_wconf 89' lang='lat' dir='ltr'><strong>Sodoma</strong></span> <span class='ocrx_word' id='word_1_220' title='bbox 512 2674 639 2730; x_wconf 80' lang='lat' dir='ltr'><strong>facti</strong></span> <span class='ocrx_word' id='word_1_221' title='bbox 683 2693 966 2744; x_wconf 87' lang='lat' dir='ltr'><strong>essemus,</strong></span> <span class='ocrx_word' id='word_1_222' title='bbox 1015 2691 1068 2734; x_wconf 92' lang='lat' dir='ltr'><strong>et</strong></span> <span class='ocrx_word' id='word_1_223' title='bbox 1114 2680 1256 2734; x_wconf 88' lang='lat' dir='ltr'><strong>sicut</strong></span> <span class='ocrx_word' id='word_1_224' title='bbox 1305 2679 1606 2734; x_wconf 89' lang='lat' dir='ltr'><strong>Gomorrha</strong></span> 
     </span>
    </p>
   </div>
   <div class='ocr_carea' id='block_1_30' title="bbox 64 2761 1613 2834">
    <p class='ocr_par' dir='ltr' id='par_1_30' title="bbox 64 2761 1613 2834">
     <span class='ocr_line' id='line_1_30' title="bbox 64 2761 1613 2834; baseline 0.006 -22"><span class='ocrx_word' id='word_1_225' title='bbox 64 2761 249 2817; x_wconf 86' lang='lat' dir='ltr'><strong>similes</strong></span> <span class='ocrx_word' id='word_1_226' title='bbox 279 2763 571 2820; x_wconf 82' lang='lat' dir='ltr'><strong>fuissemus</strong></span> <span class='ocrx_word' id='word_1_227' title='bbox 589 2767 635 2798; x_wconf 82' lang='grc'><strong>⁷⁸</strong></span> <span class='ocrx_word' id='word_1_228' title='bbox 655 2785 670 2834; x_wconf 89' lang='lat'><strong>;</strong></span> <span class='ocrx_word' id='word_1_229' title='bbox 694 2788 714 2822; x_wconf 82' lang='grc' dir='ltr'><strong>ι</strong></span> <span class='ocrx_word' id='word_1_230' title='bbox 751 2778 808 2824; x_wconf 94' lang='lat' dir='ltr'><strong>et</strong></span> <span class='ocrx_word' id='word_1_231' title='bbox 833 2771 1026 2825; x_wconf 91' lang='lat' dir='ltr'><strong>iterum</strong></span> <span class='ocrx_word' id='word_1_232' title='bbox 1053 2773 1097 2804; x_wconf 74' lang='grc'><strong>⁷⁸</strong></span> <span class='ocrx_word' id='word_1_233' title='bbox 1126 2788 1139 2824; x_wconf 91' lang='lat'><strong>:</strong></span> <span class='ocrx_word' id='word_1_234' title='bbox 1181 2790 1201 2822; x_wconf 81' lang='grc' dir='ltr'><strong>ι</strong></span> <span class='ocrx_word' id='word_1_235' title='bbox 1243 2770 1300 2824; x_wconf 90' lang='lat' dir='ltr'><strong>Si</strong></span> <span class='ocrx_word' id='word_1_236' title='bbox 1329 2770 1488 2824; x_wconf 75' lang='lat' dir='ltr'><strong>fuerit</strong></span> <span class='ocrx_word' id='word_1_237' title='bbox 1519 2786 1613 2823; x_wconf 88' lang='lat' dir='ltr'><strong>nu-</strong></span> 
     </span>
    </p>
   </div>
   <div class='ocr_carea' id='block_1_31' title="bbox 68 2853 1612 2930">
    <p class='ocr_par' dir='ltr' id='par_1_31' title="bbox 68 2853 1612 2930">
     <span class='ocr_line' id='line_1_31' title="bbox 68 2853 1612 2930; baseline 0.009 -30"><span class='ocrx_word' id='word_1_238' title='bbox 68 2866 229 2907; x_wconf 85' lang='lat' dir='ltr'><strong>merus</strong></span> <span class='ocrx_word' id='word_1_239' title='bbox 258 2853 488 2908; x_wconf 91' lang='lat' dir='ltr'><strong>ﬁliorum</strong></span> <span class='ocrx_word' id='word_1_240' title='bbox 516 2855 682 2912; x_wconf 87' lang='lat' dir='ltr'><strong>Israel</strong></span> <span class='ocrx_word' id='word_1_241' title='bbox 729 2870 983 2930; x_wconf 88' lang='lat' dir='ltr'><strong>tanquam</strong></span> <span class='ocrx_word' id='word_1_242' title='bbox 1021 2877 1183 2915; x_wconf 88' lang='lat' dir='ltr'><strong>arena</strong></span> <span class='ocrx_word' id='word_1_243' title='bbox 1237 2863 1440 2925; x_wconf 89' lang='lat' dir='ltr'><strong>maris,</strong></span> <span class='ocrx_word' id='word_1_244' title='bbox 1492 2861 1612 2916; x_wconf 89' lang='lat' dir='ltr'><strong>reli-</strong></span> 
     </span>
    </p>
   </div>
   <div class='ocr_carea' id='block_1_32' title="bbox 1717 1669 3274 1740">
    <p class='ocr_par' dir='ltr' id='par_1_32' title="bbox 1717 1669 3274 1740">
     <span class='ocr_line' id='line_1_32' title="bbox 1717 1669 3274 1740; baseline 0.001 -17"><span class='ocrx_word' id='word_1_245' title='bbox 1717 1674 1927 1740; x_wconf 89' lang='lat' dir='ltr'><strong>quaudo</strong></span> <span class='ocrx_word' id='word_1_246' title='bbox 1954 1671 2265 1740; x_wconf 87' lang='lat' dir='ltr'><strong>perveniant</strong></span> <span class='ocrx_word' id='word_1_247' title='bbox 2291 1672 2355 1724; x_wconf 90' lang='lat' dir='ltr'><strong>ad</strong></span> <span class='ocrx_word' id='word_1_248' title='bbox 2396 1671 2645 1724; x_wconf 85' lang='lat' dir='ltr'><strong>salutem.</strong></span> <span class='ocrx_word' id='word_1_249' title='bbox 2690 1669 2899 1723; x_wconf 78' lang='lat' dir='ltr'><strong>Habent</strong></span> <span class='ocrx_word' id='word_1_250' title='bbox 2923 1672 3066 1724; x_wconf 89' lang='lat' dir='ltr'><strong>enim</strong></span> <span class='ocrx_word' id='word_1_251' title='bbox 3100 1671 3274 1725; x_wconf 86' lang='lat' dir='ltr'><strong>zelum</strong></span> 
     </span>
    </p>
   </div>
   <div class='ocr_carea' id='block_1_33' title="bbox 1714 1761 3271 1834">
    <p class='ocr_par' dir='ltr' id='par_1_33' title="bbox 1714 1761 3271 1834">
     <span class='ocr_line' id='line_1_33' title="bbox 1714 1761 3271 1834; baseline 0 -18"><span class='ocrx_word' id='word_1_252' title='bbox 1714 1764 1874 1834; x_wconf 75' lang='lat'><strong>621</strong></span> <span class='ocrx_word' id='word_1_253' title='bbox 1913 1762 2026 1828; x_wconf 90' lang='lat' dir='ltr'><strong>Dei,</strong></span> <span class='ocrx_word' id='word_1_254' title='bbox 2059 1763 2151 1816; x_wconf 91' lang='lat' dir='ltr'><strong>sed</strong></span> <span class='ocrx_word' id='word_1_255' title='bbox 2178 1777 2281 1815; x_wconf 91' lang='lat' dir='ltr'><strong>non</strong></span> <span class='ocrx_word' id='word_1_256' title='bbox 2315 1761 2605 1815; x_wconf 90' lang='lat' dir='ltr'><strong>secundum</strong></span> <span class='ocrx_word' id='word_1_257' title='bbox 2639 1761 2941 1814; x_wconf 87' lang='lat' dir='ltr'><strong>scientiam.</strong></span> <span class='ocrx_word' id='word_1_258' title='bbox 2977 1762 3042 1814; x_wconf 88' lang='lat' dir='ltr'><strong>Et</strong></span> <span class='ocrx_word' id='word_1_259' title='bbox 3075 1763 3271 1831; x_wconf 79' lang='lat' dir='ltr'><strong>probat</strong></span> 
     </span>
    </p>
   </div>
   <div class='ocr_carea' id='block_1_34' title="bbox 1715 1851 3274 1923">
    <p class='ocr_par' dir='ltr' id='par_1_34' title="bbox 1715 1851 3274 1923">
     <span class='ocr_line' id='line_1_34' title="bbox 1715 1851 3274 1923; baseline 0.001 -19"><span class='ocrx_word' id='word_1_260' title='bbox 1715 1852 1984 1923; x_wconf 89' lang='lat' dir='ltr'><strong>quomodo</strong></span> <span class='ocrx_word' id='word_1_261' title='bbox 2050 1867 2158 1905; x_wconf 90' lang='lat' dir='ltr'><strong>non</strong></span> <span class='ocrx_word' id='word_1_262' title='bbox 2245 1853 2537 1905; x_wconf 83' lang='lat' dir='ltr'><strong>secundum</strong></span> <span class='ocrx_word' id='word_1_263' title='bbox 2611 1851 2890 1905; x_wconf 83' lang='lat' dir='ltr'><strong>scientiam</strong></span> <span class='ocrx_word' id='word_1_264' title='bbox 2955 1853 3126 1906; x_wconf 83' lang='lat' dir='ltr'><strong>zelum</strong></span> <span class='ocrx_word' id='word_1_265' title='bbox 3183 1853 3274 1906; x_wconf 91' lang='lat' dir='ltr'><strong>Dei</strong></span> 
     </span>
    </p>
   </div>
   <div class='ocr_carea' id='block_1_35' title="bbox 1715 1942 3276 2011">
    <p class='ocr_par' dir='ltr' id='par_1_35' title="bbox 1715 1942 3276 2011">
     <span class='ocr_line' id='line_1_35' title="bbox 1715 1942 3276 2011; baseline 0.001 -15"><span class='ocrx_word' id='word_1_266' title='bbox 1715 1943 1949 1996; x_wconf 83' lang='lat' dir='ltr'><strong>habeant</strong></span> <span class='ocrx_word' id='word_1_267' title='bbox 1983 1958 1998 1994; x_wconf 90' lang='lat'><strong>:</strong></span> <span class='ocrx_word' id='word_1_268' title='bbox 2039 1942 2162 2010; x_wconf 90' lang='lat' dir='ltr'><strong>quia</strong></span> <span class='ocrx_word' id='word_1_269' title='bbox 2217 1959 2236 1992; x_wconf 81' lang='grc' dir='ltr'><strong>ι</strong></span> <span class='ocrx_word' id='word_1_270' title='bbox 2268 1942 2614 2010; x_wconf 86' lang='lat' dir='ltr'><strong>ignorantes.</strong></span> <span class='ocrx_word' id='word_1_271' title='bbox 2675 1943 2850 2009; x_wconf 84' lang='lat' dir='ltr'><strong>inquit</strong></span> <span class='ocrx_word' id='word_1_272' title='bbox 2885 1943 2950 2005; x_wconf 79' lang='grc'><strong>⁸³,</strong></span> <span class='ocrx_word' id='word_1_273' title='bbox 2989 1942 3078 1997; x_wconf 89' lang='lat' dir='ltr'><strong>Dei</strong></span> <span class='ocrx_word' id='word_1_274' title='bbox 3113 1944 3276 2011; x_wconf 62' lang='lat' dir='ltr'><strong>justi-</strong></span> 
     </span>
    </p>
   </div>
   <div class='ocr_carea' id='block_1_36' title="bbox 1717 2030 3274 2102">
    <p class='ocr_par' dir='ltr' id='par_1_36' title="bbox 1717 2030 3274 2102">
     <span class='ocr_line' id='line_1_36' title="bbox 1717 2030 3274 2102; baseline 0.001 -16"><span class='ocrx_word' id='word_1_275' title='bbox 1717 2032 1844 2086; x_wconf 86' lang='lat' dir='ltr'><strong>tiam</strong></span> <span class='ocrx_word' id='word_1_276' title='bbox 1881 2031 2018 2102; x_wconf 86' lang='lat'><strong>(69),</strong></span> <span class='ocrx_word' id='word_1_277' title='bbox 2045 2051 2063 2082; x_wconf 76' lang='grc' dir='ltr'><strong>ι</strong></span> <span class='ocrx_word' id='word_1_278' title='bbox 2089 2030 2315 2099; x_wconf 66' lang='lat' dir='ltr'><strong>justitiaa</strong></span> <span class='ocrx_word' id='word_1_279' title='bbox 2336 2046 2447 2085; x_wconf 66' lang='lat' dir='ltr'><strong>suae</strong></span> <span class='ocrx_word' id='word_1_280' title='bbox 2473 2032 2864 2100; x_wconf 87' lang='lat' dir='ltr'><strong>obtemperant.</strong></span> <span class='ocrx_word' id='word_1_281' title='bbox 2899 2032 3013 2087; x_wconf 84' lang='lat' dir='ltr'><strong>Non</strong></span> <span class='ocrx_word' id='word_1_282' title='bbox 3050 2035 3274 2088; x_wconf 90' lang='lat' dir='ltr'><strong>multum</strong></span> 
     </span>
    </p>
   </div>
   <div class='ocr_carea' id='block_1_37' title="bbox 1714 2123 3276 2195">
    <p class='ocr_par' dir='ltr' id='par_1_37' title="bbox 1714 2123 3276 2195">
     <span class='ocr_line' id='line_1_37' title="bbox 1714 2123 3276 2195; baseline 0.003 -19"><span class='ocrx_word' id='word_1_283' title='bbox 1714 2139 1842 2195; x_wconf 82' lang='lat' dir='ltr'><strong>ergo</strong></span> <span class='ocrx_word' id='word_1_284' title='bbox 1895 2125 2113 2192; x_wconf 89' lang='lat' dir='ltr'><strong>prodest</strong></span> <span class='ocrx_word' id='word_1_285' title='bbox 2159 2124 2360 2176; x_wconf 90' lang='lat' dir='ltr'><strong>habere</strong></span> <span class='ocrx_word' id='word_1_286' title='bbox 2410 2123 2586 2176; x_wconf 91' lang='lat' dir='ltr'><strong>zelum</strong></span> <span class='ocrx_word' id='word_1_287' title='bbox 2643 2123 2757 2190; x_wconf 87' lang='lat' dir='ltr'><strong>Dei,</strong></span> <span class='ocrx_word' id='word_1_288' title='bbox 2815 2132 2869 2178; x_wconf 91' lang='lat' dir='ltr'><strong>et</strong></span> <span class='ocrx_word' id='word_1_289' title='bbox 2912 2141 3014 2178; x_wconf 91' lang='lat' dir='ltr'><strong>non</strong></span> <span class='ocrx_word' id='word_1_290' title='bbox 3077 2127 3276 2180; x_wconf 87' lang='lat' dir='ltr'><strong>habere</strong></span> 
     </span>
    </p>
   </div>
   <div class='ocr_carea' id='block_1_38' title="bbox 1714 2213 3276 2282">
    <p class='ocr_par' dir='ltr' id='par_1_38' title="bbox 1714 2213 3276 2282">
     <span class='ocr_line' id='line_1_38' title="bbox 1714 2213 3276 2282; baseline 0.003 -14"><span class='ocrx_word' id='word_1_291' title='bbox 1714 2215 1996 2268; x_wconf 84' lang='lat' dir='ltr'><strong>scientiam</strong></span> <span class='ocrx_word' id='word_1_292' title='bbox 2028 2213 2126 2267; x_wconf 87' lang='lat' dir='ltr'><strong>zeli</strong></span> <span class='ocrx_word' id='word_1_293' title='bbox 2161 2213 2295 2282; x_wconf 85' lang='lat'><strong>(70).</strong></span> <span class='ocrx_word' id='word_1_294' title='bbox 2331 2214 2569 2282; x_wconf 88' lang='lat' dir='ltr'><strong>Denique</strong></span> <span class='ocrx_word' id='word_1_295' title='bbox 2604 2213 2769 2268; x_wconf 66' lang='lat' dir='ltr'><strong>Judaei</strong></span> <span class='ocrx_word' id='word_1_296' title='bbox 2799 2226 3046 2282; x_wconf 90' lang='lat' dir='ltr'><strong>putantes</strong></span> <span class='ocrx_word' id='word_1_297' title='bbox 3079 2233 3137 2271; x_wconf 93' lang='lat' dir='ltr'><strong>se</strong></span> <span class='ocrx_word' id='word_1_298' title='bbox 3160 2217 3276 2272; x_wconf 83' lang='lat' dir='ltr'><strong>zelo</strong></span> 
     </span>
    </p>
   </div>
   <div class='ocr_carea' id='block_1_39' title="bbox 1716 2304 3270 2378">
    <p class='ocr_par' dir='ltr' id='par_1_39' title="bbox 1716 2304 3270 2378">
     <span class='ocr_line' id='line_1_39' title="bbox 1716 2304 3270 2378; baseline 0.004 -20"><span class='ocrx_word' id='word_1_299' title='bbox 1716 2306 1807 2359; x_wconf 89' lang='lat' dir='ltr'><strong>Dei</strong></span> <span class='ocrx_word' id='word_1_300' title='bbox 1837 2321 2015 2376; x_wconf 86' lang='lat' dir='ltr'><strong>agere,</strong></span> <span class='ocrx_word' id='word_1_301' title='bbox 2045 2304 2292 2372; x_wconf 81' lang='lat' dir='ltr'><strong>sacrilegi</strong></span> <span class='ocrx_word' id='word_1_302' title='bbox 2331 2305 2659 2359; x_wconf 87' lang='lat' dir='ltr'><strong>exstiterunt</strong></span> <span class='ocrx_word' id='word_1_303' title='bbox 2687 2308 2736 2358; x_wconf 90' lang='lat' dir='ltr'><strong>in</strong></span> <span class='ocrx_word' id='word_1_304' title='bbox 2762 2306 2951 2361; x_wconf 75' lang='lat' dir='ltr'><strong>Filium</strong></span> <span class='ocrx_word' id='word_1_305' title='bbox 2978 2310 3069 2362; x_wconf 87' lang='lat' dir='ltr'><strong>Dei</strong></span> <span class='ocrx_word' id='word_1_306' title='bbox 3101 2328 3114 2362; x_wconf 91' lang='lat'>:</span> <span class='ocrx_word' id='word_1_307' title='bbox 3145 2311 3270 2378; x_wconf 89' lang='lat' dir='ltr'><strong>quia</strong></span> 
     </span>
    </p>
   </div>
   <div class='ocr_carea' id='block_1_40' title="bbox 1716 2397 3276 2458">
    <p class='ocr_par' dir='ltr' id='par_1_40' title="bbox 1716 2397 3276 2458">
     <span class='ocr_line' id='line_1_40' title="bbox 1716 2397 3276 2458; baseline 0.003 -8"><span class='ocrx_word' id='word_1_308' title='bbox 1716 2413 1821 2451; x_wconf 87' lang='lat' dir='ltr'><strong>non</strong></span> <span class='ocrx_word' id='word_1_309' title='bbox 1849 2397 2148 2452; x_wconf 90' lang='lat' dir='ltr'><strong>secundum</strong></span> <span class='ocrx_word' id='word_1_310' title='bbox 2193 2397 2477 2450; x_wconf 86' lang='lat' dir='ltr'><strong>scientiam</strong></span> <span class='ocrx_word' id='word_1_311' title='bbox 2527 2398 2685 2451; x_wconf 85' lang='lat' dir='ltr'><strong>zclati</strong></span> <span class='ocrx_word' id='word_1_312' title='bbox 2719 2409 2846 2452; x_wconf 89' lang='lat' dir='ltr'><strong>sunt</strong></span> <span class='ocrx_word' id='word_1_313' title='bbox 2878 2398 3018 2452; x_wconf 89' lang='lat' dir='ltr'><strong>sicut</strong></span> <span class='ocrx_word' id='word_1_314' title='bbox 3045 2400 3276 2458; x_wconf 75' lang='lat' dir='ltr'><strong>Pbinees</strong></span> 
     </span>
    </p>
   </div>
   <div class='ocr_carea' id='block_1_41' title="bbox 1714 2487 3270 2555">
    <p class='ocr_par' dir='ltr' id='par_1_41' title="bbox 1714 2487 3270 2555">
     <span class='ocr_line' id='line_1_41' title="bbox 1714 2487 3270 2555; baseline 0.003 -13"><span class='ocrx_word' id='word_1_315' title='bbox 1714 2489 1852 2542; x_wconf 92' lang='lat' dir='ltr'><strong>ﬁlius</strong></span> <span class='ocrx_word' id='word_1_316' title='bbox 1904 2487 2171 2552; x_wconf 87' lang='lat' dir='ltr'><strong>Eleazari,</strong></span> <span class='ocrx_word' id='word_1_317' title='bbox 2225 2487 2315 2555; x_wconf 91' lang='lat' dir='ltr'><strong>qui</strong></span> <span class='ocrx_word' id='word_1_318' title='bbox 2373 2489 2672 2540; x_wconf 91' lang='lat' dir='ltr'><strong>secundum</strong></span> <span class='ocrx_word' id='word_1_319' title='bbox 2719 2489 3003 2542; x_wconf 84' lang='lat' dir='ltr'><strong>scientiam</strong></span> <span class='ocrx_word' id='word_1_320' title='bbox 3063 2493 3270 2547; x_wconf 85' lang='lat' dir='ltr'><strong>zelalus</strong></span> 
     </span>
    </p>
   </div>
   <div class='ocr_carea' id='block_1_42' title="bbox 1715 2579 3273 2646">
    <p class='ocr_par' dir='ltr' id='par_1_42' title="bbox 1715 2579 3273 2646">
     <span class='ocr_line' id='line_1_42' title="bbox 1715 2579 3273 2646; baseline 0.001 -12"><span class='ocrx_word' id='word_1_321' title='bbox 1715 2581 1994 2634; x_wconf 91' lang='lat' dir='ltr'><strong>interemit</strong></span> <span class='ocrx_word' id='word_1_322' title='bbox 2037 2579 2382 2632; x_wconf 84' lang='lat' dir='ltr'><strong>Madianitem</strong></span> <span class='ocrx_word' id='word_1_323' title='bbox 2437 2579 2639 2646; x_wconf 90' lang='lat' dir='ltr'><strong>pariter</strong></span> <span class='ocrx_word' id='word_1_324' title='bbox 2676 2589 2728 2633; x_wconf 92' lang='lat' dir='ltr'><strong>et</strong></span> <span class='ocrx_word' id='word_1_325' title='bbox 2753 2579 3052 2634; x_wconf 82' lang='lat' dir='ltr'><strong>Israelitam</strong></span> <span class='ocrx_word' id='word_1_326' title='bbox 3103 2582 3273 2636; x_wconf 79' lang='lat' dir='ltr'><strong>forni-</strong></span> 
     </span>
    </p>
   </div>
   <div class='ocr_carea' id='block_1_43' title="bbox 1711 2668 3271 2738">
    <p class='ocr_par' dir='ltr' id='par_1_43' title="bbox 1711 2668 3271 2738">
     <span class='ocr_line' id='line_1_43' title="bbox 1711 2668 3271 2738; baseline 0.002 -14"><span class='ocrx_word' id='word_1_327' title='bbox 1711 2681 1918 2724; x_wconf 77' lang='lat' dir='ltr'><strong>Cantem</strong></span> <span class='ocrx_word' id='word_1_328' title='bbox 1943 2686 2062 2724; x_wconf 90' lang='lat' dir='ltr'><strong>cum</strong></span> <span class='ocrx_word' id='word_1_329' title='bbox 2092 2685 2154 2724; x_wconf 90' lang='lat' dir='ltr'><strong>ea</strong></span> <span class='ocrx_word' id='word_1_330' title='bbox 2182 2668 2229 2700; x_wconf 67' lang='lat'><strong>3&quot;</strong></span> <span class='ocrx_word' id='word_1_331' title='bbox 2253 2686 2267 2722; x_wconf 90' lang='lat'>:</span> <span class='ocrx_word' id='word_1_332' title='bbox 2295 2678 2349 2722; x_wconf 92' lang='lat' dir='ltr'><strong>et</strong></span> <span class='ocrx_word' id='word_1_333' title='bbox 2373 2669 2514 2722; x_wconf 91' lang='lat' dir='ltr'><strong>sicut</strong></span> <span class='ocrx_word' id='word_1_334' title='bbox 2540 2669 2686 2723; x_wconf 87' lang='lat' dir='ltr'><strong>Elias</strong></span> <span class='ocrx_word' id='word_1_335' title='bbox 2714 2671 2806 2738; x_wconf 91' lang='lat' dir='ltr'><strong>qui</strong></span> <span class='ocrx_word' id='word_1_336' title='bbox 2833 2671 3011 2725; x_wconf 82' lang='lat' dir='ltr'><strong>dixit:</strong></span> <span class='ocrx_word' id='word_1_337' title='bbox 3049 2671 3271 2727; x_wconf 69' lang='lat' dir='ltr'><strong>«Zelans</strong></span> 
     </span>
    </p>
   </div>
   <div class='ocr_carea' id='block_1_44' title="bbox 1711 2759 3267 2831">
    <p class='ocr_par' dir='ltr' id='par_1_44' title="bbox 1711 2759 3267 2831">
     <span class='ocr_line' id='line_1_44' title="bbox 1711 2759 3267 2831; baseline 0.001 -16"><span class='ocrx_word' id='word_1_338' title='bbox 1711 2763 1918 2816; x_wconf 88' lang='lat' dir='ltr'><strong>zelatus</strong></span> <span class='ocrx_word' id='word_1_339' title='bbox 1952 2776 2073 2815; x_wconf 91' lang='lat' dir='ltr'><strong>sum</strong></span> <span class='ocrx_word' id='word_1_340' title='bbox 2118 2761 2343 2814; x_wconf 91' lang='lat' dir='ltr'><strong>Domino</strong></span> <span class='ocrx_word' id='word_1_341' title='bbox 2385 2759 2738 2828; x_wconf 86' lang='lat' dir='ltr'><strong>omnipotenti</strong></span> <span class='ocrx_word' id='word_1_342' title='bbox 2780 2761 2892 2816; x_wconf 89' lang='lat' dir='ltr'><strong>Deo</strong></span> <span class='ocrx_word' id='word_1_343' title='bbox 2927 2762 3110 2828; x_wconf 84' lang='lat' dir='ltr'><strong>Israel,</strong></span> <span class='ocrx_word' id='word_1_344' title='bbox 3144 2766 3267 2831; x_wconf 89' lang='lat' dir='ltr'><strong>quia</strong></span> 
     </span>
    </p>
   </div>
   <div class='ocr_carea' id='block_1_45' title="bbox 1711 2852 3270 2925">
    <p class='ocr_par' dir='ltr' id='par_1_45' title="bbox 1711 2852 3270 2925">
     <span class='ocr_line' id='line_1_45' title="bbox 1711 2852 3270 2925; baseline 0.001 -17"><span class='ocrx_word' id='word_1_345' title='bbox 1711 2855 2119 2925; x_wconf 87' lang='lat' dir='ltr'><strong>dereliquerunt</strong></span> <span class='ocrx_word' id='word_1_346' title='bbox 2173 2866 2222 2908; x_wconf 92' lang='lat' dir='ltr'><strong>te</strong></span> <span class='ocrx_word' id='word_1_347' title='bbox 2268 2854 2360 2907; x_wconf 93' lang='lat' dir='ltr'><strong>ﬁlii</strong></span> <span class='ocrx_word' id='word_1_348' title='bbox 2404 2853 2569 2907; x_wconf 89' lang='lat' dir='ltr'><strong>Israel</strong></span> <span class='ocrx_word' id='word_1_349' title='bbox 2619 2852 2754 2923; x_wconf 85' lang='grc'>(71),</span> <span class='ocrx_word' id='word_1_350' title='bbox 2817 2856 3103 2923; x_wconf 87' lang='lat' dir='ltr'><strong>prophetas</strong></span> <span class='ocrx_word' id='word_1_351' title='bbox 3149 2865 3270 2910; x_wconf 89' lang='lat' dir='ltr'><strong>tuos</strong></span> 
     </span>
    </p>
   </div>
   <div class='ocr_carea' id='block_1_46' title="bbox 69 2939 3270 3023">
    <p class='ocr_par' dir='ltr' id='par_1_46' title="bbox 69 2939 3270 3023">
     <span class='ocr_line' id='line_1_46' title="bbox 69 2939 3270 3023; baseline 0.002 -28"><span class='ocrx_word' id='word_1_352' title='bbox 69 2945 191 3008; x_wconf 59' lang='lat' dir='ltr'><strong>quite</strong></span> <span class='ocrx_word' id='word_1_353' title='bbox 219 2947 374 3003; x_wconf 60' lang='lat' dir='ltr'><strong>salva:</strong></span> <span class='ocrx_word' id='word_1_354' title='bbox 403 2951 536 3007; x_wconf 82' lang='lat' dir='ltr'><strong>ﬁent</strong></span> <span class='ocrx_word' id='word_1_355' title='bbox 561 2970 575 3005; x_wconf 85' lang='lat'><strong>:</strong></span> <span class='ocrx_word' id='word_1_356' title='bbox 608 2972 628 3006; x_wconf 72' lang='grc' dir='ltr'><strong>ι</strong></span> <span class='ocrx_word' id='word_1_357' title='bbox 667 2967 721 3009; x_wconf 78' lang='lat' dir='ltr'><strong>et</strong></span> <span class='ocrx_word' id='word_1_358' title='bbox 742 2956 824 3009; x_wconf 80' lang='lat' dir='ltr'><strong>his</strong></span> <span class='ocrx_word' id='word_1_359' title='bbox 846 2954 1377 3023; x_wconf 64' lang='lat' dir='ltr'><strong>addit(64—65),quia</strong></span> <span class='ocrx_word' id='word_1_360' title='bbox 1404 2974 1421 3004; x_wconf 75' lang='grc' dir='ltr'><strong>ι</strong></span> <span class='ocrx_word' id='word_1_361' title='bbox 1447 2951 1612 3008; x_wconf 85' lang='lat' dir='ltr'><strong>Israel</strong></span> <span class='ocrx_word' id='word_1_362' title='bbox 1639 2939 1682 2998; x_wconf 87' lang='lat' dir='ltr'><strong><em>C</em></strong></span> <span class='ocrx_word' id='word_1_363' title='bbox 1716 2946 2058 3010; x_wconf 86' lang='lat' dir='ltr'><strong>occiderunt,</strong></span> <span class='ocrx_word' id='word_1_364' title='bbox 2084 2954 2136 3001; x_wconf 92' lang='lat' dir='ltr'><strong>et</strong></span> <span class='ocrx_word' id='word_1_365' title='bbox 2162 2946 2350 3000; x_wconf 90' lang='lat' dir='ltr'><strong>altaria</strong></span> <span class='ocrx_word' id='word_1_366' title='bbox 2382 2955 2468 2998; x_wconf 89' lang='lat' dir='ltr'><strong>tua</strong></span> <span class='ocrx_word' id='word_1_367' title='bbox 2498 2944 2883 2999; x_wconf 86' lang='lat' dir='ltr'><strong>subverterunt</strong></span> <span class='ocrx_word' id='word_1_368' title='bbox 2905 2948 2981 3013; x_wconf 67' lang='lat'><strong>3&quot;;</strong></span> <span class='ocrx_word' id='word_1_369' title='bbox 3007 2966 3025 2999; x_wconf 84' lang='grc' dir='ltr'><strong>ι</strong></span> <span class='ocrx_word' id='word_1_370' title='bbox 3056 2959 3108 3001; x_wconf 92' lang='lat' dir='ltr'><strong>et</strong></span> <span class='ocrx_word' id='word_1_371' title='bbox 3131 2949 3270 3002; x_wconf 83' lang='lat' dir='ltr'><strong>sicut</strong></span> 
     </span>
    </p>
   </div>
   <div class='ocr_carea' id='block_1_47' title="bbox 68 3040 1596 3115">
    <p class='ocr_par' dir='ltr' id='par_1_47' title="bbox 68 3040 1596 3115">
     <span class='ocr_line' id='line_1_47' title="bbox 68 3040 1596 3115; baseline 0.008 -31"><span class='ocrx_word' id='word_1_372' title='bbox 68 3044 264 3093; x_wconf 83' lang='lat' dir='ltr'><strong>sectans</strong></span> <span class='ocrx_word' id='word_1_373' title='bbox 291 3040 460 3111; x_wconf 89' lang='lat' dir='ltr'><strong>legem</strong></span> <span class='ocrx_word' id='word_1_374' title='bbox 481 3043 722 3113; x_wconf 69' lang='lat' dir='ltr'><strong>justitite,</strong></span> <span class='ocrx_word' id='word_1_375' title='bbox 759 3045 809 3099; x_wconf 91' lang='lat' dir='ltr'><strong>in</strong></span> <span class='ocrx_word' id='word_1_376' title='bbox 847 3045 1016 3115; x_wconf 80' lang='lat' dir='ltr'><strong>legem</strong></span> <span class='ocrx_word' id='word_1_377' title='bbox 1048 3063 1151 3100; x_wconf 91' lang='lat' dir='ltr'><strong>non</strong></span> <span class='ocrx_word' id='word_1_378' title='bbox 1184 3046 1429 3115; x_wconf 88' lang='lat' dir='ltr'><strong>pervenit</strong></span> <span class='ocrx_word' id='word_1_379' title='bbox 1453 3046 1498 3078; x_wconf 76' lang='grc' dir='ltr'><strong>³ο</strong></span> <span class='ocrx_word' id='word_1_380' title='bbox 1527 3061 1542 3110; x_wconf 89' lang='lat'><strong>;</strong></span> <span class='ocrx_word' id='word_1_381' title='bbox 1577 3064 1596 3096; x_wconf 74' lang='grc' dir='ltr'><strong>ι</strong></span> 
     </span>
    </p>
   </div>
   <div class='ocr_carea' id='block_1_48' title="bbox 70 3137 1602 3206">
    <p class='ocr_par' dir='ltr' id='par_1_48' title="bbox 70 3137 1602 3206">
     <span class='ocr_line' id='line_1_48' title="bbox 70 3137 1602 3206; baseline 0.007 -26"><span class='ocrx_word' id='word_1_382' title='bbox 70 3137 329 3193; x_wconf 71' lang='grc' dir='ltr'>ιιιοιιιθιειι</span> <span class='ocrx_word' id='word_1_383' title='bbox 370 3150 517 3188; x_wconf 84' lang='lat' dir='ltr'><strong>nunc</strong></span> <span class='ocrx_word' id='word_1_384' title='bbox 575 3137 843 3192; x_wconf 85' lang='lat' dir='ltr'><strong>consolari</strong></span> <span class='ocrx_word' id='word_1_385' title='bbox 897 3153 1086 3191; x_wconf 90' lang='lat' dir='ltr'><strong>rursus</strong></span> <span class='ocrx_word' id='word_1_386' title='bbox 1137 3138 1389 3206; x_wconf 88' lang='lat' dir='ltr'><strong>populum</strong></span> <span class='ocrx_word' id='word_1_387' title='bbox 1444 3153 1602 3192; x_wconf 90' lang='lat' dir='ltr'><strong>suum</strong></span> 
     </span>
    </p>
   </div>
   <div class='ocr_carea' id='block_1_49' title="bbox 68 3217 1604 3292">
    <p class='ocr_par' dir='ltr' id='par_1_49' title="bbox 68 3217 1604 3292">
     <span class='ocr_line' id='line_1_49' title="bbox 68 3217 1604 3292; baseline 0.005 -21"><span class='ocrx_word' id='word_1_388' title='bbox 68 3217 255 3283; x_wconf 71' lang='lat' dir='ltr'><strong>volens,</strong></span> <span class='ocrx_word' id='word_1_389' title='bbox 277 3231 332 3275; x_wconf 90' lang='lat' dir='ltr'><strong>et</strong></span> <span class='ocrx_word' id='word_1_390' title='bbox 363 3239 462 3292; x_wconf 92' lang='lat' dir='ltr'><strong>per</strong></span> <span class='ocrx_word' id='word_1_391' title='bbox 511 3224 612 3280; x_wconf 80' lang='lat' dir='ltr'><strong>hoc</strong></span> <span class='ocrx_word' id='word_1_392' title='bbox 641 3227 870 3283; x_wconf 83' lang='lat' dir='ltr'><strong>invitare</strong></span> <span class='ocrx_word' id='word_1_393' title='bbox 902 3227 967 3280; x_wconf 91' lang='lat' dir='ltr'><strong>ad</strong></span> <span class='ocrx_word' id='word_1_394' title='bbox 1001 3228 1180 3290; x_wconf 88' lang='lat' dir='ltr'><strong>ﬁdem,</strong></span> <span class='ocrx_word' id='word_1_395' title='bbox 1207 3228 1338 3282; x_wconf 87' lang='lat' dir='ltr'><strong>dicit</strong></span> <span class='ocrx_word' id='word_1_396' title='bbox 1366 3247 1380 3281; x_wconf 88' lang='lat'><strong>:</strong></span> <span class='ocrx_word' id='word_1_397' title='bbox 1419 3245 1436 3276; x_wconf 80' lang='grc' dir='ltr'><strong>ι</strong></span> <span class='ocrx_word' id='word_1_398' title='bbox 1471 3227 1604 3280; x_wconf 84' lang='lat' dir='ltr'><strong>Fra-</strong></span> 
     </span>
    </p>
   </div>
   <div class='ocr_carea' id='block_1_50' title="bbox 71 3313 1603 3386">
    <p class='ocr_par' dir='ltr' id='par_1_50' title="bbox 71 3313 1603 3386">
     <span class='ocr_line' id='line_1_50' title="bbox 71 3313 1603 3386; baseline 0.01 -27"><span class='ocrx_word' id='word_1_399' title='bbox 71 3316 200 3372; x_wconf 78' lang='lat' dir='ltr'><strong>tres,</strong></span> <span class='ocrx_word' id='word_1_400' title='bbox 249 3313 499 3370; x_wconf 80' lang='lat' dir='ltr'><strong>voluntas</strong></span> <span class='ocrx_word' id='word_1_401' title='bbox 545 3318 761 3386; x_wconf 83' lang='lat' dir='ltr'><strong>quidem</strong></span> <span class='ocrx_word' id='word_1_402' title='bbox 815 3320 995 3374; x_wconf 84' lang='lat' dir='ltr'><strong>cordis</strong></span> <span class='ocrx_word' id='word_1_403' title='bbox 1032 3319 1170 3383; x_wconf 90' lang='lat' dir='ltr'><strong>mei,</strong></span> <span class='ocrx_word' id='word_1_404' title='bbox 1198 3329 1253 3373; x_wconf 92' lang='lat' dir='ltr'><strong>et</strong></span> <span class='ocrx_word' id='word_1_405' title='bbox 1296 3321 1603 3374; x_wconf 85' lang='lat' dir='ltr'><strong>obsecratio</strong></span> 
     </span>
    </p>
   </div>
   <div class='ocr_carea' id='block_1_51' title="bbox 70 3404 1599 3478">
    <p class='ocr_par' dir='ltr' id='par_1_51' title="bbox 70 3404 1599 3478">
     <span class='ocr_line' id='line_1_51' title="bbox 70 3404 1599 3478; baseline 0.007 -23"><span class='ocrx_word' id='word_1_406' title='bbox 70 3404 191 3468; x_wconf 82' lang='lat' dir='ltr'><strong>apud</strong></span> <span class='ocrx_word' id='word_1_407' title='bbox 215 3405 396 3460; x_wconf 19' lang='lat' dir='ltr'><strong>Deum.</strong></span> <span class='ocrx_word' id='word_1_408' title='bbox 418 3410 480 3462; x_wconf 88' lang='lat' dir='ltr'><strong>ﬁt</strong></span> <span class='ocrx_word' id='word_1_409' title='bbox 508 3425 605 3478; x_wconf 90' lang='lat' dir='ltr'><strong>pro</strong></span> <span class='ocrx_word' id='word_1_410' title='bbox 632 3410 740 3467; x_wconf 90' lang='lat' dir='ltr'><strong>illis</strong></span> <span class='ocrx_word' id='word_1_411' title='bbox 774 3412 824 3465; x_wconf 93' lang='lat' dir='ltr'><strong>in</strong></span> <span class='ocrx_word' id='word_1_412' title='bbox 855 3411 1080 3468; x_wconf 88' lang='lat' dir='ltr'><strong>salutem</strong></span> <span class='ocrx_word' id='word_1_413' title='bbox 1115 3412 1182 3466; x_wconf 78' lang='grc'><strong>⁸⁸.</strong></span> <span class='ocrx_word' id='word_1_414' title='bbox 1229 3431 1247 3463; x_wconf 83' lang='grc' dir='ltr'><strong>ι</strong></span> <span class='ocrx_word' id='word_1_415' title='bbox 1287 3412 1352 3466; x_wconf 91' lang='grc' dir='ltr'>Ει</span> <span class='ocrx_word' id='word_1_416' title='bbox 1381 3428 1599 3468; x_wconf 88' lang='lat' dir='ltr'><strong>causam</strong></span> 
     </span>
    </p>
   </div>
   <div class='ocr_carea' id='block_1_52' title="bbox 70 3495 1598 3575">
    <p class='ocr_par' dir='ltr' id='par_1_52' title="bbox 70 3495 1598 3575">
     <span class='ocr_line' id='line_1_52' title="bbox 70 3495 1598 3575; baseline 0.011 -32"><span class='ocrx_word' id='word_1_417' title='bbox 70 3509 155 3545; x_wconf 83' lang='lat' dir='ltr'><strong>cur</strong></span> <span class='ocrx_word' id='word_1_418' title='bbox 177 3495 414 3553; x_wconf 84' lang='lat' dir='ltr'><strong>voluntas</strong></span> <span class='ocrx_word' id='word_1_419' title='bbox 453 3514 548 3554; x_wconf 90' lang='lat' dir='ltr'><strong>sua</strong></span> <span class='ocrx_word' id='word_1_420' title='bbox 577 3511 632 3556; x_wconf 92' lang='lat' dir='ltr'><strong>et</strong></span> <span class='ocrx_word' id='word_1_421' title='bbox 662 3503 968 3558; x_wconf 88' lang='lat' dir='ltr'><strong>obsecratio</strong></span> <span class='ocrx_word' id='word_1_422' title='bbox 1003 3519 1099 3572; x_wconf 90' lang='lat' dir='ltr'><strong>pro</strong></span> <span class='ocrx_word' id='word_1_423' title='bbox 1127 3503 1231 3558; x_wconf 90' lang='lat' dir='ltr'><strong>illis</strong></span> <span class='ocrx_word' id='word_1_424' title='bbox 1259 3507 1398 3575; x_wconf 90' lang='lat' dir='ltr'><strong>apud</strong></span> <span class='ocrx_word' id='word_1_425' title='bbox 1435 3505 1598 3560; x_wconf 86' lang='lat' dir='ltr'><strong>Deum</strong></span> 
     </span>
    </p>
   </div>
   <div class='ocr_carea' id='block_1_53' title="bbox 71 3585 1600 3661">
    <p class='ocr_par' dir='ltr' id='par_1_53' title="bbox 71 3585 1600 3661">
     <span class='ocr_line' id='line_1_53' title="bbox 71 3585 1600 3661; baseline 0.009 -25"><span class='ocrx_word' id='word_1_426' title='bbox 71 3585 258 3658; x_wconf 75' lang='lat'><strong>(66-67)</strong></span> <span class='ocrx_word' id='word_1_427' title='bbox 286 3591 554 3646; x_wconf 86' lang='lat' dir='ltr'><strong>habeatur</strong></span> <span class='ocrx_word' id='word_1_428' title='bbox 585 3595 841 3649; x_wconf 87' lang='lat' dir='ltr'><strong>ostendit.</strong></span> <span class='ocrx_word' id='word_1_429' title='bbox 864 3614 882 3646; x_wconf 82' lang='grc' dir='ltr'><strong>ι</strong></span> <span class='ocrx_word' id='word_1_430' title='bbox 914 3595 1304 3650; x_wconf 85' lang='lat' dir='ltr'><strong>Testimonium</strong></span> <span class='ocrx_word' id='word_1_431' title='bbox 1323 3597 1468 3650; x_wconf 88' lang='lat' dir='ltr'><strong>enim</strong></span> <span class='ocrx_word' id='word_1_432' title='bbox 1487 3598 1600 3661; x_wconf 88' lang='lat' dir='ltr'><strong>,in-</strong></span> 
     </span>
    </p>
   </div>
   <div class='ocr_carea' id='block_1_54' title="bbox 70 3676 1596 3752">
    <p class='ocr_par' dir='ltr' id='par_1_54' title="bbox 70 3676 1596 3752">
     <span class='ocr_line' id='line_1_54' title="bbox 70 3676 1596 3752; baseline 0.011 -27"><span class='ocrx_word' id='word_1_433' title='bbox 70 3676 190 3743; x_wconf 87' lang='lat' dir='ltr'><strong>quit,</strong></span> <span class='ocrx_word' id='word_1_434' title='bbox 223 3679 477 3744; x_wconf 90' lang='lat' dir='ltr'><strong>perbibeo</strong></span> <span class='ocrx_word' id='word_1_435' title='bbox 514 3681 639 3746; x_wconf 89' lang='lat' dir='ltr'><strong>illis,</strong></span> <span class='ocrx_word' id='word_1_436' title='bbox 668 3684 809 3752; x_wconf 92' lang='lat' dir='ltr'><strong>quod</strong></span> <span class='ocrx_word' id='word_1_437' title='bbox 835 3685 1233 3740; x_wconf 75' lang='lat' dir='ltr'><strong>:emulatiouem</strong></span> <span class='ocrx_word' id='word_1_438' title='bbox 1257 3687 1472 3752; x_wconf 89' lang='lat' dir='ltr'><strong>quidem</strong></span> <span class='ocrx_word' id='word_1_439' title='bbox 1505 3687 1596 3742; x_wconf 92' lang='lat' dir='ltr'><strong>Dei</strong></span> 
     </span>
    </p>
   </div>
   <div class='ocr_carea' id='block_1_55' title="bbox 69 3763 1601 3841">
    <p class='ocr_par' dir='ltr' id='par_1_55' title="bbox 69 3763 1601 3841">
     <span class='ocr_line' id='line_1_55' title="bbox 69 3763 1601 3841; baseline 0.006 -23"><span class='ocrx_word' id='word_1_440' title='bbox 69 3763 316 3832; x_wconf 74' lang='lat' dir='ltr'><strong>habeant,</strong></span> <span class='ocrx_word' id='word_1_441' title='bbox 341 3771 434 3825; x_wconf 91' lang='lat' dir='ltr'><strong>sed</strong></span> <span class='ocrx_word' id='word_1_442' title='bbox 467 3785 573 3824; x_wconf 92' lang='lat' dir='ltr'><strong>non</strong></span> <span class='ocrx_word' id='word_1_443' title='bbox 600 3773 894 3826; x_wconf 89' lang='lat' dir='ltr'><strong>secundum</strong></span> <span class='ocrx_word' id='word_1_444' title='bbox 934 3772 1210 3827; x_wconf 90' lang='lat' dir='ltr'><strong>scientiam</strong></span> <span class='ocrx_word' id='word_1_445' title='bbox 1237 3774 1304 3826; x_wconf 72' lang='grc'><strong>⁸⁸.</strong></span> <span class='ocrx_word' id='word_1_446' title='bbox 1345 3791 1365 3824; x_wconf 80' lang='grc' dir='ltr'><strong>ι</strong></span> <span class='ocrx_word' id='word_1_447' title='bbox 1407 3773 1601 3841; x_wconf 82' lang='lat' dir='ltr'><strong>Quant-</strong></span> 
     </span>
    </p>
   </div>
   <div class='ocr_carea' id='block_1_56' title="bbox 71 3854 1596 3934">
    <p class='ocr_par' dir='ltr' id='par_1_56' title="bbox 71 3854 1596 3934">
     <span class='ocr_line' id='line_1_56' title="bbox 71 3854 1596 3934; baseline 0.005 -24"><span class='ocrx_word' id='word_1_448' title='bbox 71 3854 158 3917; x_wconf 68' lang='lat' dir='ltr'><strong>Vis,</strong></span> <span class='ocrx_word' id='word_1_449' title='bbox 190 3857 388 3927; x_wconf 93' lang='lat' dir='ltr'><strong>inquit,</strong></span> <span class='ocrx_word' id='word_1_450' title='bbox 421 3871 500 3915; x_wconf 91' lang='lat' dir='ltr'><strong>tot</strong></span> <span class='ocrx_word' id='word_1_451' title='bbox 542 3872 596 3917; x_wconf 92' lang='lat' dir='ltr'><strong>et</strong></span> <span class='ocrx_word' id='word_1_452' title='bbox 633 3865 796 3919; x_wconf 89' lang='lat' dir='ltr'><strong>tantis</strong></span> <span class='ocrx_word' id='word_1_453' title='bbox 843 3863 1067 3919; x_wconf 86' lang='lat' dir='ltr'><strong>involuti</strong></span> <span class='ocrx_word' id='word_1_454' title='bbox 1113 3865 1221 3919; x_wconf 92' lang='lat' dir='ltr'><strong>sint</strong></span> <span class='ocrx_word' id='word_1_455' title='bbox 1259 3872 1596 3934; x_wconf 90' lang='lat' dir='ltr'><strong>peccatorum</strong></span> 
     </span>
    </p>
   </div>
   <div class='ocr_carea' id='block_1_57' title="bbox 69 3953 1602 4017">
    <p class='ocr_par' dir='ltr' id='par_1_57' title="bbox 69 3953 1602 4017">
     <span class='ocr_line' id='line_1_57' title="bbox 69 3953 1602 4017; baseline 0.006 -20"><span class='ocrx_word' id='word_1_456' title='bbox 69 3958 264 4000; x_wconf 85' lang='lat' dir='ltr'><strong>snorum</strong></span> <span class='ocrx_word' id='word_1_457' title='bbox 308 3953 702 4017; x_wconf 89' lang='lat' dir='ltr'><strong>malis,tamen</strong></span> <span class='ocrx_word' id='word_1_458' title='bbox 753 3965 836 4010; x_wconf 88' lang='lat' dir='ltr'><strong>est</strong></span> <span class='ocrx_word' id='word_1_459' title='bbox 894 3957 975 4009; x_wconf 85' lang='lat' dir='ltr'><strong>eis</strong></span> <span class='ocrx_word' id='word_1_460' title='bbox 1026 3953 1311 4010; x_wconf 69' lang='lat' dir='ltr'><strong>ineﬂ‘abilis</strong></span> <span class='ocrx_word' id='word_1_461' title='bbox 1351 3955 1498 4010; x_wconf 87' lang='lat' dir='ltr'><strong>zelus</strong></span> <span class='ocrx_word' id='word_1_462' title='bbox 1547 3965 1602 4009; x_wconf 93' lang='lat' dir='ltr'><strong>et</strong></span> 
     </span>
    </p>
   </div>
   <div class='ocr_carea' id='block_1_58' title="bbox 68 4038 1603 4100">
    <p class='ocr_par' dir='ltr' id='par_1_58' title="bbox 68 4038 1603 4100">
     <span class='ocr_line' id='line_1_58' title="bbox 68 4038 1603 4100; baseline 0.008 -15"><span class='ocrx_word' id='word_1_463' title='bbox 68 4038 315 4092; x_wconf 72' lang='lat' dir='ltr'><strong>aemulatio</strong></span> <span class='ocrx_word' id='word_1_464' title='bbox 353 4040 467 4095; x_wconf 90' lang='lat' dir='ltr'><strong>Dei.</strong></span> <span class='ocrx_word' id='word_1_465' title='bbox 514 4043 580 4096; x_wconf 83' lang='lat' dir='ltr'><strong>Et</strong></span> <span class='ocrx_word' id='word_1_466' title='bbox 629 4044 742 4096; x_wconf 68' lang='lat' dir='ltr'><strong>haec</strong></span> <span class='ocrx_word' id='word_1_467' title='bbox 785 4061 870 4099; x_wconf 91' lang='lat' dir='ltr'><strong>me</strong></span> <span class='ocrx_word' id='word_1_468' title='bbox 908 4046 1201 4100; x_wconf 86' lang='lat' dir='ltr'><strong>commovit</strong></span> <span class='ocrx_word' id='word_1_469' title='bbox 1249 4060 1410 4098; x_wconf 89' lang='lat' dir='ltr'><strong>causa</strong></span> <span class='ocrx_word' id='word_1_470' title='bbox 1447 4044 1603 4099; x_wconf 86' lang='lat' dir='ltr'><strong>obse-</strong></span> 
     </span>
    </p>
   </div>
   <div class='ocr_carea' id='block_1_59' title="bbox 1712 3037 3264 3108">
    <p class='ocr_par' dir='ltr' id='par_1_59' title="bbox 1712 3037 3264 3108">
     <span class='ocr_line' id='line_1_59' title="bbox 1712 3037 3264 3108; baseline -0.001 -13"><span class='ocrx_word' id='word_1_471' title='bbox 1712 3041 2056 3104; x_wconf 85' lang='lat' dir='ltr'><strong>Matbatbias,</strong></span> <span class='ocrx_word' id='word_1_472' title='bbox 2085 3043 2152 3095; x_wconf 88' lang='lat' dir='ltr'><strong>de</strong></span> <span class='ocrx_word' id='word_1_473' title='bbox 2179 3055 2284 3108; x_wconf 90' lang='lat' dir='ltr'><strong>quo</strong></span> <span class='ocrx_word' id='word_1_474' title='bbox 2326 3040 2379 3094; x_wconf 94' lang='lat' dir='ltr'><strong>in</strong></span> <span class='ocrx_word' id='word_1_475' title='bbox 2405 3040 2581 3108; x_wconf 91' lang='lat' dir='ltr'><strong>primo</strong></span> <span class='ocrx_word' id='word_1_476' title='bbox 2629 3037 2766 3092; x_wconf 90' lang='lat' dir='ltr'><strong>libro</strong></span> <span class='ocrx_word' id='word_1_477' title='bbox 2813 3039 3264 3107; x_wconf 71' lang='lat' dir='ltr'><strong>Machabaaorum,</strong></span> 
     </span>
    </p>
   </div>
   <div class='ocr_carea' id='block_1_60' title="bbox 1708 3130 3269 3200">
    <p class='ocr_par' dir='ltr' id='par_1_60' title="bbox 1708 3130 3269 3200">
     <span class='ocr_line' id='line_1_60' title="bbox 1708 3130 3269 3200; baseline 0 -14"><span class='ocrx_word' id='word_1_478' title='bbox 1708 3133 1968 3200; x_wconf 82' lang='lat' dir='ltr'><strong>scriptum</strong></span> <span class='ocrx_word' id='word_1_479' title='bbox 1995 3143 2079 3185; x_wconf 92' lang='lat' dir='ltr'><strong>est</strong></span> <span class='ocrx_word' id='word_1_480' title='bbox 2109 3131 2176 3196; x_wconf 72' lang='grc'><strong>⁸⁸,</strong></span> <span class='ocrx_word' id='word_1_481' title='bbox 2207 3131 2334 3199; x_wconf 89' lang='lat' dir='ltr'><strong>quia</strong></span> <span class='ocrx_word' id='word_1_482' title='bbox 2386 3149 2406 3180; x_wconf 86' lang='grc'><em>‹</em></span> <span class='ocrx_word' id='word_1_483' title='bbox 2439 3130 2648 3184; x_wconf 83' lang='lat' dir='ltr'><strong>zelatus</strong></span> <span class='ocrx_word' id='word_1_484' title='bbox 2692 3137 2774 3183; x_wconf 92' lang='lat' dir='ltr'><strong>est</strong></span> <span class='ocrx_word' id='word_1_485' title='bbox 2807 3130 2858 3184; x_wconf 92' lang='lat' dir='ltr'><strong>in</strong></span> <span class='ocrx_word' id='word_1_486' title='bbox 2905 3131 3020 3198; x_wconf 87' lang='lat' dir='ltr'><strong>lege</strong></span> <span class='ocrx_word' id='word_1_487' title='bbox 3049 3133 3161 3196; x_wconf 90' lang='lat' dir='ltr'><strong>Dei,</strong></span> <span class='ocrx_word' id='word_1_488' title='bbox 3213 3142 3269 3186; x_wconf 90' lang='lat' dir='ltr'><strong>et</strong></span> 
     </span>
    </p>
   </div>
   <div class='ocr_carea' id='block_1_61' title="bbox 1712 3218 3267 3286">
    <p class='ocr_par' dir='ltr' id='par_1_61' title="bbox 1712 3218 3267 3286">
     <span class='ocr_line' id='line_1_61' title="bbox 1712 3218 3267 3286; baseline -0.002 -10"><span class='ocrx_word' id='word_1_489' title='bbox 1712 3223 2110 3278; x_wconf 86' lang='lat' dir='ltr'><strong>intremuerunt</strong></span> <span class='ocrx_word' id='word_1_490' title='bbox 2162 3235 2317 3276; x_wconf 89' lang='lat' dir='ltr'><strong>renes</strong></span> <span class='ocrx_word' id='word_1_491' title='bbox 2361 3221 2510 3284; x_wconf 85' lang='lat' dir='ltr'><strong>ejus,</strong></span> <span class='ocrx_word' id='word_1_492' title='bbox 2565 3229 2621 3273; x_wconf 91' lang='lat' dir='ltr'><strong>et</strong></span> <span class='ocrx_word' id='word_1_493' title='bbox 2666 3219 2908 3273; x_wconf 88' lang='lat' dir='ltr'><strong>ascendit</strong></span> <span class='ocrx_word' id='word_1_494' title='bbox 2957 3218 3108 3273; x_wconf 85' lang='lat' dir='ltr'><strong>furor</strong></span> <span class='ocrx_word' id='word_1_495' title='bbox 3144 3219 3267 3286; x_wconf 88' lang='lat' dir='ltr'><strong>ejus</strong></span> 
     </span>
    </p>
   </div>
   <div class='ocr_carea' id='block_1_62' title="bbox 1706 3310 3267 3380">
    <p class='ocr_par' dir='ltr' id='par_1_62' title="bbox 1706 3310 3267 3380">
     <span class='ocr_line' id='line_1_62' title="bbox 1706 3310 3267 3380; baseline -0.004 -11"><span class='ocrx_word' id='word_1_496' title='bbox 1706 3314 1998 3370; x_wconf 90' lang='lat' dir='ltr'><strong>secundum</strong></span> <span class='ocrx_word' id='word_1_497' title='bbox 2019 3313 2337 3380; x_wconf 64' lang='lat' dir='ltr'><strong>judicium.»</strong></span> <span class='ocrx_word' id='word_1_498' title='bbox 2373 3310 2573 3365; x_wconf 87' lang='lat' dir='ltr'><strong>IIorum</strong></span> <span class='ocrx_word' id='word_1_499' title='bbox 2599 3311 2837 3364; x_wconf 89' lang='lat' dir='ltr'><strong>omnium</strong></span> <span class='ocrx_word' id='word_1_500' title='bbox 2864 3311 3009 3365; x_wconf 88' lang='lat' dir='ltr'><strong>zelus</strong></span> <span class='ocrx_word' id='word_1_501' title='bbox 3030 3322 3084 3364; x_wconf 92' lang='lat' dir='ltr'><strong>et</strong></span> <span class='ocrx_word' id='word_1_502' title='bbox 3103 3326 3267 3364; x_wconf 66' lang='lat' dir='ltr'><strong>ternu-</strong></span> 
     </span>
    </p>
   </div>
   <div class='ocr_carea' id='block_1_63' title="bbox 1707 3400 3262 3459">
    <p class='ocr_par' dir='ltr' id='par_1_63' title="bbox 1707 3400 3262 3459">
     <span class='ocr_line' id='line_1_63' title="bbox 1707 3400 3262 3459; baseline -0.002 0"><span class='ocrx_word' id='word_1_503' title='bbox 1707 3407 1836 3459; x_wconf 88' lang='lat' dir='ltr'><strong>latio</strong></span> <span class='ocrx_word' id='word_1_504' title='bbox 1886 3408 2184 3459; x_wconf 89' lang='lat' dir='ltr'><strong>secundum</strong></span> <span class='ocrx_word' id='word_1_505' title='bbox 2245 3403 2526 3458; x_wconf 79' lang='lat' dir='ltr'><strong>scientiam</strong></span> <span class='ocrx_word' id='word_1_506' title='bbox 2583 3401 2703 3455; x_wconf 79' lang='lat' dir='ltr'><strong>fuit.</strong></span> <span class='ocrx_word' id='word_1_507' title='bbox 2773 3400 3079 3456; x_wconf 70' lang='lat' dir='ltr'><strong>Judaaorum</strong></span> <span class='ocrx_word' id='word_1_508' title='bbox 3133 3417 3262 3456; x_wconf 90' lang='lat' dir='ltr'><strong>vero</strong></span> 
     </span>
    </p>
   </div>
   <div class='ocr_carea' id='block_1_64' title="bbox 1707 3492 3262 3562">
    <p class='ocr_par' dir='ltr' id='par_1_64' title="bbox 1707 3492 3262 3562">
     <span class='ocr_line' id='line_1_64' title="bbox 1707 3492 3262 3562; baseline -0.001 -13"><span class='ocrx_word' id='word_1_509' title='bbox 1707 3496 1856 3550; x_wconf 89' lang='lat' dir='ltr'><strong>zelus</strong></span> <span class='ocrx_word' id='word_1_510' title='bbox 1901 3509 2005 3548; x_wconf 92' lang='lat' dir='ltr'><strong>non</strong></span> <span class='ocrx_word' id='word_1_511' title='bbox 2051 3495 2488 3548; x_wconf 89' lang='lat' dir='ltr'><strong>eratsecundum</strong></span> <span class='ocrx_word' id='word_1_512' title='bbox 2519 3494 2840 3559; x_wconf 91' lang='lat' dir='ltr'><strong>scientiam,</strong></span> <span class='ocrx_word' id='word_1_513' title='bbox 2889 3492 3090 3547; x_wconf 89' lang='lat' dir='ltr'><strong>idcirco</strong></span> <span class='ocrx_word' id='word_1_514' title='bbox 3137 3495 3262 3562; x_wconf 90' lang='lat' dir='ltr'><strong>quia</strong></span> 
     </span>
    </p>
   </div>
   <div class='ocr_carea' id='block_1_65' title="bbox 1707 3584 3261 3656">
    <p class='ocr_par' dir='ltr' id='par_1_65' title="bbox 1707 3584 3261 3656">
     <span class='ocr_line' id='line_1_65' title="bbox 1707 3584 3261 3656; baseline -0.003 -15"><span class='ocrx_word' id='word_1_515' title='bbox 1707 3589 2022 3654; x_wconf 84' lang='lat' dir='ltr'><strong>ignorantes</strong></span> <span class='ocrx_word' id='word_1_516' title='bbox 2051 3585 2142 3640; x_wconf 90' lang='lat' dir='ltr'><strong>Dei</strong></span> <span class='ocrx_word' id='word_1_517' title='bbox 2165 3585 2454 3656; x_wconf 89' lang='lat' dir='ltr'><strong>justitiam,</strong></span> <span class='ocrx_word' id='word_1_518' title='bbox 2484 3584 2760 3654; x_wconf 87' lang='lat' dir='ltr'><strong>propriam</strong></span> <span class='ocrx_word' id='word_1_519' title='bbox 2796 3585 3151 3648; x_wconf 89' lang='lat' dir='ltr'><strong>conabantur,</strong></span> <span class='ocrx_word' id='word_1_520' title='bbox 3209 3586 3261 3638; x_wconf 91' lang='lat' dir='ltr'><strong>id</strong></span> 
     </span>
    </p>
   </div>
   <div class='ocr_carea' id='block_1_66' title="bbox 1703 3674 3262 3748">
    <p class='ocr_par' dir='ltr' id='par_1_66' title="bbox 1703 3674 3262 3748">
     <span class='ocr_line' id='line_1_66' title="bbox 1703 3674 3262 3748; baseline -0.004 -15"><span class='ocrx_word' id='word_1_521' title='bbox 1703 3688 1805 3742; x_wconf 91' lang='lat' dir='ltr'><strong>est,</strong></span> <span class='ocrx_word' id='word_1_522' title='bbox 1831 3693 1948 3748; x_wconf 71' lang='lat' dir='ltr'><strong>qua:</strong></span> <span class='ocrx_word' id='word_1_523' title='bbox 1967 3675 2504 3742; x_wconf 86' lang='lat' dir='ltr'><strong>bominibusjustitia</strong></span> <span class='ocrx_word' id='word_1_524' title='bbox 2533 3674 2838 3734; x_wconf 87' lang='lat' dir='ltr'><strong>videbatur.</strong></span> <span class='ocrx_word' id='word_1_525' title='bbox 2866 3675 3110 3743; x_wconf 89' lang='lat' dir='ltr'><strong>implere;</strong></span> <span class='ocrx_word' id='word_1_526' title='bbox 3139 3689 3262 3727; x_wconf 88' lang='lat' dir='ltr'><strong>cum</strong></span> 
     </span>
    </p>
   </div>
   <div class='ocr_carea' id='block_1_67' title="bbox 1705 3765 3266 3839">
    <p class='ocr_par' dir='ltr' id='par_1_67' title="bbox 1705 3765 3266 3839">
     <span class='ocr_line' id='line_1_67' title="bbox 1705 3765 3266 3839; baseline -0.003 -17"><span class='ocrx_word' id='word_1_527' title='bbox 1705 3773 1891 3839; x_wconf 91' lang='lat' dir='ltr'><strong>utique</strong></span> <span class='ocrx_word' id='word_1_528' title='bbox 1916 3769 2061 3837; x_wconf 92' lang='lat' dir='ltr'><strong>ipsos</strong></span> <span class='ocrx_word' id='word_1_529' title='bbox 2097 3767 2267 3835; x_wconf 86' lang='lat' dir='ltr'><strong>magis</strong></span> <span class='ocrx_word' id='word_1_530' title='bbox 2309 3765 2401 3820; x_wconf 91' lang='lat' dir='ltr'><strong>Dei</strong></span> <span class='ocrx_word' id='word_1_531' title='bbox 2433 3765 2679 3832; x_wconf 64' lang='lat' dir='ltr'><strong>iustitiae,</strong></span> <span class='ocrx_word' id='word_1_532' title='bbox 2706 3780 2826 3835; x_wconf 63' lang='lat' dir='ltr'><strong>quae</strong></span> <span class='ocrx_word' id='word_1_533' title='bbox 2883 3776 2965 3819; x_wconf 90' lang='lat' dir='ltr'><strong>est</strong></span> <span class='ocrx_word' id='word_1_534' title='bbox 3013 3765 3266 3818; x_wconf 81' lang='lat' dir='ltr'><strong>Christus</strong></span> 
     </span>
    </p>
   </div>
   <div class='ocr_carea' id='block_1_68' title="bbox 1707 3855 3266 3930">
    <p class='ocr_par' dir='ltr' id='par_1_68' title="bbox 1707 3855 3266 3930">
     <span class='ocr_line' id='line_1_68' title="bbox 1707 3855 3266 3930; baseline -0.003 -17"><span class='ocrx_word' id='word_1_535' title='bbox 1707 3861 1840 3930; x_wconf 73' lang='lat'><strong>(72),</strong></span> <span class='ocrx_word' id='word_1_536' title='bbox 1869 3858 2448 3914; x_wconf 73' lang='lat' dir='ltr'><strong>com&#39;eneritobedire.</strong></span> <span class='ocrx_word' id='word_1_537' title='bbox 2491 3856 2599 3911; x_wconf 92' lang='lat' dir='ltr'><strong>Sed</strong></span> <span class='ocrx_word' id='word_1_538' title='bbox 2640 3859 2762 3912; x_wconf 81' lang='lat' dir='ltr'><strong>vide</strong></span> <span class='ocrx_word' id='word_1_539' title='bbox 2811 3871 2954 3910; x_wconf 84' lang='lat' dir='ltr'><strong>lttlllc</strong></span> <span class='ocrx_word' id='word_1_540' title='bbox 3013 3871 3078 3910; x_wconf 90' lang='lat' dir='ltr'><strong>ne</strong></span> <span class='ocrx_word' id='word_1_541' title='bbox 3127 3855 3266 3909; x_wconf 82' lang='lat' dir='ltr'><strong>forte</strong></span> 
     </span>
    </p>
   </div>
   <div class='ocr_carea' id='block_1_69' title="bbox 1708 3947 3262 4016">
    <p class='ocr_par' dir='ltr' id='par_1_69' title="bbox 1708 3947 3262 4016">
     <span class='ocr_line' id='line_1_69' title="bbox 1708 3947 3262 4016; baseline -0.004 -11"><span class='ocrx_word' id='word_1_542' title='bbox 1708 3967 1813 4005; x_wconf 89' lang='lat' dir='ltr'><strong>non</strong></span> <span class='ocrx_word' id='word_1_543' title='bbox 1865 3950 1971 4004; x_wconf 89' lang='lat' dir='ltr'><strong>illis</strong></span> <span class='ocrx_word' id='word_1_544' title='bbox 2015 3949 2146 4003; x_wconf 90' lang='lat' dir='ltr'><strong>solis</strong></span> <span class='ocrx_word' id='word_1_545' title='bbox 2178 3948 2282 4002; x_wconf 91' lang='lat' dir='ltr'><strong>dici</strong></span> <span class='ocrx_word' id='word_1_546' title='bbox 2317 3962 2495 4002; x_wconf 88' lang='lat' dir='ltr'><strong>sermo</strong></span> <span class='ocrx_word' id='word_1_547' title='bbox 2529 3949 2631 4003; x_wconf 86' lang='lat' dir='ltr'><strong>iste</strong></span> <span class='ocrx_word' id='word_1_548' title='bbox 2660 3949 2921 4014; x_wconf 90' lang='lat' dir='ltr'><strong>videatur,</strong></span> <span class='ocrx_word' id='word_1_549' title='bbox 2973 3948 3098 4016; x_wconf 81' lang='lat' dir='ltr'><strong>quia</strong></span> <span class='ocrx_word' id='word_1_550' title='bbox 3146 3947 3262 4015; x_wconf 88' lang='grc'>(75)</span> 
     </span>
    </p>
   </div>
   <div class='ocr_carea' id='block_1_70' title="bbox 1713 4039 3261 4104">
    <p class='ocr_par' dir='ltr' id='par_1_70' title="bbox 1713 4039 3261 4104">
     <span class='ocr_line' id='line_1_70' title="bbox 1713 4039 3261 4104; baseline -0.001 -12"><span class='ocrx_word' id='word_1_551' title='bbox 1713 4060 1731 4092; x_wconf 80' lang='grc' dir='ltr'><strong>ι</strong></span> <span class='ocrx_word' id='word_1_552' title='bbox 1764 4043 1936 4096; x_wconf 89' lang='lat' dir='ltr'><strong>zelum</strong></span> <span class='ocrx_word' id='word_1_553' title='bbox 1974 4042 2067 4096; x_wconf 91' lang='lat' dir='ltr'><strong>Dei</strong></span> <span class='ocrx_word' id='word_1_554' title='bbox 2125 4042 2383 4104; x_wconf 87' lang='lat' dir='ltr'><strong>habeant,</strong></span> <span class='ocrx_word' id='word_1_555' title='bbox 2425 4043 2522 4095; x_wconf 90' lang='lat' dir='ltr'><strong>sed</strong></span> <span class='ocrx_word' id='word_1_556' title='bbox 2576 4056 2686 4095; x_wconf 94' lang='lat' dir='ltr'><strong>non</strong></span> <span class='ocrx_word' id='word_1_557' title='bbox 2736 4039 3032 4094; x_wconf 86' lang='lat' dir='ltr'><strong>secundum</strong></span> <span class='ocrx_word' id='word_1_558' title='bbox 3081 4039 3261 4094; x_wconf 85' lang='lat' dir='ltr'><strong>scien-</strong></span> 
     </span>
    </p>
   </div>
   <div class='ocr_carea' id='block_1_71' title="bbox 131 4133 1632 4208">
    <p class='ocr_par' dir='ltr' id='par_1_71' title="bbox 131 4133 1632 4208">
     <span class='ocr_line' id='line_1_71' title="bbox 131 4133 1632 4208; baseline 0.005 -20"><span class='ocrx_word' id='word_1_559' title='bbox 131 4133 308 4208; x_wconf 44' lang='lat' dir='ltr'><strong>&quot;_:Act.</strong></span> <span class='ocrx_word' id='word_1_560' title='bbox 343 4155 416 4198; x_wconf 73' lang='grc' dir='ltr'>ιιι.</span> <span class='ocrx_word' id='word_1_561' title='bbox 447 4140 502 4206; x_wconf 76' lang='grc'><strong>2,</strong></span> <span class='ocrx_word' id='word_1_562' title='bbox 527 4141 581 4195; x_wconf 79' lang='grc'><strong>5.</strong></span> <span class='ocrx_word' id='word_1_563' title='bbox 656 4143 701 4173; x_wconf 81' lang='grc'><strong>⁷⁷</strong></span> <span class='ocrx_word' id='word_1_564' title='bbox 737 4141 890 4197; x_wconf 90' lang='lat' dir='ltr'><strong>Rom.</strong></span> <span class='ocrx_word' id='word_1_565' title='bbox 920 4159 972 4202; x_wconf 69' lang='grc' dir='ltr'>ι.</span> <span class='ocrx_word' id='word_1_566' title='bbox 1001 4145 1114 4199; x_wconf 87' lang='grc'><strong>1-5.</strong></span> <span class='ocrx_word' id='word_1_567' title='bbox 1190 4146 1236 4175; x_wconf 81' lang='grc'><strong>⁷⁸</strong></span> <span class='ocrx_word' id='word_1_568' title='bbox 1277 4144 1432 4199; x_wconf 87' lang='lat' dir='ltr'><strong>Rom.</strong></span> <span class='ocrx_word' id='word_1_569' title='bbox 1485 4161 1559 4206; x_wconf 76' lang='grc' dir='ltr'>ιιι,</span> <span class='ocrx_word' id='word_1_570' title='bbox 1595 4143 1632 4196; x_wconf 73' lang='lat'><strong>2‘</strong></span> 
     </span>
    </p>
   </div>
   <div class='ocr_carea' id='block_1_72' title="bbox 1774 4133 3262 4208">
    <p class='ocr_par' dir='ltr' id='par_1_72' title="bbox 1777 4140 3262 4208">
     <span class='ocr_line' id='line_1_72' title="bbox 1777 4140 3262 4208; baseline -0.001 -14"><span class='ocrx_word' id='word_1_571' title='bbox 1777 4144 1877 4197; x_wconf 85' lang='lat' dir='ltr'><strong>sai.</strong></span> <span class='ocrx_word' id='word_1_572' title='bbox 1915 4159 1953 4206; x_wconf 85' lang='grc' dir='ltr'>ι,</span> <span class='ocrx_word' id='word_1_573' title='bbox 1988 4143 2040 4195; x_wconf 84' lang='grc'><strong>9.</strong></span> <span class='ocrx_word' id='word_1_574' title='bbox 2115 4143 2160 4174; x_wconf 68' lang='grc'><strong>⁷³</strong></span> <span class='ocrx_word' id='word_1_575' title='bbox 2197 4143 2351 4198; x_wconf 89' lang='lat' dir='ltr'><strong>Rom.</strong></span> <span class='ocrx_word' id='word_1_576' title='bbox 2382 4159 2457 4204; x_wconf 81' lang='lat' dir='ltr'><strong>Ix,</strong></span> <span class='ocrx_word' id='word_1_577' title='bbox 2485 4142 2585 4208; x_wconf 72' lang='lat'><strong>27;</strong></span> <span class='ocrx_word' id='word_1_578' title='bbox 2623 4142 2748 4196; x_wconf 89' lang='lat' dir='ltr'><strong>Isai.</strong></span> <span class='ocrx_word' id='word_1_579' title='bbox 2782 4157 2834 4204; x_wconf 73' lang='grc' dir='ltr'>ι,</span> <span class='ocrx_word' id='word_1_580' title='bbox 2865 4141 2952 4194; x_wconf 74' lang='lat'><strong>‘22.</strong></span> <span class='ocrx_word' id='word_1_581' title='bbox 3029 4142 3074 4172; x_wconf 80' lang='grc' dir='ltr'><strong>⁸ο</strong></span> <span class='ocrx_word' id='word_1_582' title='bbox 3103 4140 3262 4198; x_wconf 91' lang='lat' dir='ltr'><strong>Rom.</strong></span> 
     </span>
    </p>
   </div>
   <div class='ocr_carea' id='block_1_73' title="bbox 71 4202 243 4265">
    <p class='ocr_par' dir='ltr' id='par_1_73' title="bbox 71 4202 243 4265">
     <span class='ocr_line' id='line_1_73' title="bbox 71 4202 243 4265; baseline 0.023 -11"><span class='ocrx_word' id='word_1_583' title='bbox 71 4217 136 4265; x_wconf 76' lang='lat' dir='ltr'><strong>ix,</strong></span> <span class='ocrx_word' id='word_1_584' title='bbox 161 4202 243 4258; x_wconf 83' lang='grc'><strong>51.</strong></span> 
     </span>
    </p>
   </div>
   <div class='ocr_carea' id='block_1_74' title="bbox 316 4209 717 4276">
    <p class='ocr_par' dir='ltr' id='par_1_74' title="bbox 316 4209 717 4276">
     <span class='ocr_line' id='line_1_74' title="bbox 316 4209 717 4276; baseline 0.01 -12"><span class='ocrx_word' id='word_1_585' title='bbox 316 4209 357 4239; x_wconf 85' lang='grc'><strong>⁸¹</strong></span> <span class='ocrx_word' id='word_1_586' title='bbox 387 4209 545 4265; x_wconf 84' lang='lat' dir='ltr'><strong>Rom.</strong></span> <span class='ocrx_word' id='word_1_587' title='bbox 581 4227 636 4276; x_wconf 72' lang='grc' dir='ltr'><strong>κ,</strong></span> <span class='ocrx_word' id='word_1_588' title='bbox 666 4214 717 4269; x_wconf 93' lang='grc'><strong>1.</strong></span> 
     </span>
    </p>
   </div>
   <div class='ocr_carea' id='block_1_75' title="bbox 71 4274 238 4333">
    <p class='ocr_par' dir='ltr' id='par_1_75' title="bbox 71 4274 238 4333">
     <span class='ocr_line' id='line_1_75' title="bbox 71 4274 238 4333; baseline 0.012 -9"><span class='ocrx_word' id='word_1_589' title='bbox 71 4286 123 4333; x_wconf 87' lang='grc' dir='ltr'>ιι,</span> <span class='ocrx_word' id='word_1_590' title='bbox 156 4274 238 4326; x_wconf 72' lang='grc'><strong>24.</strong></span> 
     </span>
    </p>
   </div>
   <div class='ocr_carea' id='block_1_76' title="bbox 794 4209 1632 4283">
    <p class='ocr_par' dir='ltr' id='par_1_76' title="bbox 794 4213 1584 4281">
     <span class='ocr_line' id='line_1_76' title="bbox 794 4213 1584 4281; baseline 0 -13"><span class='ocrx_word' id='word_1_591' title='bbox 794 4213 839 4245; x_wconf 81' lang='grc'>⁸³</span> <span class='ocrx_word' id='word_1_592' title='bbox 876 4215 1003 4268; x_wconf 88' lang='lat' dir='ltr'><strong>ibid.</strong></span> <span class='ocrx_word' id='word_1_593' title='bbox 1033 4215 1088 4268; x_wconf 74' lang='grc'><strong>2.</strong></span> <span class='ocrx_word' id='word_1_594' title='bbox 1165 4215 1210 4247; x_wconf 85' lang='grc'><strong>⁸⁸</strong></span> <span class='ocrx_word' id='word_1_595' title='bbox 1233 4215 1388 4269; x_wconf 82' lang='lat' dir='ltr'><strong>Rom.</strong></span> <span class='ocrx_word' id='word_1_596' title='bbox 1436 4231 1490 4281; x_wconf 77' lang='grc' dir='ltr'><strong>χ,</strong></span> <span class='ocrx_word' id='word_1_597' title='bbox 1531 4216 1584 4269; x_wconf 96' lang='grc'><strong>5.</strong></span> 
     </span>
    </p>
   </div>
   <div class='ocr_carea' id='block_1_77' title="bbox 1774 4209 3262 4283">
    <p class='ocr_par' dir='ltr' id='par_1_77' title="bbox 1774 4209 3262 4283">
     <span class='ocr_line' id='line_1_77' title="bbox 1774 4209 3262 4283; baseline 0 -16"><span class='ocrx_word' id='word_1_598' title='bbox 1774 4213 1900 4267; x_wconf 78' lang='lat' dir='ltr'><strong>ium.</strong></span> <span class='ocrx_word' id='word_1_599' title='bbox 1944 4228 2070 4278; x_wconf 77' lang='lat' dir='ltr'><strong>xxv,</strong></span> <span class='ocrx_word' id='word_1_600' title='bbox 2104 4213 2156 4266; x_wconf 89' lang='lat'><strong>7.</strong></span> <span class='ocrx_word' id='word_1_601' title='bbox 2181 4215 2232 4267; x_wconf 90' lang='lat'><strong>8.</strong></span> <span class='ocrx_word' id='word_1_602' title='bbox 2307 4212 2352 4244; x_wconf 83' lang='grc'><strong>⁸⁸</strong></span> <span class='ocrx_word' id='word_1_603' title='bbox 2385 4211 2448 4267; x_wconf 89' lang='lat' dir='ltr'><strong>IlI</strong></span> <span class='ocrx_word' id='word_1_604' title='bbox 2493 4213 2745 4283; x_wconf 79' lang='lat' dir='ltr'><strong>Reg.x1x,</strong></span> <span class='ocrx_word' id='word_1_605' title='bbox 2793 4211 2878 4265; x_wconf 84' lang='grc'><strong>10.</strong></span> <span class='ocrx_word' id='word_1_606' title='bbox 2953 4212 2998 4244; x_wconf 82' lang='grc'><strong>⁸⁸</strong></span> <span class='ocrx_word' id='word_1_607' title='bbox 3028 4211 3047 4264; x_wconf 90' lang='grc' dir='ltr'><strong>ι</strong></span> <span class='ocrx_word' id='word_1_608' title='bbox 3083 4209 3262 4268; x_wconf 81' lang='lat' dir='ltr'><strong>Maeli.</strong></span> 
     </span>
    </p>
   </div>
   <div class='ocr_carea' id='block_1_78' title="bbox 132 4365 3260 4442">
    <p class='ocr_par' dir='ltr' id='par_1_78' title="bbox 132 4365 3260 4442">
     <span class='ocr_line' id='line_1_78' title="bbox 132 4365 3260 4442; baseline 0.001 -22"><span class='ocrx_word' id='word_1_609' title='bbox 132 4365 361 4442; x_wconf 82' lang='lat' dir='ltr'><strong>(6|)_Sic</strong></span> <span class='ocrx_word' id='word_1_610' title='bbox 387 4368 517 4423; x_wconf 88' lang='lat' dir='ltr'><strong>editi</strong></span> <span class='ocrx_word' id='word_1_611' title='bbox 545 4378 599 4424; x_wconf 91' lang='lat' dir='ltr'><strong>et</strong></span> <span class='ocrx_word' id='word_1_612' title='bbox 628 4384 757 4442; x_wconf 74' lang='lat' dir='ltr'><strong>mss.</strong></span> <span class='ocrx_word' id='word_1_613' title='bbox 787 4370 1059 4440; x_wconf 88' lang='lat' dir='ltr'><strong>plerique,</strong></span> <span class='ocrx_word' id='word_1_614' title='bbox 1094 4372 1195 4426; x_wconf 90' lang='lat' dir='ltr'><strong>nisi</strong></span> <span class='ocrx_word' id='word_1_615' title='bbox 1236 4373 1377 4442; x_wconf 91' lang='lat' dir='ltr'><strong>quod</strong></span> <span class='ocrx_word' id='word_1_616' title='bbox 1423 4381 1602 4440; x_wconf 87' lang='lat' dir='ltr'><strong>poste-</strong></span> <span class='ocrx_word' id='word_1_617' title='bbox 1632 4378 1674 4432; x_wconf 87' lang='grc' dir='ltr'>Ι)</span> <span class='ocrx_word' id='word_1_618' title='bbox 1708 4375 1783 4427; x_wconf 90' lang='lat' dir='ltr'><strong>tio</strong></span> <span class='ocrx_word' id='word_1_619' title='bbox 1819 4373 1940 4439; x_wconf 86' lang='lat' dir='ltr'><strong>Dei,</strong></span> <span class='ocrx_word' id='word_1_620' title='bbox 1989 4375 2101 4428; x_wconf 74' lang='lat' dir='ltr'><strong>bzec</strong></span> <span class='ocrx_word' id='word_1_621' title='bbox 2152 4389 2235 4427; x_wconf 90' lang='lat' dir='ltr'><strong>me</strong></span> <span class='ocrx_word' id='word_1_622' title='bbox 2273 4375 2558 4428; x_wconf 90' lang='lat' dir='ltr'><strong>commovit</strong></span> <span class='ocrx_word' id='word_1_623' title='bbox 2597 4389 2755 4426; x_wconf 87' lang='lat' dir='ltr'><strong>causa</strong></span> <span class='ocrx_word' id='word_1_624' title='bbox 2785 4414 2799 4438; x_wconf 90' lang='lat'><strong>,</strong></span> <span class='ocrx_word' id='word_1_625' title='bbox 2851 4381 2907 4426; x_wconf 91' lang='lat' dir='ltr'><strong>ut</strong></span> <span class='ocrx_word' id='word_1_626' title='bbox 2957 4373 3260 4426; x_wconf 90' lang='lat' dir='ltr'><strong>obsecratio</strong></span> 
     </span>
    </p>
   </div>
   <div class='ocr_carea' id='block_1_79' title="bbox 72 4435 1598 4512">
    <p class='ocr_par' dir='ltr' id='par_1_79' title="bbox 72 4435 1598 4512">
     <span class='ocr_line' id='line_1_79' title="bbox 72 4435 1598 4512; baseline 0.009 -28"><span class='ocrx_word' id='word_1_627' title='bbox 72 4435 224 4492; x_wconf 87' lang='lat' dir='ltr'><strong>riores</strong></span> <span class='ocrx_word' id='word_1_628' title='bbox 247 4439 480 4512; x_wconf 58' lang='lat' dir='ltr'><strong>habeant</strong></span> <span class='ocrx_word' id='word_1_629' title='bbox 500 4477 516 4502; x_wconf 90' lang='lat'><strong>,</strong></span> <span class='ocrx_word' id='word_1_630' title='bbox 557 4458 576 4490; x_wconf 77' lang='grc' dir='ltr'><strong>ι</strong></span> <span class='ocrx_word' id='word_1_631' title='bbox 611 4455 718 4508; x_wconf 89' lang='lat' dir='ltr'><strong>quo</strong></span> <span class='ocrx_word' id='word_1_632' title='bbox 745 4435 873 4494; x_wconf 81' lang='lat' dir='ltr'><strong>illud</strong></span> <span class='ocrx_word' id='word_1_633' title='bbox 902 4435 1176 4512; x_wconf 81' lang='lat' dir='ltr'><strong>pergebat.</strong></span> <span class='ocrx_word' id='word_1_634' title='bbox 1213 4461 1232 4495; x_wconf 84' lang='grc' dir='ltr'><strong>ι</strong></span> <span class='ocrx_word' id='word_1_635' title='bbox 1255 4435 1370 4498; x_wconf 66' lang='grc' dir='ltr'><strong>Ἠε.</strong></span> <span class='ocrx_word' id='word_1_636' title='bbox 1399 4435 1598 4512; x_wconf 79' lang='lat' dir='ltr'><strong>Regius</strong></span> 
     </span>
    </p>
   </div>
   <div class='ocr_carea' id='block_1_80' title="bbox 71 4508 1600 4581">
    <p class='ocr_par' dir='ltr' id='par_1_80' title="bbox 71 4508 1600 4581">
     <span class='ocr_line' id='line_1_80' title="bbox 71 4508 1600 4581; baseline 0.007 -27"><span class='ocrx_word' id='word_1_637' title='bbox 71 4518 204 4558; x_wconf 92' lang='lat' dir='ltr'><strong>num.</strong></span> <span class='ocrx_word' id='word_1_638' title='bbox 239 4508 394 4572; x_wconf 84' lang='grc'><strong>1659,</strong></span> <span class='ocrx_word' id='word_1_639' title='bbox 431 4525 451 4560; x_wconf 75' lang='grc' dir='ltr'><strong>ι</strong></span> <span class='ocrx_word' id='word_1_640' title='bbox 490 4520 748 4581; x_wconf 74' lang='lat' dir='ltr'><strong>quantum</strong></span> <span class='ocrx_word' id='word_1_641' title='bbox 771 4513 836 4565; x_wconf 88' lang='lat' dir='ltr'><strong>ad</strong></span> <span class='ocrx_word' id='word_1_642' title='bbox 867 4508 1361 4580; x_wconf 48' lang='lat' dir='ltr'><strong>illud&#39;propositum</strong></span> <span class='ocrx_word' id='word_1_643' title='bbox 1387 4508 1600 4581; x_wconf 70' lang='lat' dir='ltr'><strong>spectat</strong></span> 
     </span>
    </p>
   </div>
   <div class='ocr_carea' id='block_1_81' title="bbox 71 4579 1596 4652">
    <p class='ocr_par' dir='ltr' id='par_1_81' title="bbox 71 4579 1596 4652">
     <span class='ocr_line' id='line_1_81' title="bbox 71 4579 1596 4652; baseline 0.007 -24"><span class='ocrx_word' id='word_1_644' title='bbox 71 4589 166 4652; x_wconf 64' lang='lat' dir='ltr'><strong>quo</strong></span> <span class='ocrx_word' id='word_1_645' title='bbox 202 4581 468 4645; x_wconf 83' lang='lat' dir='ltr'><strong>pergebat.</strong></span> <span class='ocrx_word' id='word_1_646' title='bbox 503 4597 520 4629; x_wconf 75' lang='grc' dir='ltr'><strong>ι</strong></span> <span class='ocrx_word' id='word_1_647' title='bbox 562 4579 766 4652; x_wconf 84' lang='lat' dir='ltr'><strong>Deinde</strong></span> <span class='ocrx_word' id='word_1_648' title='bbox 781 4582 932 4644; x_wconf 88' lang='lat' dir='ltr'><strong>editi,</strong></span> <span class='ocrx_word' id='word_1_649' title='bbox 968 4599 987 4632; x_wconf 79' lang='grc' dir='ltr'><strong>ι</strong></span> <span class='ocrx_word' id='word_1_650' title='bbox 1011 4579 1230 4649; x_wconf 75' lang='lat' dir='ltr'><strong>explere</strong></span> <span class='ocrx_word' id='word_1_651' title='bbox 1259 4600 1363 4638; x_wconf 93' lang='lat' dir='ltr'><strong>non</strong></span> <span class='ocrx_word' id='word_1_652' title='bbox 1391 4579 1596 4652; x_wconf 82' lang='lat' dir='ltr'><strong>posset.</strong></span> 
     </span>
    </p>
   </div>
   <div class='ocr_carea' id='block_1_82' title="bbox 74 4641 1143 4721">
    <p class='ocr_par' dir='ltr' id='par_1_82' title="bbox 74 4641 1143 4721">
     <span class='ocr_line' id='line_1_82' title="bbox 74 4641 1143 4721; baseline 0.007 -24"><span class='ocrx_word' id='word_1_653' title='bbox 74 4641 480 4721; x_wconf 22' lang='lat' dir='ltr'><strong>Scd‘fonjersus</strong></span> <span class='ocrx_word' id='word_1_654' title='bbox 502 4651 734 4721; x_wconf 87' lang='lat' dir='ltr'><strong>credidit</strong></span> <span class='ocrx_word' id='word_1_655' title='bbox 761 4653 806 4704; x_wconf 90' lang='lat' dir='ltr'><strong>ei</strong></span> <span class='ocrx_word' id='word_1_656' title='bbox 835 4641 949 4721; x_wconf 83' lang='lat' dir='ltr'><strong>qui,</strong></span> <span class='ocrx_word' id='word_1_657' title='bbox 982 4671 1002 4702; x_wconf 77' lang='grc' dir='ltr'><strong>ι</strong></span> <span class='ocrx_word' id='word_1_658' title='bbox 1037 4641 1143 4705; x_wconf 77' lang='lat' dir='ltr'><strong>etc.</strong></span> 
     </span>
    </p>
   </div>
   <div class='ocr_carea' id='block_1_83' title="bbox 71 4713 1595 4839">
    <p class='ocr_par' dir='ltr' id='par_1_83' title="bbox 71 4713 1595 4839">
     <span class='ocr_line' id='line_1_83' title="bbox 71 4713 1595 4839; baseline 0.007 -71"><span class='ocrx_word' id='word_1_659' title='bbox 71 4713 234 4839; x_wconf 55' lang='lat' dir='ltr'><strong>be(2&#39;22</strong></span> <span class='ocrx_word' id='word_1_660' title='bbox 269 4717 407 4772; x_wconf 87' lang='lat' dir='ltr'><strong>Editi</strong></span> <span class='ocrx_word' id='word_1_661' title='bbox 429 4757 446 4784; x_wconf 96' lang='lat'><strong>,</strong></span> <span class='ocrx_word' id='word_1_662' title='bbox 477 4737 496 4769; x_wconf 76' lang='grc' dir='ltr'><strong>ι</strong></span> <span class='ocrx_word' id='word_1_663' title='bbox 533 4720 811 4787; x_wconf 73' lang='lat' dir='ltr'><strong>sentibus;</strong></span> <span class='ocrx_word' id='word_1_664' title='bbox 841 4713 869 4772; x_wconf 73' lang='grc' dir='ltr'><strong><em>ἱ</em></strong></span> <span class='ocrx_word' id='word_1_665' title='bbox 895 4713 950 4776; x_wconf 85' lang='lat' dir='ltr'><strong>et</strong></span> <span class='ocrx_word' id='word_1_666' title='bbox 970 4731 1153 4791; x_wconf 90' lang='lat' dir='ltr'><strong>postea</strong></span> <span class='ocrx_word' id='word_1_667' title='bbox 1179 4761 1194 4786; x_wconf 94' lang='lat'><strong>,</strong></span> <span class='ocrx_word' id='word_1_668' title='bbox 1255 4740 1274 4774; x_wconf 81' lang='grc' dir='ltr'><strong>ι</strong></span> <span class='ocrx_word' id='word_1_669' title='bbox 1316 4736 1425 4776; x_wconf 91' lang='lat' dir='ltr'><strong>non</strong></span> <span class='ocrx_word' id='word_1_670' title='bbox 1471 4737 1595 4778; x_wconf 86' lang='lat' dir='ltr'><strong>eru-</strong></span> 
     </span>
     <span class='ocr_line' id='line_1_84' title="bbox 132 4802 306 4838; baseline 0.029 -4"><span class='ocrx_word' id='word_1_671' title='bbox 132 4802 152 4834; x_wconf 82' lang='lat' dir='ltr'><strong>S</strong></span> <span class='ocrx_word' id='word_1_672' title='bbox 239 4825 252 4838; x_wconf 83' lang='lat'><strong>.</strong></span> <span class='ocrx_word' id='word_1_673' title='bbox 288 4806 306 4838; x_wconf 71' lang='grc' dir='ltr'><strong>ι</strong></span> 
     </span>
    </p>
   </div>
   <div class='ocr_carea' id='block_1_84' title="bbox 103 4798 306 4838">
    <p class='ocr_par' dir='ltr' id='par_1_84' title="bbox 103 4798 306 4838">
     <span class='ocr_line' id='line_1_85' title="bbox 103 4798 306 4838; baseline 0.025 -4"><span class='ocrx_word' id='word_1_674' title='bbox 103 4798 252 4838; x_wconf 64' lang='grc'><strong>8501³1..</strong></span> <span class='ocrx_word' id='word_1_675' title='bbox 288 4806 306 4838; x_wconf 72' lang='grc' dir='ltr'><strong>ι</strong></span> 
     </span>
    </p>
   </div>
   <div class='ocr_carea' id='block_1_85' title="bbox 131 4853 1601 4930">
    <p class='ocr_par' dir='ltr' id='par_1_85' title="bbox 131 4853 1601 4930">
     <span class='ocr_line' id='line_1_86' title="bbox 131 4853 1601 4930; baseline 0.006 -24"><span class='ocrx_word' id='word_1_676' title='bbox 131 4853 234 4925; x_wconf 80' lang='grc'>(65)</span> <span class='ocrx_word' id='word_1_677' title='bbox 269 4857 357 4912; x_wconf 91' lang='lat' dir='ltr'><strong>Sic</strong></span> <span class='ocrx_word' id='word_1_678' title='bbox 398 4873 585 4914; x_wconf 91' lang='lat' dir='ltr'><strong>omnes</strong></span> <span class='ocrx_word' id='word_1_679' title='bbox 629 4875 768 4930; x_wconf 56' lang='lat' dir='ltr'><strong>mss.</strong></span> <span class='ocrx_word' id='word_1_680' title='bbox 789 4860 977 4915; x_wconf 88' lang='lat' dir='ltr'><strong>nostri.</strong></span> <span class='ocrx_word' id='word_1_681' title='bbox 1035 4859 1176 4914; x_wconf 89' lang='lat' dir='ltr'><strong>Editi</strong></span> <span class='ocrx_word' id='word_1_682' title='bbox 1224 4875 1382 4926; x_wconf 89' lang='lat' dir='ltr'><strong>vero,</strong></span> <span class='ocrx_word' id='word_1_683' title='bbox 1411 4876 1601 4930; x_wconf 84' lang='lat' dir='ltr'><strong>perpe-</strong></span> 
     </span>
    </p>
   </div>
   <div class='ocr_carea' id='block_1_86' title="bbox 75 4929 1599 5001">
    <p class='ocr_par' dir='ltr' id='par_1_86' title="bbox 75 4929 1599 5001">
     <span class='ocr_line' id='line_1_87' title="bbox 75 4929 1599 5001; baseline 0.01 -30"><span class='ocrx_word' id='word_1_684' title='bbox 75 4937 174 4976; x_wconf 86' lang='lat' dir='ltr'><strong>ram</strong></span> <span class='ocrx_word' id='word_1_685' title='bbox 197 4944 263 5001; x_wconf 74' lang='lat'><strong>,_(</strong></span> <span class='ocrx_word' id='word_1_686' title='bbox 293 4930 645 4996; x_wconf 65' lang='lat' dir='ltr'><strong>praecedente.</strong></span> <span class='ocrx_word' id='word_1_687' title='bbox 688 4949 706 4980; x_wconf 83' lang='grc' dir='ltr'><strong>ι</strong></span> <span class='ocrx_word' id='word_1_688' title='bbox 749 4929 887 4984; x_wconf 89' lang='lat' dir='ltr'><strong>Loca</strong></span> <span class='ocrx_word' id='word_1_689' title='bbox 921 4931 1008 4984; x_wconf 91' lang='lat' dir='ltr'><strong>hic</strong></span> <span class='ocrx_word' id='word_1_690' title='bbox 1057 4931 1219 4983; x_wconf 87' lang='lat' dir='ltr'><strong>citata</strong></span> <span class='ocrx_word' id='word_1_691' title='bbox 1265 4931 1334 5001; x_wconf 87' lang='lat' dir='ltr'><strong>ab</strong></span> <span class='ocrx_word' id='word_1_692' title='bbox 1367 4929 1599 5001; x_wconf 82' lang='lat' dir='ltr'><strong>Origene</strong></span> 
     </span>
    </p>
   </div>
   <div class='ocr_carea' id='block_1_87' title="bbox 72 4996 1600 5118">
    <p class='ocr_par' dir='ltr' id='par_1_87' title="bbox 72 4996 1600 5118">
     <span class='ocr_line' id='line_1_88' title="bbox 72 4996 1600 5118; baseline 0.004 -72"><span class='ocrx_word' id='word_1_693' title='bbox 72 4996 394 5118; x_wconf 46' lang='lat' dir='ltr'><strong>lreperiftsmtur</strong></span> <span class='ocrx_word' id='word_1_694' title='bbox 425 5013 610 5066; x_wconf 80' lang='lat' dir='ltr'><strong>supra,</strong></span> <span class='ocrx_word' id='word_1_695' title='bbox 641 5009 772 5058; x_wconf 91' lang='lat' dir='ltr'><strong>tom.</strong></span> <span class='ocrx_word' id='word_1_696' title='bbox 810 5014 897 5064; x_wconf 88' lang='grc' dir='ltr'>ιιι,</span> <span class='ocrx_word' id='word_1_697' title='bbox 929 5015 1077 5054; x_wconf 90' lang='lat' dir='ltr'><strong>num.</strong></span> <span class='ocrx_word' id='word_1_698' title='bbox 1113 5001 1164 5064; x_wconf 85' lang='grc'><strong>1,</strong></span> <span class='ocrx_word' id='word_1_699' title='bbox 1193 5001 1247 5064; x_wconf 74' lang='grc'><strong>2,</strong></span> <span class='ocrx_word' id='word_1_700' title='bbox 1276 5000 1330 5067; x_wconf 88' lang='lat'><strong>9,</strong></span> <span class='ocrx_word' id='word_1_701' title='bbox 1357 4996 1492 5056; x_wconf 72' lang='grc' dir='ltr'>ιοιιιῖ</span> <span class='ocrx_word' id='word_1_702' title='bbox 1519 5014 1600 5070; x_wconf 73' lang='lat' dir='ltr'><strong>vr,</strong></span> 
     </span>
     <span class='ocr_line' id='line_1_89' title="bbox 89 5079 274 5118; baseline 0.011 -7"><span class='ocrx_word' id='word_1_703' title='bbox 89 5079 196 5114; x_wconf 86' lang='lat' dir='ltr'><strong>IIIIII.</strong></span> <span class='ocrx_word' id='word_1_704' title='bbox 261 5104 274 5118; x_wconf 88' lang='lat'>.</span> 
     </span>
    </p>
   </div>
   <div class='ocr_carea' id='block_1_88' title="bbox 120 5081 274 5118">
    <p class='ocr_par' dir='ltr' id='par_1_88' title="bbox 120 5081 274 5118">
     <span class='ocr_line' id='line_1_90' title="bbox 120 5081 274 5118; baseline 0.006 -6"><span class='ocrx_word' id='word_1_705' title='bbox 120 5081 196 5114; x_wconf 87' lang='lat' dir='ltr'><strong>IIII.</strong></span> <span class='ocrx_word' id='word_1_706' title='bbox 225 5081 274 5118; x_wconf 78' lang='grc' dir='ltr'><strong>δ,</strong></span> 
     </span>
    </p>
   </div>
   <div class='ocr_carea' id='block_1_89' title="bbox 131 5133 1596 5211">
    <p class='ocr_par' dir='ltr' id='par_1_89' title="bbox 131 5133 1596 5211">
     <span class='ocr_line' id='line_1_91' title="bbox 131 5133 1596 5211; baseline 0.006 -26"><span class='ocrx_word' id='word_1_707' title='bbox 131 5133 329 5211; x_wconf 61' lang='lat' dir='ltr'><strong>(tit-65)</strong></span> <span class='ocrx_word' id='word_1_708' title='bbox 367 5135 558 5201; x_wconf 72' lang='lat' dir='ltr'><strong>Editi,«</strong></span> <span class='ocrx_word' id='word_1_709' title='bbox 583 5139 740 5211; x_wconf 88' lang='lat' dir='ltr'><strong>etbic</strong></span> <span class='ocrx_word' id='word_1_710' title='bbox 762 5139 961 5194; x_wconf 68' lang='lat' dir='ltr'><strong>addit.»</strong></span> <span class='ocrx_word' id='word_1_711' title='bbox 993 5137 1190 5194; x_wconf 90' lang='lat' dir='ltr'><strong>Deinde</strong></span> <span class='ocrx_word' id='word_1_712' title='bbox 1208 5155 1339 5193; x_wconf 90' lang='lat' dir='ltr'><strong>mss.</strong></span> <span class='ocrx_word' id='word_1_713' title='bbox 1357 5139 1596 5209; x_wconf 90' lang='lat' dir='ltr'><strong>quidam,</strong></span> 
     </span>
    </p>
   </div>
   <div class='ocr_carea' id='block_1_90' title="bbox 71 5199 1592 5279">
    <p class='ocr_par' dir='ltr' id='par_1_90' title="bbox 71 5199 1592 5279">
     <span class='ocr_line' id='line_1_92' title="bbox 71 5199 1592 5279; baseline 0.004 -23"><span class='ocrx_word' id='word_1_714' title='bbox 71 5199 181 5279; x_wconf 50' lang='lat' dir='ltr'><strong>Editi</strong></span> <span class='ocrx_word' id='word_1_715' title='bbox 203 5199 564 5279; x_wconf 71' lang='lat' dir='ltr'><strong>etRabanus,</strong></span> <span class='ocrx_word' id='word_1_716' title='bbox 595 5228 612 5259; x_wconf 83' lang='grc'><em>‹</em></span> <span class='ocrx_word' id='word_1_717' title='bbox 639 5210 690 5262; x_wconf 92' lang='lat' dir='ltr'><strong>in</strong></span> <span class='ocrx_word' id='word_1_718' title='bbox 716 5210 886 5278; x_wconf 82' lang='lat' dir='ltr'><strong>legem</strong></span> <span class='ocrx_word' id='word_1_719' title='bbox 904 5211 1125 5279; x_wconf 79' lang='lat' dir='ltr'><strong>justitia:</strong></span> <span class='ocrx_word' id='word_1_720' title='bbox 1152 5226 1257 5261; x_wconf 92' lang='lat' dir='ltr'><strong>non</strong></span> <span class='ocrx_word' id='word_1_721' title='bbox 1279 5199 1540 5277; x_wconf 58' lang='lat' dir='ltr'><strong>pervenit.</strong></span> <span class='ocrx_word' id='word_1_722' title='bbox 1573 5199 1592 5262; x_wconf 65' lang='grc' dir='ltr'><strong><em>ἱ</em></strong></span> 
     </span>
    </p>
   </div>
   <div class='ocr_carea' id='block_1_91' title="bbox 75 5267 1591 5349">
    <p class='ocr_par' dir='ltr' id='par_1_91' title="bbox 75 5267 1591 5349">
     <span class='ocr_line' id='line_1_93' title="bbox 75 5267 1591 5349; baseline 0.011 -32"><span class='ocrx_word' id='word_1_723' title='bbox 75 5267 206 5323; x_wconf 80' lang='lat' dir='ltr'><strong>Male.</strong></span> <span class='ocrx_word' id='word_1_724' title='bbox 238 5273 365 5349; x_wconf 64' lang='lat' dir='ltr'><strong>Nam</strong></span> <span class='ocrx_word' id='word_1_725' title='bbox 401 5267 561 5349; x_wconf 71' lang='lat' dir='ltr'><strong>supra</strong></span> <span class='ocrx_word' id='word_1_726' title='bbox 591 5293 694 5332; x_wconf 76' lang='lat' dir='ltr'><strong>vox</strong></span> <span class='ocrx_word' id='word_1_727' title='bbox 726 5296 743 5329; x_wconf 80' lang='grc' dir='ltr'><strong>ι</strong></span> <span class='ocrx_word' id='word_1_728' title='bbox 767 5267 995 5349; x_wconf 64' lang='grc' dir='ltr'><strong>Ῑιιειίἶιεε</strong></span> <span class='ocrx_word' id='word_1_729' title='bbox 1024 5299 1042 5330; x_wconf 82' lang='grc' dir='ltr'><strong>ι</strong></span> <span class='ocrx_word' id='word_1_730' title='bbox 1086 5280 1138 5332; x_wconf 82' lang='grc' dir='ltr'><strong>ἱιι</strong></span> <span class='ocrx_word' id='word_1_731' title='bbox 1182 5267 1430 5334; x_wconf 81' lang='lat' dir='ltr'><strong>omnibus</strong></span> <span class='ocrx_word' id='word_1_732' title='bbox 1461 5297 1591 5333; x_wconf 90' lang='lat' dir='ltr'><strong>mss.</strong></span> 
     </span>
    </p>
   </div>
   <div class='ocr_carea' id='block_1_92' title="bbox 73 5345 1591 5415">
    <p class='ocr_par' dir='ltr' id='par_1_92' title="bbox 73 5345 1591 5415">
     <span class='ocr_line' id='line_1_94' title="bbox 73 5345 1591 5415; baseline 0.005 -20"><span class='ocrx_word' id='word_1_733' title='bbox 73 5349 118 5415; x_wconf 58' lang='lat' dir='ltr'><strong>et</strong></span> <span class='ocrx_word' id='word_1_734' title='bbox 143 5346 267 5415; x_wconf 84' lang='lat' dir='ltr'><strong>apud</strong></span> <span class='ocrx_word' id='word_1_735' title='bbox 294 5345 463 5415; x_wconf 86' lang='lat' dir='ltr'><strong>ipsum</strong></span> <span class='ocrx_word' id='word_1_736' title='bbox 500 5345 789 5402; x_wconf 60' lang='lat' dir='ltr'><strong>Rabannm&#39;</strong></span> <span class='ocrx_word' id='word_1_737' title='bbox 833 5350 1134 5408; x_wconf 89' lang='lat' dir='ltr'><strong>omittitur.</strong></span> <span class='ocrx_word' id='word_1_738' title='bbox 1191 5360 1246 5404; x_wconf 84' lang='lat' dir='ltr'><strong>et</strong></span> <span class='ocrx_word' id='word_1_739' title='bbox 1297 5351 1384 5404; x_wconf 91' lang='lat' dir='ltr'><strong>hic</strong></span> <span class='ocrx_word' id='word_1_740' title='bbox 1428 5352 1591 5404; x_wconf 80' lang='lat' dir='ltr'><strong>etiam</strong></span> 
     </span>
    </p>
   </div>
   <div class='ocr_carea' id='block_1_93' title="bbox 73 5408 966 5485">
    <p class='ocr_par' dir='ltr' id='par_1_93' title="bbox 73 5408 966 5485">
     <span class='ocr_line' id='line_1_95' title="bbox 73 5408 966 5485; baseline 0.02 -30"><span class='ocrx_word' id='word_1_741' title='bbox 73 5408 279 5485; x_wconf 68' lang='lat' dir='ltr'><strong>dcc-stin</strong></span> <span class='ocrx_word' id='word_1_742' title='bbox 305 5408 402 5485; x_wconf 74' lang='lat' dir='ltr'><strong>nis.</strong></span> <span class='ocrx_word' id='word_1_743' title='bbox 433 5416 596 5485; x_wconf 73' lang='lat' dir='ltr'><strong>Regio</strong></span> <span class='ocrx_word' id='word_1_744' title='bbox 631 5435 775 5472; x_wconf 85' lang='lat' dir='ltr'><strong>nunt.</strong></span> <span class='ocrx_word' id='word_1_745' title='bbox 811 5419 966 5473; x_wconf 85' lang='grc'><strong>1659.</strong></span> 
     </span>
    </p>
   </div>
   <div class='ocr_carea' id='block_1_94' title="bbox 135 5477 1592 5560">
    <p class='ocr_par' dir='ltr' id='par_1_94' title="bbox 135 5477 1592 5560">
     <span class='ocr_line' id='line_1_96' title="bbox 135 5477 1592 5560; baseline 0.001 -17"><span class='ocrx_word' id='word_1_746' title='bbox 135 5477 483 5560; x_wconf 62' lang='grc' dir='ltr'><strong>(66-67μριιά</strong></span> <span class='ocrx_word' id='word_1_747' title='bbox 505 5478 688 5542; x_wconf 75' lang='lat' dir='ltr'><strong>Deum.</strong></span> <span class='ocrx_word' id='word_1_748' title='bbox 711 5490 832 5560; x_wconf 70' lang='lat' dir='ltr'><strong>Ilico</strong></span> <span class='ocrx_word' id='word_1_749' title='bbox 849 5491 1006 5543; x_wconf 74' lang='lat' dir='ltr'><strong>verba</strong></span> <span class='ocrx_word' id='word_1_750' title='bbox 1025 5490 1218 5545; x_wconf 87' lang='lat' dir='ltr'><strong>desunt</strong></span> <span class='ocrx_word' id='word_1_751' title='bbox 1237 5492 1289 5546; x_wconf 93' lang='lat' dir='ltr'><strong>in</strong></span> <span class='ocrx_word' id='word_1_752' title='bbox 1311 5491 1486 5554; x_wconf 84' lang='lat' dir='ltr'><strong>editis,</strong></span> <span class='ocrx_word' id='word_1_753' title='bbox 1501 5492 1592 5560; x_wconf 90' lang='lat' dir='ltr'><strong>qui</strong></span> 
     </span>
    </p>
   </div>
   <div class='ocr_carea' id='block_1_95' title="bbox 76 5556 1595 5626">
    <p class='ocr_par' dir='ltr' id='par_1_95' title="bbox 76 5556 1595 5626">
     <span class='ocr_line' id='line_1_97' title="bbox 76 5556 1595 5626; baseline 0.011 -26"><span class='ocrx_word' id='word_1_754' title='bbox 76 5556 467 5626; x_wconf 65' lang='lat' dir='ltr'><strong>posteababeut,</strong></span> <span class='ocrx_word' id='word_1_755' title='bbox 503 5574 522 5608; x_wconf 76' lang='grc' dir='ltr'><strong>ι</strong></span> <span class='ocrx_word' id='word_1_756' title='bbox 553 5559 785 5612; x_wconf 84' lang='lat' dir='ltr'><strong>ostendit</strong></span> <span class='ocrx_word' id='word_1_757' title='bbox 812 5559 995 5614; x_wconf 87' lang='lat' dir='ltr'><strong>dicens</strong></span> <span class='ocrx_word' id='word_1_758' title='bbox 1021 5579 1036 5615; x_wconf 87' lang='lat'><strong>;</strong></span> <span class='ocrx_word' id='word_1_759' title='bbox 1063 5561 1452 5617; x_wconf 83' lang='lat' dir='ltr'><strong>Testimonium</strong></span> <span class='ocrx_word' id='word_1_760' title='bbox 1476 5556 1595 5626; x_wconf 72' lang='lat' dir='ltr'><strong>pcr-</strong></span> 
     </span>
    </p>
   </div>
   <div class='ocr_carea' id='block_1_96' title="bbox 76 5618 750 5700">
    <p class='ocr_par' dir='ltr' id='par_1_96' title="bbox 76 5618 750 5700">
     <span class='ocr_line' id='line_1_98' title="bbox 76 5618 750 5700; baseline 0.028 -37"><span class='ocrx_word' id='word_1_761' title='bbox 76 5618 361 5700; x_wconf 29' lang='lat' dir='ltr'><strong>hibeo‘iliis‘,</strong></span> <span class='ocrx_word' id='word_1_762' title='bbox 393 5629 553 5700; x_wconf 77' lang='lat' dir='ltr'><strong>quod,</strong></span> <span class='ocrx_word' id='word_1_763' title='bbox 590 5647 608 5678; x_wconf 79' lang='grc' dir='ltr'><strong>ι</strong></span> <span class='ocrx_word' id='word_1_764' title='bbox 646 5638 750 5682; x_wconf 85' lang='lat' dir='ltr'><strong>etc.</strong></span> 
     </span>
    </p>
   </div>
   <div class='ocr_carea' id='block_1_97' title="bbox 135 5687 1588 5763">
    <p class='ocr_par' dir='ltr' id='par_1_97' title="bbox 135 5687 1588 5763">
     <span class='ocr_line' id='line_1_99' title="bbox 135 5687 1588 5763; baseline 0.005 -16"><span class='ocrx_word' id='word_1_765' title='bbox 135 5687 234 5759; x_wconf 76' lang='grc'>(68)</span> <span class='ocrx_word' id='word_1_766' title='bbox 270 5687 435 5763; x_wconf 63' lang='lat' dir='ltr'><strong>Editi,</strong></span> <span class='ocrx_word' id='word_1_767' title='bbox 476 5715 495 5748; x_wconf 77' lang='grc' dir='ltr'><strong>ι</strong></span> <span class='ocrx_word' id='word_1_768' title='bbox 538 5687 712 5754; x_wconf 79' lang='lat' dir='ltr'><strong>tamen</strong></span> <span class='ocrx_word' id='word_1_769' title='bbox 755 5696 1039 5757; x_wconf 79' lang='lat' dir='ltr'><strong>iucﬂ&#39;abilis</strong></span> <span class='ocrx_word' id='word_1_770' title='bbox 1083 5702 1320 5758; x_wconf 64' lang='lat' dir='ltr'><strong>zeluset</strong></span> <span class='ocrx_word' id='word_1_771' title='bbox 1365 5701 1588 5758; x_wconf 56' lang='lat' dir='ltr'><strong>tantula-</strong></span> 
     </span>
    </p>
   </div>
   <div class='ocr_carea' id='block_1_98' title="bbox 1706 4443 3257 4512">
    <p class='ocr_par' dir='ltr' id='par_1_98' title="bbox 1706 4443 3257 4512">
     <span class='ocr_line' id='line_1_100' title="bbox 1706 4443 3257 4512; baseline -0.002 -15"><span class='ocrx_word' id='word_1_772' title='bbox 1706 4446 1858 4498; x_wconf 85' lang='lat' dir='ltr'><strong>Iieret</strong></span> <span class='ocrx_word' id='word_1_773' title='bbox 1892 4460 1988 4512; x_wconf 82' lang='lat' dir='ltr'><strong>pro</strong></span> <span class='ocrx_word' id='word_1_774' title='bbox 2014 4445 2141 4512; x_wconf 82' lang='lat' dir='ltr'><strong>ipsis</strong></span> <span class='ocrx_word' id='word_1_775' title='bbox 2164 4447 2226 4497; x_wconf 86' lang='lat' dir='ltr'><strong>ad</strong></span> <span class='ocrx_word' id='word_1_776' title='bbox 2259 4444 2445 4498; x_wconf 87' lang='lat' dir='ltr'><strong>Deum.</strong></span> <span class='ocrx_word' id='word_1_777' title='bbox 2482 4463 2501 4494; x_wconf 77' lang='grc' dir='ltr'><strong>ι</strong></span> <span class='ocrx_word' id='word_1_778' title='bbox 2541 4443 2826 4504; x_wconf 82' lang='lat' dir='ltr'><strong>Rabanus,</strong></span> <span class='ocrx_word' id='word_1_779' title='bbox 2864 4461 2883 4492; x_wconf 70' lang='grc' dir='ltr'><strong>ι</strong></span> <span class='ocrx_word' id='word_1_780' title='bbox 2923 4443 3257 4512; x_wconf 82' lang='lat' dir='ltr'><strong>tamenquia</strong></span> 
     </span>
    </p>
   </div>
   <div class='ocr_carea' id='block_1_99' title="bbox 1707 4511 3254 4577">
    <p class='ocr_par' dir='ltr' id='par_1_99' title="bbox 1707 4511 3254 4577">
     <span class='ocr_line' id='line_1_101' title="bbox 1707 4511 3254 4577; baseline -0.001 -10"><span class='ocrx_word' id='word_1_781' title='bbox 1707 4511 2044 4568; x_wconf 79' lang='lat' dir='ltr'><strong>iueﬂ&#39;abilem</strong></span> <span class='ocrx_word' id='word_1_782' title='bbox 2085 4515 2295 4577; x_wconf 91' lang='lat' dir='ltr'><strong>zelum,</strong></span> <span class='ocrx_word' id='word_1_783' title='bbox 2333 4521 2390 4568; x_wconf 89' lang='lat' dir='ltr'><strong>et</strong></span> <span class='ocrx_word' id='word_1_784' title='bbox 2434 4514 2829 4567; x_wconf 71' lang='lat' dir='ltr'><strong>atmulationem</strong></span> <span class='ocrx_word' id='word_1_785' title='bbox 2888 4511 2979 4565; x_wconf 91' lang='lat' dir='ltr'><strong>Dei</strong></span> <span class='ocrx_word' id='word_1_786' title='bbox 3035 4511 3254 4573; x_wconf 85' lang='lat' dir='ltr'><strong>habent,</strong></span> 
     </span>
    </p>
   </div>
   <div class='ocr_carea' id='block_1_100' title="bbox 1707 4581 3258 4648">
    <p class='ocr_par' dir='ltr' id='par_1_100' title="bbox 1707 4581 3258 4648">
     <span class='ocr_line' id='line_1_102' title="bbox 1707 4581 3258 4648; baseline -0.002 -12"><span class='ocrx_word' id='word_1_787' title='bbox 1707 4585 1820 4636; x_wconf 65' lang='lat' dir='ltr'><strong>hate</strong></span> <span class='ocrx_word' id='word_1_788' title='bbox 1868 4599 1956 4636; x_wconf 91' lang='lat' dir='ltr'><strong>me</strong></span> <span class='ocrx_word' id='word_1_789' title='bbox 1999 4584 2290 4637; x_wconf 90' lang='lat' dir='ltr'><strong>commovit</strong></span> <span class='ocrx_word' id='word_1_790' title='bbox 2337 4597 2502 4638; x_wconf 87' lang='lat' dir='ltr'><strong>causa</strong></span> <span class='ocrx_word' id='word_1_791' title='bbox 2561 4583 2883 4637; x_wconf 85' lang='lat' dir='ltr'><strong>obsecrasse</strong></span> <span class='ocrx_word' id='word_1_792' title='bbox 2945 4581 3110 4634; x_wconf 90' lang='lat' dir='ltr'><strong>Deum</strong></span> <span class='ocrx_word' id='word_1_793' title='bbox 3160 4597 3258 4648; x_wconf 91' lang='lat' dir='ltr'><strong>pro</strong></span> 
     </span>
    </p>
   </div>
   <div class='ocr_carea' id='block_1_101' title="bbox 1708 4651 3257 4722">
    <p class='ocr_par' dir='ltr' id='par_1_101' title="bbox 1708 4651 3257 4722">
     <span class='ocr_line' id='line_1_103' title="bbox 1708 4651 3257 4722; baseline -0.001 -18"><span class='ocrx_word' id='word_1_794' title='bbox 1708 4653 1856 4719; x_wconf 85' lang='lat' dir='ltr'><strong>ipsis.</strong></span> <span class='ocrx_word' id='word_1_795' title='bbox 1892 4672 1912 4705; x_wconf 83' lang='grc' dir='ltr'><strong>ι</strong></span> <span class='ocrx_word' id='word_1_796' title='bbox 1944 4653 2041 4708; x_wconf 84' lang='lat' dir='ltr'><strong>Ms.</strong></span> <span class='ocrx_word' id='word_1_797' title='bbox 2079 4670 2214 4706; x_wconf 91' lang='lat' dir='ltr'><strong>unus</strong></span> <span class='ocrx_word' id='word_1_798' title='bbox 2235 4653 2431 4722; x_wconf 89' lang='lat' dir='ltr'><strong>Regius</strong></span> <span class='ocrx_word' id='word_1_799' title='bbox 2459 4668 2624 4721; x_wconf 35' lang='lat' dir='ltr'><strong>numq</strong></span> <span class='ocrx_word' id='word_1_800' title='bbox 2646 4653 2818 4722; x_wconf 57' lang='lat'><strong>[659,</strong></span> <span class='ocrx_word' id='word_1_801' title='bbox 2851 4669 2870 4702; x_wconf 73' lang='grc' dir='ltr'><strong>ι</strong></span> <span class='ocrx_word' id='word_1_802' title='bbox 2903 4661 3078 4704; x_wconf 89' lang='lat' dir='ltr'><strong>tamen</strong></span> <span class='ocrx_word' id='word_1_803' title='bbox 3118 4651 3257 4703; x_wconf 90' lang='lat' dir='ltr'><strong>inest</strong></span> 
     </span>
    </p>
   </div>
   <div class='ocr_carea' id='block_1_102' title="bbox 1706 4720 3256 4777">
    <p class='ocr_par' dir='ltr' id='par_1_102' title="bbox 1706 4720 3256 4777">
     <span class='ocr_line' id='line_1_104' title="bbox 1706 4720 3256 4777; baseline -0.001 -1"><span class='ocrx_word' id='word_1_804' title='bbox 1706 4723 1814 4776; x_wconf 91' lang='lat' dir='ltr'><strong>illis</strong></span> <span class='ocrx_word' id='word_1_805' title='bbox 1871 4725 2020 4777; x_wconf 88' lang='lat' dir='ltr'><strong>zelus</strong></span> <span class='ocrx_word' id='word_1_806' title='bbox 2066 4732 2122 4777; x_wconf 90' lang='lat' dir='ltr'><strong>et</strong></span> <span class='ocrx_word' id='word_1_807' title='bbox 2166 4720 2434 4776; x_wconf 65' lang='lat' dir='ltr'><strong>aeumlatio</strong></span> <span class='ocrx_word' id='word_1_808' title='bbox 2489 4720 2620 4775; x_wconf 73' lang='lat' dir='ltr'><strong>Dei.</strong></span> <span class='ocrx_word' id='word_1_809' title='bbox 2649 4720 2776 4774; x_wconf 72' lang='grc' dir='ltr'><strong>Ηευο</strong></span> <span class='ocrx_word' id='word_1_810' title='bbox 2819 4736 2902 4775; x_wconf 86' lang='lat' dir='ltr'><strong>tne</strong></span> <span class='ocrx_word' id='word_1_811' title='bbox 2951 4730 3256 4774; x_wconf 84' lang='lat' dir='ltr'><strong>counnovet</strong></span> 
     </span>
    </p>
   </div>
   <div class='ocr_carea' id='block_1_103' title="bbox 1707 4791 3255 4860">
    <p class='ocr_par' dir='ltr' id='par_1_103' title="bbox 1707 4791 3255 4860">
     <span class='ocr_line' id='line_1_105' title="bbox 1707 4791 3255 4860; baseline -0.001 -16"><span class='ocrx_word' id='word_1_812' title='bbox 1707 4807 1868 4847; x_wconf 91' lang='lat' dir='ltr'><strong>causa</strong></span> <span class='ocrx_word' id='word_1_813' title='bbox 1916 4795 2200 4847; x_wconf 84' lang='lat' dir='ltr'><strong>obsecrare</strong></span> <span class='ocrx_word' id='word_1_814' title='bbox 2252 4794 2416 4846; x_wconf 88' lang='lat' dir='ltr'><strong>Deum</strong></span> <span class='ocrx_word' id='word_1_815' title='bbox 2466 4806 2564 4858; x_wconf 90' lang='lat' dir='ltr'><strong>pro</strong></span> <span class='ocrx_word' id='word_1_816' title='bbox 2617 4791 2767 4860; x_wconf 87' lang='lat' dir='ltr'><strong>ipsis.</strong></span> <span class='ocrx_word' id='word_1_817' title='bbox 2810 4809 2830 4842; x_wconf 81' lang='grc' dir='ltr'><strong>ι</strong></span> <span class='ocrx_word' id='word_1_818' title='bbox 2878 4791 3070 4845; x_wconf 71' lang='lat' dir='ltr'><strong>Caeteri</strong></span> <span class='ocrx_word' id='word_1_819' title='bbox 3124 4805 3255 4844; x_wconf 88' lang='lat' dir='ltr'><strong>vero</strong></span> 
     </span>
    </p>
   </div>
   <div class='ocr_carea' id='block_1_104' title="bbox 1705 4865 2420 4920">
    <p class='ocr_par' dir='ltr' id='par_1_104' title="bbox 1705 4865 2420 4920">
     <span class='ocr_line' id='line_1_106' title="bbox 1705 4865 2420 4920; baseline 0 -6"><span class='ocrx_word' id='word_1_820' title='bbox 1705 4877 1836 4920; x_wconf 87' lang='lat' dir='ltr'><strong>mss.</strong></span> <span class='ocrx_word' id='word_1_821' title='bbox 1873 4871 1930 4915; x_wconf 94' lang='lat' dir='ltr'><strong>ut</strong></span> <span class='ocrx_word' id='word_1_822' title='bbox 1961 4865 2012 4916; x_wconf 93' lang='lat' dir='ltr'><strong>in</strong></span> <span class='ocrx_word' id='word_1_823' title='bbox 2043 4872 2224 4917; x_wconf 91' lang='lat' dir='ltr'><strong>nostro</strong></span> <span class='ocrx_word' id='word_1_824' title='bbox 2252 4873 2420 4916; x_wconf 86' lang='lat' dir='ltr'><strong>textu.</strong></span> 
     </span>
    </p>
   </div>
   <div class='ocr_carea' id='block_1_105' title="bbox 1775 4929 3254 5002">
    <p class='ocr_par' dir='ltr' id='par_1_105' title="bbox 1775 4929 3254 5002">
     <span class='ocr_line' id='line_1_107' title="bbox 1775 4929 3254 5002; baseline -0.001 -18"><span class='ocrx_word' id='word_1_825' title='bbox 1775 4931 1887 5002; x_wconf 77' lang='lat'><strong>(69)</strong></span> <span class='ocrx_word' id='word_1_826' title='bbox 1927 4931 2018 4987; x_wconf 90' lang='lat' dir='ltr'><strong>Sic</strong></span> <span class='ocrx_word' id='word_1_827' title='bbox 2042 4947 2228 4987; x_wconf 90' lang='lat' dir='ltr'><strong>omnes</strong></span> <span class='ocrx_word' id='word_1_828' title='bbox 2273 4947 2400 4985; x_wconf 91' lang='lat' dir='ltr'><strong>mss.</strong></span> <span class='ocrx_word' id='word_1_829' title='bbox 2444 4932 2623 5002; x_wconf 79' lang='lat' dir='ltr'><strong>nostri</strong></span> <span class='ocrx_word' id='word_1_830' title='bbox 2677 4939 2731 4983; x_wconf 90' lang='lat' dir='ltr'><strong>et</strong></span> <span class='ocrx_word' id='word_1_831' title='bbox 2787 4929 3060 5002; x_wconf 69' lang='lat' dir='ltr'><strong>Rabanus.</strong></span> <span class='ocrx_word' id='word_1_832' title='bbox 3093 4929 3254 5002; x_wconf 64' lang='grc' dir='ltr'><strong>ΔΕάίιί</strong></span> 
     </span>
    </p>
   </div>
   <div class='ocr_carea' id='block_1_106' title="bbox 1707 4999 3248 5069">
    <p class='ocr_par' dir='ltr' id='par_1_106' title="bbox 1707 4999 3248 5069">
     <span class='ocr_line' id='line_1_108' title="bbox 1707 4999 3248 5069; baseline -0.003 -16"><span class='ocrx_word' id='word_1_833' title='bbox 1707 4999 1908 5063; x_wconf 73' lang='grc' dir='ltr'><strong>νθΓο,’‹</strong></span> <span class='ocrx_word' id='word_1_834' title='bbox 1933 5003 2147 5065; x_wconf 83' lang='lat' dir='ltr'><strong>habent,</strong></span> <span class='ocrx_word' id='word_1_835' title='bbox 2181 5004 2364 5056; x_wconf 89' lang='lat' dir='ltr'><strong>dicens</strong></span> <span class='ocrx_word' id='word_1_836' title='bbox 2394 5017 2409 5053; x_wconf 92' lang='lat'><strong>:</strong></span> <span class='ocrx_word' id='word_1_837' title='bbox 2441 4999 2755 5069; x_wconf 84' lang='lat' dir='ltr'><strong>Ignorantes</strong></span> <span class='ocrx_word' id='word_1_838' title='bbox 2791 5003 2933 5054; x_wconf 89' lang='lat' dir='ltr'><strong>enim</strong></span> <span class='ocrx_word' id='word_1_839' title='bbox 2970 4999 3060 5052; x_wconf 89' lang='lat' dir='ltr'><strong>Dei</strong></span> <span class='ocrx_word' id='word_1_840' title='bbox 3086 4999 3248 5065; x_wconf 78' lang='lat' dir='ltr'><strong>justi-</strong></span> 
     </span>
    </p>
   </div>
   <div class='ocr_carea' id='block_1_107' title="bbox 1707 5069 3254 5141">
    <p class='ocr_par' dir='ltr' id='par_1_107' title="bbox 1707 5069 3254 5141">
     <span class='ocr_line' id='line_1_109' title="bbox 1707 5069 3254 5141; baseline 0 -20"><span class='ocrx_word' id='word_1_841' title='bbox 1707 5072 1854 5136; x_wconf 88' lang='lat' dir='ltr'><strong>tiam,</strong></span> <span class='ocrx_word' id='word_1_842' title='bbox 1886 5082 1940 5124; x_wconf 95' lang='lat' dir='ltr'><strong>et</strong></span> <span class='ocrx_word' id='word_1_843' title='bbox 1964 5087 2114 5126; x_wconf 88' lang='lat' dir='ltr'><strong>suam</strong></span> <span class='ocrx_word' id='word_1_844' title='bbox 2144 5081 2446 5141; x_wconf 69' lang='lat' dir='ltr'><strong>quaerentes</strong></span> <span class='ocrx_word' id='word_1_845' title='bbox 2473 5082 2732 5134; x_wconf 88' lang='lat' dir='ltr'><strong>statuere,</strong></span> <span class='ocrx_word' id='word_1_846' title='bbox 2773 5069 2996 5138; x_wconf 71' lang='lat' dir='ltr'><strong>iustitiae</strong></span> <span class='ocrx_word' id='word_1_847' title='bbox 3029 5070 3118 5124; x_wconf 92' lang='lat' dir='ltr'><strong>Dei</strong></span> <span class='ocrx_word' id='word_1_848' title='bbox 3148 5085 3254 5121; x_wconf 92' lang='lat' dir='ltr'><strong>non</strong></span> 
     </span>
    </p>
   </div>
   <div class='ocr_carea' id='block_1_108' title="bbox 1704 5141 2136 5207">
    <p class='ocr_par' dir='ltr' id='par_1_108' title="bbox 1704 5141 2136 5207">
     <span class='ocr_line' id='line_1_110' title="bbox 1704 5141 2136 5207; baseline -0.002 -13"><span class='ocrx_word' id='word_1_849' title='bbox 1704 5153 1828 5194; x_wconf 87' lang='lat' dir='ltr'><strong>sunt</strong></span> <span class='ocrx_word' id='word_1_850' title='bbox 1849 5141 2092 5207; x_wconf 85' lang='lat' dir='ltr'><strong>subjecti.</strong></span> <span class='ocrx_word' id='word_1_851' title='bbox 2117 5161 2136 5193; x_wconf 74' lang='grc' dir='ltr'><strong>ι</strong></span> 
     </span>
    </p>
   </div>
   <div class='ocr_carea' id='block_1_109' title="bbox 1776 5209 3253 5282">
    <p class='ocr_par' dir='ltr' id='par_1_109' title="bbox 1776 5209 3253 5282">
     <span class='ocr_line' id='line_1_111' title="bbox 1776 5209 3253 5282; baseline -0.002 -21"><span class='ocrx_word' id='word_1_852' title='bbox 1776 5209 1887 5282; x_wconf 88' lang='grc'>(70)</span> <span class='ocrx_word' id='word_1_853' title='bbox 1938 5212 2118 5277; x_wconf 87' lang='lat' dir='ltr'><strong>Editi,</strong></span> <span class='ocrx_word' id='word_1_854' title='bbox 2177 5231 2195 5263; x_wconf 75' lang='grc' dir='ltr'><strong>ι</strong></span> <span class='ocrx_word' id='word_1_855' title='bbox 2223 5211 2500 5266; x_wconf 89' lang='lat' dir='ltr'><strong>scientiam</strong></span> <span class='ocrx_word' id='word_1_856' title='bbox 2559 5210 2674 5275; x_wconf 92' lang='lat' dir='ltr'><strong>Dei,</strong></span> <span class='ocrx_word' id='word_1_857' title='bbox 2703 5229 2722 5262; x_wconf 86' lang='grc' dir='ltr'><strong>ι</strong></span> <span class='ocrx_word' id='word_1_858' title='bbox 2774 5211 2863 5280; x_wconf 92' lang='lat' dir='ltr'><strong>qui</strong></span> <span class='ocrx_word' id='word_1_859' title='bbox 2899 5217 3080 5282; x_wconf 81' lang='lat' dir='ltr'><strong>postea</strong></span> <span class='ocrx_word' id='word_1_860' title='bbox 3110 5221 3253 5282; x_wconf 71' lang='lat' dir='ltr'><strong>cum</strong></span> 
     </span>
    </p>
   </div>
   <div class='ocr_carea' id='block_1_110' title="bbox 1699 5277 3252 5348">
    <p class='ocr_par' dir='ltr' id='par_1_110' title="bbox 1699 5277 3252 5348">
     <span class='ocr_line' id='line_1_112' title="bbox 1699 5277 3252 5348; baseline -0.003 -17"><span class='ocrx_word' id='word_1_861' title='bbox 1699 5277 1908 5335; x_wconf 63' lang='lat' dir='ltr'><strong>dntibus</strong></span> <span class='ocrx_word' id='word_1_862' title='bbox 1943 5297 2073 5335; x_wconf 89' lang='lat' dir='ltr'><strong>mss.</strong></span> <span class='ocrx_word' id='word_1_863' title='bbox 2119 5283 2338 5344; x_wconf 87' lang='lat' dir='ltr'><strong>habent,</strong></span> <span class='ocrx_word' id='word_1_864' title='bbox 2393 5300 2410 5332; x_wconf 82' lang='grc' dir='ltr'><strong>ι</strong></span> <span class='ocrx_word' id='word_1_865' title='bbox 2437 5292 2687 5348; x_wconf 86' lang='lat' dir='ltr'><strong>putantes</strong></span> <span class='ocrx_word' id='word_1_866' title='bbox 2719 5277 2893 5334; x_wconf 81' lang='lat' dir='ltr'><strong>zelum</strong></span> <span class='ocrx_word' id='word_1_867' title='bbox 2932 5277 3121 5348; x_wconf 15' lang='lat' dir='ltr'><strong>seiDei</strong></span> <span class='ocrx_word' id='word_1_868' title='bbox 3154 5279 3252 5329; x_wconf 77' lang='lat' dir='ltr'><strong>ba-</strong></span> 
     </span>
    </p>
   </div>
   <div class='ocr_carea' id='block_1_111' title="bbox 1699 5347 3254 5418">
    <p class='ocr_par' dir='ltr' id='par_1_111' title="bbox 1699 5347 3254 5418">
     <span class='ocr_line' id='line_1_113' title="bbox 1699 5347 3254 5418; baseline 0 -18"><span class='ocrx_word' id='word_1_869' title='bbox 1699 5350 1846 5404; x_wconf 90' lang='lat' dir='ltr'><strong>bere.</strong></span> <span class='ocrx_word' id='word_1_870' title='bbox 1875 5369 1894 5402; x_wconf 83' lang='grc' dir='ltr'><strong>ι</strong></span> <span class='ocrx_word' id='word_1_871' title='bbox 1953 5351 2060 5405; x_wconf 85' lang='lat' dir='ltr'><strong>Sed</strong></span> <span class='ocrx_word' id='word_1_872' title='bbox 2109 5367 2210 5408; x_wconf 90' lang='lat' dir='ltr'><strong>ms.</strong></span> <span class='ocrx_word' id='word_1_873' title='bbox 2279 5347 2476 5418; x_wconf 78' lang='lat' dir='ltr'><strong>Regius</strong></span> <span class='ocrx_word' id='word_1_874' title='bbox 2523 5365 2668 5405; x_wconf 89' lang='lat' dir='ltr'><strong>num.</strong></span> <span class='ocrx_word' id='word_1_875' title='bbox 2706 5351 2843 5405; x_wconf 79' lang='grc'><strong>1659</strong></span> <span class='ocrx_word' id='word_1_876' title='bbox 2893 5357 2946 5402; x_wconf 90' lang='lat' dir='ltr'><strong>et</strong></span> <span class='ocrx_word' id='word_1_877' title='bbox 2997 5347 3254 5400; x_wconf 84' lang='lat' dir='ltr'><strong>Rabanus</strong></span> 
     </span>
    </p>
   </div>
   <div class='ocr_carea' id='block_1_112' title="bbox 1699 5421 2478 5476">
    <p class='ocr_par' dir='ltr' id='par_1_112' title="bbox 1699 5421 2478 5476">
     <span class='ocr_line' id='line_1_114' title="bbox 1699 5421 2478 5476; baseline 0 -4"><span class='ocrx_word' id='word_1_878' title='bbox 1699 5421 1896 5474; x_wconf 89' lang='lat' dir='ltr'><strong>rectius</strong></span> <span class='ocrx_word' id='word_1_879' title='bbox 1934 5430 1990 5476; x_wconf 92' lang='lat' dir='ltr'><strong>ut</strong></span> <span class='ocrx_word' id='word_1_880' title='bbox 2018 5421 2066 5474; x_wconf 92' lang='lat' dir='ltr'><strong>in</strong></span> <span class='ocrx_word' id='word_1_881' title='bbox 2102 5431 2286 5476; x_wconf 90' lang='lat' dir='ltr'><strong>nostro</strong></span> <span class='ocrx_word' id='word_1_882' title='bbox 2313 5433 2478 5475; x_wconf 85' lang='lat' dir='ltr'><strong>textu.</strong></span> 
     </span>
    </p>
   </div>
   <div class='ocr_carea' id='block_1_113' title="bbox 1771 5485 3250 5570">
    <p class='ocr_par' dir='ltr' id='par_1_113' title="bbox 1771 5485 3250 5570">
     <span class='ocr_line' id='line_1_115' title="bbox 1771 5485 3250 5570; baseline -0.002 -28"><span class='ocrx_word' id='word_1_883' title='bbox 1771 5491 1880 5570; x_wconf 64' lang='grc'>(71)</span> <span class='ocrx_word' id='word_1_884' title='bbox 1920 5489 2096 5570; x_wconf 81' lang='lat' dir='ltr'><strong>Editi,</strong></span> <span class='ocrx_word' id='word_1_885' title='bbox 2137 5511 2154 5541; x_wconf 76' lang='grc' dir='ltr'><strong>ι</strong></span> <span class='ocrx_word' id='word_1_886' title='bbox 2179 5496 2301 5562; x_wconf 81' lang='lat' dir='ltr'><strong>quia</strong></span> <span class='ocrx_word' id='word_1_887' title='bbox 2335 5491 2737 5561; x_wconf 89' lang='lat' dir='ltr'><strong>dereliquerunt</strong></span> <span class='ocrx_word' id='word_1_888' title='bbox 2779 5498 2992 5559; x_wconf 89' lang='lat' dir='ltr'><strong>pactum</strong></span> <span class='ocrx_word' id='word_1_889' title='bbox 3041 5485 3250 5541; x_wconf 91' lang='lat' dir='ltr'><strong>Domini</strong></span> 
     </span>
    </p>
   </div>
   <div class='ocr_carea' id='block_1_114' title="bbox 1698 5558 2062 5614">
    <p class='ocr_par' dir='ltr' id='par_1_114' title="bbox 1698 5558 2062 5614">
     <span class='ocr_line' id='line_1_116' title="bbox 1698 5558 2062 5614; baseline 0 -2"><span class='ocrx_word' id='word_1_890' title='bbox 1698 5558 1791 5612; x_wconf 88' lang='lat' dir='ltr'><strong>ﬁlii</strong></span> <span class='ocrx_word' id='word_1_891' title='bbox 1828 5560 2006 5614; x_wconf 88' lang='lat' dir='ltr'><strong>Israel.</strong></span> <span class='ocrx_word' id='word_1_892' title='bbox 2043 5580 2062 5612; x_wconf 80' lang='grc' dir='ltr'><strong>ι</strong></span> 
     </span>
    </p>
   </div>
   <div class='ocr_carea' id='block_1_115' title="bbox 1770 5630 2704 5699">
    <p class='ocr_par' dir='ltr' id='par_1_115' title="bbox 1770 5630 2704 5699">
     <span class='ocr_line' id='line_1_117' title="bbox 1770 5630 2704 5699; baseline 0 -18"><span class='ocrx_word' id='word_1_893' title='bbox 1770 5630 1884 5699; x_wconf 71' lang='grc'>(72)</span> <span class='ocrx_word' id='word_1_894' title='bbox 1919 5631 2076 5694; x_wconf 80' lang='lat' dir='ltr'><strong>Editi,</strong></span> <span class='ocrx_word' id='word_1_895' title='bbox 2111 5649 2129 5681; x_wconf 78' lang='grc' dir='ltr'><strong>ι</strong></span> <span class='ocrx_word' id='word_1_896' title='bbox 2154 5633 2243 5698; x_wconf 87' lang='lat' dir='ltr'><strong>qui</strong></span> <span class='ocrx_word' id='word_1_897' title='bbox 2275 5641 2355 5684; x_wconf 90' lang='lat' dir='ltr'><strong>est</strong></span> <span class='ocrx_word' id='word_1_898' title='bbox 2385 5631 2651 5686; x_wconf 88' lang='lat' dir='ltr'><strong>Christus.</strong></span> <span class='ocrx_word' id='word_1_899' title='bbox 2685 5649 2704 5681; x_wconf 83' lang='grc' dir='ltr'><strong>ι</strong></span> 
     </span>
    </p>
   </div>
   <div class='ocr_carea' id='block_1_116' title="bbox 1767 5700 2316 5771">
    <p class='ocr_par' dir='ltr' id='par_1_116' title="bbox 1767 5700 2316 5771">
     <span class='ocr_line' id='line_1_118' title="bbox 1767 5700 2316 5771; baseline -0.002 -18"><span class='ocrx_word' id='word_1_900' title='bbox 1767 5701 1881 5771; x_wconf 86' lang='grc'>(75)</span> <span class='ocrx_word' id='word_1_901' title='bbox 1919 5700 2080 5770; x_wconf 75' lang='lat' dir='ltr'><strong>Editi,</strong></span> <span class='ocrx_word' id='word_1_902' title='bbox 2123 5703 2269 5771; x_wconf 76' lang='lat' dir='ltr'><strong>iqui.</strong></span> <span class='ocrx_word' id='word_1_903' title='bbox 2299 5721 2316 5752; x_wconf 83' lang='grc' dir='ltr'><strong>ι</strong></span> 
     </span>
    </p>
   </div>
  </div>
