3692 6138
374 247 515 301 1159

1874 255 2196 317 ORIGENIS

3505 274 3626 329 “ﬁt!

377 370 598 457 tiam".
640 388 659 422 ι
691 369 955 425 Similiter
980 371 1124 425 enim
1157 380 1334 440 potest
1363 374 1553 430 dicere
1573 375 1867 446 Apostolus
1889 391 1944 434 et
1973 387 2020 444 Α
2052 385 2204 448 tiam,
2241 383 2540 441 habeamus
2589 398 2641 440 et
2687 403 2806 442 eam
2834 403 2956 458 quae
2981 397 3065 444 est
3117 389 3421 445 secundum
3455 394 3626 447 scien-

369 460 440 516 de
491 446 639 526 aliis,
694 461 820 532 quia
858 478 879 513 ι
910 462 1280 516 testimonium
1329 466 1594 534 perhibeo
1626 469 1706 523 eis
1735 487 1754 520 ι
1799 472 1946 540 quod

334 545 351 583 ’⁷
369 555 622 613 timorem
650 553 744 609 Dei
771 553 1028 616 habeant,
1056 554 1148 609 sed
1171 570 1273 610 non
1297 559 1592 613 secundum
1611 561 1898 616 scientiam
1929 579 1946 618 :

369 657 426 702 et
452 648 521 702 de
549 647 696 710 aliis,
725 647 852 716 quia
894 645 1008 719 (τι)
1036 647 1362 702 charitatem
1404 649 1496 704 Dei
1543 652 1818 719 habeant,
1851 654 1947 708 sed

371 754 480 793 non
542 739 841 794 secundum
895 741 1204 794 scientiam.
1260 741 1317 797 Si
1364 742 1511 798 enim
1568 744 1768 799 habeat
1825 745 1948 814 quis

329 864 334 872 ι
370 829 622 885 affectum
648 845 777 900 erga
815 831 986 885 Deum
1012 872 1028 897 ,
1064 831 1278 910 ignoret
1311 843 1489 888 autem
1538 833 1664 902 quia
1707 835 1949 893 charitas

367 924 582 992 patiens
613 923 728 993 (75)
765 924 926 979 debet
953 939 1100 988 esse,
1129 925 1382 995 benigna,
1410 942 1519 982 non
1546 928 1815 993 invidens,
1839 945 1947 985 non

367 1030 659 1086 perperam
692 1031 892 1084 agens,
942 1031 1048 1070 non
1090 1017 1300 1084 inflata,
1345 1033 1454 1074 non
1499 1019 1810 1084 ambitiosa,
1842 1036 1948 1075 non

371 1121 628 1174 quaerens
675 1122 794 1176 qua:
828 1123 924 1162 sua
956 1118 1085 1162 sunt
1119 1110 1165 1146 ν’
1194 1126 1208 1161 :
1234 1119 1288 1166 et
1316 1109 1432 1165 haec
1460 1118 1514 1164 et
1543 1112 1626 1166 his
1671 1112 1868 1165 similia
1902 1113 1948 1167 si

372 1197 426 1250 in
460 1198 732 1252 charitate
755 1214 858 1252 non
905 1199 1099 1252 habeat
1121 1239 1138 1263 ,
1166 1202 1258 1255 sed
1300 1202 1354 1255 in
1388 1203 1505 1256 solo
1536 1201 1728 1257 affectu
1760 1204 1952 1274 diligat

371 1289 566 1356 Deum,
617 1299 987 1359 competenter
1015 1299 1065 1346 et
1101 1291 1168 1345 ad
1211 1291 1386 1362 ipsum
1422 1293 1634 1347 dicetur
1663 1293 1790 1362 quia
1823 1293 1952 1348 cha-

379 1381 600 1435 ritatem
634 1379 726 1434 Dei
763 1381 950 1444 habet,
1011 1381 1104 1436 sed
1151 1396 1256 1436 non
1303 1385 1598 1436 secundum
1638 1385 1947 1439 scientiam.

372 1470 639 1525 Similiter
667 1479 845 1525 autem
878 1471 984 1526 dici
1024 1481 1201 1541 potest
1229 1481 1283 1526 et
1327 1475 1392 1526 de
1441 1473 1583 1538 alio,
1623 1476 1747 1544 quia
1789 1476 1948 1530 ﬁdem

369 1563 466 1616 Dei
500 1563 686 1627 habet,
711 1562 806 1617 sed
836 1577 942 1616 non
983 1563 1285 1617 secundum
1327 1564 1634 1630 scientiam,
1663 1567 1706 1620 si
1742 1567 1952 1639 ignoret

368 1655 494 1722 quia
527 1654 686 1711 «ﬁdes
715 1655 1123 1724 sine.operibus
1169 1667 1387 1710 mortua
1424 1667 1509 1712 est
1558 1658 1640 1714 "z
1672 1678 1691 1711 ι
1737 1670 1790 1714 ει
1823 1661 1949 1730 quia

2060 477 2210 532 tiam.
2272 477 2462 550 Itaque
2517 483 2630 553 (81)
2687 481 2893 538 Iudaeis
2948 485 3327 546 testimonium
3385 489 3628 556 perhibet

2056 569 2278 629 Paulus,
2309 573 2452 640 quod
2480 573 2884 628 aemulationem
2931 575 3022 630 Dei
3057 577 3316 641 habeant,
3350 577 3480 633 licet
3524 596 3621 634 non

2049 657 2348 712 secundum
2407 659 2710 715 scientiam.
2763 659 2968 716 Tamen
3020 662 3145 732 quia
3195 673 3480 733 utcunque
3533 665 3621 718 ba-

2047 744 2180 803 bent
2213 750 2611 807 aemulationem
2649 750 2766 818 Dei,
2805 768 3023 809 causam
3064 756 3334 811 dederunt
3367 758 3624 826 Apostolo

2055 853 2160 906 qua
2199 841 2633 894 obsecrationem
2679 856 2776 909 pro
2815 842 2920 896 illis
2971 841 3190 898 offerret
3242 843 3377 900 Deo.
3447 843 3631 900 Melius

2055 930 2198 984 enim
2229 943 2312 985 est
2348 932 2548 987 habere
2597 933 2775 988 zelum
2834 935 2951 997 Dei,
3004 935 3130 989 licet
3171 950 3275 989 non
3331 936 3628 990 secundum

2057 1000 2362 1088 scien‘tiam,
2411 1037 2576 1091 quam
2617 1026 2838 1095 penitus
2871 1041 2977 1081 non
3011 1025 3236 1081 habere.
3299 1026 3449 1093 «Qui
3491 1029 3628 1082 enim

2057 1113 2240 1175 habet,
2271 1132 2290 1165 ι
2323 1114 2464 1168 sicut
2494 1115 2756 1185 scriptum
2785 1129 2889 1181 est,
2937 1136 2956 1168 ι
2981 1117 3203 1172 dabitur
3235 1119 3283 1173 ei
3312 1119 3359 1150 "
3389 1138 3412 1171 ι
3467 1119 3549 1172 vel
3580 1120 3629 1172 in

2057 1205 2366 1260 novissimis
2409 1221 2532 1261 cum
2566 1209 2746 1287 omnis
2777 1209 2943 1264 Israel
2992 1210 3174 1265 salvus
3227 1212 3319 1265 ﬁet
3360 1213 3408 1243 ”
3447 1229 3464 1264 :
3499 1213 3626 1280 «qni

2057 1303 2240 1349 autem
2267 1311 2374 1351 non
2405 1297 2591 1367 habet,
2637 1299 2802 1354 etiam
2837 1300 2982 1370 quod
3029 1301 3188 1355 habet
3231 1298 3524 1356 auferetur
3565 1303 3628 1355 ab

2056 1404 2120 1445 eo
2144 1389 2212 1444 “.
2241 1409 2260 1442 ι

2124 1483 2176 1538 2.
2215 1501 2234 1534 ι
2262 1481 2409 1537 Finis
2434 1483 2578 1536 enim
2623 1481 2758 1552 legis
2782 1483 3053 1546 Christus,
3085 1482 3152 1535 ad
3181 1480 3455 1549 justitiam
3484 1482 3625 1534 onini

2057 1575 2317 1629 credenti.
2350 1572 2564 1644 Moyses
2591 1573 2737 1628 enim
2767 1573 2992 1638 scribit,
3033 1574 3159 1643 quia
3197 1573 3477 1642 justitiam
3517 1587 3632 1641 qua:

2056 1681 2120 1718 ex
2153 1664 2267 1736 lege
2296 1674 2382 1718 est
2428 1665 2519 1734 qui
2568 1663 2763 1718 fecerit
2813 1664 2996 1732 homo,
3049 1663 3192 1719 vivet
3240 1663 3294 1716 in
3349 1679 3444 1718 ea.
3507 1663 3631 1730 Qu

371 1745 504 1799 ﬁdes
531 1745 623 1798 Dei
654 1761 758 1800 non
801 1745 854 1799 in
891 1746 1023 1800 solis
1037 1747 1234 1802 verbis
1272 1757 1386 1814 est,
1419 1764 1542 1818 quae
1571 1750 1846 1806 interdum
1883 1755 1950 1809 ab
1983 1746 2023 1801 Β
2055 1769 2232 1812 autem
2264 1772 2332 1812 ex
2357 1757 2460 1811 ﬁde
2489 1765 2576 1812 est
2611 1755 2817 1825 justitia
2841 1796 2857 1820 ,
2907 1757 2987 1811 sic
3010 1756 3141 1811 dicit
3172 1773 3187 1810 :
3217 1755 3296 1810 Ne
3333 1755 3552 1810 dixeris
3581 1758 3630 1809 in

368 1837 478 1890 alio
509 1838 808 1905 composita
848 1837 933 1893 vel
959 1839 1159 1908 scripta
1189 1840 1496 1906 discuntur,
1543 1842 1636 1896 sed
1668 1843 1720 1896 in
1754 1842 1950 1900 affectu

369 1930 572 1984 mentis
618 1929 710 1983 tali
749 1931 1157 1998 quodammodo
1191 1930 1328 2002 (76),
1385 1931 1602 2002 qualem
1632 1933 1822 1988 habuit
1858 1935 1949 1990 illa

369 2033 491 2088 quae
537 2020 676 2074 dixit
725 2021 869 2074 intra
924 2035 982 2076 se
1017 2039 1032 2076 :
1063 2038 1082 2072 ι
1113 2020 1171 2075 Si
1209 2022 1442 2092 tetigero
1483 2023 1756 2080 ﬁmbriam
1783 2029 1949 2082 vesti-

371 2111 536 2164 menti
587 2111 727 2179 ejus,
762 2113 911 2166 salva
973 2127 1070 2168 ero
1128 2115 1242 2166 ⁸ο.»
1303 2114 1357 2168 Si
1409 2117 1531 2186 quis
1577 2131 1706 2186 ergo
1737 2133 1842 2173 non
1877 2121 1950 2174 ita

371 2200 570 2254 habeat
621 2202 782 2256 ﬁdem
835 2211 892 2256 ut
945 2217 1012 2256 ex
1065 2203 1279 2257 actibus
1311 2205 1424 2259 suis
1462 2206 1747 2262 bonisrui
1779 2209 1952 2262 credit

370 2293 650 2355 ostendat,
699 2303 878 2362 potest
915 2305 970 2348 et
1010 2295 1077 2349 ad
1115 2297 1291 2366 ipsum
1341 2298 1446 2353 dici
1501 2302 1628 2368 quia
1666 2298 1826 2358 ﬁdem
1855 2301 1947 2356 Dei

372 2385 556 2449 habet,
593 2383 684 2438 sed
725 2401 830 2440 non
888 2388 1187 2441 secundum
1217 2389 1526 2445 scientiam.
1570 2391 1758 2448 Potest
1797 2404 1854 2449 et
1882 2395 1952 2451 de

369 2474 480 2529 alio
513 2475 619 2528 dici
652 2476 778 2544 quia
819 2477 1134 2532 castitatem
1175 2481 1266 2535 Dei
1308 2481 1473 2537 habet
1513 2482 1648 2553 (77),
1701 2486 1797 2539 sed
1843 2501 1948 2541 non

368 2567 667 2622 secundum
739 2569 1049 2625 scientiam.
1121 2573 1188 2626 Et
1231 2573 1370 2628 alius
1415 2590 1603 2628 curam
1651 2590 1948 2647 pauperum

369 2658 550 2720 habet,
582 2659 674 2712 sed
699 2673 803 2713 non
825 2661 1122 2715 secundum
1154 2663 1441 2718 scientiam
1471 2665 1584 2735 (78)
1618 2684 1632 2720 :
1676 2667 1875 2737 quippe
1902 2669 1946 2722 si

371 2749 439 2801 ab
508 2750 822 2806 hominibus
876 2751 1087 2807 laudari
1147 2754 1281 2808 vult.
1343 2754 1410 2808 Et
1469 2757 1609 2810 alius
1665 2758 1949 2816 abstinens

371 2849 548 2908 potest
577 2841 708 2905 dici,
741 2843 834 2897 sed
865 2858 970 2897 non
993 2845 1292 2898 secundum
1313 2847 1621 2912 scientiam,
1640 2851 1682 2902 si
1709 2861 1950 2918 propter-

365 2948 428 2987 ea
468 2931 678 3000 jejunat
705 2943 761 2987 ut
791 2935 1101 2990 hominibus
1133 2937 1396 3006 pareat“.
1422 2938 1486 2993 Et
1506 2939 1584 2998 sic
1606 2957 1703 3012 per
1737 2941 1945 3011 singula

368 3042 599 3098 qumque
623 3044 743 3097 quae
780 3030 1050 3098 gerimus,
1089 3030 1189 3083 nisi
1233 3032 1529 3086 secundum
1577 3033 1858 3087 scientiam
1893 3045 1947 3085 et

371 3119 704 3172 intellectum
737 3135 989 3188 geramus
1025 3118 1160 3190 (79),
1199 3129 1378 3190 potest
1421 3123 1487 3175 ad
1533 3137 1634 3176 nos
1661 3123 1791 3189 dici,
1816 3122 1939 3192 quia
1972 3099 2014 3157 C

367 3211 632 3265 habemus
670 3211 848 3265 zelum
892 3213 1075 3280 operis
1126 3211 1276 3276 boni,
1334 3215 1427 3268 sed
1477 3229 1583 3266 non
1645 3213 1940 3269 secundum

367 3306 676 3361 scientiam.
703 3305 770 3360 Et
801 3306 921 3360 ideo
944 3307 1118 3360 danda
1157 3305 1429 3374 praecipue
1451 3314 1535 3359 est
1558 3319 1722 3374 opera
1761 3304 1940 3359 scien-

369 3422 476 3484 tiae,
506 3437 572 3475 ne
599 3436 684 3476 res
711 3421 868 3475 nobis
895 3419 1182 3473 infeliciter
1203 3417 1429 3482 accidat,
1467 3429 1523 3472 ut
1555 3417 1608 3470 in
1637 3417 1742 3471 ﬁde
1781 3419 1939 3486 positi

368 3513 702 3567 frnstremnr
749 3527 778 3565 a
827 3512 952 3578 ﬁde,
1007 3521 1063 3566 et
1118 3511 1292 3564 zelum
1354 3511 1615 3564 habentes
1673 3512 1938 3569 bonorum

365 3607 676 3660 decidamus
716 3620 745 3658 a
791 3607 962 3658 bonis.
1002 3604 1093 3658 Vis
1138 3614 1320 3658 autem
1375 3605 1519 3658 scire
1578 3605 1706 3674 quia
1764 3613 1943 3674 potest

365 3697 511 3766 quis,
556 3699 600 3751 si
659 3697 941 3752 scientiam
974 3713 1080 3751 non
1121 3698 1316 3750 habeat
1357 3695 1492 3765 (80),
1531 3711 1859 3750 evanescere
1885 3699 1938 3749 in

367 3788 516 3842 ﬁde?
566 3789 704 3842 Audi
744 3788 917 3858 ipsum
971 3786 1194 3840 Paulum
1254 3787 1576 3853 quibusdam
1629 3787 1936 3841 dicentem:

373 3897 393 3932 ι
413 3879 526 3938 Nisi
557 3881 674 3934 sine
707 3895 868 3932 causa
897 3881 1208 3935 credidistis
1230 3881 1296 3933 ".
1334 3899 1352 3932 ι
1409 3879 1624 3934 Accidit
1663 3894 1793 3948 ergo
1823 3880 1940 3933 sine

367 3987 532 4028 causa
567 3972 886 4032 credidisse.
910 3972 995 4025 his
1017 3972 1108 4041 qui
1139 3973 1383 4026 scientiae
1399 3987 1616 4041 operam
1651 3987 1754 4025 non
1787 3975 1936 4035 dant,

371 4068 428 4112 ut
457 4059 508 4112 in
545 4074 609 4114 eo
633 4075 740 4129 quo
767 4059 1298 4114 credideruntetiam
1324 4061 1660 4114 intellectum
1691 4061 1938 4116 veritatis

365 4151 660 4218 accipiant.
690 4151 932 4218 Denique
977 4161 1034 4204 et
1074 4151 1303 4221 apostoli
1345 4152 1486 4206 hanc
1535 4167 1658 4207 esse
1684 4154 1939 4209 differen-

366 4243 496 4296 tiam
539 4242 662 4297 fidei
719 4243 1043 4312 simpliciter
1105 4243 1340 4307 traditae,
1397 4253 1453 4298 et
1502 4243 1622 4299 ﬁdei
1682 4261 1803 4315 qua:
1853 4256 1937 4301 est

365 4334 660 4389 secundum
691 4334 976 4389 scientiam
1008 4334 1369 4404 pervidentes,
1418 4336 1676 4390 dicebant
1715 4337 1782 4389 ad
1810 4335 1936 4390 Sal-

2051 1851 2215 1904 corde
2277 1860 2414 1906 tuo:
2455 1849 2589 1916 Quis
2657 1849 2900 1903 ascendit
2957 1848 3010 1903 in
3062 1848 3302 1904 caelum?
3353 1847 3468 1903 hoc
3530 1857 3631 1913 est,

2052 1944 2327 1999 Christum
2359 1943 2628 1998 deducere
2663 1944 2810 1996 :Aut
2865 1939 2989 2012 quis
3037 1942 3319 1997 descendit
3367 1941 3428 1996 in
3477 1941 3632 2012 abys-

2051 2037 2207 2091 sum?
2234 2036 2336 2091 hoc
2373 2043 2476 2100 est,
2500 2033 2778 2090 Christum
2813 2033 2975 2105 622
3008 2047 3038 2088 a
3080 2034 3312 2088 mortuis
3339 2033 3627 2088 reducere.

2052 2129 2159 2183 Sed
2181 2129 2309 2198 quid
2336 2129 2467 2183 dicit
2495 2125 2812 2196 Scriptura?
2839 2128 3014 2196 Prope
3058 2136 3144 2180 est
3182 2126 3423 2180 verbum
3460 2125 3514 2179 in
3540 2139 3632 2178 ore

2032 2227 2163 2282 .tuo,
2189 2227 2243 2272 et
2273 2218 2326 2272 in
2359 2219 2522 2272 corde
2553 2227 2643 2271 tuo
2671 2234 2685 2270 :
2717 2218 2823 2270 hoc
2874 2227 2961 2270 est
3013 2217 3237 2270 verbum
3269 2215 3422 2277 ﬁdei,
3476 2217 3620 2284 quo-.l

2050 2313 2430 2384 praedicamus.
2480 2312 2620 2378 Quia
2655 2313 2700 2367 si
2753 2310 3068 2366 conﬁtearis
3103 2309 3153 2363 in
3183 2324 3279 2364 ore
3303 2318 3402 2364 tuo
3445 2308 3632 2362 Domi-

2052 2420 2179 2460 num
2210 2401 2395 2460 Iesum
2417 2445 2433 2471 ,
2465 2413 2520 2459 et
2550 2402 2854 2458 credideris
2897 2403 2948 2455 in
2979 2403 3144 2456 corde
3169 2411 3260 2455 tuo
3294 2401 3448 2470 quod
3495 2401 3633 2454 Deus

2051 2496 2200 2551 illum
2227 2497 2504 2551 suscitavit
2537 2511 2568 2549 a
2600 2495 2850 2556 mortuis,
2881 2494 3064 2548 salvus
3107 2491 3236 2546 eris.
3265 2491 3456 2546 Corde
3486 2490 3632 2544 enim

2051 2589 2294 2644 creditur
2345 2587 2410 2641 ad
2441 2587 2731 2656 justitiam,
2794 2601 2891 2641 ore
2940 2596 3121 2640 autem
3155 2583 3433 2639 confessio
3488 2583 3555 2636 ﬁt
3585 2583 3630 2637 is

2048 2681 2298 2735 salutem.
2326 2679 2465 2734 Dicit
2485 2679 2630 2732 enim
2663 2675 2972 2748 Scriptura,
2998 2677 3124 2748 quia
3150 2676 3330 2730 omnis
3367 2675 3477 2746 qui
3522 2689 3631 2729 cre-

2049 2776 2128 2828 dit
2153 2774 2204 2828 in
2237 2789 2382 2839 eum,
2409 2788 2513 2828 non
2553 2773 2838 2827 erubescet
2865 2769 2976 2842 (82)
3008 2769 3075 2825 ".
3101 2789 3121 2822 ι
3148 2769 3299 2825 Finis
3322 2768 3483 2822 enim
3509 2767 3628 2835 legis

2048 2867 2476 2923 Christus:hoc
2537 2876 2644 2931 est,
2713 2863 2979 2936 perfectio
3045 2862 3219 2932 legis,
3303 2871 3358 2916 et
3415 2861 3626 2929 justitia

2048 2959 2298 3015 Christus
2331 2968 2440 3024 est,
2473 2959 2568 3013 sed
2605 2957 2973 3012 credentibus.
3010 2955 3124 3010 Non
3158 2954 3456 3009 credentes
3485 2969 3623 3016 vero,

2047 3052 2172 3120 quia
2207 3067 2313 3104 non
2347 3050 2549 3104 habent
2589 3049 2867 3103 Christum
2919 3045 3053 3118 (85),
3097 3044 3500 3116 perfectionem
3531 3059 3622 3098 non

2048 3143 2247 3197 habent
2275 3141 2448 3210 legis;
2481 3153 2536 3194 et
2571 3141 2778 3195 idcirco
2825 3153 2924 3193 nec
2967 3139 3034 3191 ad
3066 3137 3332 3208 justitiam
3366 3149 3625 3206 pateram

2044 3234 2346 3303 pervenire.
2375 3231 2619 3303 «Moyses
2646 3233 2789 3286 enim
2817 3231 3028 3294 scribit,
3057 3229 3183 3300 quia
3201 3228 3486 3296 justitiam
3515 3243 3624 3297 qua

2040 3341 2104 3379 ex
2142 3325 2260 3396 lege
2287 3333 2371 3380 est
2415 3325 2506 3392 qui
2555 3322 2748 3377 fecerit
2796 3321 2996 3385 homo,
3059 3320 3201 3374 viv‘et
3244 3319 3299 3372 in
3350 3333 3449 3372 ea.
3505 3319 3626 3385 Quae

2041 3429 2220 3471 autem
2260 3431 2327 3471 ex
2357 3415 2461 3471 ﬁde
2493 3425 2577 3470 est
2609 3413 2841 3482 justitia,
2894 3413 2975 3469 sic
3013 3413 3159 3468 dicit.
3209 3431 3228 3463 ι
3281 3409 3411 3466 lam
3471 3420 3531 3466 et
3575 3411 3626 3465 in

2041 3508 2410 3578 superioribus
2447 3507 2738 3576 Apostolus
2770 3510 3002 3562 duarum
3049 3506 3386 3576 justitiarum
3425 3505 3627 3560 fecerat

2042 3601 2390 3664 mentionem,
2439 3599 2529 3654 ubi
2554 3601 2728 3664 dicit,
2760 3601 2890 3670 quia
2919 3601 3177 3669 ignorans
3201 3599 3295 3652 Dei
3321 3598 3623 3667 justitiam,

2040 3709 2189 3745 suam
2236 3692 2505 3760 justitiam
2559 3703 2800 3746 statuere
2851 3694 3127 3761 quaerebat
3179 3691 3344 3745 Israel
3374 3705 3394 3744 :
3426 3703 3488 3746 et
3544 3693 3626 3746 hic

2043 3799 2184 3838 nunc
2211 3785 2347 3837 duas
2384 3784 2579 3839 iterum
2603 3784 2847 3854 justitias
2879 3783 3036 3848 dicit,
3066 3798 3227 3835 unam
3250 3797 3378 3851 qua:
3403 3799 3478 3837 ex
3511 3783 3622 3852 lege

2040 3888 2162 3941 est,
2211 3887 2264 3930 et
2291 3877 2450 3931 aliam
2479 3891 2601 3947 quae
2631 3891 2698 3930 ex
2743 3875 2849 3930 ﬁde
2889 3883 2994 3929 est.
3052 3873 3156 3928 Sed
3205 3873 3338 3928 mihi
3406 3877 3624 3930 videtur

2039 3969 2181 4039 quod
2211 3969 2328 4033 illa,
2363 3984 2521 4038 quam
2576 3967 2826 4039 superius
2855 3967 2995 4021 dixit
3038 3967 3281 4036 ignorari
3335 3967 3410 4022 ab
3464 3967 3621 4022 Israel

2041 4061 2133 4117 Dei
2158 4061 2448 4129 justitiam,
2481 4061 2594 4130 ipsa
2632 4058 2931 4128 sitjustitia
2972 4059 3084 4112 haec
3111 4074 3232 4126 quae
3266 4072 3333 4114 ex
3369 4059 3483 4113 fide
3507 4069 3619 4123 est;

2042 4155 2130 4209 illa
2155 4170 2284 4209 vero
2313 4155 2380 4209 de
2403 4169 2508 4224 qua
2543 4153 2674 4209 dicit
2699 4172 2712 4208 :
2745 4171 2763 4206 ι
2795 4146 2977 4208 διιιιιιι
3005 4152 3278 4221 justitiam
3307 4164 3619 4222 quaerentes

2038 4245 2414 4318 statuere(84),
2435 4265 2454 4298 ι
2476 4245 2591 4314 ipsa
2617 4245 2686 4300 sit
2708 4246 2773 4300 de
2798 4260 2902 4314 qua
2916 4253 2968 4298 et
2990 4244 3076 4298 hic
3093 4242 3262 4313 Moysi
3287 4243 3617 4298 verbisinsi-

2039 4348 2192 4400 nuat,
2219 4339 2345 4408 quia
2386 4354 2406 4388 ι
2436 4337 2704 4406 justitiam
2753 4351 2874 4407 quae
2918 4352 2985 4390 ex
3023 4336 3137 4406 lege
3165 4346 3248 4390 est
3275 4337 3371 4405 qui
3409 4335 3611 4399 fecerit,

363 4435 609 4479 vatorem
645 4443 660 4480 :
701 4443 720 4478 ι
742 4427 892 4496 Auge
922 4426 1078 4481 nobis
1109 4425 1269 4482 ﬁdem
1301 4427 1415 4492 ’³,ι
1459 4427 1562 4481 hoc
1601 4436 1703 4492 est,
1741 4437 1800 4482 ut
1841 4429 1936 4483 ha-
1969 4446 2011 4501 ι)
2041 4432 2227 4494 homo,
2253 4430 2405 4484 vivet
2433 4431 2487 4484 in
2520 4443 2639 4484 ea.»
2696 4426 2802 4484 Sed
2832 4428 2955 4480 vide
2979 4426 3328 4494 justitiarum
3361 4424 3613 4481 differen-

363 4517 551 4572 bentes
585 4532 701 4572 eam
742 4517 901 4572 ﬁdem
934 4533 1055 4587 quas
1091 4533 1198 4572 non
1253 4526 1337 4574 est
1391 4518 1688 4572 secundum
1740 4518 1921 4573 scien-

428 4683 472 4713 ⁸⁷
500 4682 653 4736 Rom.
676 4699 729 4747 x,
777 4684 832 4738 2.

362 4753 408 4785 ”
438 4753 565 4808 Luc.
599 4769 733 4820 χιιι,
758 4755 811 4810 5.

431 4888 544 4956 (74)
577 4889 736 4952 Editi,
773 4909 792 4941 ι
814 4893 929 4960 qui.
955 4911 975 4943 ι

434 4959 544 5029 ('75)
570 4960 744 5033 Editi,
793 4981 810 5012 ι
837 4959 1048 5028 ignorat
1075 4973 1254 5016 autem
1284 4963 1407 5030 quia
1437 4961 1676 5017 charitas
1710 4963 1922 5033 patiens

361 5040 463 5091 est,
499 5032 655 5100 debet
687 5047 806 5100 esse
839 5033 1086 5100 benigna.
1128 5051 1146 5082 ι

430 5099 544 5170 (76)
574 5098 664 5153 Sic
690 5099 789 5154 ms.
827 5098 1024 5169 Regius
1054 5118 1200 5156 num.
1231 5103 1389 5158 I659.
1434 5104 1508 5156 Ita
1537 5103 1700 5156 etiam
1735 5104 1918 5159 caeteri

363 5186 493 5224 mss.
534 5171 724 5233 nostri,
761 5172 863 5225 nisi
889 5172 1060 5243 “quod
1117 5173 1347 5229 habeant
1411 5192 1427 5224 ι
1456 5173 1709 5243 quodam,
1742 5192 1760 5224 ι
1823 5191 1920 5243 pro

367 5259 386 5291 α
412 5243 860 5306 ιμιοιΙιιιιιιιιοιΙο.»
888 5241 1029 5296 Editi
1059 5257 1209 5304 vero,
1241 5262 1260 5294 ι
1279 5244 1371 5295 sed
1402 5244 1454 5296 in
1487 5242 1678 5296 affectu
1705 5241 1921 5298 mentis.

361 5310 543 5366 Talem
571 5312 839 5381 quondam
864 5312 1045 5365 habuit
1071 5312 1154 5382 illa
1186 5328 1304 5381 qua:
1341 5313 1475 5366 dixit
1507 5329 1520 5363 :
1553 5313 1606 5365 Si
1637 5315 1918 5382 tetigero,»

359 5393 461 5434 etr.
499 5383 770 5442 Habanus.
809 5385 930 5436 «sed
962 5382 1014 5435 in
1034 5381 1228 5437 aﬂectu
1253 5385 1446 5436 mentis
1463 5392 1588 5437 sunt
1610 5381 1922 5453 aliquando,

361 5453 572 5520 qualem
608 5453 816 5515 habuit,
845 5471 862 5502 ι
897 5463 1002 5505 etc.

435 5522 545 5589 (77)
581 5520 718 5574 Editi
741 5564 756 5588 ,
800 5541 817 5572 ι
844 5523 1162 5576 rharitatem
1195 5523 1284 5576 Dei
1314 5521 1499 5586 habet,
1528 5541 1546 5575 ι
1600 5522 1766 5577 male.
1812 5524 1917 5578 Ms.

360 5589 560 5658 Regius
583 5608 730 5661 num.
764 5593 924 5656 “539,
970 5612 988 5642 ι
1011 5594 1315 5647 castitatem
1357 5594 1573 5661 quidem
1608 5594 1789 5647 habet.
1824 5613 1842 5645 ι

433 5661 555 5732 (78)
593 5660 662 5713 Et
711 5662 846 5715 alius
890 5679 1073 5732 curant
1118 5660 1402 5732 pauperum
1447 5663 1628 5725 habet,
1675 5666 1764 5715 sed
1818 5679 1917 5716 non

363 5730 648 5783 secundum
685 5733 979 5791 scientiam.
1019 5730 1144 5791 Hzec
1173 5730 1548 5792 desiderantur
1579 5733 1634 5788 in
1664 5733 1916 5790 editioni-

2035 4521 2187 4589 tiam,
2212 4521 2418 4591 pariter
2447 4528 2504 4575 et
2549 4519 2811 4576 vitarum.
2864 4518 2958 4572 Illa
2995 4518 3138 4573 enim
3170 4515 3393 4586 justitia
3426 4517 3540 4583 Dei,
3565 4515 3612 4570 id

908 4685 954 4716 ⁸⁸
977 4684 993 4738 Ι
1015 4682 1139 4738 Cor.
1164 4701 1282 4746 vin,
1307 4683 1362 4746 4,
1396 4683 1450 4738 5.
1526 4685 1570 4716 θ’
1605 4683 1791 4740 Jacob.
1822 4701 1883 4751 ιι,

2078 4689 2119 4720 ⁵ο
2145 4685 2333 4740 Matth.
2356 4699 2433 4749 lx,
2460 4681 2598 4738 2i."
2637 4680 2825 4735 Matth.
2861 4695 2942 4744 vt,
2981 4677 3066 4735 16.
3141 4679 3190 4712 ⁸⁹
3217 4678 3235 4732 1
3264 4677 3400 4735 Cor.
3432 4693 3520 4749 xv,
3551 4677 3603 4734 2.

923 4755 970 4788 ’⁸
1009 4754 1198 4810 Matth.
1225 4769 1344 4820 xnt,
1377 4754 1465 4808 12.
1540 4754 1589 4787 ⁸⁸
1619 4754 1775 4811 Rom.
1811 4772 1886 4825 XI,

2082 4760 2129 4793 ⁸⁸
2155 4755 2341 4811 Matth.
2367 4771 2485 4818 xm,
2516 4753 2601 4808 12.
2677 4753 2722 4792 ’⁷
2756 4751 2912 4806 Rom.
2940 4767 2996 4814 x,
3018 4752 3051 4804 4
3080 4763 3237 4821 seqq.

1948 4903 1992 4962 C
2026 4901 2126 4955 bus
2157 4896 2362 4953 Merlini
2394 4905 2448 4949 et
2478 4893 2836 4949 Genebrardi.

2099 4969 2210 5039 (79)
2260 4966 2420 5030 Editi,
2459 4982 2479 5016 ι
2508 4963 2608 5018 nisi
2641 4963 2925 5018 scientiam
2968 4971 3024 5018 et
3072 4962 3413 5018 intellecmm
3453 4977 3603 5034 gera-

2239 5106 2405 5180 Editi,
2431 5123 2450 5157 ι
2469 5103 2557 5172 qui
2589 5104 2875 5180 scientiam
2905 5118 3011 5159 non
3039 5106 3227 5180 habet.
3261 5123 3282 5157 ι

2101 5173 2212 5249 (81)
2258 5177 2353 5230 Ms.
2411 5190 2548 5228 unus
2584 5173 2797 5249 ‘Regins
2836 5190 2982 5249 num.
3032 5175 3196 5249 1639,
3253 5195 3273 5226 ι
3308 5175 3591 5249 interim.»

2031 5244 2288 5303 “altanus
2333 5259 2495 5311 vero,
2539 5244 2788 5313 (itaque.
2819 5264 2838 5297 ι
2884 5245 3013 5299 Mss.
3057 5247 3165 5302 duo
3205 5255 3261 5300 et
3304 5249 3461 5308 editi,
3501 5247 3592 5300 sin

2033 5330 2407 5457 la?§;)ni’;ope_
2434 5383 2770 5457 estuverbum,
2799 5390 3118 5457 etenusque
3153 5379 3252 5444 ad,
3284 5395 3386 5434 non
3415 5381 3588 5432 erube-

2021 5451 2142 5519 scet,
2174 5451 2372 5510 desunt
2397 5455 2450 5508 in
2482 5453 2631 5509 libris
2661 5462 2820 5507 antea
2846 5451 3022 5507 editis.

2096 5529 2210 5598 (δᾷ)
2251 5527 2414 5586 Editi,
2453 5544 2470 5577 ι
2501 5527 2589 5598 qui
2617 5540 2730 5598 _u_u_n
2770 5527 2964 5579 habent
2992 5525 3290 5581 Christum.
3328 5546 3344 5577 ι
3393 5526 3592 5580 Deinde

1970 5597 1973 5600 ’
2025 5595 2125 5654 ms.
2159 5596 2356 5668 ltegius
2380 5611 2526 5650 num.
2573 5595 2732 5668 1659,
2769 5612 2787 5644 ι
2821 5605 3112 5664 potuerunt
3134 5599 3435 5668 pervenire.
3461 5615 3481 5649 ι

2093 5668 2206 5741 (84)
2237 5667 2403 5734 Editi,
2461 5683 2479 5718 ι
2509 5665 2749 5724 volentes
2774 5675 3032 5722 statuere.
3062 5684 3082 5718 ι
