3692 6138
69 332 194 384 1161

1001 333 1358 390 ΟΟΜΜΕΝΤ.
1402 332 1467 386 IN
1510 333 1730 388 EPIST.
1773 335 1864 389 AD
1905 334 2068 394 ROM.
2111 337 2242 390 LIB.
2285 338 2422 394 VIII.

3207 345 3345 398 “62

63 461 166 518 est,
229 451 488 507 Christus
559 471 578 504 ι
616 453 707 522 qni
771 451 944 508 factus
993 463 1074 507 est
1135 455 1290 508 nobis
1337 455 1549 524 justitia
1611 473 1638 506 a
1671 469 1718 524 Α
1745 453 2040 508 exaltatum
2082 473 2111 509 a
2145 467 2217 523 te,
2245 471 2420 524 neque
2457 455 2614 525 longe
2639 471 2667 507 a
2708 467 2759 509 te
2786 457 2806 486 ⁸
2833 455 2970 528 (88),
2997 477 3015 510 ι
3059 470 3115 513 ει
3142 474 3338 518 caetera

65 546 170 598 Deo
196 545 264 608 θ’,
300 563 320 596 ι
369 556 428 598 ει
457 560 558 611 pax
586 585 600 609 ,
634 545 758 598 vide
793 545 1064 614 quomodo
1122 547 1297 600 (liciti
1329 565 1348 596 ι
1379 546 1505 600 Haec
1567 557 1655 602 cst

63 648 238 692 autem
279 641 392 690 vita
427 650 630 692 :eterna
658 679 671 699 ,
727 648 786 690 ut
815 651 1148 708 cognoscant
1175 650 1228 694 te
1256 640 1433 694 solum
1463 655 1649 694 verum

67 733 253 796 Deum,
289 741 345 784 et
379 746 541 800 quem
589 731 782 786 misisti
825 732 1010 787 Jesum
1045 732 1320 785 Christum
1353 735 1423 786 θ’.
1451 752 1470 784 ι
1528 733 1652 788 "asc

63 820 423 890 ergojuslitia
462 840 564 878 non
616 833 826 877 tantum
877 824 1043 876 vitam
1081 823 1310 890 prmbet,
1352 825 1447 878 sed
1492 835 1650 877 teter-

65 934 180 970 nam
209 916 401 970 vitam.
431 916 576 970 Illam
597 931 726 970 vero
746 916 1284 988 legisjustitiam(85)
1313 917 1435 987 «qui
1463 917 1652 972 fecerit

66 1010 246 1070 homo,
280 1025 300 1059 ι
333 1023 441 1061 non
472 1008 605 1061 dixit
643 1008 694 1060 in
731 1017 997 1061 internum
1038 1009 1218 1072 vivet,
1263 1010 1356 1062 sed
1407 1019 1646 1061 tantum-

68 1103 220 1154 modo
286 1118 306 1150 ι
337 1101 487 1154 vivet
531 1101 582 1153 in
643 1115 750 1153 ea:
793 1120 812 1152 ι
848 1101 1102 1170 quoniam
1130 1101 1174 1154 si
1221 1100 1344 1153 finis
1389 1099 1539 1168 legis,
1593 1111 1650 1154 ut

66 1193 355 1261 Apostolus
388 1193 527 1246 dicit
564 1196 608 1258 ',
639 1192 894 1248 Christus
927 1204 1034 1255 est.
1086 1208 1185 1247 nec
1227 1193 1396 1260 ipsam
1429 1207 1550 1260 quae
1580 1207 1646 1246 ex

67 1288 176 1355 lege
198 1298 283 1340 est
307 1286 580 1355 justitiam
609 1285 726 1338 sine
753 1283 971 1339 Christo
1006 1283 1305 1351 adimplere
1329 1284 1531 1351 poterit
1553 1285 1646 1352 qui

68 1380 222 1431 finem
258 1379 399 1447 legis
428 1393 530 1431 nou
562 1377 1118 1446 suscipitCln-istum.
1169 1375 1291 1430 llaec
1348 1391 1480 1445 ergo
1528 1390 1648 1444 qua:

67 1487 125 1524 ex
192 1471 298 1524 fide
353 1480 439 1524 est
483 1470 867 1540 justitia,qua:
920 1480 1006 1524 est
1051 1467 1333 1534 Christus,
1389 1478 1645 1536 tanquam

67 1562 249 1616 vivens
317 1573 375 1616 et
428 1563 774 1626 subsistens,
839 1561 1000 1625 haec,
1061 1560 1259 1630 inquit,
1315 1561 1486 1614 dicit:
1522 1558 1648 1613 «Ne

68 1655 266 1708 leel'lS
309 1655 363 1707 in
425 1653 592 1708 corde
645 1663 784 1707 tuo:
819 1653 953 1720 Quis
1004 1653 1252 1708 ascendit
1303 1653 1356 1706 in
1411 1650 1647 1705 coelum?

70 1746 165 1798 hoc
195 1754 300 1811 est,
329 1745 610 1799 Christum
638 1743 910 1798 deducere
937 1761 952 1796 :
983 1745 1091 1796 Aut
1138 1743 1260 1812 quis
1289 1741 1566 1796 descendit
1592 1741 1642 1794 in

1755 562 1878 615 qua?
1897 558 2220 614 sequuntur.
2255 547 2393 612 Quid
2420 561 2552 614 ergo
2585 557 2667 600 est
2689 547 2834 616 quod
2860 563 2954 617 per
2980 549 3083 606 hoc
3108 554 3338 622 Aposto-

1756 637 1837 694 lus
1863 639 2060 693 docet?
2090 638 2170 694 Ne
2203 641 2414 694 scilicet
2440 640 2688 694 dicamus
2727 639 2777 692 in
2825 641 2990 695 corde
3021 656 3210 697 nostro
3233 685 3249 709 ,
3280 657 3338 700 et

1754 741 2004 799 putemus
2041 734 2183 800 quod
2228 732 2480 788 Christus
2531 733 2584 786 in
2627 733 2748 787 loco
2791 733 2973 803 aliquo
3004 740 3336 805 continetur,

1752 833 1806 875 et
1833 839 1940 875 non
1969 824 2167 894 ubique
2193 834 2300 886 est,
2344 839 2408 878 ac
2446 839 2543 893 per
2593 825 2772 879 omnia
2817 826 2932 894 ipse
2975 827 3332 884 diffunditur:

1751 913 1953 982 quippe
1974 915 2211 982 quicum
2239 927 2383 968 esset
2408 915 2461 968 in
2497 916 2683 978 terris,
2707 916 2922 971 dicebat
2944 919 3068 987 quia
3097 933 3244 974 esset
3277 931 3336 976 et

1752 1003 1805 1057 iu
1863 1005 2024 1060 coelo.
2064 1005 2156 1060 Sic
2204 1007 2349 1059 enim
2390 1006 2712 1074 loquebatur
2754 1009 2821 1061 ad
2857 1011 3128 1078 apostolos
3153 1028 3279 1066 suos
3317 1028 3329 1062 :

1756 1116 1773 1146 ι
1807 1096 1974 1150 Nemo
2014 1099 2262 1152 ascendit
2287 1100 2338 1150 in
2373 1101 2596 1164 caelum,
2627 1100 2726 1154 nisi
2752 1101 2844 1168 qui
2869 1101 2936 1155 de
2953 1103 3089 1156 ccelo
3117 1107 3336 1158 descen-

1751 1187 1852 1251 dit,
1875 1188 2294 1243 Filiushomiuis
2323 1191 2411 1258 qui
2452 1202 2534 1245 est
2557 1193 2608 1244 in
2630 1192 2801 1245 caalo'
2825 1192 2960 1263 (89).
2986 1213 3004 1244 ι
3032 1195 3147 1248 Non
3175 1197 3330 1264 dixit,

1749 1282 1840 1348 qui
1863 1281 1984 1346 fuit,
2002 1284 2116 1342 sed,
2142 1283 2268 1350 (qui
2290 1293 2373 1338 est
2397 1286 2448 1336 in
2466 1283 2624 1338 caelo.
2658 1303 2676 1336 ι
2699 1285 2764 1338 Ει
2786 1301 2974 1340 rursus
2994 1303 3062 1340 ne
3085 1291 3332 1355 putemus

1749 1390 1869 1426 eum
1907 1376 1957 1427 in
1986 1375 2123 1429 caelo
2147 1390 2267 1430 esse
2311 1377 2717 1441 tantummodo,
2755 1393 2951 1433 vacare
2991 1389 3173 1434 autem
3213 1386 3331 1452 ejus

1750 1467 2042 1536 praesentia
2068 1469 2349 1538 abyssum,
2375 1467 2707 1535 ideojustitia
2725 1483 2845 1538 qua:
2859 1485 2926 1524 ex
2945 1473 3048 1527 fide
3069 1485 3150 1528 est
3167 1476 3328 1530 dicit:

1754 1577 1773 1608 ι
1799 1560 1876 1613 Ne
1894 1560 2096 1614 dixeris
2119 1561 2171 1613 in
2198 1562 2360 1616 corde
2395 1571 2486 1613 tuo
2505 1581 2518 1617 :
2536 1561 2671 1628 Quis
2687 1563 2997 1618 ascenditin
3013 1564 3247 1621 ccelum‘
3272 1570 3324 1624 ἲ»

1751 1651 1813 1704 Et
1839 1653 1988 1720 quasi
2016 1652 2191 1707 simile
2218 1654 2288 1707 sit
2308 1657 2408 1706 hoc
2429 1653 2651 1716 dicenti,
2672 1654 2948 1709 Christum
2975 1659 3042 1713 de
3067 1659 3208 1714 caelo
3231 1663 3328 1715 de-

1748 1743 1967 1807 ducere,
1995 1745 2070 1797 ita
2098 1743 2303 1798 addidit
2337 1747 2630 1812 Aposwlus
2658 1758 2673 1794 :
2703 1763 2722 1794 ι
2769 1745 2881 1801 11οε
2914 1758 3018 1813 est,
3045 1750 3320 1805 Christum

71 1837 361 1909 abyssum?
397 1836 500 1891 hoc
527 1848 634 1899 est,
661 1837 938 1891 Christum
970 1851 998 1889 a
1023 1837 1250 1889 mortuis
1273 1836 1533 1888 reducere
1562 1837 1637 1885 ’.ι
1680 1817 1721 1872 Β
1747 1836 2034 1890 deducere.
2061 1855 2080 1887 ι
2131 1835 2196 1890 Et
2230 1850 2445 1890 rursum
2473 1838 2516 1891 si
2545 1839 2668 1907 quis
2697 1849 2876 1893 mente
2905 1851 2960 1894 et
2987 1843 3322 1911 cogitatione

67 1930 174 1986 Nec
209 1928 429 1986 mireris
479 1932 785 1996 quodcum
833 1928 1088 1982 Christus
1141 1927 1256 1993 ipse
1291 1925 1360 1979 sit
1403 1923 1637 1992 justitia,

67 2023 211 2092 quasi
255 2025 321 2076 de
353 2020 466 2075 alio
516 2021 588 2072 ita
644 2021 710 2073 de
765 2035 825 2073 se
876 2027 991 2073 lucc
1029 2020 1214 2072 dicere
1268 2018 1538 2070 videatur.
1583 2015 1640 2069 In

70 2116 243 2170 multis
275 2114 424 2168 enim
459 2113 594 2166 Iocis
635 2113 879 2165 invenies
902 2111 1236 2164 Salvatorem
1263 2109 1414 2177 quasi
1442 2109 1508 2161 de
1535 2107 1641 2161 alio

70 2209 133 2260 ita
166 2209 231 2260 de
255 2224 313 2261 5e
332 2207 484 2275 loqui
513 2222 530 2269 ;
557 2212 617 2257 ut
649 2202 702 2255 in
732 2203 1021 2270 Evangelio
1045 2203 1180 2256 dicit
1201 2204 1222 2232 ³
1257 2220 1270 2256 :
1313 2202 1409 2254 «Et
1439 2211 1642 2255 statuet

67 2316 186 2353 oves
211 2316 238 2352 a
263 2300 506 2362 dextris;
535 2297 725 2352 hoidos
753 2305 928 2348 autem
947 2309 975 2347 a
1005 2293 1244 2349 sinistris
1267 2291 1401 2365 (86):
1422 2304 1476 2347 et
1496 2294 1640 2348 dicet

70 2392 146 2444 his
174 2391 262 2460 qui
308 2407 337 2444 a
381 2389 591 2444 dextris
618 2396 768 2449 sunt,
818 2396 872 2439 et
919 2385 1116 2440 iterum
1168 2385 1258 2454 qui
1314 2400 1342 2438 a
1399 2386 1640 2440 sinistris

69 2500 207 2553 sunt,
257 2509 275 2541 ι
313 2505 377 2543 ea
409 2502 534 2558 quae
567 2485 762 2554 scripta
799 2493 944 2536 sunt.
977 2480 1131 2548 Quod
1176 2496 1304 2550 ergo
1332 2480 1406 2532 ait
1443 2494 1455 2528 :
1493 2499 1512 2528 ι
1555 2475 1630 2530 Νε

72 2583 261 2639 dixeris
295 2583 349 2637 in
379 2582 544 2636 corde
575 2590 668 2632 tuo
704 2594 716 2629 :
753 2575 886 2642 Quis
916 2574 1161 2628 ascendit
1193 2573 1244 2625 in
1280 2571 1475 2625 cmlum
1496 2610 1510 2635 ,
1539 2578 1634 2622 aut

72 2677 186 2744 quis
235 2673 521 2729 descendit
572 2672 625 2724 in
681 2668 979 2739 abyssum?
1026 2687 1044 2716 ι
1085 2665 1322 2734 εκειινιὶε
1377 2663 1460 2715 his
1513 2675 1634 2729 quze

74 2767 236 2819 media
269 2763 570 2826 interserit,
608 2780 625 2812 ι
667 2760 770 2814 hoc
794 2770 895 2822 est,
929 2757 1205 2810 Christum
1239 2755 1524 2817 deducere,
1551 2751 1632 2804 vel

76 2875 102 2910 a
129 2858 351 2911 mortuis
383 2856 680 2909 reducere:
713 2871 729 2902 ι
759 2851 954 2914 sedet,
987 2869 1003 2898 ι
1035 2848 1206 2916 Prope
1229 2856 1308 2899 est
1333 2846 1554 2899 verbum
1579 2845 1632 2896 in

77 2963 164 3001 ore
190 2957 302 3006 tuo,
331 2955 381 2999 et
410 2945 462 2997 in
495 2943 656 2996 corde
695 2952 810 3003 tuo,
850 2961 866 2990 ι
895 2941 960 2994 de
984 2937 1398 2991 Deuterouomio
1426 2935 1636 2988 videtur

76 3050 426 3106 assumptum,
455 3034 545 3088 ubi
586 3034 688 3087 hoc
721 3033 882 3086 modo
911 3031 1171 3099 scriptum
1211 3039 1331 3082 est:
1368 3046 1385 3078 ι
1417 3026 1636 3079 Manda-

80 3141 183 3183 tum
213 3129 333 3189 hoc,
359 3127 506 3199 quod
530 3141 630 3196 ego
657 3125 854 3178 mando
880 3125 973 3176 tibi
1000 3121 1178 3186 hodie,
1211 3135 1316 3172 non
1341 3128 1419 3172 est
1451 3133 1639 3184 super-
1661 3161 1702 3216 Ο

79 3224 357 3275 exaltatum
393 3238 425 3273 a
462 3231 535 3284 te,
573 3236 746 3288 neque
781 3218 938 3286 longe
979 3233 1007 3267 a
1041 3225 1110 3267 te.
1153 3212 1268 3265 Non
1302 3221 1386 3264 est
1421 3213 1472 3263 in
1499 3211 1638 3264 cmlo

84 3325 136 3367 ut
162 3316 306 3368 dicas
339 3333 351 3367 :
381 3311 520 3377 Quis
565 3308 822 3363 ascendet
868 3305 1026 3359 nobis
1063 3303 1114 3356 in
1161 3303 1471 3360 cmlummt
1499 3302 1641 3353 acci-

87 3406 181 3471 piet
210 3405 335 3457 illud
365 3401 546 3464 nobis,
573 3411 630 3454 ut
660 3398 943 3451 audientes
974 3393 1238 3448 faciamus
1264 3392 1434 3446 illud?
1459 3389 1641 3458 Neque

86 3510 222 3550 trans
273 3511 426 3549 mare
469 3502 589 3555 est,
648 3501 707 3544 ut
756 3491 906 3543 dicas
948 3507 960 3541 :
1006 3487 1140 3553 Quis
1182 3485 1435 3540 transibit
1483 3483 1641 3538 nobis

86 3601 224 3642 ltaus
255 3604 428 3650 mare,
461 3599 514 3641 et
539 3587 768 3654 accipiet
795 3583 947 3645 illud,
981 3591 1039 3635 ut
1068 3582 1347 3635 audientes
1379 3578 1642 3633 faciamus

87 3680 240 3734 illud?
268 3680 429 3734 Juxta
477 3687 528 3733 te
559 3691 641 3732 est
681 3677 903 3750 verbum
941 3674 1093 3728 valde
1128 3673 1179 3725 in
1217 3688 1310 3726 ore
1351 3682 1462 3734 tuo,
1496 3679 1548 3724 et
1585 3671 1638 3723 in

87 3774 235 3827 corde
277 3783 392 3833 tuo,
439 3771 580 3838 et,in
615 3769 872 3822 manibus
905 3767 1034 3829 tuis,
1067 3774 1128 3818 ut
1161 3763 1329 3818 facias
1361 3763 1490 3817 illud
1528 3766 1568 3816 ‘.
1615 3782 1633 3814 ι

87 3865 210 3919 Cum
247 3882 376 3936 ergo
417 3864 533 3918 haec
571 3877 638 3916 ex
680 3859 1098 3914 Deuterouomio
1129 3866 1404 3925 assumpta
1435 3855 1563 3918 sint,
1591 3863 1646 3909 et

90 3958 368 4026 Apostolus
409 3955 612 4010 scribat
655 3953 783 4022 quia
819 3951 1062 4020 iustitia,
1095 3963 1218 4017 qua:
1257 3963 1320 4000 ex
1355 3946 1457 4000 fide
1487 3957 1570 4002 est
1598 3948 1640 4008 ⁸.

88 4052 192 4115 ipsa
231 4051 342 4103 haec
386 4047 537 4110 dicit,
568 4060 689 4113 qua:
727 4052 808 4095 est
845 4041 1131 4103 Christus;
1173 4039 1289 4093 sine
1329 4037 1493 4092 dubio
1531 4039 1641 4108 (87)

73 4152 180 4202 qine
211 4138 261 4192 in
288 4140 706 4195 Deuterouomio
729 4141 981 4194 dicuntur
1013 4135 1307 4204 Apostolus
1337 4152 1364 4187 a
1409 4133 1629 4188 Christo

74 4235 198 4288 dicta
226 4252 343 4293 esse
362 4239 698 4306 pronuntiat.
722 4238 835 4306 Ipse
855 4249 936 4291 est
969 4251 1098 4303 ergo
1122 4235 1215 4303 qui
1241 4233 1402 4285 dicit:
1433 4251 1451 4281 ι
1477 4230 1628 4284 Illan-

74 4329 240 4380 datum
267 4330 389 4395 hoc,
432 4333 574 4399 quod
610 4345 709 4400 ego
748 4331 816 4384 do
849 4330 941 4383 tibi
967 4329 1147 4388 hodie,
1180 4342 1284 4379 non
1315 4333 1396 4378 est
1431 4338 1623 4393 super-

134 4436 212 4490 ’⁸1
241 4439 366 4494 Cor.
409 4459 448 4503 ι,
485 4441 576 4495 50.
649 4441 695 4472 θ’
719 4439 872 4494 Joan.
905 4455 1038 4501 xvu,
1073 4438 1125 4492 5.
1204 4439 1219 4467 ¹
1255 4435 1382 4488 ibid.
1422 4435 1476 4487 4.

76 4504 239 4562 11-11.
313 4512 514 4566 “Rom.
541 4527 596 4574 x,
633 4512 686 4564 6.
761 4510 781 4540 °
815 4513 968 4564 Dent.
1004 4525 1134 4572 xxx,
1171 4507 1258 4560 11.

135 4601 238 4670 (85)
276 4605 412 4658 Editi
441 4645 456 4668 ,
506 4625 524 4655 σ
553 4607 642 4658 Illa
693 4620 822 4656 vero
863 4604 994 4668 legis
1029 4600 1261 4665 jnstitia.
1315 4614 1478 4666 quam
1529 4597 1617 4663 qui
1653 4602 1696 4654 D

76 4669 447 4738 itcerithomo,
481 4693 584 4729 non
631 4676 768 4728 dixit
814 4675 864 4727 in
914 4684 1179 4726 :eternum
1205 4709 1221 4732 ,
1258 4672 1350 4722 sed
1383 4678 1619 4738 tantum-

76 4742 245 4814 modo,
275 4747 417 4800 vivet
449 4747 501 4799 iu
541 4762 600 4798 ea
636 4764 649 4797 :
685 4747 827 4814 quod
869 4744 990 4796 finis
1031 4742 1161 4814 legis
1193 4746 1284 4809 (ut
1329 4737 1617 4814 Apostolus

75 4811 208 4881 dicit)
236 4814 480 4869 Christus
507 4825 608 4879 est,
641 4807 738 4868 ιιεέ
769 4814 881 4881 ipsa
905 4829 1023 4878 quae
1050 4807 1113 4864 ex
1141 4807 1259 4877 lege
1282 4818 1362 4860 est
1381 4807 1612 4874 justitia,

76 4880 178 4953 fine
213 4883 426 4939 Christo
466 4886 745 4950 adimpleri
785 4880 1001 4952 potuit,
1043 4881 1450 4953 quia-lincunt
1501 4886 1610 4953 etc.

76 4947 185 5024 illss.
213 4955 314 5008 duo
346 4956 495 5024 Regii
525 4976 535 5008 :
580 4945 719 5008 i'llla
752 4945 882 5007 vero
917 4945 1388 5024 Iegisjjustitiahui
1425 4945 1617 4998 fecerit

77 5017 304 5095 limum...
337 5016 478 5094 quod
516 5027 638 5079 finis
660 5024 777 5095 (a|.,
811 5043 829 5073 ι
852 5016 1253 5095 quod_sifinis)
1279 5016 1431 5083 legis,
1459 5035 1476 5066 ι
1507 5028 1612 5095 etc.

78 5088 165 5140 Sed
189 5109 286 5146 ms.
328 5088 526 5164 I‘iegius
556 5088 704 5149 nutu.
747 5088 884 5148 1659
915 5102 968 5146 et
998 5093 1252 5144 Rabanus
1290 5097 1433 5164 recte
1467 5095 1522 5164 ut
1560 5088 1612 5164 in

80 5171 240 5236 uestro
261 5155 436 5230 textu:
458 5167 562 5220 nisi
589 5165 731 5236 quod
755 5163 1136 5236 aliusihaheat,
1172 5158 1468 5236 «quoniam
1495 5155 1616 5208 filiis

80 5227 224 5306 legis;
253 5253 271 5286 ι
299 5227 436 5289 alius
465 5227 622 5299 vero,
650 5254 668 5286 ι
701 5234 843 5304 quod
874 5232 1078 5306 si‘finis
1107 5229 1262 5298 legis,
1287 5248 1304 5276 ι
1343 5236 1460 5306 eteo.
1502 5305 1508 5306 γ
1552 5295 1562 5305 ,

136 5303 236 5374 (86)
288 5307 470 5371 Alias,
522 5325 540 5358 ι
572 5308 660 5376 qui
695 5303 731 5359 a7
775 5304 978 5359 dextris
1022 5310 1167 5367 sunt,
1207 5307 1260 5352 et
1289 5314 1319 5350 a
1357 5303 1615 5362 sinistris,

78 5383 149 5432 ea.
177 5392 193 5423 ι
223 5386 322 5430 etc.

141 5440 237 5520 (δῖ)
262 5447 427 5520 1²ξιιίιίὲ
459 5465 477 5498 ι
501 5447 691 5501 ordine
723 5445 886 5520 pio.‘i_
900 5441 1075 5520 Amale.
1244 5509 1276 5520 ,,
1302 5509 1313 5520 .
1520 5516 1530 5520 -
1603 5508 1614 5519 .

139 5509 239 5585 (88)
263 5515 360 5572 Ms.
397 5517 596 5586 Regius
618 5509 760 5570 unm.
793 5514 951 5576 1659,
977 5523 1143 5573 recte,
1171 5528 1190 5562 t
1219 5509 1314 5564 tibi
1344 5527 1359 5573 ;
1393 5526 1412 5560 ι
1435 5509 1614 5587 caeleri

82 5577 192 5652 vero
222 5577 358 5648 'ms.,
386 5577 641 5641 [tabanus
681 5595 735 5640 et
773 5587 902 5638 editi
953 5596 1236 5652 perperam
1258 5621 1273 5644 ,
1331 5598 1348 5630 ι
1383 5577 1560 5652 vobis.
1591 5596 1608 5629 ι

82 5649 258 5708 Deinde
281 5660 428 5721 editi,
458 5672 593 5711 «non
620 5648 1198 5724 estsuperexalta'tum,
1227 5664 1402 5718 neque
1431 5648 1610 5717 longe,

79 5731 120 5772 et
142 5733 483 5794 egeteraqute,
510 5731 541 5777 ι’
559 5737 668 5780 etc.

137 5791 237 5863 (89)
281 5785 397 5849 Noit
423 5785 558 5848 dixit
580 5798 667 5865 qui
691 5796 812 5866 fuit,
843 5795 963 5858 sed,
994 5795 1082 5866 qui
1121 5801 1194 5846 est
1223 5791 1279 5844 in
1306 5785 1454 5844 caelo.
1485 5785 1610 5842 Haec

331 5891 601 5954 ΡΑτιιοι..
635 5894 750 5955 Gtt.
791 5893 876 5954 XI
889 5893 962 5954 γ.

1550 4435 1572 4464 ¹
1607 4433 1737 4486 ibid.
1769 4431 1822 4497 6,
1853 4432 1905 4483 7.
1974 4431 1993 4461 ³
2019 4429 2205 4483 Matth.
2241 4446 2368 4488 xxv.
2405 4430 2493 4487 55.
2533 4430 2622 4489 54.
2653 4429 2744 4494 '55,
2769 4430 2858 4483 41.

1335 4507 1352 4535 ⁷
1376 4505 1529 4559 .Ioan.
1567 4519 1646 4566 ιιι,
1683 4503 1770 4555 15.

1743 1929 2040 1982 descendat
2067 1928 2118 1981 in
2145 1928 2421 1997 abyssum,
2449 1939 2646 1998 putans
2687 1931 2758 1984 ibi
2805 1941 3009 1985 tantum
3052 1937 3318 1990 contineri

1741 2021 2039 2082 Christum,
2063 2020 2216 2087 quasi
2245 2019 2419 2073 simile
2442 2021 2514 2072 sit
2538 2021 2817 2075 Christum
2848 2038 3105 2078 revocare
3124 2041 3153 2078 a
3177 2043 3322 2080 mor-

1743 2113 1872 2175 tuis,
1911 2113 1982 2166 ita
2012 2112 2287 2182 subiungit
2320 2130 2332 2164 :
2369 2129 2388 2161 ι
2423 2111 2532 2167 11οε
2562 2124 2664 2176 est,
2699 2113 2976 2168 Christum
3012 2116 3318 2171 reducerea

1742 2206 1990 2259 mortuis.
2021 2224 2039 2256 ι
2074 2205 2179 2259 Sed
2208 2206 2302 2272 ita,
2329 2205 2519 2273 inquit,
2543 2207 2706 2260 debes
2748 2208 2947 2260 sentire
2987 2209 3051 2261 de
3080 2208 3314 2273 Christo,

1746 2305 2000 2364 tanquam
2029 2295 2095 2349 de
2121 2294 2314 2360 Verbo,
2347 2305 2401 2350 et
2428 2295 2678 2358 veritate,
2703 2306 2757 2349 et
2787 2298 3068 2365 sapientia.
3091 2309 3145 2352 ει
3157 2297 3320 2365 justi-

1741 2389 1812 2443 tia
1864 2387 1983 2444 Dei.
2020 2386 2144 2440 Haec
2181 2397 2357 2440 autem
2388 2387 2564 2439 omnia
2605 2401 2706 2438 non
2746 2387 2940 2440 inloco
2967 2401 3315 2455 qna-runtur,

1739 2481 1832 2534 sed
1859 2481 2054 2549 ubique
2079 2481 2271 2533 adsunt
2297 2497 2311 2532 :
2345 2491 2518 2546 neque
2544 2477 2611 2529 ab
2653 2476 2878 2532 infernis
2912 2479 3041 2532 locis
3061 2478 3172 2550 (90)
3185 2497 3314 2537 evo-

1743 2572 2128 2644 επακ-,623
2146 2573 2238 2627 sed
2256 2572 2558 2628 meutesola
2589 2569 2968 2638 intellectuqne
3005 2573 3312 2639 capiuntur.

1739 2661 2019 2730 Tanquam
2045 2662 2276 2716 Verbum
2305 2678 2434 2732 ergo
2458 2674 2511 2716 et
2541 2662 2804 2730 sapientia
2840 2677 3004 2732 prope
3035 2673 3115 2716 est
3147 2663 3197 2716 iu
3219 2678 3315 2718 ore

1741 2762 1831 2806 tuo
1882 2761 1934 2805 et
1977 2751 2032 2804 in
2069 2753 2232 2806 corde
2264 2762 2373 2806 tuo.
2407 2753 2470 2806 Et
2509 2771 2530 2804 ι
2563 2755 2663 2807 Ιιοε
2701 2763 2802 2810 est.
2847 2755 3040 2820 inquit,
3087 2755 3311 2809 verbum

1739 2845 1860 2898 fidei
1881 2844 2154 2915 (9I)quod
2185 2847 2560 2906 przedicamus.
2585 2845 2720 2910 Quia
2749 2847 2792 2899 si
2824 2847 3202 2900 contitearisin
3219 2861 3316 2901 ore

1737 2947 1831 2991 tuo
1862 2938 2144 2991 Dominum
2165 2936 2370 3000 Iesum,
2395 2939 2763 2992 etcredideris
2790 2940 2843 2992 in
2863 2939 3028 2992 corde
3054 2948 3145 2993 tuo
3171 2942 3311 3008 quod

1737 3030 1880 3084 Deus
1914 3029 2058 3082 illum
2093 3031 2378 3084 suscitavit
2411 3048 2438 3084 a
2475 3032 2724 3093 mortuis,
2760 3031 2939 3084 salvus
2982 3030 3312 3086 eris.Conde

1735 3124 1877 3177 enim
1905 3123 2146 3177 creditur
2174 3124 2240 3178 ad
2270 3124 2559 3189 justitiam,
2611 3140 2710 3179 ore
2739 3135 2916 3177 autem
2949 3123 3216 3179 confessio
3253 3127 3312 3178 fit

1744 3215 1796 3268 in
1852 3214 2080 3266 salutem
2113 3213 2154 3264 ’.
2196 3233 2211 3264 ι
2269 3215 2539 3268 Debemus
2589 3216 2757 3268 etiam
2793 3215 2898 3268 hoc
2931 3216 3072 3268 scire
3099 3253 3117 3278 ,
3169 3215 3311 3282 quod

1741 3306 1885 3358 aliud
1921 3318 2004 3359 est
2045 3307 2453 3374 possibilitatem
2477 3323 2598 3361 esse
2628 3308 2678 3358 in
2710 3305 2910 3374 aliquo,
2955 3308 3098 3361 aliud
3131 3306 3311 3362 efﬁca-

1739 3400 1878 3454 ciam
1922 3399 2000 3452 vel
2050 3398 2390 3453 efﬁcientiam
2421 3398 2558 3469 (9:2),
2601 3400 2743 3468 quod
2791 3399 2961 3453 Graeci
2994 3398 3222 3470 δύναμιν
3254 3408 3308 3456 et

1738 3493 2015 3564 ἐνέργειαν
2044 3492 2156 3559 (95)
2191 3501 2404 3546 vocant.
2433 3492 2592 3547 Verbi
2620 3510 2814 3548 causa:
2851 3493 3114 3547 Parvulus
3137 3509 3308 3557 nuper

1736 3594 1893 3638 natus
1911 3584 2268 3652 possibilitate
2295 3584 2630 3639 rationabilis
2647 3586 2809 3638 homo
2831 3596 2908 3640 est
2933 3603 2947 3637 :
2970 3596 3143 3654 potest
3161 3585 3304 3637 enim

1735 3692 1855 3731 esse
1886 3676 2225 3730 rationabilis
2254 3676 2297 3730 si
2327 3677 2641 3731 adoleverit.
2674 3677 2736 3732 Et
2766 3678 3122 3746 possibilitate
3139 3678 3302 3730 etiam

1733 3768 1908 3830 faber,
1936 3779 1990 3822 et
2023 3769 2374 3838 gubernator,
2408 3778 2461 3822 et
2505 3771 2892 3838 grammaticus
2917 3769 3152 3828 dicitur;
3178 3783 3306 3835 pos-

1739 3859 1894 3912 sibile
1922 3861 2065 3912 enim
2099 3870 2265 3912 estut
2301 3861 2490 3912 horum
2537 3859 2738 3926 aliquid
2770 3859 2857 3912 sit.
2897 3857 3141 3912 Eflicaeia
3171 3873 3301 3911 vero

1738 3948 1822 4000 vel
1868 3947 2175 4010 efficientia,
2220 3950 2321 4003 hoc
2349 3959 2451 4010 est,
2485 3963 2542 4002 re
2574 3951 2685 4017 ipsa
2717 3956 2881 4015 atque
2910 3945 3133 4007 effectu,
3167 3946 3300 3998 nihit

1740 4041 1931 4094 horum
1955 4052 2038 4096 est
2066 4043 2190 4095 dum
2221 4052 2302 4095 est
2322 4042 2576 4109 parvulus
2601 4059 2614 4095 :
2641 4040 2733 4094 sed
2762 4040 2806 4093 si
2835 4040 3061 4106 coeperit
3095 4038 3174 4092 vel
3209 4055 3298 4092 ra-

1739 4135 1900 4188 tionis
1926 4134 2035 4202 jam
2063 4149 2230 4203 capax
2259 4150 2400 4194 esse,
2432 4133 2513 4187 vel
2553 4132 2757 4201 aliquid
2783 4130 2991 4184 fabrilis
3023 4132 3179 4193 artis,
3209 4143 3303 4184 aut

1733 4227 2023 4292 cuiuslibet
2053 4227 2284 4308 alterius.
2307 4227 2536 4288 efﬁcere,
2577 4224 2832 4291 Iuncjam
2863 4223 3097 4278 efﬁcacia
3131 4225 3302 4277 ratio-

1733 4317 1926 4372 nabilis
1945 4319 2162 4382 dicitur,
2188 4318 2266 4370 vel
2296 4317 2465 4379 faber,
2493 4317 2722 4369 velsicut
2750 4315 2877 4366 illud
2906 4327 2986 4370 est
3017 4312 3128 4386 (94)
3157 4317 3300 4384 quod

2935 4433 2956 4459 ⁸
2982 4430 3134 4484 Deut.
3161 4445 3291 4493 xxx,

1845 4502 1864 4530 ⁸
1897 4501 2050 4553 Rom.
2083 4517 2134 4561 x,
2167 4499 2219 4556 6.
2296 4501 2316 4532 ⁹
2346 4500 2504 4554 Rom.
2535 4517 2588 4563 x,
2616 4499 2763 4553 8-10.

1727 4595 2106 4648 desiderantur
2135 4592 2185 4644 in
2217 4591 2453 4644 editione
2475 4590 2830 4645 Geuehrardi.

1798 4662 1906 4734 (90)
1949 4663 2041 4716 Sic
2067 4679 2165 4714 ms.
2198 4662 2396 4734 Regius
2425 4679 2570 4714 mnu.
2607 4664 2741 4715 1659
2777 4673 2830 4734 et
2855 4661 3130 4734 “altanus.
3168 4660 3294 4734 ⁸(Ζω-

1727 4731 1824 4786 teri
1859 4731 1986 4787 vero
2029 4747 2158 4786 mss.
2189 4742 2244 4786 et
2285 4733 2436 4797 editi,
2489 4751 2505 4781 ι
2536 4747 2710 4801 neque
2750 4732 2816 4784 ab
2853 4731 3051 4784 inferni
3083 4731 3236 4795 locis,
3267 4750 3286 4784 ι

1723 4815 1828 4858 ειε.
2885 4807 2896 4820 ³

1795 4873 1906 4945 (91)
1931 4872 2092 4932 Editi,
2125 4892 2143 4922 ι
2167 4871 2444 4940 Tanquam
2475 4870 2706 4945 Verbum
2739 4886 2867 4939 ergo
2893 4881 2947 4924 et
2982 4871 3286 4945 Sapientia.

1723 4942 1897 5012 PrOpe
1929 4955 2009 4995 est
2033 4945 2254 5012 verbum
2290 4945 2340 4994 in
2367 4957 2462 4995 ore
2485 4951 2574 4994 tuo
2599 4953 2654 4994 et
2685 4943 2736 4994 in
2770 4947 2934 4996 corde
2961 4951 3074 5004 tuo,
3109 4951 3163 4993 et
3194 4942 3295 4994 hoc

1725 5026 1808 5069 εει
1838 5011 2067 5066 verbum
2092 5011 2238 5073 fidei,
2273 5031 2289 5061 ι
2318 5023 2423 5068 etc.

1797 5083 1908 5156 (92)
1941 5082 2031 5136 Sic
2061 5082 2190 5156 editi
2212 5092 2282 5156 _et
2323 5098 2424 5134 ms.
2455 5078 2657 5156 Regius
2698 5096 2851 5156 num.
2901 5078 3291 5156 1659.__C:_eteri

1723 5149 1852 5207 vero
1887 5167 2016 5208 mss.
2042 5162 2095 5205 et
2127 5152 2399 5215 llahauus,
2431 5169 2450 5201 ι
2487 5151 2632 5219 quod
2660 5151 2805 5203 aliud
2824 5162 2908 5205 est
2937 5149 3294 5218 possibilitate

1725 5240 1848 5280 esse
1903 5223 1953 5274 in
1986 5223 2188 5289 aliquo,
2215 5221 2356 5273 aliud
2379 5220 2614 5275 eﬂicacia
2641 5221 2720 5272 vel
2745 5220 3051 5273 ellicieutia.
3091 5237 3107 5267 ι

1797 5294 1908 5365 (95)
1951 5292 2044 5346 Sic
2071 5309 2170 5365 ms.
2205 5292 2400 5365 liegius
2432 5307 2579 5344 num.
2611 5292 2745 5365 I659
2770 5302 2821 5344 et
2849 5289 3124 5342 Rahanus.
3150 5290 3291 5365 Editi

1727 5361 1893 5427 vero,
1930 5380 1949 5414 ι
1992 5362 2361 5416 endelechiam
2416 5371 2470 5413 et
2521 5363 2794 5430 energiam
2832 5369 3044 5413 vocant.
3087 5379 3106 5410 ι
3157 5361 3290 5417 Mss.

1726 5435 1975 5504 quidam1
2005 5451 2023 5484 ι
2063 5432 2281 5490 didami.
2317 5433 2884 5504 etuenergia‘vocantd
2907 5448 2925 5480 ι

1797 5503 1910 5626 (94‘)
1948 5502 2202 5582 Rabairus
2236 5512 2290 5556 et
2315 5502 2468 5563 editi,
2500 5497 2641 5582 {vel
2675 5501 2718 5582 si
2759 5500 2886 5567 quid
2927 5497 3072 5552 aliud
3119 5509 3222 5564 est,
3265 5519 3283 5552 ι

1797 5590 1826 5626 :.
1852 5574 1882 5626 Β
1905 5589 1978 5626 ss.
2010 5573 2277 5626 nlertaue.
2310 5589 2328 5622 ε
2363 5571 2445 5624 vel
2471 5587 2514 5624 SI
2542 5571 2670 5626 (ltlld
2703 5569 2833 5622 llltltl
2857 5578 2961 5626 est.
3001 5586 3019 5618 ο
3051 5580 3159 5624 etc.
3184 5571 3283 5625 Sed

1723 5569 1826 5628 etc.
1852 5569 1978 5628 Mss.
2010 5573 2277 5643 plerique,
2309 5589 2334 5643 ς
2363 5571 2445 5624 vel
2471 5571 2514 5624 si
2542 5571 2670 5640 quid
2703 5569 2961 5643 illudest,
3001 5586 3030 5643 i_
3051 5580 3159 5624 etc.
3184 5571 3288 5625 Sed

1723 5647 1924 5700 rectius
1975 5637 2074 5700 nis.
2123 5637 2259 5696 unus
2307 5641 2507 5710 Regius
2553 5637 2703 5695 num.
2755 5637 2884 5691 1641
2930 5649 2986 5692 ut
3020 5641 3074 5694 in
3104 5651 3291 5697 nostro

1718 5723 1888 5771 textu.

2976 5884 3054 5941 37
