3692 6138
316 315 454 371 1165

1762 317 2091 376 ORIGENIS

3438 323 3569 380 1161

315 439 507 496 eﬂ'ectu
539 439 721 508 operis
746 437 875 508 agit.
908 432 1022 491 Hoc
1048 451 1178 506 ergo
1217 437 1377 491 modo
1418 438 1583 491 etiam
1618 436 1889 504 Christus,
1920 443 1968 500 Α
1998 447 2140 493 stum
2185 436 2469 491 Dominum
2520 436 2826 498 confessum,
2862 434 2993 491 nulli
3030 439 3227 492 horum
3255 452 3316 493 se
3366 444 3573 496 servire

268 555 287 585 ς
313 534 403 603 qui
427 541 510 587 est
543 531 779 585 Verbum
812 529 929 594 Dei,
960 529 1321 598 possibilitate
1342 530 1559 599 quidem
1580 530 1734 598 juxta
1766 546 1885 597 nos,

311 625 415 682 hoc
443 634 547 688 est,
571 622 728 693 juxta
756 636 974 677 omnem
1007 622 1305 680 hominem.
1327 637 1450 678 esse
1472 624 1776 679 credendus
1803 636 1891 679 est

232 768 235 769 ν
310 727 570 787 tanquam
614 715 759 769 ratio
793 711 1039 783 parvulis
1082 728 1097 764 :

312 810 367 865 in
389 824 472 864 me
506 822 626 863 esse
653 806 873 870 dicitur,
903 820 1026 860 cum
1055 805 1109 858 in
1137 820 1236 861 ore
1269 820 1390 860 meo
1420 806 1703 863 confessus
1734 808 1888 861 fuero

308 903 597 957 Dominum
623 899 831 966 Jesnm,
864 909 918 954 et
959 900 1012 954 in
1067 900 1230 955 corde
1263 914 1384 955 meo
1435 900 1718 955 credidero
1744 901 1886 969 quod

310 994 452 1048 Deus
511 993 663 1047 illum
725 993 1010 1047 suscitavit
1038 1007 1067 1045 a
1118 991 1365 1046 mortuis.
1399 989 1495 1044 Vis
1533 1000 1710 1045 autem
1742 992 1887 1045 scire

310 1085 435 1153 quia
460 1089 615 1139 adest
652 1084 873 1152 ubique,
920 1092 976 1137 et
1004 1083 1209 1137 medius
1239 1092 1324 1137 est
1360 1082 1525 1139 etiam
1573 1098 1760 1137 eorum
1791 1084 1881 1151 qui

309 1179 568 1249 ignorant
612 1192 760 1242 eum,
805 1185 999 1231 etnon
1029 1175 1394 1231 conﬁtentur?
1429 1176 1567 1230 Audi
1614 1176 1884 1245 quomodo

309 1271 543 1327 Joannes
584 1269 818 1341 Baptista
858 1269 926 1323 de
959 1283 1024 1324 eo
1054 1269 1169 1324 haac
1222 1268 1336 1337 ipsa
1400 1275 1629 1324 testatur
1660 1286 1674 1322 :
1712 1287 1729 1319 ι
1767 1268 1883 1320 Μυ-

310 1366 455 1430 dius,
488 1356 664 1434 inquit
696 1362 828 1434 (96),
865 1370 1107 1415 vestrmn
1155 1367 1263 1415 stat
1307 1373 1465 1430 quem
1499 1375 1592 1414 vos
1633 1361 1880 1421 nescitis,

310 1458 401 1528 qui
430 1466 549 1527 post
569 1472 655 1511 me
686 1456 832 1512 venit
863 1455 928 1507 ⁸ο.
959 1474 978 1505 ι
1015 1453 1112 1507 Est
1138 1466 1269 1522 ergo
1314 1452 1520 1506 medius
1549 1452 1714 1507 etiam
1743 1452 1885 1505 inter

311 1563 404 1604 eos
432 1548 522 1618 qui
569 1562 692 1603 cum
731 1546 998 1609 nesciunt,
1043 1544 1143 1599 sed
1179 1542 1538 1611 possibilitate
1566 1545 1645 1598 eis
1676 1544 1884 1597 medius

309 1652 413 1706 est,
450 1657 554 1696 non
595 1638 855 1695 elIicacia.
894 1637 1129 1693 Possunt
1156 1636 1305 1691 enim
1356 1649 1478 1689 enm
1512 1650 1733 1705 capere,
1787 1636 1881 1687 sed

309 1733 549 1788 nondum
577 1732 822 1800 capiunt.
852 1727 1099 1783 Ellicacia
1123 1744 1257 1784 vero
1286 1728 1372 1783 vel
1394 1727 1686 1783 elﬁcientia
1738 1729 1881 1785 inter

309 1824 434 1882 illos
465 1824 675 1880 medius
700 1831 784 1877 est
813 1821 1013 1891 quibus
1042 1820 1302 1875 dicebat:
1343 1839 1362 1871 ι
1410 1819 1731 1892 Ubicunque
1763 1820 1877 1877 lue-

309 1920 419 1974 rint
440 1917 751 1989 congregati
780 1916 886 1969 dno
918 1912 1000 1968 vel
1026 1921 1136 1968 tres
1164 1912 1214 1966 in
1241 1913 1462 1968 nomine
1495 1927 1636 1972 meo,
1661 1913 1731 1967 ibi
1760 1929 1876 1968 sum

310 2012 365 2065 in
388 2012 563 2065 medio
594 2024 780 2064 eorum
813 2007 877 2060 “.
915 2025 934 2058 ι
972 2004 1063 2060 lsti
1090 2006 1234 2059 enim
1272 2004 1675 2061 conﬁtebantur
1707 2006 1879 2062 inore

310 2117 410 2158 suo
458 2102 740 2156 Dominum
796 2098 1007 2161 Jesum,
1057 2106 1112 2150 et
1140 2096 1437 2151 credebant
1468 2096 1520 2150 in
1568 2098 1729 2152 corde
1781 2114 1879 2152 suo

308 2195 453 2265 quod
480 2194 617 2248 Deus
653 2193 799 2246 illum
841 2189 1125 2245 suscitavit
1156 2203 1185 2242 a
1221 2189 1470 2243 mortuis.
1502 2189 1756 2259 Alioquin
1783 2192 1879 2245 ah-

249 2308 255 2320 -
308 2283 531 2339 surdum
581 2281 794 2336 videtur
818 2278 927 2349 (97)
957 2279 1002 2333 si
1031 2288 1086 2332 et
1126 2277 1268 2331 inter
1300 2293 1394 2332 eos
1441 2279 1530 2347 qui
1564 2280 1617 2333 in
1658 2283 1879 2335 nomine

307 2376 424 2445 ejus
451 2382 864 2446 congregantur,
898 2372 1106 2426 medius
1140 2386 1260 2427 esse
1287 2372 1506 2436 dicitur,
1536 2382 1591 2426 et
1614 2372 1756 2425 inter
1785 2387 1878 2424 eos

307 2469 399 2539 qui
428 2483 550 2523 eum
574 2467 861 2522 nesciunt:
897 2464 999 2519 nisi
1034 2464 1342 2557 huiusmodi
1371 2462 1680 2518 dill‘erentia
1706 2472 1881 2517 tenea-

308 2572 419 2625 tur,
475 2557 617 2628 quod
677 2561 821 2612 inter
872 2554 1276 2625 ignorantes'ct
1304 2556 1541 2609 nondum
1592 2554 1876 2609 credentes

310 2651 670 2723 possibilitate
718 2651 926 2705 medius
958 2648 1185 2714 dicitur;
1232 2648 1376 2701 inter
1424 2646 1706 2702 credentes
1748 2661 1878 2701 vero

308 2746 566 2810 ellieacia,
603 2744 659 2799 id
691 2754 776 2797 est
815 2742 889 2797 rei
924 2742 1096 2810 ipsius
1116 2750 1172 2795 et
1208 2741 1388 2809 Operis
1427 2737 1640 2795 elfectu.
1678 2738 1877 2793 Verum

308 2848 361 2891 et
413 2838 539 2892 illud
564 2837 797 2893 observa
821 2834 964 2904 quod
996 2835 1074 2887 ait
1108 2850 1119 2885 :
1163 2851 1182 2885 ι
1218 2831 1354 2898 Quia
1393 2833 1438 2886 si
1479 2831 1792 2887 conﬁtearis
1826 2832 1878 2884 in

307 2945 404 2983 ore
433 2939 524 2982 tuo
548 2928 832 2983 Dominum
858 2924 1063 2987 Jesum,
1093 2934 1150 2979 et
1183 2924 1478 2981 credideris
1508 2925 1561 2978 in
1590 2926 1753 2980 corde
1788 2933 1879 2978 tuo

310 3023 454 3090 quod
486 3020 627 3077 Deus
654 3021 802 3075 illum
829 3019 1115 3075 suscitavit
1147 3034 1176 3071 a
1209 3019 1462 3085 mortuis,
1483 3018 1665 3073 salvus
1690 3018 1820 3072 eris.
1855 3038 1874 3068 ι

311 3116 593 3171 Videbitur
640 3114 785 3169 enim
831 3112 1150 3183 quibusdam
1182 3125 1278 3180 per
1325 3110 1450 3172 hoc,
1481 3110 1608 3179 quia
1662 3110 1875 3164 etiamsi

309 3207 666 3265 desintalicui
699 3205 823 3259 boni
852 3204 1030 3272 operis
1060 3202 1341 3272 privilegia
1362 3242 1377 3266 ,
1407 3202 1619 3256 etiamsi
1657 3201 1877 3254 virtuti-

306 3301 409 3357 bus
438 3313 660 3369 operam
694 3312 801 3351 non
835 3295 1065 3358 dederit,
1095 3294 1199 3347 hoc
1232 3294 1347 3363 ipso
1384 3304 1561 3348 tamen
1588 3293 1732 3363 quod
1767 3308 1879 3347 cre-

309 3393 464 3459 didit,
489 3406 595 3447 non
630 3397 840 3461 pereat,
868 3388 962 3443 sed
990 3386 1250 3451 salvetur,
1286 3395 1341 3441 et
1382 3387 1577 3441 habeat
1620 3385 1874 3444 salutem.

304 3486 521 3541 etiamsi
552 3479 898 3538 beatitudinis
920 3478 1142 3549 gloriam
1168 3477 1366 3531 habere
1384 3492 1487 3531 non
1517 3476 1718 3545 poterit
1741 3478 1874 3543 (98).

308 3581 414 3633 Sed
451 3578 571 3632 vide
606 3590 673 3629 ne
702 3572 873 3642 magis
903 3570 1032 3624 illud
1066 3569 1291 3639 intelligi
1323 3570 1553 3632 debeat,
1587 3570 1729 3638 quod
1781 3569 1873 3631 qui

307 3674 436 3725 vero
475 3678 530 3724 et
563 3684 670 3724 non
719 3667 856 3722 falso
883 3663 1172 3721 conﬁtetur
1202 3676 1297 3717 ore
1330 3660 1621 3715 Dominum
1667 3659 1877 3724 Jesuin,

306 3774 363 3818 et
411 3764 572 3818 corde
615 3762 807 3827 credit,
856 3759 1058 3829 pariter
1102 3756 1428 3811 conﬁteatur
1480 3769 1540 3809 se
1575 3754 1878 3810 dominatni

305 3858 604 3925 subjectum
634 3870 756 3910 esse
788 3852 1096 3921 sapientiae,
1133 3858 1188 3905 et
1226 3849 1477 3919 justitite,
1510 3856 1566 3903 et
1595 3847 1867 3912 veritatis,

305 3962 362 4007 et
391 3953 642 4006 omnibus
674 3964 791 4019 qua:
841 3945 1092 4003 Christus
1121 3953 1207 3998 est
1239 3960 1253 3995 :
1292 3956 1390 3996 nec
1418 3941 1520 3997 sibi
1568 3941 1708 3995 ultra
1755 3954 1875 3994 esse

307 4046 581 4100 dominum
615 4056 1007 4104 mammonam,
1046 4040 1096 4094 id
1126 4047 1231 4105 est,
1262 4051 1437 4105 neque
1463 4034 1746 4089 avaritiam
1771 4032 1873 4086 sibi

309 4138 471 4197 ultra,
505 4151 679 4204 neque
705 4133 1047 4205 iniustitiam,
1086 4145 1259 4201 neque
1302 4126 1724 4197 impudicitiam,
1776 4140 1872 4178 ne-

305 4245 409 4299 que
433 4228 770 4283 mendacium
802 4225 1090 4281 dominari.
1124 4221 1301 4278 Semel
1328 4222 1475 4305 enim
1503 4218 1685 4275 Jesum
1707 4216 1870 4271 Chri-

380 4372 421 4401 ¹⁰
444 4367 596 4423 Joan.
627 4365 769 4428 I,9.6.
852 4366 892 4396 ¹¹
915 4362 1103 4417 Matth.
1158 4377 1317 4428 xvln,
1342 4360 1436 4415 '20.

306 4440 352 4471 "
385 4439 661 4501 Coloss.n,
684 4437 737 4491 5.
816 4437 859 4467 ¹⁶
884 4435 1043 4488 Prov.
1072 4451 1111 4500 I,
1138 4432 1231 4485 28.

376 4555 487 4623 (95)
530 4555 694 4608 Tunc.
721 4551 879 4607 Deest
907 4553 961 4605 in
987 4550 1167 4623 editis.

379 4618 491 4693 (96)
533 4625 734 4693 Inquit.
768 4619 1193 4693 Desideraturin
1226 4618 1405 4693 editis.

378 4689 488 4762 (97)
539 4689 776 4747 Videtur.
805 4692 1085 4746 Omittitttr
1116 4689 1167 4762 in
1195 4689 1374 4743 editis.

377 4760 487 4833 (98)
528 4765 690 4827 Editi,
733 4777 882 4816 (.non
921 4760 1173 4830 potuerit.
1213 4777 1231 4808 ι

378 4823 487 4899 (99)
526 4823 690 4894 Editi,
724 4852 744 4885 r
789 4823 995 4886 certum
1026 4839 1107 4883 est
1155 4829 1278 4897 quia
1320 4826 1604 4899 suscitavit
1631 4840 1769 4899 eum_
1798 4823 1864 4876 ad

301 4894 743 4972 justilicationem
786 4902 865 4955 sui
914 4920 932 4952 ι
969 4894 1187 4972 omisso:
1213 4916 1231 4949 ι
1274 4898 1464 4972 credit.
1506 4915 1524 4949 ι
1567 4894 1651 4972 ita
1698 4894 1862 4972 etiam

307 4965 586 5039 Rabanns,
643 4975 732 5042 qui
792 4972 955 5025 habet
985 4989 1003 5021 ‹
1045 4969 1218 5042 credit
1255 4988 1272 5019 ι
1309 4969 1361 5021 in
1410 4969 1533 5021 ﬁne.
1564 4965 1656 5042 Sic
1692 4966 1855 5042 etiam

306 5062 412 5099 ms.
447 5034 606 5105 unus,
637 5034 729 5111 qui
764 5042 929 5096 habet
965 5060 982 5092 ί
1020 5040 1200 5093 cordis
1234 5057 1252 5085 ι
1282 5053 1379 5111 pro
1413 5055 1433 5089 ε
1467 5034 1659 5111 credit.
1705 5053 1722 5084 ι
1753 5034 1858 5111 §ed

306 5117 488 5169 caeteri
518 5104 727 5167 ms'sfnt
753 5114 805 5166 in
844 5123 1034 5163 nostro
1056 5118 1227 5173 textu,
1274 5104 1373 5163 nisi
1415 5106 1557 5176 quod
1591 5120 1730 5159 unus
1768 5104 1863 5157 ha-

306 5187 430 5239 beat
468 5203 486 5236 ι
519 5184 869 5237 suscitantem
909 5200 929 5233 ι
960 5195 1056 5248 pro
1085 5198 1104 5230 α
1141 5179 1482 5232 suscitatnm.
1520 5194 1538 5226 ι

377 5257 454 5322 (1)
488 5256 562 5309 Ita
588 5254 735 5308 editi.
775 5250 880 5322 Sed
904 5244 1090 5303 omnes
1128 5248 1460 5322 mss._ni_istri
1493 5255 1547 5299 et
1578 5244 1860 5322 itabanns,

312 5315 451 5391 «Ego
480 5326 526 5380 si
555 5338 655 5375 non
691 5325 741 5375 in
763 5321 1167 5381 novitate,»etc.
1188 5318 1385 5391 Deinde
1412 5316 1665 5391 mss.an
1685 5315 1866 5391 ειεξιιὶ-

310 5395 367 5459 ιὶ,
388 5383 473 5446 iet
486 5395 771 5448 vetustatis
786 5390 1037 5457 peccandi
1054 5388 1515 5459 consuetudinem;
1530 5404 1548 5435 ι
1571 5386 1664 5438 sed
1684 5383 1865 5436 Baba-

306 5480 407 5517 nus
422 5475 475 5517 et
497 5480 598 5515 ins.
633 5478 771 5515 unus
799 5458 1451 5529 Regiusritttii.lbi’§9t_ttin
1477 5468 1672 5529 nostro
1691 5463 1863 5529 textu.

379 5536 452 5602 (‘2)
494 5533 594 5587 Ms.
634 5549 772 5587 unus
799 5523 999 5599 Regius
1040 5544 1187 5580 num.
1224 5523 1435 5602 1659,_i
1472 5527 1563 5592 qui
1608 5527 1673 5577 ad
1725 5525 1867 5602 hunc

310 5594 583 5669 ruborem,
621 5622 639 5653 ι
689 5613 794 5657 etc.
832 5594 1104 5661 Rabanus,
1134 5616 1152 5648 ι
1195 5600 1287 5667 qui
1331 5597 1508 5651 adhuc
1549 5609 1675 5649 cum
1704 5594 1866 5649 rubo-

310 5686 419 5724 rem
447 5674 651 5739 peccati
682 5672 988 5734 incurrerit,
1029 5689 1046 5720 ι
1079 5678 1184 5723 etc.

380 5733 461 5810 (5)
500 5743 588 5793 Sic
637 5733 1056 5810 mss.__plerique
1078 5748 1133 5793 et
1175 5739 1327 5810 editi.
1362 5736 1460 5791 Ms.
1490 5751 1621 5810 vero
1656 5733 1863 5803 Regius

311 5807 459 5863 num.
496 5810 653 5874 1659,
698 5827 717 5860 ι
766 5807 900 5865 Nam
928 5812 1068 5867 idem
1102 5808 1356 5864 Dominus
1398 5807 1662 5873 omnium,
1701 5825 1719 5858 ο
1751 5818 1858 5860 etc.

1154 714 1403 771 eﬁicacia
1432 729 1562 769 vero
1597 726 1725 771 tunc
1776 716 1886 787 (95)

1514 4361 1557 4391 “
1582 4358 1737 4422 Rom,
1786 4372 1837 4421 x,
1890 4356 1989 4417 il;
2042 4353 2149 4407 lsa.
2197 4367 2387 4415 xxvm,
2444 4350 2533 4406 16.

1905 4586 1953 4642 1)

1993 529 2297 599 proﬁtetur.
2329 528 2434 583 Sed
2472 539 2526 582 et
2557 531 2787 584 credens
2827 531 2880 583 in
2910 531 3075 585 corde
3103 546 3206 584 suo
3249 533 3394 600 quod
3431 533 3570 585 Deus

1993 622 2142 676 illum
2170 622 2454 676 suscitavit
2480 638 2509 676 a
2538 623 2789 688 mortuis,
2820 630 3031 677 certum
3058 633 3146 677 est
3178 625 3308 691 quia
3338 625 3566 677 suscita-

1990 724 2101 769 tuni
2133 730 2255 769 eum
2303 716 2370 768 ad
2412 714 2858 783 justilicationem
2906 717 2988 770 sui
3041 716 3216 770 credit
3249 715 3384 785 (99).
3416 716 3567 768 Alio-

1989 809 2145 873 quin,
2175 809 2305 877 quid
2335 809 2578 879 proderit
2605 811 2748 864 seire
2772 827 2859 865 me
2882 819 2938 864 et
2964 811 3184 863 credere
3209 810 3355 878 quod
3379 808 3567 865 Jesniu

1992 901 2129 955 Deus
2160 900 2446 955 suscitavit
2473 917 2501 953 a
2538 902 2784 966 mortuis,
2819 902 2863 956 si
2896 903 2949 955 in
2981 916 3067 955 me
3106 902 3224 968 ipso
3269 916 3396 955 eum
3464 916 3569 953 nou

1990 991 2216 1046 habeam
2277 992 2636 1047 suscitatnm?
2689 993 2829 1062 Ergo
2872 994 2915 1046 si
2950 1008 3055 1047 non
3090 994 3142 1046 in
3196 993 3441 1046 novitate
3492 991 3567 1059 (l)

1990 1086 2111 1138 vita:
2136 1083 2381 1146 ambulo,
2413 1093 2466 1135 et
2497 1093 2763 1138 vetustam
2800 1086 3055 1151 peccandi
3105 1083 3569 1137 consuetudinem

1989 1190 2092 1230 non
2121 1175 2293 1244 fugio,
2322 1177 2560 1229 nondum
2592 1175 2723 1229 mihi
2760 1174 3007 1230 Christus
3036 1175 3333 1230 resurrexit
3364 1194 3392 1225 a
3425 1190 3573 1227 mor-

1988 1268 2115 1323 tuis.
2153 1268 2232 1322 Ad
2257 1268 2401 1323 hunc
2435 1278 2613 1322 autem
2653 1283 2871 1322 sensum
2908 1269 3072 1322 etiam
3124 1283 3187 1323 ea
3224 1269 3570 1321 conveniunt

1986 1380 2106 1433 qua:
2131 1374 2453 1435 sequuntur,
2477 1362 2689 1433 quando
2716 1363 2832 1417 ait:
2864 1383 2883 1415 ε
2915 1362 3055 1417 Dicit
3080 1363 3222 1417 enim
3252 1361 3569 1430 Scriptura,

1986 1456 2113 1522 quia
2149 1455 2330 1509 omnis
2356 1456 2449 1525 qui
2482 1456 2659 1511 credit
2686 1457 2740 1511 in
2774 1470 2923 1518 eum,
2974 1469 3084 1509 non
3128 1453 3417 1506 erubescet
3443 1454 3511 1507 ".
3544 1473 3568 1504 ι

1988 1545 2102 1600 Hoc
2134 1558 2316 1600 autem
2346 1546 2487 1615 apud
2518 1544 2713 1603 Isaiam
2740 1548 3003 1613 scriptum
3031 1553 3136 1599 est.
3170 1545 3325 1610 Quod
3360 1544 3408 1597 si
3440 1558 3571 1596 om-

1986 1634 2073 1688 nis
2109 1636 2201 1704 qui
2238 1635 2411 1690 credit
2461 1636 2515 1690 in
2567 1651 2712 1701 eum,
2767 1651 2876 1690 non
2922 1636 3246 1691 erubescet:
3280 1635 3576 1688 erubescit

1986 1738 2164 1781 autem
2206 1729 2385 1783 omnis
2429 1728 2523 1798 qui
2556 1737 2769 1797 peccat,
2803 1730 2943 1783 sicut
2985 1728 3156 1781 Adam
3200 1729 3481 1796 peccavit,
3518 1736 3577 1779 et

1914 1802 1957 1857 Β
1984 1820 2221 1884 erubuit,
2246 1830 2299 1875 et
2327 1821 2612 1875 abscondit
2651 1836 2712 1876 se
2737 1820 2777 1852 “
2804 1838 2818 1874 :
2846 1821 2935 1890 qui
2982 1819 3161 1874 adhuc
3191 1824 3457 1876 ruborem
3492 1820 3578 1890 (ἑ)

1982 1915 2194 1981 peccati
2224 1915 2473 1979 incurrit,
2512 1915 2735 1968 credere
2758 1927 2863 1966 non
2898 1914 3131 1968 videtur.

2050 2007 2104 2059 5.
2130 2025 2148 2056 ι
2170 2003 2282 2058 Non
2315 2005 2460 2058 enim
2494 2015 2577 2060 est
2606 2004 2882 2059 distinctio
2911 2003 3080 2058 Judzei
3103 2014 3158 2058 et
3185 2002 3385 2059 Graeci.
3418 2003 3575 2057 Idem

1980 2100 2123 2154 enim
2157 2099 2270 2167 ipse
2299 2099 2554 2153 Dominus
2571 2100 2811 2154 omnium
2864 2098 2962 2169 (5),
2990 2099 3138 2152 dives
3168 2098 3221 2151 in
3247 2112 3452 2152 omnes
3477 2100 3578 2166 qni

1983 2194 2235 2247 invocant
2264 2191 2434 2245 illum.
2459 2189 2647 2246 Omnis
2671 2191 2815 2244 enim
2854 2190 3164 2258 quicunque
3214 2189 3578 2243 invocaverit

1984 2299 2179 2339 nomen
2236 2282 2468 2345 Domini,
2513 2285 2693 2337 salvus
2721 2283 2827 2336 erit
2866 2281 2929 2334 η.
2961 2301 2981 2332 ι
3016 2281 3298 2348 Quomodo
3328 2297 3448 2335 non
3503 2283 3579 2335 sit

1982 2379 2258 2433 distinctio
2288 2377 2341 2429 in
2381 2376 2484 2430 ﬁde
2510 2373 2677 2428 Jndtei
2711 2383 2763 2428 et
2788 2373 2966 2429 Grzeci
3001 2415 3016 2440 ,
3068 2388 3233 2443 supra
3278 2375 3397 2442 jam
3460 2373 3580 2427 l’re-

1982 2482 2213 2540 quenter
2237 2468 2590 2523 ostendimus.
2626 2465 2783 2532 Quod
2815 2476 2993 2519 autem
3022 2467 3160 2519 idem
3188 2466 3258 2520 sit
3292 2466 3581 2518 Domith

1981 2564 2245 2625 omnium,
2282 2560 2574 2616 secundum
2611 2560 2725 2613 hinc
2752 2559 2990 2628 accipies
3014 2573 3135 2626 qua:
3173 2572 3345 2627 nuper
3377 2559 3579 2611 edidi—

1985 2670 2139 2720 mus;
2187 2655 2291 2709 hoc
2323 2662 2424 2716 est,
2457 2654 2502 2707 si
2538 2651 2752 2719 justitia
2779 2652 2954 2713 nobis,
2986 2661 3040 2704 et
3070 2651 3295 2714 veritas,
3310 2649 3503 2720 624
3521 2661 3580 2701 et

1981 2748 2360 2810 sanctiﬁcatio,
2399 2754 2455 2799 et
2485 2744 2772 2812 sapientia,
2798 2743 2942 2812 quod
2967 2752 3136 2796 totum
3168 2753 3253 2797 est
3300 2745 3579 2797 Christus

1982 2844 2264 2903 Dominus,
2284 2842 2609 2896 dominetur.
2630 2837 2756 2893 Haec
2780 2837 2923 2891 enim
2944 2846 3070 2890 sunt
3097 2836 3212 2904 ejus
3230 2835 3450 2888 divitiae
3467 2835 3573 2905 (4).

1985 2946 2171 3006 utpote
2206 2956 2224 2986 ι
2269 2936 2321 2989 in
2353 2949 2461 3004 quo
2494 2931 2733 2987 thesauri
2762 2930 3041 2999 sapientia:
3073 2939 3128 2982 et
3152 2928 3410 2983 scientize
3440 2944 3576 2982 sunt

1983 3028 2281 3084 absconditi
2317 3028 2380 3078 ’⁸.
2419 3048 2436 3079 ι
2477 3024 2620 3091 Quas
2653 3033 2826 3077 tamen
2856 3021 3078 3075 divitias
3117 3035 3220 3074 non
3254 3019 3406 3074 dixit
3457 3020 3575 3072 lar-

1986 3124 2084 3195 giri
2109 3137 2233 3176 eum
2264 3118 2517 3175 omnibus
2539 3116 2873 3182 hominibus,
2907 3115 3000 3168 sed
3033 3113 3285 3168 omnibus
3313 3112 3576 3180 quicun-

1984 3230 2089 3285 que
2113 3210 2483 3266 invocaverint
2506 3222 2702 3263 nomen
2728 3206 2865 3276 ejus.
2916 3205 3020 3262 Sed
3049 3215 3104 3260 et
3130 3205 3181 3257 iu
3207 3204 3312 3258 hoc
3353 3204 3577 3259 similis

1983 3305 2198 3358 videtur
2223 3302 2452 3371 quaestio
2467 3312 2527 3354 ut
2551 3300 2603 3354 in
2635 3298 2907 3369 prioribus
2936 3296 3163 3352 oboriri.
3186 3294 3383 3364 Neque
3414 3298 3575 3349 enim

1984 3412 2172 3451 omnes
2201 3396 2289 3464 qni
2307 3407 2537 3464 quoquo
2558 3390 2721 3446 modo
2749 3389 3120 3443 invocaverint
3150 3401 3345 3441 nomen
3380 3388 3577 3441 Domi-

1986 3489 2038 3543 ni
2065 3488 2144 3560 (5')
2166 3486 2300 3541 salvi
2329 3502 2451 3541 esse
2483 3492 2724 3555 possunt,
2762 3481 2971 3536 etiamsi
3007 3495 3113 3534 non
3133 3482 3348 3549 egerint
3393 3495 3574 3549 opem

1988 3580 2216 3635 invocati
2250 3579 2485 3632 nominis
2511 3576 2689 3647 digna,
2733 3575 2969 3628 maxime
3008 3587 3128 3626 cum
3169 3580 3221 3627 et
3272 3571 3573 3640 Sapienti:

1986 3672 2076 3725 Dei
2110 3673 2161 3724 in
2196 3668 2503 3724 Proverbiis
2535 3668 2720 3721 dicat:
2761 3684 2780 3717 ι
2813 3664 2932 3718 Erit
2970 3666 3114 3717 enim
3145 3678 3268 3717 cum
3321 3664 3571 3717 invoca-

1982 3762 2174 3817 veritis
2197 3759 2274 3833 (ϐ)
2305 3773 2434 3814 me:
2472 3772 2571 3826 ego
2601 3767 2779 3811 autem
2825 3770 2933 3809 non
2967 3753 3248 3808 exaudiam
3295 3768 3405 3808 vos
3440 3755 3511 3808 “.
3547 3774 3570 3805 ι

1983 3854 2039 3909 In
2068 3868 2175 3923 quo
2208 3852 2419 3906 videtur
2448 3850 2576 3903 mihi
2607 3847 2882 3916 Sapientia
2907 3844 3178 3899 cohortari
3208 3841 3285 3914 (7)
3319 3851 3387 3898 et
3440 3860 3574 3914 per-

1984 3962 2177 4019 urgere
2221 3960 2316 4001 eos
2356 3945 2451 4014 qui
2491 3942 2692 3998 salvari
2732 3940 2941 4004 volunt,
2979 3947 3038 3991 ut
3088 3938 3249 3992 citius
3289 3936 3572 3991 invocent

1985 4040 2341 4109 Sapientiam,
2391 4051 2492 4091 nec
2542 4041 2842 4094 morentur,
2900 4043 3072 4099 neque
3126 4026 3389 4083 differant
3432 4046 3451 4080 :
3503 4045 3571 4082 ne

1982 4132 2127 4187 forte
2153 4144 2274 4185 cum
2306 4136 2568 4184 statutum
2596 4136 2804 4194 tempus
2832 4121 3163 4187 excesserit,
3201 4120 3303 4175 hoc
3328 4129 3428 4174 est
3450 4163 3465 4181 .
3514 4123 3566 4175 iu

1983 4241 2091 4295 quo
2117 4222 2194 4294 (8)
2227 4218 2521 4292 poenitendi
2550 4217 2778 4271 facultas
2801 4223 2905 4279 est,
2940 4212 3094 4267 tarde
3123 4221 3247 4282 post
3303 4213 3435 4268 hac
3483 4215 3568 4266 in-

2611 4348 2655 4381 "
2676 4346 2915 4410 Gen.m,
2950 4345 3004 4399 8.
3082 4347 3126 4377 “'
3159 4344 3315 4398 Rom.
3359 4361 3423 4406 ι,
3478 4346 3565 4400 12.

1983 4541 2209 4600 Deinde,
2238 4559 2257 4592 ‹
2292 4540 2572 4601 Onomodo
2600 4553 2704 4592 non
2739 4546 2821 4591 est
2848 4535 3144 4597 distinctio,
3188 4552 3209 4585 θ
3241 4542 3355 4587 etc.

2051 4611 2126 4682 (4)
2169 4612 2266 4666 Ms.
2297 4610 2504 4677 Regius
2538 4626 2697 4682 nunt.
2736 4607 2895 4682 1659,
2929 4626 2947 4657 ο
2980 4604 3071 4658 Hae
3097 4607 3243 4682 enim
3274 4615 3413 4682 sint}
3441 4603 3564 4672 ejus

1980 4674 2199 4736 divitiae.
2237 4701 2256 4734 ι
2293 4674 2421 4735 Mss.
2458 4679 2675 4749 quidam
2706 4678 2962 4732 omittunt
2987 4694 3006 4727 ι
3038 4677 3206 4730 enim.
3239 4694 3259 4726 ι
3295 4674 3564 4729 Rabanus

1977 4751 2179 4805 omittit
2207 4770 2224 4801 ι
2251 4751 2386 4818 ejus.
2424 4770 2442 4801 ι

2046 4819 2124 4893 (5)
2161 4815 2323 4885 Editi,
2359 4840 2379 4872 ί
2419 4819 2601 4893 Neque
2632 4816 2775 4872 enim
2811 4830 3006 4872 omnes
3036 4815 3352 4886 quicunque
3399 4816 3561 4869 invo-

1978 4891 2225 4945 caverint
2254 4906 2450 4944 nomen
2478 4891 2616 4957 ejus.
2656 4906 2676 4939 ο

2048 4960 2124 5031 (6)
2168 4961 2331 5025 Editi,
2369 4978 2387 5010 ι
2425 4955 2538 5013 Erit
2562 4959 2705 5014 enim
2741 4967 2953 5031 tempus
2978 4973 3102 5012 cum
3143 4955 3501 5018 iuvocabitis,
3535 4974 3556 5006 ι

1976 5029 2080 5084 etc.
2104 5029 2209 5085 Sed
2226 5046 2414 5085 omnes
2436 5029 2757 5084 mss.nostri
2802 5029 3063 5082 omittunt
3095 5045 3114 5079 ι
3149 5038 3402 5094 tempus;
3452 5045 3474 5077 ι
3503 5038 3558 5078 et

1972 5101 2110 5151 alius
2141 5101 2301 5155 habet
2330 5119 2349 5151 ι
2372 5101 2666 5164 invocetis;
2691 5096 2803 5151 ialii
2822 5114 2949 5152 vero
2971 5098 3227 5153 omittunt
3247 5114 3266 5146 ι
3304 5107 3550 5150 autem.»

2046 5171 2122 5243 (7)
2162 5172 2325 5235 Editi,
2366 5189 2384 5221 ι
2416 5169 2707 5243 coarctaii,
2730 5188 2761 5241 ι»
2796 5168 2952 5232 alias,
2987 5186 3006 5220 ι
3035 5179 3343 5223 coarctare.
3378 5184 3398 5216 ι
3445 5166 3558 5218 Sed

1976 5241 2164 5295 omnes
2195 5255 2325 5295 mss.
2366 5241 2494 5293 utin
2533 5250 2720 5292 nostro
2745 5248 2916 5291 textu.

2046 5312 2125 5381 (8)
2167 5310 2326 5375 Editi,
2356 5328 2374 5360 ι
2405 5309 2480 5362 Ne
2504 5309 2642 5381 forte
2668 5324 2789 5381 cum
2832 5317 3091 5363 statutum
3124 5314 3552 5381 tenipns__aeee-

1974 5374 2283 5453 ptabileque
2314 5374 2319 5375 ί
2353 5380 2694 5453 praeterierit,
2764 5380 2815 5431 in
2878 5394 3006 5447 quo.
3042 5395 3061 5428 ι
3115 5376 3294 5431 Codex
3350 5374 3551 5453 Vallisf

1972 5446 2166 5515 Clarae,
2194 5446 2223 5503 ἶ
2264 5466 2329 5505 ne
2351 5446 2491 5504 forte
2521 5467 2643 5505 cum
2670 5446 2931 5503 statutum
2967 5462 3182 5515 tempus
3205 5446 3553 5500 excesserint

1976 5525 2101 5585 hoc,
2136 5523 2187 5577 in
2220 5537 2350 5592 quo.
2384 5540 2402 5573 ι
2446 5520 2549 5592 Sed
2585 5519 2764 5574 caeteri
2796 5534 2929 5572 mss.
2982 5527 3042 5570 ut
3067 5518 3549 5592 in_nostro.te.xtu,

1977 5583 2257 5662 nisi—quod
2288 5593 2395 5646 duo
2426 5590 2680 5662 omittam
2707 5605 2726 5639 ι
2760 5599 2845 5643 est
2872 5608 2891 5640 ι
2924 5596 3047 5656 post
3074 5605 3093 5637 ι
3127 5587 3232 5641 hoc
3267 5604 3312 5638 ι.

1975 5654 2146 5729 editi;
2166 5684 2184 5713 ι
2220 5662 2370 5717 tarde
2396 5663 2449 5716 hi
2482 5668 2603 5729 post
2633 5661 2783 5723 haec;
2816 5675 2836 5709 ι
2862 5654 3128 5729 etpostea
3147 5670 3288 5729 mss.
3316 5654 3544 5729 quidam

1973 5745 2027 5787 et
2056 5722 2204 5795 editi,
2255 5748 2273 5781 ι
2312 5743 2368 5786 et
2402 5722 2526 5784 tunc
2556 5730 2684 5784 dicit
2712 5722 2838 5798 qnia
2867 5722 3210 5798 invocabitis,
3254 5735 3402 5798 sete.
3437 5722 3545 5776 Sed

1975 5819 2076 5859 ius.
2108 5794 2308 5871 Regius
2337 5817 2486 5858 num.
2518 5798 2675 5868 1659,
2712 5794 2932 5865 rectius,
2969 5817 2987 5851 ι
3027 5808 3077 5853 et
3101 5796 3228 5851 hinc
3253 5794 3401 5850 dicit.
3443 5810 3470 5843 ι
