3692 6138
262 333 401 389 1167

259 455 542 508 hominum
577 450 831 504 invocant
864 462 1062 503 nomen
1086 446 1298 500 Domini
1335 446 1502 499 nostri
1532 445 1656 501 Jesu
1688 445 1841 501 Chri-
1869 450 1914 505 Α
1944 443 2157 513 piamus
2207 444 2362 510 quasi
2414 445 2560 500 dicat
2606 446 2898 517 Apostolus
2942 468 2957 504 :

255 547 326 601 Sti
354 566 366 598 :
405 557 586 614 postea
617 559 746 599 vero
775 557 938 612 quam
985 541 1224 611 Spiritus
1271 541 1366 596 Dei
1399 541 1560 596 fuerit
1593 543 1646 596 in
1675 543 1842 598 corde

253 653 444 694 eorum
478 639 740 702 clamans,
775 655 792 688 ι
827 636 976 690 Abba
1006 646 1162 704 pater
1188 636 1255 702 ³⁸,
1290 655 1308 689 ι
1343 637 1457 706 ipse
1485 635 1716 706 Spiritus
1744 650 1840 690 eos

258 732 422 788 etiam
471 746 664 786 nomen
719 729 898 783 Patris
951 729 1143 784 edocet
1189 729 1462 783 invocare.
1538 727 1661 784 Ideo
1708 743 1840 797 ergo

263 841 283 875 ι
318 823 626 892 quomodo,
666 841 684 874 ι
721 821 917 890 inquit,
959 838 977 871 ι
1016 820 1345 876 invocabunt
1390 819 1504 892 (25)
1529 861 1549 890 ,
1585 822 1638 876 ἰιι
1675 838 1836 892 quem

256 931 365 970 non
412 912 800 972 crediderunt?
834 931 853 963 ι
910 922 966 967 et
1006 915 1060 966 in
1106 915 1209 968 hoc
1237 914 1543 970 arctissima
1576 929 1670 970 eos
1701 931 1836 969 eou-

255 1007 494 1060 elusione
519 1003 863 1073 constringit.
908 1001 1066 1057 Salus
1088 1043 1102 1064 ,
1134 1003 1340 1071 iuqttit,
1374 1018 1480 1056 non
1508 1012 1592 1057 est
1623 1003 1725 1057 nisi
1756 1004 1838 1056 in-

253 1097 494 1154 vocanti.
536 1095 706 1149 Nemo
753 1110 883 1148 vero
929 1094 1148 1148 invocat
1198 1095 1285 1162 qui
1319 1109 1424 1147 non
1458 1095 1652 1150 credit.
1691 1094 1834 1161 Ergo

253 1189 379 1258 quia
407 1204 511 1242 non
547 1187 795 1250 creditis,
827 1200 934 1239 non
963 1186 1258 1252 invocatis;
1292 1197 1348 1240 et
1374 1187 1496 1256 quia
1534 1203 1638 1241 non
1684 1187 1836 1241 invo-

253 1282 412 1344 catis,
440 1296 550 1334 non
579 1281 886 1335 salvamiui.
932 1281 1038 1335 Sed
1076 1298 1096 1332 c
1122 1279 1446 1349 quomodo,»
1486 1280 1662 1349 iuqttit
1693 1280 1827 1348 (26).

260 1395 277 1426 ι
316 1375 538 1428 credent
566 1375 638 1435 ei,
667 1389 825 1443 quem
861 1389 966 1426 non
1005 1373 1333 1426 audierunt?
1363 1392 1380 1424 ι
1419 1374 1570 1439 Quod
1598 1357 1702 1426 non
1737 1387 1830 1426 au-

258 1467 476 1520 dierunt
506 1481 794 1536 possumus
827 1468 906 1520 sic
936 1467 1256 1536 intelligere.
1294 1467 1418 1531 quia
1451 1465 1535 1521 vel
1566 1467 1739 1536 ipsum
1779 1467 1830 1521 in

255 1575 421 1614 carne
451 1560 710 1628 positum,
757 1559 838 1614 vel
869 1559 1144 1629 apostolos
1179 1558 1296 1626 ejus
1325 1556 1438 1629 (27)
1473 1559 1831 1627 praedicantes

252 1654 320 1706 de
347 1668 410 1706 eo
437 1652 627 1707 audire
673 1652 965 1707 uoluerint.
1009 1650 1102 1705 Sic
1146 1652 1288 1706 enim
1338 1660 1392 1705 et
1432 1652 1544 1720 ipse
1574 1650 1831 1705 Dominus

251 1748 384 1801 dicit
410 1748 453 1779 ¹⁹
484 1767 494 1800 ;
527 1746 654 1813 «Qui
684 1762 780 1800 vos
811 1747 978 1808 audit,
1003 1761 1087 1797 me
1120 1744 1268 1797 audit
1298 1763 1310 1798 :
1342 1755 1394 1798 et
1423 1745 1512 1812 qui
1547 1761 1644 1799 vos
1677 1759 1829 1814 sper-

1734 333 2057 381 ιιιιιυωιδ

3388 343 3525 398 1168

2999 451 3106 508 Nos
3151 470 3435 522 praecones
3474 471 3527 511 ct

1942 534 2328 603 prmdicatores
2350 535 2556 592 Christi
2587 555 2693 594 non
2726 557 3011 610 possemus
3045 547 3384 614 praedicare,
3427 567 3526 603 nec

1943 625 2298 681 annuntiandi
2336 629 2493 684 nobis
2520 631 2693 688 virtus
2715 635 2820 688 ulla
2852 637 3194 702 subsisteret,
3231 640 3337 694 nisi
3369 642 3530 694 ades-

1941 730 2024 775 set
2055 723 2208 778 nobis
2236 723 2352 794 ipse
2381 727 2472 795 qui
2510 729 2652 782 misit
2687 728 2819 800 (52).
2876 731 3029 798 Quod
3079 735 3124 786 si
3173 735 3527 802 praedicanti-

1941 815 2042 868 bus
2074 815 2228 870 nobis
2261 818 2450 872 audire
2483 835 2588 874 non
2622 823 2785 877 vultis
2812 865 2826 887 ,
2861 835 3035 878 vestra
3077 824 3186 892 jam
3217 826 3373 895 culpa
3411 839 3524 890 est,

1940 914 1995 958 et
2024 906 2068 959 si
2095 907 2380 964 audientes
2429 926 2534 965 non
2583 913 2826 974 creditis,
2861 925 2912 968 et
2949 931 3055 969 nou
3089 919 3377 972 credentes
3411 936 3523 971 non

1940 999 2243 1062 invocatis,
2282 1011 2334 1054 et
2381 1018 2490 1056 non
2540 1004 2858 1060 invocantes
2903 1008 3038 1062 salvi
3092 1025 3213 1064 esse
3257 1014 3522 1079 nequitis.

1937 1093 2070 1157 Quia
2109 1107 2240 1163 ergo
2265 1094 2416 1148 missi
2451 1104 2577 1150 sunt
2619 1098 2685 1149 ad
2714 1099 3173 1166 praedicationem,
3209 1101 3424 1156 idcirco
3456 1105 3525 1156 de

1938 1184 2022 1235 his
2071 1184 2162 1252 qui
2208 1185 2275 1238 ab
2305 1185 2420 1253 ipso
2451 1186 2604 1240 missi
2639 1195 2765 1240 ειηιι
2793 1190 3058 1257 scriptum
3103 1202 3187 1244 est
3228 1209 3242 1244 :
3284 1211 3303 1242 ε
3339 1193 3524 1259 Quam

1937 1279 2170 1347 speciosi
2218 1280 2383 1348 pedes
2433 1282 2919 1352 evangelizantium
2973 1284 3108 1338 bona
3151 1286 3240 1339 “!
3282 1306 3303 1338 ι
3359 1289 3526 1352 Quod

1935 1370 2099 1438 pedes
2138 1369 2228 1425 hic.
2271 1371 2548 1440 speciosos
2593 1388 2698 1426 nou
2733 1375 3044 1444 corporales
3067 1415 3081 1439 ,
3114 1379 3205 1430 sed
3238 1378 3528 1445 spiritales

1933 1460 2105 1525 dicat,
2143 1471 2273 1530 puto
2317 1463 2459 1531 quod
2506 1466 2753 1531 quamvis
2794 1466 3002 1520 amicus
3045 1467 3114 1519 sit
3145 1469 3264 1534 quis
3294 1469 3526 1532 litterze,

1933 1569 2132 1623 negare
2172 1570 2280 1609 non
2313 1559 2504 1623 possit.
2538 1557 2720 1625 Neque
2745 1557 2886 1610 enim
2918 1559 2970 1611 in
3006 1559 3055 1612 id
3092 1560 3303 1614 ridiculi
3343 1562 3529 1614 dedu-

1932 1653 2018 1696 cet
2050 1644 2407 1711 apostolicutn
2459 1661 2700 1709 sensum,
2736 1657 2794 1698 ut
2838 1649 3293 1718 evattgclislarum
3344 1653 3526 1720 pedes

1933 1735 2022 1803 qui
2048 1737 2330 1803 corporeis
2353 1737 2523 1790 oculis
2554 1737 2725 1790 videri
2756 1749 2999 1805 possunt,
3027 1749 3175 1808 putet
3204 1741 3318 1812 (55)
3343 1745 3418 1797 ab
3453 1761 3529 1796 eo

250 1841 368 1905 uit,
415 1854 500 1893 me
545 1841 773 1906 spernit.
817 1857 834 1890 ι
873 1838 1056 1892 Potest
1092 1849 1271 1892 autent
1323 1851 1376 1891 et
1423 1839 1525 1892 hoc
1576 1837 1813 1907 intelligi,

2002 1841 2158 1880 coros
2204 1828 2308 1880 dici
2364 1837 2419 1881 et
2466 1829 2778 1896 speciosos;
2811 1831 2903 1883 sed
2954 1831 3028 1884 illi
3071 1843 3196 1886 sunt
3237 1835 3434 1887 decori
3467 1847 3527 1887 et

249 1930 391 1996 quod
437 1930 600 1982 etiam
651 1939 703 1983 et
754 1944 899 1982 nunc
943 1939 997 1982 et
1043 1945 1258 1998 semper
1291 1928 1540 1983 Christus
1567 1939 1824 1998 tanquam

251 2023 485 2076 Verbum
516 2032 571 2076 ei
603 2021 761 2074 Ratio
791 2024 1080 2091 unicuique
1107 2023 1357 2090 loquatur
1386 2024 1437 2076 in
1471 2024 1654 2085 corde,
1677 2033 1730 2076 ct
1760 2022 1828 2077 de

249 2114 450 2180 pietate
481 2112 698 2175 doceat,
732 2115 797 2166 de
820 2113 1028 2182 justitia
1067 2115 1312 2174 suadeat,
1346 2113 1410 2165 de
1435 2115 1710 2175 castitate,
1757 2113 1827 2168 de

249 2205 506 2275 pudicitia
556 2205 702 2259 etde
741 2205 992 2259 omnibus
1036 2204 1201 2257 simul
1230 2204 1521 2258 virtutibus
1553 2212 1824 2272 proteste-

252 2312 360 2360 tur,
393 2299 537 2352 sicut
561 2305 615 2352 et
642 2298 757 2366 ipse
780 2299 909 2352 dicit
932 2300 976 2330 ³ο
1015 2319 1024 2351 :
1068 2297 1238 2354 «Oves
1276 2312 1406 2351 mea:
1433 2313 1619 2351 vocem
1650 2313 1822 2352 meam

245 2391 496 2444 audiunt.
531 2409 549 2441 ι
591 2390 685 2444 Sic
720 2392 953 2462 denique
986 2402 1039 2446 et
1072 2394 1125 2446 in
1151 2393 1316 2445 corde
1361 2390 1508 2444 Pauli
1561 2390 1823 2459 loqueba-

249 2492 368 2548 tur,
417 2483 490 2536 ita
540 2492 600 2537 ut
645 2483 736 2539 ille
767 2484 1018 2538 diceret:
1061 2504 1078 2535 ι
1115 2483 1197 2537 Att
1229 2483 1659 2549 experimentum
1707 2485 1824 2551 ejus

247 2579 488 2632 ruzeritis
530 2575 620 2646 qui
665 2577 716 2630 in
761 2591 847 2630 me
894 2575 1136 2646 loquitur
1179 2574 1431 2629 Christus
1465 2574 1543 2627 “?
1575 2593 1594 2626 ι
1626 2572 1818 2642 Sequi-

249 2681 334 2722 tur
367 2687 380 2722 :
419 2687 437 2720 t
475 2667 758 2736 Quomodo
790 2676 969 2722 autem
1003 2667 1223 2720 audient
1255 2667 1371 2721 sine
1403 2666 1768 2736 praedicante?
1796 2686 1816 2719 ι

247 2758 303 2814 lu
329 2760 435 2815 hoc
456 2760 631 2828 magis
659 2774 756 2828 per
777 2759 1184 2828 praedicatttium
1214 2772 1518 2811 sermonem
1546 2758 1819 2812 Christum

246 2855 486 2909 ostendit
537 2853 711 2906 audiri
759 2850 893 2923 (‘28),
932 2852 982 2904 in
1015 2851 1242 2919 quibus,
1279 2853 1575 2906 secundum
1602 2867 1666 2906 ea
1700 2867 1821 2923 quae

246 2962 404 3016 supra
453 2945 726 3007 diximus,
760 2943 1013 2997 Christus
1050 2942 1191 3009 loqui
1223 2952 1276 2995 et
1319 2943 1518 2998 docere
1551 2954 1822 2998 monstra-

247 3048 354 3092 tur.
407 3055 425 3086 ι
456 3035 736 3101 Quomodo
782 3043 963 3087 autem
1017 3033 1408 3102 prmdicabuul,
1457 3035 1560 3089 nisi
1598 3035 1818 3088 mittan-

1929 1919 2158 1986 speciosi
2185 1922 2367 1988 pedes.
2393 1919 2486 1988 qui
2520 1919 2797 1972 ambulant
2827 1936 2922 1990 per
2946 1923 3085 1976 viam
3116 1925 3260 1981 vitm.
3303 1926 3528 1981 Secun-

1929 2010 2056 2062 dum
2087 2010 2239 2063 illum
2275 2011 2418 2065 enim
2455 2011 2569 2082 (51)
2601 2013 2691 2080 qui
2721 2011 2878 2076 dixit,
2916 2033 2934 2066 ι
2967 2015 3076 2082 Ego
3103 2032 3220 2070 sum
3255 2020 3338 2070 via
3380 2019 3460 2081 ³³,
3494 2038 3518 2072 ι

1930 2103 2166 2173 iutellige
2202 2105 2428 2158 decoros
2459 2114 2513 2158 et
2545 2105 2823 2174 speciosus
2870 2109 3358 2177 evangelizantium
3416 2127 3526 2180 pe-

1925 2197 2024 2250 des
2051 2237 2063 2259 ,
2113 2197 2203 2266 qui
2261 2213 2359 2267 per
2395 2198 2552 2253 talem
2582 2201 2722 2252 viam
2757 2200 2868 2270 (55)
2906 2213 3182 2256 merentur
3223 2203 3516 2259 incedere.

1934 2288 2021 2342 Isti
2060 2299 2184 2342 sunt
2227 2290 2389 2358 pedes
2413 2291 2606 2359 quibus
2629 2303 2683 2345 et
2714 2292 2911 2347 Paulus
2936 2296 3244 2350 cucurrisse
3277 2312 3518 2352 cursum

1926 2395 1984 2434 se
2015 2381 2189 2444 dixit,
2224 2392 2279 2434 et
2302 2383 2380 2436 sic
2409 2398 2633 2438 currere
2667 2396 2725 2437 ιιι
2760 2387 3185 2454 comprehendat
3209 2387 3286 2451 ³⁸,
3333 2389 3388 2441 id
3423 2398 3522 2442 est

1926 2473 2083 2540 vigor
2115 2473 2310 2526 animm
2337 2490 2441 2542 quo
2473 2476 2710 2529 tenditur
2749 2487 2800 2531 et
2831 2489 3148 2546 properatur
3177 2480 3243 2532 ad
3271 2481 3517 2534 caelum.

1924 2564 2182 2618 Cratifice
2211 2576 2390 2618 autem
2421 2567 2585 2632 pedes
2611 2568 2744 2622 istos
2768 2583 2886 2622 esse
2919 2569 3162 2622 firmabis
3189 2569 3322 2640 (56),
3354 2587 3518 2640 quos

1923 2655 2080 2711 Jesus
2107 2657 2388 2726 discipulis
2420 2657 2582 2723 lavat,
2633 2671 2688 2713 et
2715 2660 2879 2714 linteo
2903 2676 3012 2730 quo
3053 2665 3384 2730 praecinctus
3424 2677 3520 2719 est

1927 2749 2089 2818 tergit
2115 2748 2182 2801 ⁸⁸.
2226 2748 2293 2802 Et
2335 2751 2581 2818 quamvis
2627 2752 2891 2829 corporali
2947 2765 3071 2807 tttuc
3117 2757 3298 2823 specie
3335 2757 3520 2810 fuerit

1926 2842 2202 2913 impletum
2230 2883 2244 2907 ,
2276 2852 2451 2896 tamen
2481 2843 2648 2914 626
2674 2842 2833 2896 Petro
2867 2846 2964 2897 hoc
2990 2846 3159 2898 solum
3192 2849 3334 2915 quod
3381 2849 3516 2902 fieri

1924 2935 2138 2990 videbat
2187 2935 2496 3004 intelligenti
2537 2936 2670 3005 (57),
2709 2947 2761 2989 et
2797 2937 2951 3005 quasi
2982 2937 3202 2993 honoris
3228 2956 3398 2996 causa
3439 2958 3516 2995 ne

1923 3030 2023 3083 sibi
2056 3043 2218 3084 servo
2244 3031 2413 3098 pedes
2454 3029 2662 3082 lavaret
2707 3029 2963 3084 Dominus
2990 3036 3268 3088 excusanti
3295 3075 3310 3099 ,
3364 3038 3516 3090 audi

248 3132 374 3186 tur?
406 3151 424 3182 ι
463 3128 756 3184 Difficultas
789 3129 916 3181 mihi
963 3128 1208 3193 qumdam
1247 3129 1297 3181 in
1331 3131 1434 3183 hoc
1460 3145 1709 3184 sermone
1741 3131 1819 3183 vi—
1848 3159 1888 3215 C
1923 3137 2085 3190 quam
2120 3122 2370 3190 profundi
2403 3121 2642 3192 mysterii
2693 3124 2938 3191 proditur
2970 3140 3168 3179 sermo.
3212 3144 3230 3176 ι
3272 3127 3329 3179 Si
3356 3136 3444 3191 te,
3489 3151 3509 3180 ι

246 3230 404 3278 detur
451 3237 768 3292 exsurgere.
836 3219 892 3273 Si
938 3221 1081 3274 enim
1132 3221 1204 3274 ita
1255 3222 1617 3292 intelligamus
1670 3225 1813 3291 quod

244 3326 528 3386 prepterea
561 3330 666 3368 non
699 3315 1009 3385 praadicent,
1057 3315 1182 3383 quia
1217 3329 1320 3367 non
1348 3315 1634 3369 tuittuntur
1663 3315 1813 3387 (29);

249 3408 392 3462 nullo
419 3418 598 3461 autem
627 3407 955 3475 praedicante
1004 3421 1112 3458 non
1165 3405 1416 3468 audient;
1449 3421 1554 3460 non
1587 3407 1814 3461 audien-

246 3511 328 3554 tes
374 3513 503 3553 vero
550 3513 654 3552 non
701 3498 926 3553 credent
968 3495 1112 3567 (50);
1166 3512 1269 3551 non
1305 3496 1588 3552 credentes
1635 3509 1814 3554 autem

245 3607 352 3646 non
384 3592 742 3653 iuvocahuut;
777 3605 882 3644 non
914 3589 1227 3643 invocantes
1272 3605 1376 3643 nou
1409 3591 1767 3644 salvahuntur
1800 3609 1813 3642 :

245 3681 513 3750 colligitur
535 3695 600 3732 ex
633 3679 739 3743 his,
773 3688 832 3732 ut
864 3692 1026 3732 causa
1056 3692 1161 3746 qua
1198 3695 1302 3733 non
1339 3689 1464 3733 sunt
1496 3679 1712 3744 salvati,
1743 3678 1810 3732 ad

245 3774 436 3827 vitium
463 3769 572 3844 (5l)
608 3773 793 3825 redeat
817 3770 1082 3833 auctoris,
1119 3772 1211 3839 qui
1247 3785 1350 3825 uon
1380 3771 1589 3824 miserit
1618 3771 1814 3838 prazdi-

244 3875 451 3919 cantes.
512 3864 619 3918 Sed
653 3862 823 3932 magis
865 3863 932 3918 ad
981 3863 1130 3916 illum
1164 3876 1282 3926 nos,
1333 3862 1422 3930 qui
1479 3870 1676 3914 rectior
1707 3873 1811 3925 est,

245 3957 610 4026 intelligentia:
640 3955 910 4010 tramitem
962 3953 1312 4008 deflectatnus
1349 3972 1360 4005 :
1398 3961 1452 4006 et
1479 3950 1619 4022 quod
1653 3950 1809 4015 dixit,

249 4068 265 4100 ι
301 4048 578 4116 Quomodo
611 4047 996 4117 praadicabuut,
1029 4046 1130 4098 nisi
1157 4045 1458 4109 tuittautur,
1500 4063 1518 4095 ι
1560 4045 1637 4097 sic
1667 4042 1811 4096 acci-

898 4187 941 4218 "
973 4185 1104 4238 Luc.
1143 4199 1193 4246 ι,
1228 4182 1314 4236 16.
1390 4181 1435 4211 ³ο
1460 4179 1615 4234 Joau.
1660 4196 1711 4244 ι,
1739 4179 1829 4232 ‘27.

915 4255 960 4286 ³⁵
985 4253 1141 4309 Joan.
1167 4269 1284 4317 xm,
1307 4253 1363 4307 5.

314 4187 357 4218 ’⁸
389 4186 546 4240 Rom.
571 4201 692 4250 vtu,
723 4185 811 4240 l5.

245 4259 286 4291 ³⁸
311 4261 332 4312 l
357 4257 478 4315 Cor.
511 4271 584 4316 ts,
610 4257 702 4320 24,
728 4257 818 4311 9.6.

314 4376 428 4448 (ἳὸ)
470 4379 605 4448 Mss.
649 4375 870 4444 qttidam
899 4415 914 4439 ,
968 4393 996 4448 ξ
1031 4373 1150 4448 Ideo
1178 4411 1195 4435 ,
1237 4371 1423 4448 inquit
1469 4389 1482 4423 :

245 4463 374 4513 ergo
405 4439 782 4507 iuvocabunt,»
818 4455 924 4500 etc.
964 4443 1070 4498 Sed
1094 4457 1194 4496 ms.
1237 4440 1437 4512 Regius
1466 4456 1613 4494 num.
1648 4439 1806 4505 1659,

246 4517 502 4570 Rabanus
530 4527 585 4570 et
614 4515 742 4569 editi
769 4524 827 4568 ut
854 4515 905 4568 in
934 4523 1119 4568 nostro
1147 4521 1313 4566 textu.

317 4586 424 4656 (26)
464 4585 670 4656 Inquit.
707 4586 862 4656 Deest
895 4583 948 4638 in
972 4583 1151 4656 editis.

316 4653 428 4724 (27)
473 4653 689 4720 EjusJu
715 4654 877 4708 editis
902 4655 1191 4708 omittitur.

317 4720 641 4800 (28)_Editi,
682 4741 701 4774 ι
741 4724 797 4777 In
825 4724 929 4800 hoc
959 4724 1132 4800 magis
1173 4720 1580 4800 prted‘icantiunt
1606 4735 1809 4774 sermo-

247 4790 368 4851 uein
399 4796 674 4850 Christum
709 4794 948 4848 ostendit
991 4790 1199 4848 audire.
1231 4811 1251 4844 ι
1297 4790 1404 4845 Sed
1438 4806 1627 4844 oumes
1677 4807 1810 4846 mss.

245 4880 299 4922 et
322 4866 574 4919 Rabanus
609 4873 668 4918 ut
691 4863 746 4916 in
772 4873 939 4917 textu.

316 4935 428 5008 (29)
467 4933 609 4989 Editi
629 4973 645 5002 ,
687 4953 706 4985 ι
736 4933 1082 5003 intelligimus
1106 4972 1120 4986 .
1148 4971 1164 4986 .
1193 4972 1206 4985 .
1232 4971 1246 4985 .
1274 4930 1400 5000 quia
1447 4945 1553 4986 non
1595 4930 1813 4983 tuittau-

248 5019 352 5061 llll'.
392 5025 410 5056 ι

317 5075 428 5146 (50)
471 5074 595 5128 Non
636 5074 927 5146 audientes!
956 5089 1074 5126 vero
1106 5070 1473 5146 noueredent.

245 5141 542 5203 Stituu'ntur
567 5159 635 5198 ex
668 5161 769 5199 ms.
800 5144 967 5210 Regio
995 5158 1142 5196 nttm.
1178 5141 1338 5196 1659.

318 5215 432 5287 (51)
474 5213 566 5270 Sic
617 5225 765 5268 recte
815 5214 967 5266 editi.
1024 5211 1160 5287 Mss.
1184 5225 1310 5287 vero
1338 5210 1510 5287 nostri
1542 5223 1736 5287 omnes
1759 5221 1815 5287 et

249 5281 539 5350 Rabanus,
582 5299 863 5354 perperam
887 5324 901 5348 ,
941 5301 959 5333 ι
991 5284 1056 5336 ad
1090 5282 1322 5354 initium.
1360 5299 1378 5331 ι
1420 5281 1622 5354 Deinde
1655 5283 1810 5354 editi,

251 5377 266 5407 ι
305 5358 409 5410 Sed
439 5350 609 5426 magis
631 5350 695 5426 ad
723 5354 878 5426 illum
898 5367 996 5426 nos
1020 5353 1110 5420 qui
1139 5350 1422 5406 rectiorem
1449 5351 1814 5421 intelligentia:

248 5428 518 5480 tramitem
534 5423 808 5488 'contiuet,
848 5423 1214 5476 dellectamus.
1229 5441 1248 5474 ι

319 5495 429 5566 (52)
466 5494 564 5548 Ms.
592 5493 792 5565 Regius
813 5508 960 5566 num.
996 5492 1155 5566 1659,
1193 5510 1213 5544 ι
1243 5509 1348 5566 non
1375 5509 1657 5566 possemus
1683 5509 1816 5564 pras-

248 5563 465 5644 d-icfare,
519 5580 619 5619 uec
663 5563 986 5618 annuntiare
1031 5563 1216 5628 vobis,
1252 5563 1532 5636 uisi'ipse
1578 5563 1813 5620 ttos’mi-

249 5645 426 5688 btsset.
457 5652 478 5685 ι

319 5705 430 5777 (55)
472 5703 636 5777 ljl‘diti,
669 5705 892 5777 [videri
914 5703 1141 5772 possint,
1171 5715 1378 5777 putem,
1413 5726 1430 5759 ι
1460 5713 1566 5761 etc.

321 5769 432 5842 (54)
473 5769 650 5828 Enim.
693 5773 850 5828 Deest
884 5769 934 5828 iu
969 5769 1148 5830 editis.

1565 5070 1690 5126 llazc
1732 5086 1812 5125 re-

1907 4179 1948 4210 ³¹
1979 4180 2017 4233 ΙΙ
2051 4180 2176 4236 Cor.
2212 4197 2331 4245 xm,
2371 4181 2423 4234 5.

1438 4250 1483 4282 ³⁸
1509 4250 1791 4316 Joau.xut,
1823 4249 1877 4305 8.

1536 4368 1818 4436 Quomodo
1850 4373 1893 4428 D

1927 3215 2122 3282 inquit,
2143 3230 2282 3267 «non
2317 3214 2522 3280 lavero,
2547 3230 2649 3268 non
2680 3217 2902 3271 habebis
2925 3227 3132 3287 partem
3165 3235 3372 3274 mecum
3395 3224 3512 3276 “-o

1924 3307 1989 3360 Et
2019 3309 2212 3360 iterum
2254 3306 2412 3360 aliam
2454 3309 2682 3363 similem
2734 3311 2863 3365 huic
2911 3326 3094 3364 vocem
3137 3322 3399 3381 tanquam
3441 3318 3514 3370 de

1925 3397 2151 3451 Secretis
2193 3399 2436 3452 scientiae
2481 3401 2687 3468 profert
2739 3403 3011 3457 thesauris
3062 3404 3143 3468 ",
3200 3415 3250 3458 et
3294 3408 3440 3460 dicit
3493 3427 3510 3462 :

1927 3510 1947 3543 ι
1970 3489 2123 3558 Quod
2147 3509 2244 3564 ego
2261 3493 2360 3549 feci
2379 3511 2473 3549 vos
2495 3497 2714 3550 nescitis
2730 3497 2888 3549 modo
2911 3515 2922 3549 :
2949 3498 3130 3551 scietis
3150 3507 3325 3550 autem
3350 3512 3518 3567 post-

1919 3584 2172 3651 modum;
2213 3605 2230 3636 ι
2267 3597 2322 3641 et
2349 3587 2522 3651 addit,
2557 3589 2680 3657 quia
2716 3608 2732 3638 ι
2771 3591 2906 3643 sicut
2943 3606 3042 3660 ego
3088 3592 3341 3647 Dominus
3381 3598 3509 3667 (58)

1919 3684 1975 3728 et
2003 3677 2256 3748 magister
2285 3680 2384 3733 lavi
2420 3683 2583 3748 pedes
2615 3692 2822 3735 vestros
2860 3701 2871 3734 :
2905 3694 2956 3736 et
2989 3701 3083 3737 vos
3116 3687 3342 3740 invicem
3381 3691 3511 3760 (59)

1918 3769 2092 3819 lavate
2122 3765 2289 3834 pedes
2324 3763 2666 3819 alterutrum.
2726 3765 3036 3834 Exemplum
3064 3770 3204 3822 enim
3237 3771 3359 3824 dedi
3403 3789 3510 3825 vo-

1918 3862 1999 3913 bis
2032 3860 2098 3914 ³⁸.
2137 3881 2155 3914 ι
2199 3861 2487 3917 Videamus
2538 3879 2664 3934 ergo
2709 3865 2850 3932 quod
2882 3866 2952 3918 sit
2985 3865 3124 3919 istud
3156 3867 3505 3934 exemplum,

1916 3967 2024 4020 quo
2055 3955 2300 4022 magistri
2353 3954 2740 4024 discipulormn
2791 3956 2971 4009 lavare
3023 3957 3250 4010 debeant
3302 3959 3506 4026 pedes,

1917 4053 2012 4098 aut
2045 4044 2111 4098 de
2144 4059 2248 4113 qua
2278 4060 2416 4114 aqua
2451 4045 2527 4098 las
2543 4061 2655 4100 are.
2700 4044 2756 4100 Si
2785 4047 2904 4113 quis
2926 4045 3166 4101 inveniat
3191 4063 3391 4118 aquam
3421 4053 3508 4106 vi-

2502 4183 2546 4214 "
2589 4183 2689 4235 lsa.
2739 4199 2832 4248 ιιι,
2863 4182 2913 4236 7.

1974 4252 2015 4282 "
2048 4253 2178 4306 ibid.
2213 4253 2268 4306 7.
2356 4251 2400 4283 ³⁸
2435 4253 2564 4307 ibid.
2595 4254 2682 4318 14,
2721 4255 2806 4310 15.

1995 4372 2110 4442 (55)
2152 4369 2254 4442 εἰς
2295 4386 2426 4426 mss.
2474 4376 2641 4426 nostri
2695 4387 2881 4426 omnes
2930 4379 2986 4426 et.
3032 4371 3182 4425 editi.
3235 4371 3502 4431 Rabantts

1921 4441 2076 4501 vero,
2119 4459 2137 4492 ι
2168 4441 2257 4508 qui
2291 4457 2389 4508 per
2412 4443 2713 4510 spiritalem
2737 4445 2901 4506 viam,
2931 4461 2946 4493 ι
2984 4451 3090 4499 etc.
3133 4443 3332 4497 Deinde
3357 4464 3497 4502 tttss.

1919 4512 2024 4566 duo
2049 4511 2218 4580 Regii,
2250 4518 2305 4564 et
2327 4511 2476 4576 editi,
2520 4531 2539 4562 ι
2578 4511 2668 4565 lsti
2701 4521 2827 4565 sunt
2849 4525 2977 4580 ergo
3009 4511 3170 4579 pedes
3199 4514 3494 4581 quibus....

1918 4582 2012 4655 sed
2039 4591 2093 4655 et
2122 4581 2200 4655 sic
2217 4596 2450 4655 currere
2478 4599 2502 4655 p
2539 4582 2715 4655 (editi,
2755 4601 2771 4631 ι
2797 4582 3122 4655 cucurrisse)
3161 4594 3217 4636 ut
3241 4599 3498 4655 compre-

1920 4652 2144 4724 ltendat,
2181 4651 2232 4704 id
2259 4661 2377 4716 est,
2402 4653 2595 4724 animm
2629 4653 2780 4724 vigor
2813 4670 2847 4724 n_
2872 4651 3058 4722 (editi,
3095 4651 3112 4702 ι
3148 4651 3496 4724 εηίιιιογιιυο

1921 4722 2180 4792 tenditur,
2213 4738 2235 4792 ι
2290 4730 2396 4775 etc.
2435 4723 2540 4775 Sed
2569 4735 2671 4776 tus.
2718 4721 2920 4792 Regius
2947 4737 3097 4777 num.
3122 4723 3264 4778 1659
3295 4721 3352 4779 et
3379 4721 3491 4781 Ra-

1919 4791 2091 4846 banus
2121 4801 2178 4844 ut
2212 4790 2263 4843 in
2290 4803 2478 4846 nostro
2504 4802 2676 4845 textu.

1991 4861 2105 4930 (56)
2145 4861 2306 4925 Editi,
2347 4879 2366 4912 ι
2399 4861 2655 4915 Gratiftce
2683 4868 2864 4914 autem
2895 4859 3061 4928 pedes
3089 4861 3222 4916 istos
3244 4877 3370 4919 esse
3403 4866 3492 4919 fir-

1919 4933 2108 4984 mavit.
2147 4950 2167 4983 ι
2221 4930 2476 4984 Rabanus
2514 4945 2673 4990 vero,
2713 4947 2732 4981 ι
2774 4932 3063 4997 Speciosos
3106 4945 3287 4986 autem
3324 4939 3490 5000 pedes

1921 5003 2054 5056 istos
2098 5016 2219 5056 esse
2265 5003 2627 5057 tirmabitur.»
2668 5001 2870 5055 Deinde
2899 5001 3058 5066 editi,
3097 5020 3115 5052 ι
3157 5014 3214 5056 et
3241 5011 3487 5071 quamvis

1919 5071 2520 5144 corporaliter_spe_cie_,
2553 5091 2572 5122 ι
2604 5080 2712 5126 etc.
2733 5111 2750 5136 ,
2793 5072 2996 5144 omisso
3027 5090 3045 5122 ‹
3082 5083 3212 5144 tunc
3234 5111 3251 5137 ,
3286 5093 3308 5125 ι
3344 5079 3483 5144 quod

1919 5142 2080 5194 etiam
2107 5142 2254 5196 deest
2282 5141 2334 5194 in
2361 5141 2601 5208 pluribus
2636 5156 2790 5204 tuss.,
2819 5143 2912 5195 sed
2947 5151 3125 5195 exstat
3163 5143 3218 5196 iu
3255 5141 3487 5200 msze-

1921 5213 2006 5281 gio
2034 5227 2182 5264 num.
2214 5210 2350 5265 1659
2375 5220 2429 5264 et
2453 5211 2591 5279 apud
2624 5210 2928 5265 Rabauum.

2013 5281 2100 5351 57)
2141 5281 2269 5336 Mss.
2303 5284 2430 5344 duo,
2461 5295 2767 5350 perperam,
2803 5297 2823 5332 ι
2870 5297 2975 5334 non
3005 5279 3352 5351 intelligenti.
3386 5302 3406 5336 ι

2014 5351 2103 5419 58)
2144 5351 2282 5405 Editi
2307 5389 2324 5415 ,
2379 5369 2397 5400 α
2429 5360 2686 5419 tanquam
2729 5352 2797 5404 de
2827 5365 2886 5404 se
2931 5352 3205 5405 credentis
3245 5356 3479 5407 scientia:

1919 5419 2125 5492 prefert
2158 5423 2478 5484 thesaurus,
2516 5440 2535 5472 ι
2593 5421 2734 5492 (Ms._
2760 5419 2958 5489 Regius
2997 5436 3146 5474 num.
3199 5422 3382 5480 1659.:
3412 5429 3476 5478 de

1922 5489 2030 5545 iam
2065 5493 2290 5547 secretis
2333 5492 2572 5545 scientiae
2602 5489 2818 5559 profert
2873 5493 3162 5560 thesauris)
3211 5503 3268 5546 et
3301 5494 3468 5549 dicit:

1921 5562 2074 5627 Quod
2100 5576 2198 5630 ego
2227 5563 2324 5616 feci
2355 5563 2527 5624 vobis,
2578 5561 2801 5615 nescitis
2842 5563 3036 5627 modo;
3082 5565 3266 5616 scietis
3299 5573 3466 5616 autem

1921 5642 2106 5701 postea
2134 5646 2148 5684 :
2174 5641 2227 5685 et
2253 5631 2400 5684 addit
2421 5669 2436 5694 ,
2479 5631 2607 5698 quia
2641 5632 2684 5684 si
2712 5645 2812 5699 ego
2841 5631 3118 5686 Dominus.
3154 5650 3173 5684 ι
3206 5632 3304 5687 Νι.
3335 5649 3464 5686 unus

1922 5702 2124 5770 Regius
2149 5703 2348 5756 omittit
2381 5721 2398 5752 ι
2431 5702 2554 5770 quia
2588 5717 2608 5752 ι
2634 5712 2760 5754 ante
2789 5717 2808 5750 ι
2841 5702 3004 5756 sicut.
3038 5719 3059 5754 ι
3511 5729 3526 5770 ,θ

1993 5769 2106 5841 (59)
2145 5772 2396 5826 Invicem.
2435 5769 2593 5828 Deest
2625 5773 2678 5826 in
2701 5771 2879 5826 editis.
3511 5769 3516 5778 ’

3013 4183 3058 4214 ³³
3090 4182 3242 4238 Joan.
3288 4201 3407 4252 xw,
3443 4185 3500 4243 6.
