3692 6138
116 317 290 370 HG“)

1066 309 1429 366 COMMENT.
1467 310 1532 363 IN
1569 309 1787 365 EPIST.
1825 308 1917 364 AD
1949 307 2118 364 ROM.
2156 309 2287 363 LIB.
2326 308 2464 363 VIII.

3255 313 3398 367 11Ἱο

103 445 256 483 vam
283 469 304 495 ,
333 436 390 483 et
419 428 464 483 si
488 427 610 495 quis
639 426 874 495 accipiat
901 425 1088 481 bibere
1121 442 1150 480 a
1179 425 1307 481 Jesu
1327 466 1343 492 ,
1379 437 1435 482 et
1463 443 1601 497 aqua
1631 427 1720 482 illa
1749 432 1798 491 Α
1827 428 1968 482 tiant
1991 467 2007 492 ,
2039 428 2132 482 sed
2159 426 2296 482 bene
2319 435 2374 482 et
2400 426 2608 494 integre
2639 429 2960 481 annuntiant
2985 429 3145 482 bona.
3183 415 3402 482 'Excm-

111 522 223 576 ﬁat
273 523 333 576 in
364 535 430 576 eo
460 519 579 575 fons
601 534 755 588 aqua:
792 517 1036 572 salientis
1067 518 1119 571 in
1161 518 1330 572 vitam
1359 528 1620 574 aeternam
1647 520 1714 584 ⁸⁸,

110 614 252 665 iste'
281 612 352 666 de
380 611 485 666 hac
531 623 672 680 aqua
707 609 970 662 doctrinae
1016 608 1281 676 spiritalis
1308 619 1486 677 potest
1533 607 1719 663 lavare

115 705 312 770 pedes
341 701 774 772 discipulorum,
809 711 862 755 et
894 715 1084 756 omnes
1129 716 1195 755 ex
1244 700 1422 753 anima
1477 701 1716 768 ipsorum

111 796 520 852 immunditias
561 795 856 862 sordesque
883 793 1092 847 diluere
1124 811 1138 847 :
1173 801 1227 846 et
1257 793 1360 848 hoc
1391 791 1594 846 faciens
1624 792 1718 846 da-

113 901 247 943 tum
310 903 338 942 a
385 886 651 955 magistro
680 883 926 952 implebit
973 883 1303 952 exemplum.
1353 900 1373 933 ι
1408 882 1652 952 Speciosi
1691 900 1710 932 ι

106 996 262 1052 ergo
305 999 325 1032 ι
359 987 487 1034 sunt
509 978 673 1048 pedes
707 974 1200 1040 evangelizantium
1229 975 1388 1029 bona.
1419 994 1438 1026 ι
1479 974 1554 1029 De
1587 976 1716 1043 ipsis

110 1083 266 1142 puto
320 1070 551 1143 pedibus
599 1069 764 1124 etiam
811 1066 921 1135 (40)
975 1067 1025 1118 in
1074 1065 1318 1120 Canticis
1380 1067 1712 1122 canticorum

114 1167 352 1234 Sponsa
401 1161 535 1216 dicit
564 1160 631 1214 ad
662 1159 898 1213 Verbum
943 1157 1033 1211 Dei
1067 1171 1081 1209 :
1120 1175 1139 1207 ι
1175 1155 1302 1210 Lavi
1346 1158 1510 1227 pedes
1541 1172 1712 1221 meus,

106 1253 412 1323 quomodo
442 1249 739 1317 inquinabo
769 1264 864 1301 eos
893 1247 979 1300 ‘°?
1015 1267 1034 1298 ι
1076 1247 1142 1302 Et
1178 1249 1246 1302 de
1291 1249 1420 1317 ipsis
1443 1249 1716 1304 nihilomi-

108 1362 224 1401 nus
260 1344 506 1400 dicitur:
551 1359 570 1393 ι
603 1340 776 1394 Tibia:
806 1349 910 1394 tua:
935 1340 1074 1394 sicut
1100 1340 1362 1394 columine
1392 1356 1715 1396 marmoreae

107 1455 248 1492 cum
308 1435 532 1492 basibus
577 1433 848 1502 argenteis
878 1432 944 1483 “.
981 1451 1001 1484 ι
1045 1433 1111 1486 Ει
1142 1433 1392 1488 fortassis
1437 1434 1564 1503 quia
1599 1435 1713 1489 hzec

109 1528 478 1600 pulchritudo
514 1535 598 1580 est
630 1525 682 1578 in
710 1525 936 1593 pedibus
982 1525 1716 1597 evangelistarum,pr0pter-

101 1639 172 1678 ea
216 1636 337 1676 non
394 1619 510 1673 vult
536 1631 632 1672 eos
665 1617 923 1673 Dominus
961 1615 1121 1671 Iesus
1165 1617 1550 1672 calceamentis
1582 1632 1712 1686 ope-

106 1718 252 1780 rire,
311 1724 365 1767 et
393 1709 669 1768 occultare
699 1709 937 1777 speciem
974 1709 1289 1778 pulchram;
1335 1711 1431 1764 sed
1465 1709 1708 1780 praecipit

104 1809 194 1859 eis
235 1820 423 1875 neque
447 1807 875 1862 calceamentum
906 1801 1112 1855 habere
1146 1801 1196 1854 in
1238 1803 1324 1854 via
1351 1800 1415 1856 “.
1459 1801 1590 1868 Quae
1615 1817 1707 1855 au-
1740 1783 1780 1836 Β

108 1908 228 1950 tem
265 1897 412 1952 bona
445 1898 554 1952 sint
597 1911 719 1966 qua:
746 1894 1160 1964 evangelizant,
1193 1892 1300 1948 hoc
1325 1903 1405 1948 est
1426 1935 1441 1959 ,
1471 1909 1590 1962 quze
1615 1910 1711 1946 an-

108 1989 402 2055 nnntiant,
447 1989 751 2044 videamus.
793 1986 1054 2053 Quamvis
1085 1985 1188 2040 hoc
1217 1985 1391 2055 ipsmn
1419 1987 1560 2055 quod
1585 1986 1714 2040 dicit

105 2082 507 2152 evangelizare
533 2123 548 2147 ,
601 2081 996 2149 interpretetur
1045 2095 1064 2129 ι
1099 2079 1241 2132 bona
1289 2079 1614 2135 annuntiare
1637 2121 1652 2144 ,
1688 2097 1706 2129 ι

109 2191 239 2242 qua:
271 2175 384 2230 sitit
409 2184 586 2227 tamen
618 2175 756 2228 bona
781 2189 897 2242 quae
922 2171 1079 2226 bonis
1097 2170 1328 2236 addidit,
1349 2173 1711 2238 requiramus.

110 2265 302 2320 Unum
355 2274 412 2318 et
457 2277 648 2318 verum
693 2263 896 2317 bonum
927 2271 1010 2316 est
1055 2262 1198 2315 Deus
1221 2259 1305 2327 δ’,
1339 2259 1492 2327 cujus
1536 2260 1715 2330 imago

108 2356 385 2410 lmnitatis
410 2364 493 2410 est
523 2353 692 2409 Filius
715 2355 760 2386 “
780 2393 798 2418 ,
839 2363 894 2407 et
919 2352 1156 2420 Spiritus
1177 2353 1295 2422 ejus
1318 2394 1333 2418 ,
1367 2353 1459 2421 qui
1512 2356 1712 2409 dicitur

111 2451 299 2502 bonus
326 2449 396 2502 ιθ.
439 2448 586 2503 Istud
620 2461 750 2516 ergo
783 2445 896 2514 (41)
921 2461 1085 2498 untnn
1116 2446 1338 2511 bonum,
1366 2445 1491 2514 quia
1525 2445 1578 2498 in
1606 2444 1712 2498 Deo

111 2539 306 2603 Patre,
341 2550 397 2592 et
425 2537 597 2605 Filio,
627 2549 682 2592 et
714 2536 920 2605 Spiritu
951 2545 1143 2590 sancto
1172 2544 1256 2591 est
1277 2575 1293 2601 ,
1329 2553 1348 2586 ι
1385 2537 1520 2589 bona
1553 2555 1572 2586 )
1612 2550 1711 2588 no-

111 2633 379 2687 minavit.
437 2630 552 2686 Hoc
583 2641 666 2686 est
701 2634 844 2685 enim
873 2631 1014 2699 quod
1057 2629 1390 2682 annuntiant
1427 2627 1712 2700 evangeli-

109 2735 254 2787 stze,
315 2724 614 2777 secundum
661 2730 990 2791 przeceptum
1043 2721 1252 2774 Domini
1302 2729 1359 2774 et
1404 2715 1712 2774 salvatoris

111 2815 298 2868 nostri
345 2814 576 2869 dicentis
612 2831 626 2867 :
662 2831 681 2865 ι
718 2813 817 2879 lte,
850 2815 1036 2867 docete
1060 2826 1249 2866 onmes
1291 2821 1504 2881 gentes,
1534 2811 1701 2880 bapti-

111 2918 311 2962 zantes
359 2921 455 2962 eos
497 2908 549 2960 in
596 2908 816 2961 nomine
862 2907 1073 2972 Patris,
1108 2917 1161 2960 et
1189 2905 1344 2968 Filii,
1381 2915 1435 2959 et
1465 2905 1704 2973 Spiritus

115 3001 299 3053 sancti
328 2999 394 3053 “.
437 3017 454 3050 ι
490 2997 614 3052 Haec
637 3010 764 3054 sunt
793 3013 923 3069 ergo
951 2996 1436 3068 evangelizantium
1466 2997 1604 3050 bona
1639 2995 1703 3050 δ’.

112 3092 225 3147 Sed
256 3093 520 3163 quoniam
547 3102 603 3147 et
633 3093 750 3162 ipse
779 3092 956 3146 bonus
985 3092 1205 3145 nuntius
1229 3092 1450 3155 dicitur,
1485 3102 1540 3145 et
1570 3108 1708 3144 nun-
1735 3121 1776 3177 Ο

119 3187 262 3239 tiare
289 3185 360 3240 de
388 3185 544 3241 bonis
566 3226 580 3250 ,
629 3185 717 3238 illa
758 3185 829 3240 sit
871 3185 1007 3238 ratio
1034 3184 1176 3253 quod
1219 3199 1326 3238 non
1362 3184 1534 3238 solum
1565 3185 1706 3238 bona

118 3277 407 3340 nuntiant,
443 3277 540 3331 sed
587 3286 641 3331 et
683 3276 824 3331 bene
873 3278 1012 3330 bona
1050 3276 1323 3329 nuntiant.
1389 3275 1528 3330 Sunt
1561 3275 1705 3330 enim

117 3369 371 3424 nonnulli
413 3371 504 3440 qui
556 3373 883 3426 annuntiant
929 3371 1146 3440 quidem
1183 3370 1296 3442 (42)
1325 3381 1380 3426 et
1409 3372 1708 3441 praedicant

117 3463 184 3514 de
214 3460 383 3516 Patre
405 3503 420 3526 ,
453 3471 508 3517 et
536 3461 699 3528 Filio,
750 3473 804 3516 et
834 3462 1041 3532 Spiritu
1078 3472 1306 3530 sancto;
1342 3463 1436 3517 sed
1465 3478 1569 3515 non
1600 3462 1709 3515 siu-

117 3569 266 3619 rere,
305 3569 414 3608 non
452 3556 696 3624 integre:
732 3565 789 3609 ut
813 3565 943 3611 sunt
974 3571 1162 3611 omnes
1191 3555 1457 3617 haeretici,
1485 3556 1574 3622 qui
1611 3554 1709 3608 Pa-

123 3654 260 3698 trem
292 3645 538 3712 quidem,
577 3657 629 3702 et
662 3646 881 3714 Filium,
920 3659 972 3701 et
1015 3647 1282 3718 Spiritum
1334 3657 1579 3702 sanctum
1611 3662 1708 3699 au-

123 3737 412 3803 uuntiant;
447 3738 538 3792 sed
567 3755 675 3792 non
710 3742 864 3803 bene,
894 3755 1067 3808 neque
1101 3737 1336 3792 fideliter
1362 3738 1703 3791 annuutiaut.

118 3827 226 3879 Aut
253 3827 402 3881 enim
432 3827 574 3882 male
605 3840 862 3898 separant
888 3828 1086 3883 Filium
1112 3845 1142 3882 a
1171 3828 1329 3883 Patre
1351 3870 1367 3896 ,
1398 3839 1457 3882 ut
1483 3829 1708 3883 alterius

123 3933 335 3976 natura:
379 3919 632 3986 Patrem,
669 3923 896 3977 alterius
927 3922 1120 3977 Filium
1153 3921 1338 3977 dicant
1381 3939 1396 3976 :
1447 3931 1541 3976 aut
1571 3922 1708 3977 male

121 4013 489 4080 confundunt,
518 4023 577 4068 ut
601 4015 685 4070 vel
709 4031 775 4070 ex
812 4016 986 4070 tribus
1012 4015 1374 4084 compositum
1406 4013 1598 4080 Deum,
1626 4014 1709 4069 vel

125 4108 286 4162 trime
321 4111 698 4164 tantummodo
727 4110 1105 4181 appellationis
1143 4111 1197 4165 in
1227 4126 1292 4165 eo
1321 4125 1444 4166 esse
1471 4112 1708 4165 vocabu-

123 4197 231 4252 lum
274 4211 488 4268 putent.
532 4200 632 4266 Qui
661 4213 842 4256 autem
877 4203 1012 4257 bene
1055 4203 1345 4257 annuntiat
1388 4201 1554 4270 bona,
1583 4218 1708 4273 pro-

125 4291 390 4360 prietates
419 4294 640 4360 quidem
679 4293 850 4358 Patri,
885 4306 940 4349 et
972 4294 1134 4360 Filio,
1165 4306 1219 4351 et
1261 4295 1485 4366 Spiritui
1517 4304 1708 4349 sancto

125 4397 255 4438 suas
305 4385 506 4454 cuique
557 4387 738 4452 dabit;
793 4386 926 4440 nihil
971 4398 1150 4442 autem
1197 4387 1537 4443 diversitatis
1587 4401 1707 4442 esse

1821 519 1970 588 plum
2002 534 2135 574 vero
2165 520 2269 575 hoc
2311 519 2378 574 de
2421 517 2557 573 Isaia
2590 520 2702 590 (45)
2744 519 2958 573 videtur
3006 530 3340 589 assumptum
3381 536 3397 574 :

1824 610 1917 664 sed
1950 611 2022 665 ibi
2051 612 2312 680 propheta
2351 611 2418 665 ad
2463 612 2636 680 ipsum
2676 612 2958 666 Dominum
2991 611 3397 681 evangelizandi

1823 701 2058 757 ofﬁcium
2089 703 2293 758 retulit.
2330 701 2408 756 Ita
2457 703 2598 756 enim
2631 703 2706 756 ait
2737 721 2749 756 :
2785 720 2803 754 ι
2843 703 3104 768 Quoniam
3139 720 3239 769 ego
3286 705 3400 772 ipse

1822 795 1913 864 qui
1939 795 2222 864 loquebar,
2254 795 2470 857 adsum,
2499 805 2756 862 tanquam
2781 807 2910 847 aura
2942 795 2991 846 in
3021 795 3314 858 montibus,
3342 805 3399 848 ut

1821 888 1984 956 pedes
2019 888 2445 956 evangelizantis
2477 888 2586 958 (Il)
2634 887 2874 942 auditqu
2925 889 3072 957 pacis
3094 927 3108 949 ,
3144 899 3198 940 ut
3233 904 3398 942 evan-

1819 980 2063 1048 gelizaus
2110 981 2250 1033 bona
2299 980 2368 1034 "'.
2407 999 2427 1032 ι
2491 979 2687 1034 Verum
2737 980 2954 1033 videtur
3001 980 3126 1032 mihi
3177 978 3393 1043 Paulus,

1819 1070 1946 1138 quia
1997 1073 2261 1140 propheta
2313 1071 2560 1134 dixerat,
2601 1089 2620 1122 ι
2651 1082 2712 1124 ιιι
2761 1072 2924 1140 pedes
2973 1072 3396 1140 evangelizantis

1821 1161 2063 1214 auditum
2093 1162 2266 1230 pacis,
2299 1171 2356 1215 ut
2386 1160 2772 1229 evangelizans
2801 1161 2997 1222 bona,»
3039 1172 3090 1214 et
3121 1162 3220 1215 hoc
3243 1163 3394 1224 quasi

1819 1271 1882 1306 ex
1914 1254 2138 1308 alterius
2188 1254 2595 1322 comparatione
2643 1267 3014 1315 memorasse;
3056 1253 3204 1305 velut
3238 1253 3283 1305 si
3316 1254 3398 1306 di-

1817 1353 2012 1399 ceret:
2057 1344 2131 1398 lta
2161 1346 2328 1399 adero
2373 1355 2432 1398 ut
2479 1344 2641 1397 homo
2671 1345 2760 1412 qui
2799 1345 3135 1413 evangelizat
3183 1361 3392 1412 pacem,

1816 1448 1872 1491 et
1901 1438 2245 1508 evangelizat
2280 1440 2447 1492 bona.
2507 1435 2622 1491 Hoc
2664 1447 2846 1492 autem
2875 1436 3082 1492 faciunt
3113 1437 3340 1506 apostoli
3380 1455 3392 1490 :

1816 1531 2020 1586 idcirco
2055 1533 2121 1585 de
2156 1530 2468 1601 semetipsis
2497 1530 2598 1584 hoc
2623 1529 2847 1594 dictum,
2879 1531 2932 1584 id
2960 1542 3064 1594 est,
3097 1532 3162 1585 de
3187 1539 3398 1599 aposto-

1814 1624 1902 1684 lis.
1941 1623 2218 1690 accepisse
2246 1624 2460 1678 videtur
2492 1622 2630 1693 (45),
2661 1625 2728 1677 ad
2761 1639 2992 1692 quorum
3025 1626 3393 1692 comparatio-

1815 1731 1936 1770 nem
1973 1715 2286 1769 adfuturum
2316 1725 2370 1770 et
2397 1716 2897 1785 evangelizaturum
2936 1717 3078 1769 bona
3122 1730 3216 1783 per
3264 1729 3394 1783 pro-

1815 1811 2007 1880 phetas
2037 1824 2096 1864 se
2126 1811 2340 1863 dixerat
2364 1808 2634 1864 Christus.

1883 1899 1935 1954 6.
1987 1919 2005 1950 ι
2042 1899 2147 1954 Sed
2179 1889 2288 1953 non
2319 1915 2512 1954 omnes
2557 1899 2816 1954 obediunt
2849 1897 3160 1970 Evangelio.
3225 1897 3394 1952 Isaias

1815 1994 1963 2047 enim
1997 1993 2130 2046 dicit
2162 2010 2173 2045 :
2212 1991 2460 2057 Domine,
2497 1993 2622 2061 quis
2649 1992 2887 2046 credidit
2928 1992 3135 2046 auditui
3165 1992 3395 2045 nostro?

1816 2083 1960 2152 Ergo
2007 2083 2141 2136 fides
2181 2096 2248 2137 ex
2298 2082 2522 2146 auditu;
2560 2083 2780 2137 auditus
2826 2091 3008 2137 autem
3049 2098 3146 2151 per
3173 2082 3392 2136 verbum

1815 2173 2042 2228 Christi.
2107 2171 2216 2228 Sed
2267 2173 2389 2228 dico
2438 2189 2455 2228 :
2508 2169 2763 2240 Nunquid
2809 2188 2914 2226 non
2967 2173 3300 2226 audierunt?
3339 2171 3393 2224 In

1813 2279 2031 2319 omnem
2069 2273 2274 2319 terram
2296 2265 2433 2319 exiit
2461 2279 2628 2318 sonus
2655 2279 2877 2330 eorum;
2912 2273 2967 2318 et
2996 2263 3048 2317 in
3081 2263 3216 2318 lines
3246 2264 3396 2319 orbis

1823 2366 1983 2409 terrae
2010 2356 2178 2411 verba
2206 2371 2420 2411 eorum.
2462 2354 2567 2409 Sed
2594 2355 2716 2409 dico
2763 2373 2776 2407 :
2815 2353 3064 2422 Nunquid
3093 2355 3254 2408 Israel
3290 2369 3394 2408 non

1815 2448 2104 2518 cognovit?
2123 2449 2335 2504 Primus
2356 2446 2570 2519 Moyses
2591 2447 2723 2502 dicit
2744 2466 2757 2502 :
2777 2447 2890 2518 Ego
2909 2449 2975 2502 ad
2993 2447 3393 2502 tamttlationetn

1815 2557 1910 2595 vos
1932 2541 2197 2596 adducam
2229 2543 2280 2594 in
2314 2557 2418 2594 non
2451 2549 2686 2610 gentem,
2717 2541 2768 2594 itt
2795 2551 3010 2612 gentem
3038 2542 3392 2601 iusensatam.

1815 2635 1867 2685 iu
1903 2632 2040 2687 iram
2084 2646 2182 2688 vos
2203 2631 2478 2687 inducam.
2517 2630 2685 2688 Isaias
2713 2642 2894 2687 autem
2932 2635 3096 2689 audet
3133 2644 3186 2689 et
3209 2634 3340 2687 dicit
3375 2651 3391 2689 :

1813 2726 2069 2780 Inventus
2099 2739 2216 2779 sum
2265 2739 2294 2777 a
2343 2738 2446 2778 non
2491 2725 2860 2795 quaerentibus
2907 2741 3039 2780 me:
3097 2726 3272 2795 palam
3297 2741 3397 2796 ap-

1813 2816 1968 2885 parui
2021 2816 2164 2870 inter
2218 2829 2314 2870 eos
2366 2816 2455 2885 qui
2514 2832 2600 2870 me
2644 2831 2750 2870 non
2801 2816 3237 2886 interrogabant.
3308 2819 3390 2870 Ad

1815 2907 1979 2962 Israel
2027 2920 2207 2961 autem
2257 2907 2388 2976 quid
2422 2907 2599 2962 dicit?
2649 2905 2784 2961 Tota
2814 2909 2900 2963 die
2927 2909 3156 2978 expandi
3204 2925 3394 2962 manus

1812 3015 1962 3055 meas
1993 3001 2059 3054 ad
2088 2999 2342 3069 populum
2378 3015 2483 3054 non
2519 3001 2864 3066 credentem,
2910 3011 2966 3054 et
3011 3002 3393 3056 contradicen-

1814 3101 1919 3146 tem
1968 3091 2015 3124 “
2061 3089 2197 3161 (46).
2258 3110 2278 3144 ι
2362 3089 2552 3159 Neque
2606 3105 2796 3145 omnes
2843 3090 2955 3161 (47)
3009 3106 3076 3146 ex
3144 3094 3394 3161 gentibus

1809 3183 2099 3252 Evangelia
2149 3183 2540 3248 crediderunt,
2595 3198 2770 3251 neque
2817 3197 3009 3238 omnes
3057 3198 3126 3237 ex
3177 3183 3388 3237 Israel:

1806 3275 1970 3347 627
2019 3275 2200 3344 plures
2239 3285 2438 3338 tamen,
2491 3284 2546 3330 et
2579 3275 2746 3330 multo
2788 3275 2970 3344 plures
3007 3291 3072 3332 ex
3115 3278 3388 3346 gentibus.

1808 3383 1971 3437 quam
2013 3383 2078 3422 ex
2132 3367 2315 3422 Israel.
2348 3367 2501 3433 Quod
2547 3382 2676 3437 ergo
2723 3367 2874 3436 ponit
2917 3369 3212 3436 Apostolus
3262 3373 3389 3438 quia

1808 3461 1976 3515 Isaias
2005 3461 2202 3514 dixerit
2233 3479 2244 3512 :
2283 3483 2299 3508 ι
2341 3460 2590 3524 Domine,
2626 3461 2749 3529 quis
2784 3451 3016 3513 credidit
3043 3459 3247 3513 auditui
3281 3475 3384 3513 no-

1809 3565 1923 3607 stro
1947 3553 2028 3606 '°?
2060 3575 2078 3604 ι
2107 3552 2260 3618 Quis,
2307 3568 2404 3621 pro
2444 3568 2570 3604 raro
2605 3552 2810 3606 dictum
2847 3563 2929 3606 est
2957 3571 2970 3605 :
3008 3560 3063 3606 et
3096 3553 3390 3607 observare

1809 3648 2070 3702 debemus
2117 3648 2260 3716 quod
2307 3661 2488 3700 sermo
2537 3646 2625 3699 hic
2670 3646 2722 3700 in
2771 3645 3068 3712 Scripturis
3111 3645 3384 3698 interdum

1811 3755 1908 3807 pro
1966 3755 2109 3804 raro,
2171 3739 2437 3792 interdum
2493 3752 2589 3806 pro
2641 3736 2788 3789 nullo
2840 3736 3060 3790 oumino
3125 3735 3385 3805 ponitur;

1809 3832 1960 3886 verbi
1988 3833 2182 3902 gratia,
2213 3840 2269 3884 ut
2303 3846 2423 3885 cum
2451 3829 2584 3883 dicit
2611 3847 2622 3882 :
2660 3848 2679 3880 ι
2719 3828 2851 3895 Quis
2880 3830 3117 3896 sapiens,
3146 3836 3199 3882 et
3221 3828 3384 3882 intel-

1809 3924 1936 3994 liget
1967 3925 2080 3979 [nec
2103 3923 2188 3978 "?
2229 3943 2247 3976 ι
2283 3933 2359 3987 et,
2397 3941 2416 3974 ι
2457 3922 2591 3988 Quis
2627 3923 2883 3976 ascendet
2915 3922 2965 3975 iu
2996 3931 3234 3976 montem
3277 3918 3383 3974 Do-

1810 4021 1939 4071 mini
1974 4018 2058 4070 "1’
2092 4036 2111 4068 ι
2145 4027 2220 4079 et,
2248 4033 2264 4064 ι
2309 4015 2442 4082 Quis
2464 4026 2549 4072 est
2574 4017 2739 4071 homo
2762 4016 2855 4084 qui
2887 4014 3000 4067 vult
3033 4014 3199 4067 vitam
3235 4012 3320 4066 “1?
3357 4031 3378 4065 ι

1807 4111 1863 4164 in
1893 4113 1976 4164 his
2001 4109 2253 4164 omnibus
2329 4123 2514 4163 rarum
2593 4110 2708 4181 quis
2766 4110 2877 4168 (.18)
2942 4106 3236 4176 significat.
3278 4105 3383 4162 Ubi

1808 4217 1936 4254 vero
1973 4200 2147 4256 dicit:
2207 4218 2226 4251 ι
2262 4198 2395 4265 Quis
2452 4199 2695 4254 ascendit
2751 4197 2806 4252 in
2835 4196 3069 4252 caelum?
3131 4197 3233 4252 hoc
3276 4208 3382 4260 est,

1807 4277 2084 4345 Christum
2111 4291 2378 4345 deducere
2403 4308 2416 4342 :
2447 4292 2531 4344 vel
2557 4291 2677 4359 quis
2701 4290 2976 4343 descendit
3003 4290 3054 4342 in
3086 4287 3385 4359 abyssum?

1809 4382 1911 4436 hoc
1942 4393 2048 4449 est,
2097 4383 2374 4437 Christum
2412 4400 2440 4435 a
2476 4381 2704 4435 mortuis
2755 4380 3011 4434 reducere
3041 4397 3054 4433 :
3095 4399 3114 4432 ι
3149 4381 3236 4433 hic
3267 4382 3384 4448 quis

125 4475 478 4531 confitebitur
510 4476 562 4530 in
595 4477 901 4534 substantia
944 4479 1032 4534 vel
1077 4489 1294 4534 natura.
1335 4478 1434 4546 Qui
1469 4495 1602 4549 ergo
1633 4481 1704 4533 ita
1737 4465 1786 4523 Σ)
1814 4475 1989 4530 nullus
2017 4476 2354 4546 intelligitur.
2400 4474 2588 4529 Nullus
2622 4483 2706 4528 est
2751 4474 2896 4527 enim
2927 4473 3019 4542 qui
3050 4473 3296 4526 ascendit
3329 4473 3381 4524 iu

127 4569 454 4622 aununtiant
490 4565 885 4637 Evangelium,
932 4587 1039 4626 non
1087 4572 1260 4626 solum
1311 4572 1452 4626 bona
1491 4587 1704 4626 annun-

183 4681 242 4726 ι³⁹
272 4681 433 4735 Joan.
467 4696 540 4743 tv,
575 4679 660 4750 14.
747 4679 792 4711 ’⁵ο
818 4680 975 4737 Cant.
1005 4699 1060 4750 v,
1089 4682 1144 4737 5.
1240 4682 1284 4713 “
1317 4683 1446 4737 ibid.
1495 4683 1582 4738 15.

132 4821 190 4885 1;
218 4822 378 4878 Rom.
408 4838 464 4886 x,
498 4821 588 4876 16.

198 4915 314 4983 (40)
354 4915 518 4980 Editi,
559 4933 578 4966 ι
614 4913 687 4968 De
712 4913 832 4970 istis
858 4955 874 4982 ,
905 4924 964 4970 ut
995 4926 1158 4987 puto,
1197 4918 1361 4972 etiam
1390 4918 1645 4988 pedibus,
1681 4942 1699 4972 ι

131 4994 232 5038 CIC.

203 5053 314 5128 (41)
357 5053 458 5128 Ms.
489 5053 687 5124 Regius
711 5072 861 5109 num.
891 5055 1052 5123 1659,
1082 5075 1102 5108 ι
1123 5065 1179 5111 et
1199 5056 1292 5127 qui
1321 5055 1554 5126 Spiritus
1587 5057 1703 5128 ejus

136 5125 351 5178 dicitur.
393 5125 535 5179 Istud
568 5141 721 5195 ergo,
755 5144 774 5176 ι
806 5137 910 5180 etc.

201 5196 311 5266 (42)
352 5195 459 5266 Ms.
483 5211 623 5250 unus
655 5195 853 5265 Regius
881 5211 1036 5249 num.
1064 5197 1236 5261 1659,
1282 5217 1302 5248 ι
1340 5197 1434 5252 sed
1469 5205 1525 5251 et
1565 5197 1704 5252 bene

137 5265 401 5321 nuntiant.
443 5265 588 5319 Bona
617 5273 744 5319 sunt
771 5267 913 5319 enim
946 5281 1066 5334 quae
1098 5269 1342 5323 nonnulli
1377 5269 1704 5321 annuntiaut

137 5337 366 5416 quidem.
407 5354 426 5387 ι
462 5344 566 5390 etc.
608 5336 714 5390 Sed
751 5336 932 5390 caeteri
982 5353 1114 5392 mss.
1139 5383 1155 5408 ,
1194 5340 1450 5395 Rabanus
1481 5347 1537 5392 et
1571 5339 1702 5393 editi

139 5413 191 5456 ut
220 5413 268 5457 in
299 5417 486 5460 nostro
513 5415 682 5460 textu.

205 5476 316 5546 (45)
358 5477 518 5541 Editi,
560 5493 580 5526 ι
617 5475 935 5545 Exemplum
962 5493 1088 5534 vero
1126 5481 1192 5534 de
1222 5480 1386 5544 Isaia,
1416 5497 1435 5530 ι
1469 5487 1577 5533 etc.

203 5546 310 5616 (44)
345 5546 527 5619 AEditi,
556 5563 575 5597 ι
618 5555 992 5619 tanquamora
1027 5551 1078 5604 in
1109 5552 1385 5606 montibus
1406 5589 1420 5613 ,
1452 5559 1510 5602 ut
1541 5549 1702 5619 pedes

139 5617 678 5688 evangdizantinm,»
710 5628 821 5688 etc.
850 5617 950 5674 Ms.
977 5620 1178 5688 Regius
1201 5638 1349 5676 num.
1376 5617 1704 5685 1659,“an

141 5687 552 5766 9"allt_ltora...-
585 5697 642 5740 ut
667 5687 828 5756 pedes
851 5693 1364 5762 evangelizantis....
1392 5701 1447 5747 et
1471 5705 1709 5763 evange~

143 5759 366 5823 hiantis,
397 5776 416 5809 ι
448 5769 558 5813 etc.
996 5759 1016 5762 ⁷
1617 5759 1635 5763 ⁷
1697 5767 1706 5776 '

1677 4683 1721 4715 "
1745 4680 1933 4735 Matth.
1975 4695 2030 4743 ι,
2077 4679 2164 4733 10.
2241 4678 2286 4710 ⁵³
2315 4678 2502 4732 Matth.
2558 4675 2792 4742 xu,17.

129 4750 176 4782 "
207 4750 540 4816 Psal.cxt.tt,
582 4749 668 4805 10.
731 4750 776 4820 δέ
801 4750 992 4807 Matth.
1023 4746 1216 4820 mm,
1253 4752 1340 4807 19.
1415 4752 1459 4784 ⁸⁷
1487 4752 1590 4808 Isa.
1619 4753 1785 4818 Lu,7.

1860 4752 1906 4782 ⁸⁸
1938 4748 2038 4806 Isa.
2077 4766 2174 4814 ιιι,
2205 4749 2258 4814 6,
2291 4751 2361 4820 7.
2418 4749 2462 4779 ⁸³
2494 4749 2650 4801 Rom.
2687 4763 2740 4814 x,
2771 4746 2836 4800 16
2857 4763 2981 4817 sqq.

668 4821 713 4852 ⁸¹
750 4819 890 4877 Osee
939 4837 1056 4889 xw,
1085 4824 1171 4879 18.
1203 4819 1208 4820 ί
1246 4824 1291 4854 ⁸³
1317 4822 1459 4878 Psal.
1497 4841 1656 4889 χχιιι,
1682 4825 1736 4879 5.

1811 4569 2007 4624 malum
2045 4567 2321 4623 Christum
2357 4567 2484 4622 inde
2515 4566 2800 4621 deducere.
2833 4561 2990 4618 Nunc
3031 4578 3182 4634 ergo,
3218 4581 3237 4615 ι
3279 4562 3384 4618 Do-

2871 4674 2919 4706 “
2951 4674 3080 4745 Sap.
3136 4691 3231 4741 vlt,
3286 4673 3378 4729 26.

3057 4747 3103 4778 IO
3131 4749 3191 4778 lu.

1860 4752 1906 4782 ⁸⁸
1938 4749 2038 4806 Isa.
2077 4766 2174 4814 ιιι,
2205 4749 2258 4814 6,
2291 4751 2342 4802 7.
2418 4749 2462 4779 ⁸³
2494 4749 2650 4801 Rom.
2687 4763 2740 4814 x,
2771 4749 2836 4800 16
2857 4763 2981 4817 sqq.
3057 4749 3103 4778 ⁵⁸
3129 4749 3229 4802 Isa.
3258 4762 3376 4811 LIII,

1811 4823 1858 4855 ⁸³
1879 4822 2022 4875 Psal.
2058 4836 2250 4882 xxxut,
2302 4819 2390 4873 15.

1839 4917 1849 4924 “
1881 4916 1996 4986 (45)
2044 4913 2264 4968 Videtur
2289 4916 2437 4969 deest
2466 4913 2796 4986 inronmibus
2826 4927 2951 4986 mss.
2979 4921 3029 4965 et
3059 4911 3219 4986 editis
3240 4952 3254 4975 ,
3285 4913 3380 4966 sed

1806 4984 2159 5056 supplendum
2209 4985 2442 5056 videtur.
2520 4985 2718 5038 Deinde
2767 4984 3014 5056 editi,‘t
3054 4984 3311 5036 futurum.
3353 5003 3372 5033 ι

1807 5053 1889 5111 Ειξ
1912 5053 2072 5125 paulo
2109 5067 2230 5124 post
2257 5072 2358 5108 ms.
2397 5055 2594 5122 Regius
2646 5071 2794 5106 num.
2844 5053 2981 5107 1659
3005 5094 3020 5118 ,
3071 5072 3089 5104 ι
3125 5070 3222 5122 per
3255 5066 3366 5118 pro-

1823 5129 2039 5180 thetatn.
2081 5147 2098 5177 ι

1805 5143 2238 5265 υηῗὶὲῗῶἇιηὶηε
2265 5195 2379 5265 quis
2409 5193 2646 5257 credidit,
2677 5204 2782 5252 etc.
2814 5191 3102 5265 usquead,
3133 5207 3380 5265 uenere—

1803 5262 2028 5327 dentem,
2061 5275 2108 5317 et
2142 5262 2600 5324 contradicentem,
2636 5265 2834 5318 desunt
2863 5265 2917 5317 in
2956 5262 3133 5326 editis,
3164 5262 3262 5316 sed
3293 5278 3380 5317 re-

1804 5336 2108 5390 stituuntur
2137 5352 2204 5390 ex
2233 5335 2485 5388 omnibtts
2515 5350 2644 5389 mss.
2676 5334 2899 5390 nostris.

1877 5407 1985 5475 (47)
2019 5406 2157 5460 Editi
2206 5417 2257 5459 et
2300 5405 2586 5464 Rabanus.
2623 5427 2639 5455 ι
2676 5405 2860 5474 Neque
2905 5402 3047 5456 enim
3082 5418 3313 5475 omnes,
3356 5422 3374 5452 ι

1804 5473 1909 5532 etc.
1941 5473 2045 5532 Sed
2075 5492 2267 5530 omnes
2296 5493 2424 5530 mss.
2459 5477 2627 5530 nostri
2659 5473 2917 5529 omittunt
2945 5494 2961 5523 ι
3005 5473 3170 5526 enim.
3214 5492 3234 5523 ι

1877 5547 1988 5618 (48)
2025 5546 2170 5612 Quis.
2203 5546 2277 5599 Ita
2311 5557 2456 5618 recte
2485 5563 2584 5599 ms.
2626 5561 2765 5599 unus
2795 5545 2995 5618 liegius
3033 5560 3185 5597 nutu.
3221 5545 3378 5599 1659.

1805 5615 1998 5674 Cteteri
2031 5633 2162 5672 vero
2208 5633 2363 5679 mss,
2405 5617 2656 5673 Rabanus
2699 5627 2754 5670 et
2783 5615 2944 5682 editi,
2978 5636 2995 5666 ι
3032 5630 3321 5686 quemque.
3357 5635 3375 5666 ›

1805 5687 1897 5745 Sic
1928 5696 1980 5745 et
2007 5688 2169 5761 paqu
2193 5687 2354 5742 infra.
