3692 6138
261 270 397 341 ιιτι

1718 276 2037 334 ORIGEMS

3386 262 3413 328 l
3430 274 3529 327 ’.τε

261 409 426 473 mine,
454 404 574 475 quis
605 403 841 460 credidit
881 404 1087 459 audituri
1138 411 1323 459 nostro
1347 404 1434 457 l"*?
1468 422 1492 456 ι.
1515 402 1658 471 quod
1701 402 1833 457 dicit
1862 407 1910 461 A
1936 402 2107 470 quelte
2138 416 2312 468 neque
2342 412 2640 464 sermones,
2676 411 2906 468 quorum
2937 412 3047 453 non
3076 395 3376 451 audiantur
3397 396 3514 465 (55;

258 489 443 563 lsaias,
479 513 660 552 raram
695 499 814 568 quis
842 498 1128 569 signiﬁcat.
1171 497 1324 552 Scire
1355 506 1534 552 tamen
1565 512 1664 551 nos
1690 512 1824 550 eon-

259 592 428 652 venit,
452 590 593 660 quod
621 609 639 642 ‹
663 589 915 644 Domine.
935 589 1058 659 quis
1079 591 1309 644 credidit
1328 578 1531 643 anditni
1555 589 1779 643 nostro?
1808 609 1827 641 ι

261 681 315 734 in
352 679 591 736 Hebraeis
618 678 1020 749 exemplaribus
1062 679 1287 733 Domine
1338 695 1443 734 non
1490 679 1706 745 habeat,
1738 680 1833 737 sed

264 772 319 825 in
375 772 832 840 interpretatione
883 771 1237 839 Septuaginta
1290 770 1575 825 Seniorum
1624 772 1747 833 sit:
1780 778 1834 823 et

262 848 552 930 Apostolus
600 860 712 932 (49)
762 862 863 914 hoc
913 861 1149 930 probans
1193 861 1334 930 quad
1377 863 1515 929 apud
1561 861 1681 915 illos
1725 870 1833 925 est,

264 953 440 1021 posuit
469 931 709 1004 Domine.
730 939 954 1004 Videtur
980 959 1160 1002 tamen
1184 931 1351 1002 lsaias
1376 949 1488 1002 haec
1511 963 1574 1002 ex
1605 962 1832 1016 persona

1936 510 2098 551 voces
2121 509 2330 550 eorum.
2353 493 2409 547 ln
2439 510 2653 549 omnem
2682 507 2883 547 terram
2909 491 3083 546 exivit
3105 504 3279 545 sonus
3304 504 3524 550 eorum,

1936 599 1991 643 et
2019 589 2071 641 in
2108 587 2243 642 ﬁnes
2285 588 2434 643 orbis
2473 597 2631 641 terra:
2659 588 2824 641 verba
2876 598 3089 639 eorum.
3131 600 3152 633 ι
3186 581 3243 635 ln
3278 595 3394 648 quo
3426 593 3526 645 pro

1940 681 2244 749 linguarum
2287 689 2341 733 et
2370 693 2683 733 sermonum
2726 678 2994 731 varietate
3042 684 3231 745 gentes
3264 673 3394 726 sine
3425 672 3527 721 du-

1935 770 2026 824 bio
2086 768 2461 837 intelliguntur
2520 783 2535 821 :
2602 779 2658 821 et
2685 768 2882 822 dicitur
2942 767 3070 835 quia
3142 753 3528 834 apostoloﬂnn

1937 860 2136 916 Christi
2168 863 2218 914 in
2256 875 2468 914 omnem
2502 861 2717 929 quidem
2747 869 2946 913 terram
2978 873 3147 912 sonus
3174 856 3382 910 exierit
3418 873 3435 907 :
3475 853 3526 904 in

1937 952 2076 1007 ﬁnes
2105 968 2233 1007 vero
2260 953 2408 1008 orbis
2437 963 2599 1006 terras
2630 967 2732 1005 non
2760 966 2951 1013 sonus,
3000 952 3094 1004 sed
3122 950 3293 1002 verba
3321 962 3526 1015 perve-

266 1039 634 1109 apostolorum
686 1036 1031 1108 prophetare,
1087 1038 1284 1106 quibus
1338 1039 1611 1092 creditum.
1656 1039 1839 1092 fuerat
1938 1044 2139 1097 nerittt.
2199 1043 2352 1110 Quod
2386 1045 2456 1097 ita
2505 1043 2726 1113 intelligi
2776 1052 2976 1109 potest,
3013 1041 3144 1111 quia
3184 1058 3205 1091 ι
3239 1049 3459 1099 terram
3498 1056 3525 1089 ι

267 1129 667 1198 praedicationis
696 1128 927 1184 cilicium
961 1147 973 1182 :
1002 1138 1056 1182 et
1101 1129 1202 1198 ipsi
1236 1145 1355 1182 cum
1412 1130 1691 1182 raritatem
1718 1146 1836 1183 cre-
1938 1134 2221 1204 imperitos
2242 1147 2486 1203 quosque
2515 1142 2568 1185 et
2592 1131 2904 1185 indocibiles
2928 1130 3180 1183 homines
3202 1129 3349 1183 dicat
3376 1125 3525 1197 (56).

267 1223 510 1276 dentimn
561 1222 833 1289 praecipue
878 1221 944 1274 de
984 1219 1180 1289 popqu
1228 1218 1391 1273 Israel
1423 1220 1670 1272 viderent
1698 1219 1834 1290 (50),
1938 1227 2004 1279 ad
2036 1240 2172 1293 quos
2199 1240 2304 1279 non
2332 1225 2518 1287 verba,
2545 1222 2598 1276 in
2647 1222 2843 1290 quibus
2873 1222 3014 1275 ratio
3043 1219 3167 1274 ﬁdei
3199 1220 3528 1275 continetur

267 1316 456 1370 dicunt
488 1315 555 1368 ad
591 1313 878 1367 Dominum
915 1330 930 1367 ε
971 1326 990 1362 ί
1029 1312 1276 1377 Domine.
1328 1313 1451 1379 (Ιιιῖε
1484 1312 1714 1365 "Edidit
1742 1327 1838 1364 ³η-
1938 1326 1993 1371 et
2018 1302 2323 1384 explanatio
2355 1315 2652 1385 sapientiae,
2683 1314 2775 1367 sed
2810 1328 2971 1367 sonus
3000 1313 3123 1367 ﬁdei
3155 1311 3444 1367 communi
3470 1319 3535 1363 et

270 1407 408 1460 ditni
441 1414 628 1461 nostro
653 1400 738 1456 ⁸³⁸1
773 1419 800 1456 λ
830 1406 972 1461 sicut
996 1416 1049 1459 et
1074 1405 1203 1459 illud
1230 1419 1296 1458 ex
1331 1420 1563 1472 persona
1597 1404 1835 1471 ipsorum
1938 1407 2166 1475 simplici
2202 1406 2587 1475 praedicatione
2620 1406 2925 1475 pervenerit
2954 1421 2968 1457 :
3003 1405 3163 1457 linem
3203 1416 3333 1455 vero
3362 1400 3528 1455 orbis

269 1498 488 1562 dicitur,
541 1498 666 1567 quia
704 1515 723 1548 α
763 1498 1199 1551 annnntiavimus
1229 1482 1341 1568 (51)
1374 1500 1510 1553 sicut
1547 1512 1682 1566 puer
1713 1507 1839 1551 ante
1940 1507 2212 1553 terrarum
2254 1499 2583 1552 eruditiores
2618 1511 2860 1566 quosque
2910 1505 2964 1549 et
2992 1495 3388 1564 prudentiores
3425 1507 3529 1558 ap-

270 1594 472 1661 ipsnm,
504 1592 644 1645 sicut
668 1576 818 1644 radix
850 1591 900 1643 in
936 1588 1077 1643 terra
1107 1588 1307 1643 sitienti
1342 1589 1405 1644 ".
1446 1608 1463 1640 ι
1502 1590 1563 1642 Et
1591 1590 1687 1658 ipsi
1715 1598 1839 1642 sunt
1939 1590 2237 1660 pellaverit.
2266 1589 2421 1645 Finis
2460 1590 2603 1644 enim
2639 1588 3025 1658 perfectionem
3062 1586 3271 1639 indicat
3301 1598 3529 1647 rerum.

270 1681 626 1736 nihilominus
652 1680 745 1748 qui
777 1680 961 1733 dicunt
990 1679 1136 1733 velut
1166 1695 1288 1733 cum
1332 1680 1444 1748 ipso
1489 1679 1648 1747 positi
1676 1686 1729 1732 et
1757 1677 1839 1730 vi-

269 1776 459 1830 dentes
485 1788 606 1828 eum
640 1774 691 1826 in
724 1772 908 1825 habitu
940 1772 1195 1833 humano,
1227 1772 1349 1838 quia
1385 1789 1403 1820 ι
1436 1771 1669 1824 vidimus
1692 1784 1839 1832 eum,

269 1873 323 1919 et
358 1878 462 1917 non
496 1863 727 1917 habebat
753 1861 985 1931 speciem
1019 1876 1192 1928 neque
1215 1862 1464 1914 decorem
1490 1861 1556 1925 ⁸⁷,
1594 1880 1615 1910 ι
1642 1869 1697 1913 ct
1720 1860 1844 1914 reli-

270 1963 398 2025 qua.
440 1955 544 2008 Sed
571 1964 626 2006 et
656 1955 700 2007 si
737 1953 806 2005 ad
845 1966 1131 2021 personam
1175 1952 1408 2018 ipsorum
1460 1950 1840 2019 protihetarum

274 2044 579 2099 referantur
630 2046 743 2098 haec
796 2045 982 2106 verba,
1029 2042 1184 2108 quasi
1233 2041 1328 2109 qui
1375 2040 1513 2109 apud
1559 2040 1841 2094 Dominqu

275 2147 682 2205 conquerantur
709 2124 854 2203 quod
881 2135 965 2186 his
994 2148 1113 2200 quae
1141 2133 1208 2186 de
1235 2133 1452 2187 Christo
1483 2133 1842 2201 praphetave-

274 2231 406 2293 rint,
441 2243 603 2282 nemo
636 2237 728 2281 aut
765 2227 1052 2281 admodum
1103 2227 1258 2294 pauci
1301 2242 1364 2279 ex
1393 2226 1587 2295 populo
1614 2224 1702 2278 illo
1732 2217 1843 2296 (52)

274 2321 627 2388 crediderint,
685 2336 788 2373 non
844 2319 1120 2373 videbitur
1167 2319 1424 2372 alienum.
1479 2321 1583 2373 Aut
1617 2337 1719 2373 non
1762 2331 1846 2374 est

276 2413 572 2483 putandum
602 2412 726 2479 quia
753 2410 966 2481 Moyses
990 2401 1134 2465 dicat
1159 2412 1223 2463 ad
1251 2410 1532 2465 Dominum
1559 2429 1572 2464 :
1598 2411 1843 2475 Domine,

273 2522 435 2559 nemo
459 2506 689 2560 credidit
721 2504 927 2559 anditui
964 2504 1126 2558 meo?
1178 2503 1235 2556 Si
1294 2504 1438 2556 enim
1490 2503 1847 2558 credidissent

276 2594 470 2652 litteris
498 2598 654 2662 meis,
684 2595 1039 2652 credidissent
1073 2595 1256 2664 utique
1280 2601 1334 2647 et
1356 2580 1573 2648 Christo
1598 2612 1613 2650 :
1637 2595 1703 2648 de
1728 2594 1845 2664 ipso

272 2690 420 2742 enim
453 2704 553 2758 ego
587 2688 821 2757 scripsi:
861 2706 880 2738 ‹
916 2675 1056 2757 Ergo
1090 2686 1220 2740 ﬁdes
1261 2701 1325 2739 ex
1362 2686 1585 2752 auditu;
1631 2687 1846 2741 auditus

277 2789 458 2832 autem
491 2792 590 2847 per
611 2764 833 2831 verbum
869 2775 1091 2831 Christi.
1118 2795 1136 2827 ι
1167 2768 1263 2830 Hic
1291 2793 1311 2827 ‹
1343 2779 1567 2831 verbum
1587 2764 1790 2832 Cbrlsti
1820 2795 1843 2829 ι

274 2870 718 2938 praedicationem
768 2869 836 2923 de
863 2869 1089 2924 Christo
1141 2865 1429 2936 signiﬁcat.
1487 2868 1671 2939 Neque
1699 2871 1846 2923 enim

213 2996 221 3003 -
275 2963 351 3015 illi
406 2962 505 3016 soli
560 2961 906 3015 crediderunt
949 2961 1040 3028 qui
1087 2962 1312 3016 verbum
1362 2960 1428 3014 ab
1480 2962 1597 3028 ipso
1631 2960 1846 3015 Christo

278 3052 404 3106 desu
440 3049 553 3124 (55)
597 3051 827 3106 Domino
883 3051 1135 3120 loquente
1179 3052 1494 3118 audierunt;
1547 3051 1639 3106 sed
1678 3040 1846 3105 multo

275 3145 459 3214 plures
486 3154 631 3210 sunt,
662 3143 754 3213 qui
788 3142 911 3197 aliis
936 3158 1058 3196 eum
1088 3142 1510 3212 prtedirantibus
1534 3145 1844 3211 audierunt,

278 3236 423 3288 sicut
446 3244 501 3288 et
522 3234 637 3303 ipse
665 3219 925 3288 Dominus
972 3236 1292 3303 praedixerat
1347 3235 1571 3304 loquens
1599 3237 1664 3291 ad
1700 3235 1847 3290 Tho-

278 3332 421 3381 inam
454 3327 502 3360 ⁸⁸
533 3342 547 3378 :
581 3344 601 3377 ‹
641 3325 780 3392 Quia
837 3313 1017 3381 vidisti
1060 3342 1167 3393 me,
1205 3348 1226 3380 ι
1259 3328 1452 3398 inquit,
1483 3346 1503 3381 ι
1534 3324 1845 3394 credidisti;

279 3416 425 3474 beati
453 3434 556 3474 non
583 3419 834 3474 videntes
861 3428 918 3474 et
963 3420 1250 3476 credentes
1280 3410 1415 3491 (54).
1458 3440 1477 3474 ι
1515 3422 1689 3477 Omne
1716 3438 1849 3492 ergo

276 3514 502 3568 verbum
551 3513 696 3583 quod
726 3512 981 3583 apostoli,
1013 3518 1075 3567 et
1123 3515 1166 3568 si
1197 3514 1288 3584 qui
1338 3514 1428 3568 alii
1463 3513 1531 3568 ab
1591 3515 1708 3584 ipso
1755 3531 1848 3569 ac-

278 3615 433 3676 cepta
493 3608 672 3678 gratia
727 3606 795 3662 de
844 3596 1065 3664 Christo
1115 3608 1571 3676 praedicaverunt,
1623 3609 1845 3663 verbum

279 3696 488 3753 Christi
520 3712 643 3754 esse
672 3697 1010 3768 pronuntiat.
1044 3696 1150 3753 Sed
1182 3707 1235 3753 et
1268 3698 1320 3751 in
1355 3698 1597 3753 Ecclesia
1628 3699 1673 3753 si
1726 3700 1848 3768 quis

280 3792 601 3862 Sapientiam
634 3804 755 3861 quae
802 3807 867 3847 ex
924 3793 1034 3849 Deo
1081 3801 1186 3858 est,
1241 3801 1294 3847 et
1327 3794 1608 3847 veritatem
1640 3793 1732 3848 Dei
1770 3794 1848 3849 lo-

279 3888 504 3959 quatur,
539 3885 582 3939 si
609 3885 731 3954 quis
765 3885 904 3939 viam
937 3875 1052 3950 Dei,
1078 3900 1199 3954 quae
1225 3884 1474 3941 Christus
1503 3894 1611 3950 est,
1635 3887 1847 3955 do‘ceat,

280 3988 336 4032 et
358 3976 627 4044 justitiam
655 3963 774 4044 eius
796 3987 1047 4047 exponat,
1081 3978 1202 4033 sine
1230 3976 1394 4031 dubio
1421 3979 1564 4047 quod
1590 3978 1846 4047 loquitur,

278 4068 504 4123 ‘verbum
553 4067 754 4123 Christi
786 4079 887 4124 est.
919 4086 938 4119 ι
974 4068 1079 4123 Sed
1118 4069 1236 4121 dico
1272 4085 1287 4122 :
1318 4058 1568 4138 Nunquid
1613 4083 1719 4123 non
1752 4084 1850 4123 au-

284 4158 541 4214 dierunt?
569 4157 624 4212 ln
655 4164 871 4214 omnem
899 4168 1100 4214 terram
1135 4159 1304 4213 exivit
1348 4172 1517 4213 sonus
1551 4173 1761 4224 earum,
1796 4169 1850 4215 et

280 4240 338 4307 in
364 4252 499 4308 ﬁnes
529 4253 682 4307 orbis
710 4254 870 4307 terrae
896 4251 1061 4306 verba
1087 4266 1299 4306 eorum.
1336 4270 1356 4304 ι
1396 4248 1520 4306 Haec
1548 4252 1613 4307 de
1643 4253 1852 4321 psalmo

283 4354 478 4400 octavo
511 4345 721 4400 decimo
758 4346 1074 4411 assumitur,
1103 4344 1193 4401 ubi
1233 4345 1309 4398 ait
1336 4361 1351 4398 :
1384 4363 1403 4395 ι
1436 4343 1553 4400 Νοη
1605 4353 1732 4399 sunt
1766 4344 1846 4400 lo-

1946 1685 2021 1738 Ad
2053 1685 2153 1738 hos
2177 1699 2305 1752 ergo
2338 1682 2474 1738 tales
2500 1698 2605 1737 non
2649 1697 2835 1735 sonum
2876 1681 3044 1742 vocis,
3078 1679 3173 1732 sed
3205 1676 3317 1749 (57)
3340 1679 3533 1731 verba

1944 1788 1999 1831 et
2031 1777 2299 1830 rationem
2331 1776 2639 1844 pervenisse
2683 1775 3013 1841 pronuntiat.
3047 1772 3137 1841 qui
3194 1770 3392 1838 utique
3426 1784 3530 1822 au-

1944 1870 2151 1924 dientes
2175 1881 2481 1922 sermonem
2520 1868 2665 1928 ﬁdei,
2699 1865 2859 1919 etiam
2901 1862 3230 1932 perscrutari
3272 1869 3535 1929 possunt

1943 1972 1998 2015 et
2046 1959 2364 2028 perquirere
2414 1957 2725 2025 Scripturas
2781 1954 3011 2016 divinas,
3072 1960 3133 2005 ut
3171 1961 3533 2020 cognoscant

1943 2067 2128 2108 eorum
2160 2052 2472 2115 verborum,
2499 2064 2617 2117 quae
2638 2050 2718 2103 eis
2746 2061 2842 2116 per
2873 2046 3143 2116 apostolos
3180 2046 3532 2099 annuntiata

1944 2152 2091 2208 sunt,
2126 2144 2436 2199 veritatem.
2482 2141 2547 2196 Et
2588 2141 2727 2194 hanc
2767 2155 2889 2194 esse
2937 2140 2988 2192 in
3021 2140 3106 2194 bis
3143 2137 3534 2193 differentiam

1944 2238 2125 2291 sciens
2156 2234 2466 2304 Apostolus,
2498 2233 2549 2288 id
2591 2243 2673 2287 est
2703 2233 2755 2286 in
2781 2247 2913 2287 sono
2943 2242 2996 2286 et
3022 2231 3223 2295 verbis,
3271 2231 3535 2299 quodam

1947 2329 2066 2382 loco
2096 2330 2167 2381 ita
2201 2328 2337 2382 dicit
2368 2344 2383 2382 ;
2418 2343 2437 2377 ι
2477 2324 2545 2379 Ει
2569 2339 2749 2379 sermo
2777 2339 2956 2389 meus,
2980 2332 3033 2378 et
3057 2323 3377 2393 praedicatio
3403 2335 3539 2374 mea

1945 2438 2056 2477 nou
2087 2420 2187 2475 fuit
2231 2420 2283 2473 in
2316 2417 2581 2473 suasoriis
2622 2414 2733 2487 (58)
2764 2416 3041 2486 sapientiae
3084 2414 3287 2481 verbis,
3320 2414 3433 2468 sed
3473 2412 3534 2466 in

1942 2509 2256 2563 ostensione
2311 2505 2546 2576 Spiritus
2602 2514 2657 2560 et
2698 2505 2915 2560 virtutis
2936 2506 3014 2566 ⁸⁹ς
3052 2523 3073 2557 ι
3106 2514 3166 2559 ιιι
3192 2504 3534 2559 ostenderet

1944 2601 2172 2655 verbum
2212 2599 2428 2669 quidem
2459 2612 2581 2653 esse
2601 2610 2709 2667 quo
2735 2611 2830 2665 per
2859 2597 3110 2652 virtutem
3149 2595 3402 2667 Spiritus
3432 2612 3534 2650 sa-

1944 2693 2144 2764 pientia
2197 2684 2297 2746 Dei
2347 2690 2577 2745 lucidius
2630 2688 2954 2759 eXpla‘natnr
3002 2706 3017 2742 :
3071 2688 3531 2758 medicationem

1945 2800 2073 2839 vero
2130 2785 2270 2839 hanc
2300 2796 2419 2837 esse
2452 2782 2518 2836 de
2545 2796 2651 2850 qua
2705 2781 2835 2836 dicit
2888 2779 3176 2848 Propheta,
3226 2779 3361 2848 quia
3408 2797 3433 2831 α
3474 2780 3543 2832 in.

1945 2890 2162 2931 omnem
2193 2884 2394 2928 terram
2418 2872 2586 2927 exivit
2615 2887 2783 2926 sonus
2801 2885 2987 2925 eorum
3014 2869 3060 2901 °°
3087 2887 3101 2923 :
3140 2889 3157 2921 ι
3191 2870 3243 2924 in
3274 2886 3389 2939 qua
3421 2872 3534 2925 sci-

1947 2967 2071 3021 licet
2104 2965 2331 3034 simplex
2374 2963 2715 3017 annunliatio
2754 2974 2835 3018 est
2876 2962 2988 3034 (59)
3038 2961 3179 3026 ﬁdei,
3213 2971 3269 3016 et
3299 2961 3529 3030 simpli-

1872 3078 1915 3134 c
1948 3058 2188 3113 cioribus
2246 3056 2550 3125 quibusque
2603 3047 2895 3110 suﬁiciens.
2947 3054 3052 3110 Sed
3103 3067 3160 3108 et
3213 3053 3423 3107 alibi“
3460 3056 3531 3106 de

1951 3150 2244 3219 semetipso
2266 3150 2419 3213 dicit,
2451 3148 2579 3216 quia
2604 3149 2675 3202 sit
2700 3166 2719 3198 ι
2757 3148 3080 3216 praedicator
3108 3157 3163 3201 et
3191 3146 3364 3219 628
3391 3161 3529 3214 apo-

1949 3245 2140 3304 stolus,
2179 3252 2235 3295 et
2295 3241 2554 3310 magister
2603 3239 2864 3308 gentium.
2907 3255 2926 3290 ι
2976 3237 3031 3292 1η
3084 3253 3192 3307 quo
3235 3240 3529 3308 apostolus

1949 3334 2166 3404 quidem
2201 3331 2454 3403 generale
2484 3331 2687 3385 indicat
2715 3344 2907 3385 nomen
2934 3329 3119 3391 ollicii,
3163 3330 3253 3397 qui
3278 3344 3388 3382 non
3429 3344 3522 3382 so-

1948 3427 2057 3482 lum
2084 3425 2362 3496 praedicet,
2387 3422 2479 3478 sed
2507 3435 2561 3476 et
2585 3422 2777 3477 doceat
2806 3440 2821 3476 :
2851 3422 3107 3492 praedicet
3128 3421 3346 3490 quidem
3382 3421 3522 3473 sim.

1947 3518 2141 3587 plicem
2175 3517 2360 3583 ﬁdem,
2385 3526 2447 3570 ut
2498 3504 2606 3570 illis
2634 3515 2830 3584 quibus
2854 3514 2930 3568 ait
2962 3530 2977 3567 :
3013 3533 3031 3565 ι
3066 3513 3211 3568 Nihil
3251 3514 3400 3567 enim
3424 3515 3522 3581 ju-

1949 3614 2122 3669 dicavi
2161 3626 2248 3667 me
2281 3611 2421 3666 scire
2459 3611 2599 3664 inter
2630 3624 2746 3675 vos,
2787 3608 2889 3663 nisi
2919 3596 3106 3663 Jesum
3128 3608 3436 3672 Christum,
3464 3617 3521 3660 et

1949 3708 2095 3762 hunc
2122 3704 2436 3761 cruciﬁxum
2460 3704 2538 3771 °';
2577 3723 2596 3756 ι
2628 3702 2821 3758 doceat
2848 3718 2976 3757 vero
3002 3716 3097 3757 eos
3126 3702 3324 3770 quibus
3374 3703 3525 3757 dice-

1948 3803 2044 3856 bat
2086 3814 2099 3851 :
2153 3818 2174 3851 σ
2223 3797 2556 3867 Sapientiam
2608 3805 2787 3850 autem
2833 3795 3105 3863 loquimur
3159 3795 3301 3848 inter
3333 3793 3519 3861 perfe-

1950 3902 2067 3946 ctos
2099 3890 2165 3944 ⁶⁸.
2198 3908 2217 3940 ι
2253 3889 2308 3943 In
2337 3888 2534 3957 quibus
2587 3884 2895 3939 ostenditur
2941 3885 3085 3953 quod
3138 3884 3245 3937 illis
3295 3882 3518 3951 quidem

1950 3997 2141 4037 sonum
2166 3978 2565 4051 praedicationis
2598 3977 2842 4048 protulit,
2888 3975 2972 4029 his
3027 3989 3158 4028 vero
3190 3973 3519 4043 sapientiam

1951 4074 2047 4129 Dei
2093 4087 2192 4142 per
2244 4071 2413 4126 verba
2461 4068 2738 4124 disseruit.
2777 4084 2795 4117 ι
2868 4065 2975 4119 Sed
3030 4065 3151 4119 dico
3195 4082 3210 4118 :
3264 4063 3517 4132 Nunquid

1947 4158 2111 4215 Israel
2144 4174 2248 4213 non
2272 4157 2555 4228 cognovit?
2577 4156 2790 4210 Primus
2814 4154 3024 4226 Moyses
3046 4153 3181 4208 dicit
3231 4168 3245 4204 :
3307 4152 3419 4223 Ego
3443 4152 3513 4207 ad

1949 4244 2347 4307 aemulationem
2375 4266 2470 4306 vos
2501 4239 2762 4304 adducam
2790 4249 2843 4303 in
2882 4263 2984 4303 non
3008 4259 3248 4318 gentem,
3301 4247 3355 4301 in
3384 4261 3515 4316 gen-

1951 4357 2057 4403 tem
2090 4346 2458 4414 insensatam;
2489 4345 2541 4398 in
2572 4345 2713 4398 iram
2746 4359 2840 4398 vos
2867 4343 3120 4396 inducam
3153 4339 3294 4411 (60).
3317 4360 3337 4393 ι
3364 4340 3519 4395 γωδ-ι

357 4510 406 4542 ⁸⁸
440 4511 543 4567 lsa.
576 4509 764 4573 Ltil.l;
797 4509 953 4564 Rom.
990 4512 1047 4573 x,
1085 4507 1174 4562 16.
1246 4508 1297 4541 ⁸⁸
1333 4507 1487 4562 J‘oan.
1534 4518 1633 4569 xtt,
1676 4507 1764 4560 38.
1843 4497 1875 4539 ⁸⁴

2006 4548 2019 4561 .
2066 4508 2267 4571 Litt,2.
2342 4496 2387 4538 ⁸⁷
2433 4506 2563 4561 ihid.
2636 4505 2682 4538 ⁸⁸
2720 4490 2874 4559 Joan.
2922 4519 3017 4563 xx.
3055 4501 3148 4558 29.
3226 4502 3272 4535 ³³
3322 4504 3344 4556 ι
3388 4500 3512 4557 Cor.

288 4580 352 4644 is,
383 4581 436 4635 4.
515 4579 562 4613 ⁸⁸
590 4581 735 4635 Psal.
767 4595 920 4646 xvut,
955 4580 1009 4636 5.
1086 4579 1129 4610 ⁶¹
1162 4579 1200 4632 ll
1245 4577 1385 4632 'l'im.
1421 4596 1456 4642 ι,
1488 4579 1575 4631 ll.

1652 4579 1705 4608 ⁶²“
1733 4577 1747 4629 l
1772 4577 1896 4632 Cor.
1929 4595 1986 4641 ll,
2016 4579 2105 4632 22.
2183 4578 2228 4610 ⁸³
2267 4576 2394 4632 ibid.
2439 4577 2492 4631 6.

362 4725 475 4795 (49)
508 4724 671 4784 Editi,
702 4743 723 4776 ‹
758 4725 1132 4795 βριῃξηριιιοιι
1171 4723 1420 4795 habetur,
1466 4722 1557 4795 sed
1586 4688 1733 4795 juxta
1766 4720 1852 4773 in-
1886 4726 1932 4783 ο
1961 4719 2154 4795 habent
2185 4718 2524 4795 g_apo_stol_us
2555 4735 2575 4769 ι
2611 4731 2709 4785 pro
2744 4715 3041 4795 rapgstoli.
3079 4735 3098 4766 ι

285 4779 730 4864 terpretationem
773 4779 914 4848 LXX
944 4779 1230 4864 seniorum
1256 4807 1271 4845 :
1299 4793 1378 4846 sic
1407 4779 1459 4846 et
1486 4779 1796 4857 Apostolus,
1830 4809 1855 4842 ι

286 4861 397 4918 etc.
430 4863 536 4918 Sed
571 4878 760 4917 omnes
785 4878 919 4920 mss.
944 4872 993 4916 el
1022 4861 1276 4917 Rabanus
1303 4872 1363 4916 ut
1391 4864 1443 4915 in
1475 4871 1659 4915 nostro
1690 4869 1860 4923 textu,

287 4934 398 4989 nisi
432 4936 576 5003 quod
629 4931 769 4988 alius
803 4932 1002 5003 habeat
1062 4950 1080 4982 ε
1134 4948 1197 4987 ex
1243 4931 1709 5003 interpretatione,
1748 4947 1766 4980 ›
1811 4938 1866 4983 et

290 5004 381 5057 alii
414 5001 673 5059 emittant
705 5001 1030 5072 particulam
1069 5020 1087 5052 ι
1120 5004 1172 5056 in
1209 5022 1228 5057 ι
1257 5002 1340 5057 vel
1373 5001 1395 5055 ά
1427 5010 1516 5056 ex.
1554 5019 1581 5053 ιη

364 5073 479 5141 (50)
527 5071 750 5134 Editi,}
787 5071 991 5127 vident.
1033 5088 1053 5124 ι

364 5139 483 5213 (51)
516 5141 656 5213 Edili
688 5143 949 5213 plerique,
987 5159 1006 5191 ι
1047 5157 1111 5197 ex
1144 5154 1370 5209 persona
1399 5140 1610 5196 illorum
1637 5139 1873 5206 dicitur;-

255 5218 266 5284 ’ξ
293 5215 396 5282 qni
420 5232 438 5262 ι
464 5211 595 5282 (δὴ.
629 5227 655 5261 ι
690 5211 836 5335 quia?
864 5213 1269 5294 annulitiamtts,
1313 5230 1331 5262 ι
1356 5221 1480 5293 etc.“
1512 5281 1524 5293 .

369 5280 482 5335 (52)
519 5284 681 5335 Deest
713 5292 733 5333 ά
769 5282 806 5335 ιι
830 5296 863 5335 o
899 5299 920 5332 ι
955 5298 1005 5335 tn
1031 5281 1184 5334 libris
1210 5292 1364 5333 antea
1397 5283 1524 5334 editi

369 5280 492 5350 (52)
519 5284 681 5337 Deest
713 5292 733 5333 ά
769 5280 863 5336 illo
899 5299 920 5332 ι
955 5284 1005 5335 in
1031 5281 1184 5334 libris
1210 5292 1364 5333 antea
1397 5281 1575 5334 editis.

289 5416 357 5473 iis

369 5494 485 5568 (54)
510 5496 603 5551 Si'c
633 5502 765 5549 mss.
789 5501 845 5548 et
873 5490 1153 5568 Rabanns.
1199 5490 1352 5568 Edjli
1368 5506 1517 5568 vero,
1550 5509 1569 5541 t
1604 5493 1745 5568 beati
1770 5490 1877 5568 qui

305 5560 412 5620 im’n
443 5560 697 5619 viderunt
726 5575 781 5618 et
811 5562 1174 5634 crediderunt.
1213 5580 1231 5612 ι
1262 5560 1463 5615 Deinde
1510 5576 1611 5615 ms.
1663 5560 1866 5634 Regius

309 5637 457 5688 hum.
488 5634 713 5691 4659~et
736 5634 1014 5694 Rabanus,
1059 5650 1078 5682 ‹
1117 5631 1288 5703 anc
1315 5647 1443 5701 ergo
1468 5634 1691 5688 verbum
1722 5631 1865 5703 quod

307 5704 555 5771 apostoli,
582 5713 636 5758 et
675 5705 718 5759 si
751 5704 862 5773 qui,
916 5723 946 5757 ι.
990 5713 1096 5759 etc.
1131 5702 1238 5757 Sed
1269 5704 1444 5758 (ξεινίαιτί
1492 5719 1622 5760 mss.
1655 5714 1716 5761 et
1736 5702 1882 5759 editl‘

315 5420 336 5433 ,φ
363 5348 474 5423 (⁷55)
502 5353 705 5409 Christo
732 5354 874 5407 Jesu.
911 5351 1036 5406 Haec
1062 5352 1224 5405 verba
1251 5351 1627 5407 desiderantur
1660 5349 1715 5403 in
1743 5348 1861 5404 edis

2030 4789 2142 4859 (55)
2183 4780 2296 4844 MSS
2329 4788 2530 4859 Regius
2575 4780 2722 4842 num.
2772 4780 2925 4851 1639,
2967 4805 2986 4836 ι
3039 4787 3237 4857 quibus
3277 4800 3385 4841 non
3421 4799 3511 4837 au-

1957 4860 2194 4920 diantur,
2228 4879 2248 4912 ι
2277 4869 2382 4915 etc.

2029 4929 2285 5054 (iriti)d.Ms.t
2301 4941 2440 4984 unus
2481 4927 2681 4999 Regius
2702 4941 2849 4982 num.
2873 4926 3011 4982 1659
3035 4926 3201 4982 habet
3230 4945 3249 4978 ι
3282 4926 3504 4981 indicati

2029 5018 2059 5054 0
2088 5018 2107 5048 σ
2179 5015 2257 5053 tca
2293 5041 2303 5052 .
2340 5019 2359 5052 1

2001 4998 2059 5055 ro
2088 4998 2303 5054 (dicat.
2340 5019 2359 5052 ι
2570 4998 2579 4999 “
3555 4998 3560 5006 '

1960 5018 2059 5072 pro
2088 5018 2107 5048 σ
2141 5018 2303 5054 dicat.
2340 5019 2359 5052 ι

2033 5069 2145 5139 (57)
2179 5070 2274 5124 Ms.
2305 5068 2502 5139 Regius
2531 5084 2681 5122 num.
2715 5066 2876 5129 l659,
2915 5085 2953 5139 ε
2970 5083 3075 5123 non
3120 5066 3296 5120 solum
3330 5079 3500 5139 voces,

1964 5135 2080 5204 sed,
2122 5135 2141 5193 ι
2176 5151 2279 5193 etc.
2314 5135 2515 5193 Deinde
2538 5139 2677 5193 idem
2712 5154 2816 5193 ms.
2846 5147 2899 5191 et
2923 5136 3203 5203 Rabanus,
3236 5155 3256 5188 ‹
3289 5138 3375 5205 qui
3407 5135 3501 5188 uti-

1964 5216 2089 5281 q’ue.
2128 5208 2374 5281 i_Ca:t_eri
2422 5220 2553 5263 vero
2580 5223 2724 5281 mss.‘
2748 5218 2805 5263 et
2845 5208 3051 5281 editi.r_c
3084 5208 3208 5275 quia
3243 5208 3494 5281 utique}

2029 5281 2143 5349 (58)
2166 5279 2326 5349 Editi,
2358 5294 2376 5329 ι
2414 5295 2516 5333 ηοιι
2543 5288 2669 5333 sunt
2712 5278 2766 5331 in
2816 5278 3090 5349 suasoriis,
3127 5290 3145 5327 ι
3176 5286 3283 5332 etc.
3319 5275 3497 5330 Deinde

1956 5346 2060 5407 ms.
2090 5346 2230 5405 unus
2262 5348 2462 5419 Regius
2495 5364 2641 5403 num.
2673 5348 2809 5403 16⁸59
2838 5346 2983 5400 addit
3013 5365 3033 5398 ι
3058 5348 3317 5419 humanae
3342 5352 3495 5419 [ante

1963 5441 1983 5473 ι
2013 5421 2319 5490 sapientiae:
2346 5412 2374 5468 ἶ
2401 5421 2492 5473 sed
2522 5434 2623 5490 vox
2650 5437 2670 5469 ι
2708 5419 3001 5490 humanae)
3035 5418 3187 5470 deest
3212 5418 3263 5470 in
3293 5412 3492 5482 reliquis

1960 5486 2091 5547 mss:
2124 5504 2330 5543 necnon
2361 5489 2412 5541 in
2444 5489 2618 5545 editis.
2644 5498 2699 5541 et
2721 5488 2858 5547 apud
2890 5486 3203 5541 Rabanum.‘

2046 5556 2133 5625 59)
2166 5555 2277 5608 Εεε.
2308 5553 2585 5625 Omittitur
2613 5554 2667 5606 in
2696 5550 2875 5625 editis.
2908 5552 3185 5625 Rabanus,
3223 5568 3242 5602 ι
3277 5550 3360 5625 sit.
3397 5564 3415 5597 ι

2046 5557 2133 5625 59)
2166 5557 2277 5608 bat.
2308 5557 2585 5607 Omittitur
2613 5557 2667 5606 in
2696 5557 2875 5608 editis.
2908 5557 3185 5615 Rabanus,
3223 5568 3242 5602 ι
3277 5557 3360 5604 sit.
3397 5564 3415 5597 ι

2023 5557 2136 5695 ξθο)
2164 5624 2327 5685 Editi,
2361 5642 2379 5673 ί
2431 5624 2795 5693 insipientem,
2832 5624 2888 5678 in
2923 5623 3058 5679 iram
3090 5636 3192 5678 vos
3228 5620 3506 5685 mittam).

1954 5698 2265 5755 sedomnes
2290 5710 2419 5750 mss.
2450 5705 2511 5751 ut
2533 5697 2588 5751 in
2621 5703 2803 5755 textu.
