  <div class='ocr_page' id='page_1' title='image "/cluster/home/n/w/nwhite01/storage/ocr_20150623/14/mdp.39015052831362/670.png"; bbox 0 0 3692 6138; ppageno 0'>
   <div class='ocr_carea' id='block_1_1' title="bbox 92 262 232 319">
    <p class='ocr_par' dir='ltr' id='par_1_1' title="bbox 92 262 232 319">
     <span class='ocr_line' id='line_1_1' title="bbox 92 262 232 319; baseline 0 -1"><span class='ocrx_word' id='word_1_1' title='bbox 92 262 232 319; x_wconf 75' lang='grc'><strong>1175</strong></span> 
     </span>
    </p>
   </div>
   <div class='ocr_carea' id='block_1_2' title="bbox 1018 256 2410 329">
    <p class='ocr_par' dir='ltr' id='par_1_2' title="bbox 1018 256 2410 329">
     <span class='ocr_line' id='line_1_2' title="bbox 1018 256 2410 329; baseline -0.003 -10"><span class='ocrx_word' id='word_1_2' title='bbox 1018 262 1374 320; x_wconf 84' lang='lat' dir='ltr'><strong>COMMENT.</strong></span> <span class='ocrx_word' id='word_1_3' title='bbox 1409 262 1478 319; x_wconf 84' lang='lat' dir='ltr'><strong>IN</strong></span> <span class='ocrx_word' id='word_1_4' title='bbox 1510 261 1729 319; x_wconf 85' lang='lat' dir='ltr'><strong>EPIST.</strong></span> <span class='ocrx_word' id='word_1_5' title='bbox 1764 261 1858 316; x_wconf 88' lang='lat' dir='ltr'><strong>AD</strong></span> <span class='ocrx_word' id='word_1_6' title='bbox 1894 261 2063 319; x_wconf 81' lang='lat' dir='ltr'><strong>ROM.</strong></span> <span class='ocrx_word' id='word_1_7' title='bbox 2096 261 2231 329; x_wconf 82' lang='lat' dir='ltr'><strong>LIB.</strong></span> <span class='ocrx_word' id='word_1_8' title='bbox 2266 256 2410 318; x_wconf 66' lang='lat' dir='ltr'><strong>VIII.</strong></span> 
     </span>
    </p>
   </div>
   <div class='ocr_carea' id='block_1_3' title="bbox 3194 270 3338 325">
    <p class='ocr_par' dir='ltr' id='par_1_3' title="bbox 3194 270 3338 325">
     <span class='ocr_line' id='line_1_3' title="bbox 3194 270 3338 325; baseline 0.007 -1"><span class='ocrx_word' id='word_1_9' title='bbox 3194 270 3338 325; x_wconf 64' lang='grc'><strong>1174</strong></span> 
     </span>
    </p>
   </div>
   <div class='ocr_carea' id='block_1_4' title="bbox 93 385 3333 458">
    <p class='ocr_par' dir='ltr' id='par_1_4' title="bbox 93 385 3333 458">
     <span class='ocr_line' id='line_1_4' title="bbox 93 385 3333 458; baseline 0.002 -20"><span class='ocrx_word' id='word_1_10' title='bbox 93 399 177 440; x_wconf 87' lang='lat' dir='ltr'><strong>tur</strong></span> <span class='ocrx_word' id='word_1_11' title='bbox 200 399 267 440; x_wconf 90' lang='lat' dir='ltr'><strong>ea</strong></span> <span class='ocrx_word' id='word_1_12' title='bbox 296 398 415 455; x_wconf 68' lang='lat' dir='ltr'><strong>quae</strong></span> <span class='ocrx_word' id='word_1_13' title='bbox 438 386 690 454; x_wconf 77' lang='lat' dir='ltr'><strong>superius</strong></span> <span class='ocrx_word' id='word_1_14' title='bbox 720 385 881 452; x_wconf 83' lang='lat' dir='ltr'><strong>dixit,</strong></span> <span class='ocrx_word' id='word_1_15' title='bbox 913 385 981 441; x_wconf 87' lang='lat' dir='ltr'><strong>de</strong></span> <span class='ocrx_word' id='word_1_16' title='bbox 1030 389 1281 457; x_wconf 86' lang='lat' dir='ltr'><strong>gentibus</strong></span> <span class='ocrx_word' id='word_1_17' title='bbox 1310 386 1656 456; x_wconf 76' lang='lat' dir='ltr'><strong>prolocutus;</strong></span> <span class='ocrx_word' id='word_1_18' title='bbox 1686 391 1735 450; x_wconf 76' lang='grc' dir='ltr'>Α</span> <span class='ocrx_word' id='word_1_19' title='bbox 1764 386 1886 451; x_wconf 89' lang='lat' dir='ltr'><strong>bus,</strong></span> <span class='ocrx_word' id='word_1_20' title='bbox 1911 401 2053 440; x_wconf 90' lang='lat' dir='ltr'><strong>nunc</strong></span> <span class='ocrx_word' id='word_1_21' title='bbox 2093 387 2160 441; x_wconf 90' lang='lat' dir='ltr'><strong>de</strong></span> <span class='ocrx_word' id='word_1_22' title='bbox 2187 386 2352 442; x_wconf 91' lang='lat' dir='ltr'><strong>Israel</strong></span> <span class='ocrx_word' id='word_1_23' title='bbox 2400 386 2585 441; x_wconf 82' lang='lat' dir='ltr'><strong>facere</strong></span> <span class='ocrx_word' id='word_1_24' title='bbox 2629 388 2977 453; x_wconf 65' lang='lat' dir='ltr'><strong>sermonem,</strong></span> <span class='ocrx_word' id='word_1_25' title='bbox 3008 390 3125 458; x_wconf 59' lang='lat' dir='ltr'><strong>necj</strong></span> <span class='ocrx_word' id='word_1_26' title='bbox 3153 398 3333 447; x_wconf 90' lang='lat' dir='ltr'><strong>tamen</strong></span> 
     </span>
    </p>
   </div>
   <div class='ocr_carea' id='block_1_5' title="bbox 93 476 1663 543">
    <p class='ocr_par' dir='ltr' id='par_1_5' title="bbox 93 476 1663 543">
     <span class='ocr_line' id='line_1_5' title="bbox 93 476 1663 543; baseline 0.001 -12"><span class='ocrx_word' id='word_1_27' title='bbox 93 491 233 531; x_wconf 87' lang='lat' dir='ltr'><strong>nunc</strong></span> <span class='ocrx_word' id='word_1_28' title='bbox 263 490 413 542; x_wconf 90' lang='lat' dir='ltr'><strong>vero,</strong></span> <span class='ocrx_word' id='word_1_29' title='bbox 445 486 503 529; x_wconf 91' lang='lat' dir='ltr'><strong>ut</strong></span> <span class='ocrx_word' id='word_1_30' title='bbox 535 476 636 531; x_wconf 82' lang='lat' dir='ltr'><strong>sibi</strong></span> <span class='ocrx_word' id='word_1_31' title='bbox 671 476 839 531; x_wconf 92' lang='lat' dir='ltr'><strong>moris</strong></span> <span class='ocrx_word' id='word_1_32' title='bbox 870 484 974 543; x_wconf 87' lang='lat' dir='ltr'><strong>est,</strong></span> <span class='ocrx_word' id='word_1_33' title='bbox 1014 477 1180 533; x_wconf 88' lang='lat' dir='ltr'><strong>etiam</strong></span> <span class='ocrx_word' id='word_1_34' title='bbox 1221 479 1288 532; x_wconf 89' lang='lat' dir='ltr'><strong>de</strong></span> <span class='ocrx_word' id='word_1_35' title='bbox 1321 476 1487 532; x_wconf 80' lang='lat' dir='ltr'><strong>Israel</strong></span> <span class='ocrx_word' id='word_1_36' title='bbox 1532 477 1663 532; x_wconf 87' lang='lat' dir='ltr'><strong>sub-</strong></span> 
     </span>
    </p>
   </div>
   <div class='ocr_carea' id='block_1_6' title="bbox 87 568 1661 641">
    <p class='ocr_par' dir='ltr' id='par_1_6' title="bbox 87 568 1661 641">
     <span class='ocr_line' id='line_1_6' title="bbox 87 568 1661 641; baseline 0.002 -19"><span class='ocrx_word' id='word_1_37' title='bbox 87 570 353 641; x_wconf 83' lang='lat' dir='ltr'><strong>jungere:</strong></span> <span class='ocrx_word' id='word_1_38' title='bbox 382 568 574 623; x_wconf 72' lang='lat' dir='ltr'><strong>et&#39;vult</strong></span> <span class='ocrx_word' id='word_1_39' title='bbox 601 569 744 638; x_wconf 92' lang='lat' dir='ltr'><strong>quod</strong></span> <span class='ocrx_word' id='word_1_40' title='bbox 774 569 1164 625; x_wconf 81' lang='lat' dir='ltr'><strong>inexcusabilis</strong></span> <span class='ocrx_word' id='word_1_41' title='bbox 1201 570 1276 625; x_wconf 88' lang='lat' dir='ltr'><strong>sit</strong></span> <span class='ocrx_word' id='word_1_42' title='bbox 1306 568 1473 624; x_wconf 89' lang='lat' dir='ltr'><strong>Israel</strong></span> <span class='ocrx_word' id='word_1_43' title='bbox 1507 571 1661 625; x_wconf 85' lang='lat' dir='ltr'><strong>testi-</strong></span> 
     </span>
    </p>
   </div>
   <div class='ocr_carea' id='block_1_7' title="bbox 95 661 1665 733">
    <p class='ocr_par' dir='ltr' id='par_1_7' title="bbox 95 661 1665 733">
     <span class='ocr_line' id='line_1_7' title="bbox 95 661 1665 733; baseline -0.001 -16"><span class='ocrx_word' id='word_1_44' title='bbox 95 664 192 717; x_wconf 86' lang='lat' dir='ltr'><strong>bus</strong></span> <span class='ocrx_word' id='word_1_45' title='bbox 220 662 430 717; x_wconf 88' lang='lat' dir='ltr'><strong>idoneis</strong></span> <span class='ocrx_word' id='word_1_46' title='bbox 458 661 833 732; x_wconf 84' lang='lat' dir='ltr'><strong>comprobare.</strong></span> <span class='ocrx_word' id='word_1_47' title='bbox 866 661 1007 731; x_wconf 90' lang='lat' dir='ltr'><strong>Ipse,</strong></span> <span class='ocrx_word' id='word_1_48' title='bbox 1060 663 1256 733; x_wconf 88' lang='lat' dir='ltr'><strong>inquit,</strong></span> <span class='ocrx_word' id='word_1_49' title='bbox 1286 662 1495 733; x_wconf 86' lang='lat' dir='ltr'><strong>Moyses</strong></span> <span class='ocrx_word' id='word_1_50' title='bbox 1531 663 1665 718; x_wconf 85' lang='lat' dir='ltr'><strong>dicit</strong></span> 
     </span>
    </p>
   </div>
   <div class='ocr_carea' id='block_1_8' title="bbox 92 753 1663 824">
    <p class='ocr_par' dir='ltr' id='par_1_8' title="bbox 92 753 1663 824">
     <span class='ocr_line' id='line_1_8' title="bbox 92 753 1663 824; baseline 0.001 -18"><span class='ocrx_word' id='word_1_51' title='bbox 92 770 157 807; x_wconf 79' lang='lat' dir='ltr'><strong>ex</strong></span> <span class='ocrx_word' id='word_1_52' title='bbox 189 768 421 822; x_wconf 85' lang='lat' dir='ltr'><strong>persona</strong></span> <span class='ocrx_word' id='word_1_53' title='bbox 452 754 549 809; x_wconf 89' lang='lat' dir='ltr'><strong>Dei</strong></span> <span class='ocrx_word' id='word_1_54' title='bbox 581 770 595 807; x_wconf 88' lang='lat'><strong>:</strong></span> <span class='ocrx_word' id='word_1_55' title='bbox 625 771 646 805; x_wconf 70' lang='grc' dir='ltr'><strong>ι</strong></span> <span class='ocrx_word' id='word_1_56' title='bbox 678 753 792 824; x_wconf 87' lang='lat' dir='ltr'><strong>Ego</strong></span> <span class='ocrx_word' id='word_1_57' title='bbox 820 755 887 808; x_wconf 89' lang='lat' dir='ltr'><strong>ad</strong></span> <span class='ocrx_word' id='word_1_58' title='bbox 933 757 1335 811; x_wconf 75' lang='lat' dir='ltr'><strong>aemulationem</strong></span> <span class='ocrx_word' id='word_1_59' title='bbox 1364 770 1463 809; x_wconf 90' lang='lat' dir='ltr'><strong>vos</strong></span> <span class='ocrx_word' id='word_1_60' title='bbox 1492 754 1663 809; x_wconf 61' lang='lat' dir='ltr'><strong>adduo</strong></span> 
     </span>
    </p>
   </div>
   <div class='ocr_carea' id='block_1_9' title="bbox 93 847 1663 916">
    <p class='ocr_par' dir='ltr' id='par_1_9' title="bbox 93 847 1663 916">
     <span class='ocr_line' id='line_1_9' title="bbox 93 847 1663 916; baseline 0.002 -15"><span class='ocrx_word' id='word_1_61' title='bbox 93 862 208 901; x_wconf 83' lang='lat' dir='ltr'><strong>ram</strong></span> <span class='ocrx_word' id='word_1_62' title='bbox 243 847 298 899; x_wconf 92' lang='lat' dir='ltr'><strong>in</strong></span> <span class='ocrx_word' id='word_1_63' title='bbox 342 861 446 900; x_wconf 92' lang='lat' dir='ltr'><strong>non</strong></span> <span class='ocrx_word' id='word_1_64' title='bbox 492 855 744 916; x_wconf 79' lang='lat' dir='ltr'><strong>gentem:</strong></span> <span class='ocrx_word' id='word_1_65' title='bbox 782 866 801 899; x_wconf 73' lang='grc' dir='ltr'><strong>ι</strong></span> <span class='ocrx_word' id='word_1_66' title='bbox 836 847 903 902; x_wconf 91' lang='lat' dir='ltr'><strong>de</strong></span> <span class='ocrx_word' id='word_1_67' title='bbox 946 848 1272 903; x_wconf 81' lang='lat' dir='ltr'><strong>Christianis</strong></span> <span class='ocrx_word' id='word_1_68' title='bbox 1323 851 1443 905; x_wconf 87' lang='lat' dir='ltr'><strong>sine</strong></span> <span class='ocrx_word' id='word_1_69' title='bbox 1500 848 1663 904; x_wconf 88' lang='lat' dir='ltr'><strong>dubio</strong></span> 
     </span>
    </p>
   </div>
   <div class='ocr_carea' id='block_1_10' title="bbox 96 936 1661 1009">
    <p class='ocr_par' dir='ltr' id='par_1_10' title="bbox 96 936 1661 1009">
     <span class='ocr_line' id='line_1_10' title="bbox 96 936 1661 1009; baseline 0.003 -20"><span class='ocrx_word' id='word_1_70' title='bbox 96 937 308 1007; x_wconf 84' lang='lat' dir='ltr'><strong>dicens,</strong></span> <span class='ocrx_word' id='word_1_71' title='bbox 337 936 482 1004; x_wconf 87' lang='lat' dir='ltr'><strong>quia</strong></span> <span class='ocrx_word' id='word_1_72' title='bbox 529 936 637 990; x_wconf 87' lang='lat' dir='ltr'><strong>Deo</strong></span> <span class='ocrx_word' id='word_1_73' title='bbox 665 936 732 991; x_wconf 94' lang='lat' dir='ltr'><strong>ad</strong></span> <span class='ocrx_word' id='word_1_74' title='bbox 780 938 1182 994; x_wconf 60' lang='lat' dir='ltr'><strong>aemulati-ouem</strong></span> <span class='ocrx_word' id='word_1_75' title='bbox 1233 939 1434 1009; x_wconf 88' lang='lat' dir='ltr'><strong>prioris</strong></span> <span class='ocrx_word' id='word_1_76' title='bbox 1477 937 1661 1009; x_wconf 87' lang='lat' dir='ltr'><strong>populi</strong></span> 
     </span>
    </p>
   </div>
   <div class='ocr_carea' id='block_1_11' title="bbox 93 1025 1664 1098">
    <p class='ocr_par' dir='ltr' id='par_1_11' title="bbox 93 1025 1664 1098">
     <span class='ocr_line' id='line_1_11' title="bbox 93 1025 1664 1098; baseline 0.001 -17"><span class='ocrx_word' id='word_1_77' title='bbox 93 1025 356 1081; x_wconf 85' lang='lat' dir='ltr'><strong>increduli</strong></span> <span class='ocrx_word' id='word_1_78' title='bbox 389 1035 445 1080; x_wconf 91' lang='lat' dir='ltr'><strong>et</strong></span> <span class='ocrx_word' id='word_1_79' title='bbox 491 1027 884 1096; x_wconf 88' lang='lat' dir='ltr'><strong>contemptoris</strong></span> <span class='ocrx_word' id='word_1_80' title='bbox 940 1029 1201 1098; x_wconf 88' lang='lat' dir='ltr'><strong>assumpti</strong></span> <span class='ocrx_word' id='word_1_81' title='bbox 1236 1038 1383 1084; x_wconf 89' lang='lat' dir='ltr'><strong>sunt.</strong></span> <span class='ocrx_word' id='word_1_82' title='bbox 1444 1029 1552 1084; x_wconf 89' lang='lat' dir='ltr'><strong>Sed</strong></span> <span class='ocrx_word' id='word_1_83' title='bbox 1584 1029 1664 1083; x_wconf 86' lang='lat' dir='ltr'><strong>vi-</strong></span> 
     </span>
    </p>
   </div>
   <div class='ocr_carea' id='block_1_12' title="bbox 94 1119 1661 1190">
    <p class='ocr_par' dir='ltr' id='par_1_12' title="bbox 94 1119 1661 1190">
     <span class='ocr_line' id='line_1_12' title="bbox 94 1119 1661 1190; baseline 0.001 -16"><span class='ocrx_word' id='word_1_84' title='bbox 94 1123 282 1176; x_wconf 82' lang='lat' dir='ltr'><strong>deatur</strong></span> <span class='ocrx_word' id='word_1_85' title='bbox 309 1120 565 1177; x_wconf 81' lang='lat' dir='ltr'><strong>fortassis</strong></span> <span class='ocrx_word' id='word_1_86' title='bbox 590 1128 804 1190; x_wconf 79' lang='lat' dir='ltr'><strong>gentem</strong></span> <span class='ocrx_word' id='word_1_87' title='bbox 835 1134 866 1173; x_wconf 91' lang='lat' dir='ltr'><strong>a</strong></span> <span class='ocrx_word' id='word_1_88' title='bbox 896 1119 1006 1175; x_wconf 90' lang='lat' dir='ltr'><strong>Deo</strong></span> <span class='ocrx_word' id='word_1_89' title='bbox 1033 1119 1157 1175; x_wconf 88' lang='lat' dir='ltr'><strong>lidei</strong></span> <span class='ocrx_word' id='word_1_90' title='bbox 1190 1121 1386 1176; x_wconf 85' lang='lat' dir='ltr'><strong>merito</strong></span> <span class='ocrx_word' id='word_1_91' title='bbox 1412 1130 1468 1175; x_wconf 90' lang='lat' dir='ltr'><strong>et</strong></span> <span class='ocrx_word' id='word_1_92' title='bbox 1495 1120 1661 1176; x_wconf 89' lang='lat' dir='ltr'><strong>devo-</strong></span> 
     </span>
    </p>
   </div>
   <div class='ocr_carea' id='block_1_13' title="bbox 93 1210 1662 1283">
    <p class='ocr_par' dir='ltr' id='par_1_13' title="bbox 93 1210 1662 1283">
     <span class='ocr_line' id='line_1_13' title="bbox 93 1210 1662 1283; baseline 0 -16"><span class='ocrx_word' id='word_1_93' title='bbox 93 1214 254 1269; x_wconf 88' lang='lat' dir='ltr'><strong>tionis</strong></span> <span class='ocrx_word' id='word_1_94' title='bbox 281 1213 513 1269; x_wconf 89' lang='lat' dir='ltr'><strong>electam</strong></span> <span class='ocrx_word' id='word_1_95' title='bbox 547 1211 759 1283; x_wconf 80' lang='lat' dir='ltr'><strong>Moyses</strong></span> <span class='ocrx_word' id='word_1_96' title='bbox 789 1210 1106 1280; x_wconf 88' lang='lat' dir='ltr'><strong>injuriosius</strong></span> <span class='ocrx_word' id='word_1_97' title='bbox 1135 1212 1515 1282; x_wconf 87' lang='lat' dir='ltr'><strong>compellasse,</strong></span> <span class='ocrx_word' id='word_1_98' title='bbox 1539 1228 1662 1268; x_wconf 92' lang='lat' dir='ltr'><strong>cum</strong></span> 
     </span>
    </p>
   </div>
   <div class='ocr_carea' id='block_1_14' title="bbox 93 1300 1661 1374">
    <p class='ocr_par' dir='ltr' id='par_1_14' title="bbox 93 1300 1661 1374">
     <span class='ocr_line' id='line_1_14' title="bbox 93 1300 1661 1374; baseline -0.003 -15"><span class='ocrx_word' id='word_1_99' title='bbox 93 1305 244 1368; x_wconf 90' lang='lat' dir='ltr'><strong>dicit,</strong></span> <span class='ocrx_word' id='word_1_100' title='bbox 279 1322 300 1355; x_wconf 75' lang='grc' dir='ltr'><strong>ι</strong></span> <span class='ocrx_word' id='word_1_101' title='bbox 340 1301 398 1357; x_wconf 88' lang='lat' dir='ltr'><strong>In</strong></span> <span class='ocrx_word' id='word_1_102' title='bbox 458 1318 562 1357; x_wconf 92' lang='lat' dir='ltr'><strong>non</strong></span> <span class='ocrx_word' id='word_1_103' title='bbox 590 1313 829 1374; x_wconf 89' lang='lat' dir='ltr'><strong>gentem,</strong></span> <span class='ocrx_word' id='word_1_104' title='bbox 864 1321 883 1354; x_wconf 86' lang='grc'>›</span> <span class='ocrx_word' id='word_1_105' title='bbox 933 1311 990 1357; x_wconf 92' lang='lat' dir='ltr'><strong>et</strong></span> <span class='ocrx_word' id='word_1_106' title='bbox 1018 1301 1129 1373; x_wconf 84' lang='grc'>(61)</span> <span class='ocrx_word' id='word_1_107' title='bbox 1164 1301 1237 1356; x_wconf 89' lang='lat' dir='ltr'><strong>ita</strong></span> <span class='ocrx_word' id='word_1_108' title='bbox 1263 1300 1417 1356; x_wconf 89' lang='lat' dir='ltr'><strong>nihili</strong></span> <span class='ocrx_word' id='word_1_109' title='bbox 1445 1302 1661 1366; x_wconf 91' lang='lat' dir='ltr'><strong>ducere,</strong></span> 
     </span>
    </p>
   </div>
   <div class='ocr_carea' id='block_1_15' title="bbox 91 1393 1664 1466">
    <p class='ocr_par' dir='ltr' id='par_1_15' title="bbox 91 1393 1664 1466">
     <span class='ocr_line' id='line_1_15' title="bbox 91 1393 1664 1466; baseline -0.003 -15"><span class='ocrx_word' id='word_1_110' title='bbox 91 1406 277 1452; x_wconf 87' lang='lat' dir='ltr'><strong>utnec</strong></span> <span class='ocrx_word' id='word_1_111' title='bbox 305 1404 519 1466; x_wconf 89' lang='lat' dir='ltr'><strong>gentem</strong></span> <span class='ocrx_word' id='word_1_112' title='bbox 537 1409 668 1449; x_wconf 84' lang='lat' dir='ltr'><strong>eam</strong></span> <span class='ocrx_word' id='word_1_113' title='bbox 704 1394 977 1464; x_wconf 88' lang='lat' dir='ltr'><strong>appellare</strong></span> <span class='ocrx_word' id='word_1_114' title='bbox 1022 1394 1303 1464; x_wconf 74' lang='lat' dir='ltr'><strong>dignetur;</strong></span> <span class='ocrx_word' id='word_1_115' title='bbox 1342 1401 1437 1448; x_wconf 87' lang='lat' dir='ltr'><strong>aut</strong></span> <span class='ocrx_word' id='word_1_116' title='bbox 1475 1393 1521 1448; x_wconf 90' lang='lat' dir='ltr'><strong>si</strong></span> <span class='ocrx_word' id='word_1_117' title='bbox 1570 1408 1664 1463; x_wconf 89' lang='lat' dir='ltr'><strong>ap-</strong></span> 
     </span>
    </p>
   </div>
   <div class='ocr_carea' id='block_1_16' title="bbox 93 1485 1665 1558">
    <p class='ocr_par' dir='ltr' id='par_1_16' title="bbox 93 1485 1665 1558">
     <span class='ocr_line' id='line_1_16' title="bbox 93 1485 1665 1558; baseline -0.003 -15"><span class='ocrx_word' id='word_1_118' title='bbox 93 1488 270 1558; x_wconf 85' lang='lat' dir='ltr'><strong>pellet,</strong></span> <span class='ocrx_word' id='word_1_119' title='bbox 301 1487 646 1557; x_wconf 86' lang='lat' dir='ltr'><strong>insipientem</strong></span> <span class='ocrx_word' id='word_1_120' title='bbox 672 1485 782 1558; x_wconf 73' lang='lat'><strong>(62)</strong></span> <span class='ocrx_word' id='word_1_121' title='bbox 818 1488 1124 1541; x_wconf 90' lang='lat' dir='ltr'><strong>nominare.</strong></span> <span class='ocrx_word' id='word_1_122' title='bbox 1160 1485 1266 1540; x_wconf 89' lang='lat' dir='ltr'><strong>Sed</strong></span> <span class='ocrx_word' id='word_1_123' title='bbox 1297 1500 1404 1541; x_wconf 92' lang='lat' dir='ltr'><strong>non</strong></span> <span class='ocrx_word' id='word_1_124' title='bbox 1444 1493 1528 1540; x_wconf 88' lang='lat' dir='ltr'><strong>est</strong></span> <span class='ocrx_word' id='word_1_125' title='bbox 1582 1485 1665 1539; x_wconf 82' lang='lat' dir='ltr'><strong>in—</strong></span> 
     </span>
    </p>
   </div>
   <div class='ocr_carea' id='block_1_17' title="bbox 88 1578 1666 1653">
    <p class='ocr_par' dir='ltr' id='par_1_17' title="bbox 88 1578 1666 1653">
     <span class='ocr_line' id='line_1_17' title="bbox 88 1578 1666 1653; baseline -0.001 -18"><span class='ocrx_word' id='word_1_126' title='bbox 88 1583 327 1650; x_wconf 86' lang='lat' dir='ltr'><strong>juriosus</strong></span> <span class='ocrx_word' id='word_1_127' title='bbox 375 1580 611 1653; x_wconf 81' lang='lat' dir='ltr'><strong>Moyses,</strong></span> <span class='ocrx_word' id='word_1_128' title='bbox 650 1589 848 1648; x_wconf 80' lang='lat' dir='ltr'><strong>utpote</strong></span> <span class='ocrx_word' id='word_1_129' title='bbox 894 1579 1105 1635; x_wconf 89' lang='lat' dir='ltr'><strong>amicus</strong></span> <span class='ocrx_word' id='word_1_130' title='bbox 1137 1578 1257 1645; x_wconf 91' lang='lat' dir='ltr'><strong>Dei,</strong></span> <span class='ocrx_word' id='word_1_131' title='bbox 1289 1592 1419 1649; x_wconf 86' lang='lat' dir='ltr'><strong>erga</strong></span> <span class='ocrx_word' id='word_1_132' title='bbox 1462 1579 1666 1635; x_wconf 88' lang='lat' dir='ltr'><strong>electos</strong></span> 
     </span>
    </p>
   </div>
   <div class='ocr_carea' id='block_1_18' title="bbox 92 1671 1665 1742">
    <p class='ocr_par' dir='ltr' id='par_1_18' title="bbox 92 1671 1665 1742">
     <span class='ocr_line' id='line_1_18' title="bbox 92 1671 1665 1742; baseline -0.001 -17"><span class='ocrx_word' id='word_1_133' title='bbox 92 1674 205 1742; x_wconf 74' lang='lat' dir='ltr'><strong>ejus</strong></span> <span class='ocrx_word' id='word_1_134' title='bbox 240 1691 256 1728; x_wconf 92' lang='lat'><strong>:</strong></span> <span class='ocrx_word' id='word_1_135' title='bbox 299 1688 402 1728; x_wconf 89' lang='lat' dir='ltr'><strong>nec</strong></span> <span class='ocrx_word' id='word_1_136' title='bbox 429 1672 759 1729; x_wconf 87' lang='lat' dir='ltr'><strong>contumelia</strong></span> <span class='ocrx_word' id='word_1_137' title='bbox 794 1671 1072 1728; x_wconf 84' lang='lat' dir='ltr'><strong>videbitur</strong></span> <span class='ocrx_word' id='word_1_138' title='bbox 1109 1671 1165 1727; x_wconf 93' lang='lat' dir='ltr'><strong>in</strong></span> <span class='ocrx_word' id='word_1_139' title='bbox 1194 1686 1463 1737; x_wconf 90' lang='lat' dir='ltr'><strong>sermone,</strong></span> <span class='ocrx_word' id='word_1_140' title='bbox 1497 1671 1541 1726; x_wconf 90' lang='lat' dir='ltr'><strong>si</strong></span> <span class='ocrx_word' id='word_1_141' title='bbox 1571 1685 1665 1725; x_wconf 88' lang='lat' dir='ltr'><strong>ra-</strong></span> 
     </span>
    </p>
   </div>
   <div class='ocr_carea' id='block_1_19' title="bbox 1763 477 3338 553">
    <p class='ocr_par' dir='ltr' id='par_1_19' title="bbox 1763 477 3338 553">
     <span class='ocr_line' id='line_1_19' title="bbox 1763 477 3338 553; baseline 0.003 -21"><span class='ocrx_word' id='word_1_142' title='bbox 1763 478 2042 532; x_wconf 88' lang='lat' dir='ltr'><strong>evidenter</strong></span> <span class='ocrx_word' id='word_1_143' title='bbox 2070 486 2125 533; x_wconf 90' lang='lat' dir='ltr'><strong>et</strong></span> <span class='ocrx_word' id='word_1_144' title='bbox 2150 478 2326 549; x_wconf 88' lang='lat' dir='ltr'><strong>palam</strong></span> <span class='ocrx_word' id='word_1_145' title='bbox 2361 477 2797 533; x_wconf 90' lang='lat' dir='ltr'><strong>immutationem</strong></span> <span class='ocrx_word' id='word_1_146' title='bbox 2832 480 3113 537; x_wconf 85' lang='lat' dir='ltr'><strong>declarare</strong></span> <span class='ocrx_word' id='word_1_147' title='bbox 3144 498 3338 553; x_wconf 84' lang='lat' dir='ltr'><strong>perso-</strong></span> 
     </span>
    </p>
   </div>
   <div class='ocr_carea' id='block_1_20' title="bbox 1765 567 3337 642">
    <p class='ocr_par' dir='ltr' id='par_1_20' title="bbox 1765 567 3337 642">
     <span class='ocr_line' id='line_1_20' title="bbox 1765 567 3337 642; baseline 0.006 -20"><span class='ocrx_word' id='word_1_148' title='bbox 1765 583 1849 623; x_wconf 59' lang='lat' dir='ltr'><strong>nae</strong></span> <span class='ocrx_word' id='word_1_149' title='bbox 1877 567 1987 642; x_wconf 92' lang='lat'><strong>(68)</strong></span> <span class='ocrx_word' id='word_1_150' title='bbox 2012 577 2026 623; x_wconf 84' lang='lat'><strong>;</strong></span> <span class='ocrx_word' id='word_1_151' title='bbox 2053 571 2125 622; x_wconf 90' lang='lat' dir='ltr'><strong>ita</strong></span> <span class='ocrx_word' id='word_1_152' title='bbox 2158 579 2212 624; x_wconf 91' lang='lat' dir='ltr'><strong>et</strong></span> <span class='ocrx_word' id='word_1_153' title='bbox 2244 570 2413 625; x_wconf 90' lang='lat' dir='ltr'><strong>Isaias</strong></span> <span class='ocrx_word' id='word_1_154' title='bbox 2437 571 2487 625; x_wconf 93' lang='lat' dir='ltr'><strong>in</strong></span> <span class='ocrx_word' id='word_1_155' title='bbox 2526 571 2611 625; x_wconf 87' lang='lat' dir='ltr'><strong>his</strong></span> <span class='ocrx_word' id='word_1_156' title='bbox 2643 572 2985 628; x_wconf 87' lang='lat' dir='ltr'><strong>sermonibus</strong></span> <span class='ocrx_word' id='word_1_157' title='bbox 3009 573 3168 639; x_wconf 82' lang='lat' dir='ltr'><strong>facit,</strong></span> <span class='ocrx_word' id='word_1_158' title='bbox 3196 591 3337 641; x_wconf 85' lang='lat' dir='ltr'><strong>quos</strong></span> 
     </span>
    </p>
   </div>
   <div class='ocr_carea' id='block_1_21' title="bbox 1766 662 3333 736">
    <p class='ocr_par' dir='ltr' id='par_1_21' title="bbox 1766 662 3333 736">
     <span class='ocr_line' id='line_1_21' title="bbox 1766 662 3333 736; baseline 0.004 -21"><span class='ocrx_word' id='word_1_159' title='bbox 1766 662 1832 715; x_wconf 85' lang='lat' dir='ltr'><strong>ad</strong></span> <span class='ocrx_word' id='word_1_160' title='bbox 1858 662 2162 731; x_wconf 83' lang='lat' dir='ltr'><strong>exemplum</strong></span> <span class='ocrx_word' id='word_1_161' title='bbox 2188 664 2477 733; x_wconf 81' lang='lat' dir='ltr'><strong>Apostolus</strong></span> <span class='ocrx_word' id='word_1_162' title='bbox 2508 665 2766 735; x_wconf 87' lang='lat' dir='ltr'><strong>protulit;</strong></span> <span class='ocrx_word' id='word_1_163' title='bbox 2805 674 2859 719; x_wconf 91' lang='lat' dir='ltr'><strong>ct</strong></span> <span class='ocrx_word' id='word_1_164' title='bbox 2885 668 3089 736; x_wconf 87' lang='lat' dir='ltr'><strong>primas</strong></span> <span class='ocrx_word' id='word_1_165' title='bbox 3118 668 3333 734; x_wconf 89' lang='lat' dir='ltr'><strong>quidem</strong></span> 
     </span>
    </p>
   </div>
   <div class='ocr_carea' id='block_1_22' title="bbox 1764 754 3338 828">
    <p class='ocr_par' dir='ltr' id='par_1_22' title="bbox 1764 754 3338 828">
     <span class='ocr_line' id='line_1_22' title="bbox 1764 754 3338 828; baseline 0.006 -21"><span class='ocrx_word' id='word_1_166' title='bbox 1764 763 1969 823; x_wconf 89' lang='lat' dir='ltr'><strong>partes,</strong></span> <span class='ocrx_word' id='word_1_167' title='bbox 2007 754 2057 808; x_wconf 91' lang='lat' dir='ltr'><strong>id</strong></span> <span class='ocrx_word' id='word_1_168' title='bbox 2112 766 2213 819; x_wconf 91' lang='lat' dir='ltr'><strong>est,</strong></span> <span class='ocrx_word' id='word_1_169' title='bbox 2256 773 2275 806; x_wconf 79' lang='grc' dir='ltr'><strong>ι</strong></span> <span class='ocrx_word' id='word_1_170' title='bbox 2313 757 2566 811; x_wconf 85' lang='lat' dir='ltr'><strong>inventus</strong></span> <span class='ocrx_word' id='word_1_171' title='bbox 2594 773 2712 811; x_wconf 91' lang='lat' dir='ltr'><strong>sum</strong></span> <span class='ocrx_word' id='word_1_172' title='bbox 2761 774 2791 811; x_wconf 90' lang='lat' dir='ltr'><strong>a</strong></span> <span class='ocrx_word' id='word_1_173' title='bbox 2826 774 2931 813; x_wconf 91' lang='lat' dir='ltr'><strong>non</strong></span> <span class='ocrx_word' id='word_1_174' title='bbox 2968 761 3338 828; x_wconf 71' lang='lat' dir='ltr'><strong>quazrentibus</strong></span> 
     </span>
    </p>
   </div>
   <div class='ocr_carea' id='block_1_23' title="bbox 1766 846 3338 919">
    <p class='ocr_par' dir='ltr' id='par_1_23' title="bbox 1766 846 3338 919">
     <span class='ocr_line' id='line_1_23' title="bbox 1766 846 3338 919; baseline 0.004 -21"><span class='ocrx_word' id='word_1_175' title='bbox 1766 859 1885 907; x_wconf 86' lang='lat' dir='ltr'><strong>me;</strong></span> <span class='ocrx_word' id='word_1_176' title='bbox 1923 846 2100 914; x_wconf 88' lang='lat' dir='ltr'><strong>palam</strong></span> <span class='ocrx_word' id='word_1_177' title='bbox 2133 848 2358 915; x_wconf 85' lang='lat' dir='ltr'><strong>apparui</strong></span> <span class='ocrx_word' id='word_1_178' title='bbox 2399 847 2544 902; x_wconf 89' lang='lat' dir='ltr'><strong>inter</strong></span> <span class='ocrx_word' id='word_1_179' title='bbox 2578 848 2698 902; x_wconf 92' lang='lat' dir='ltr'><strong>illos</strong></span> <span class='ocrx_word' id='word_1_180' title='bbox 2756 850 2847 916; x_wconf 90' lang='lat' dir='ltr'><strong>qui</strong></span> <span class='ocrx_word' id='word_1_181' title='bbox 2890 864 2996 903; x_wconf 91' lang='lat' dir='ltr'><strong>non</strong></span> <span class='ocrx_word' id='word_1_182' title='bbox 3035 851 3338 919; x_wconf 85' lang='lat' dir='ltr'><strong>interroga-</strong></span> 
     </span>
    </p>
   </div>
   <div class='ocr_carea' id='block_1_24' title="bbox 1767 934 3338 1010">
    <p class='ocr_par' dir='ltr' id='par_1_24' title="bbox 1767 934 3338 1010">
     <span class='ocr_line' id='line_1_24' title="bbox 1767 934 3338 1010; baseline 0.006 -22"><span class='ocrx_word' id='word_1_183' title='bbox 1767 934 1900 990; x_wconf 83' lang='lat' dir='ltr'><strong>bant</strong></span> <span class='ocrx_word' id='word_1_184' title='bbox 1934 952 2039 998; x_wconf 84' lang='lat' dir='ltr'><strong>me,</strong></span> <span class='ocrx_word' id='word_1_185' title='bbox 2083 956 2102 989; x_wconf 72' lang='grc' dir='ltr'><strong>ι</strong></span> <span class='ocrx_word' id='word_1_186' title='bbox 2131 940 2247 992; x_wconf 90' lang='lat' dir='ltr'><strong>sine</strong></span> <span class='ocrx_word' id='word_1_187' title='bbox 2273 938 2433 993; x_wconf 91' lang='lat' dir='ltr'><strong>dubio</strong></span> <span class='ocrx_word' id='word_1_188' title='bbox 2458 940 2526 993; x_wconf 92' lang='lat' dir='ltr'><strong>de</strong></span> <span class='ocrx_word' id='word_1_189' title='bbox 2556 942 2810 1010; x_wconf 90' lang='lat' dir='ltr'><strong>gentibus</strong></span> <span class='ocrx_word' id='word_1_190' title='bbox 2835 942 2967 995; x_wconf 89' lang='lat' dir='ltr'><strong>dicit</strong></span> <span class='ocrx_word' id='word_1_191' title='bbox 2996 960 3012 997; x_wconf 85' lang='lat'><strong>:</strong></span> <span class='ocrx_word' id='word_1_192' title='bbox 3050 953 3106 997; x_wconf 92' lang='lat' dir='ltr'><strong>et</strong></span> <span class='ocrx_word' id='word_1_193' title='bbox 3131 942 3219 997; x_wconf 89' lang='lat' dir='ltr'><strong>ubi</strong></span> <span class='ocrx_word' id='word_1_194' title='bbox 3248 943 3338 998; x_wconf 91' lang='lat' dir='ltr'><strong>ille</strong></span> 
     </span>
    </p>
   </div>
   <div class='ocr_carea' id='block_1_25' title="bbox 1767 1028 3338 1100">
    <p class='ocr_par' dir='ltr' id='par_1_25' title="bbox 1767 1028 3338 1100">
     <span class='ocr_line' id='line_1_25' title="bbox 1767 1028 3338 1100; baseline 0.006 -21"><span class='ocrx_word' id='word_1_195' title='bbox 1767 1040 2052 1095; x_wconf 86' lang='lat' dir='ltr'><strong>personam</strong></span> <span class='ocrx_word' id='word_1_196' title='bbox 2109 1028 2340 1084; x_wconf 89' lang='lat' dir='ltr'><strong>latenter</strong></span> <span class='ocrx_word' id='word_1_197' title='bbox 2367 1032 2638 1095; x_wconf 83' lang='lat' dir='ltr'><strong>immutat,</strong></span> <span class='ocrx_word' id='word_1_198' title='bbox 2689 1033 2978 1100; x_wconf 85' lang='lat' dir='ltr'><strong>Apostolus</strong></span> <span class='ocrx_word' id='word_1_199' title='bbox 3030 1034 3338 1090; x_wconf 75' lang='lat' dir='ltr'><strong>evidentem</strong></span> 
     </span>
    </p>
   </div>
   <div class='ocr_carea' id='block_1_26' title="bbox 1768 1116 3451 1203">
    <p class='ocr_par' dir='ltr' id='par_1_26' title="bbox 1768 1116 3451 1203">
     <span class='ocr_line' id='line_1_26' title="bbox 1768 1116 3451 1203; baseline 0.007 -32"><span class='ocrx_word' id='word_1_200' title='bbox 1768 1116 2169 1175; x_wconf 86' lang='lat' dir='ltr'><strong>distinctionem</strong></span> <span class='ocrx_word' id='word_1_201' title='bbox 2195 1123 2540 1177; x_wconf 89' lang='lat' dir='ltr'><strong>sermonibus</strong></span> <span class='ocrx_word' id='word_1_202' title='bbox 2564 1126 2676 1180; x_wconf 85' lang='lat' dir='ltr'><strong>suis</strong></span> <span class='ocrx_word' id='word_1_203' title='bbox 2711 1125 2852 1179; x_wconf 91' lang='lat' dir='ltr'><strong>dedit</strong></span> <span class='ocrx_word' id='word_1_204' title='bbox 2890 1124 2945 1179; x_wconf 92' lang='lat' dir='ltr'><strong>in</strong></span> <span class='ocrx_word' id='word_1_205' title='bbox 2967 1139 3032 1182; x_wconf 90' lang='lat' dir='ltr'><strong>eo</strong></span> <span class='ocrx_word' id='word_1_206' title='bbox 3064 1128 3206 1196; x_wconf 87' lang='lat' dir='ltr'><strong>quod</strong></span> <span class='ocrx_word' id='word_1_207' title='bbox 3238 1130 3339 1182; x_wconf 86' lang='lat' dir='ltr'><strong>ad-</strong></span> <span class='ocrx_word' id='word_1_208' title='bbox 3432 1189 3451 1203; x_wconf 32' lang='grc' dir='ltr'>ς</span> 
     </span>
    </p>
   </div>
   <div class='ocr_carea' id='block_1_27' title="bbox 1768 1209 3337 1285">
    <p class='ocr_par' dir='ltr' id='par_1_27' title="bbox 1768 1209 3337 1285">
     <span class='ocr_line' id='line_1_27' title="bbox 1768 1209 3337 1285; baseline 0.006 -21"><span class='ocrx_word' id='word_1_209' title='bbox 1768 1209 1903 1265; x_wconf 92' lang='lat' dir='ltr'><strong>didit</strong></span> <span class='ocrx_word' id='word_1_210' title='bbox 1931 1229 1944 1263; x_wconf 88' lang='lat'><strong>:</strong></span> <span class='ocrx_word' id='word_1_211' title='bbox 1982 1211 2112 1282; x_wconf 62' lang='grc' dir='ltr'><strong>«ιῖΑά</strong></span> <span class='ocrx_word' id='word_1_212' title='bbox 2142 1213 2306 1267; x_wconf 90' lang='lat' dir='ltr'><strong>Israel</strong></span> <span class='ocrx_word' id='word_1_213' title='bbox 2331 1225 2510 1269; x_wconf 87' lang='lat' dir='ltr'><strong>autem</strong></span> <span class='ocrx_word' id='word_1_214' title='bbox 2539 1217 2669 1285; x_wconf 88' lang='lat' dir='ltr'><strong>quid</strong></span> <span class='ocrx_word' id='word_1_215' title='bbox 2716 1216 2879 1270; x_wconf 85' lang='lat' dir='ltr'><strong>dicit?</strong></span> <span class='ocrx_word' id='word_1_216' title='bbox 2920 1235 2939 1268; x_wconf 75' lang='grc' dir='ltr'><strong>ι</strong></span> <span class='ocrx_word' id='word_1_217' title='bbox 2972 1226 3027 1271; x_wconf 91' lang='lat' dir='ltr'><strong>et</strong></span> <span class='ocrx_word' id='word_1_218' title='bbox 3058 1219 3337 1283; x_wconf 85' lang='lat' dir='ltr'><strong>superiora</strong></span> 
     </span>
    </p>
   </div>
   <div class='ocr_carea' id='block_1_28' title="bbox 1766 1298 3339 1375">
    <p class='ocr_par' dir='ltr' id='par_1_28' title="bbox 1766 1298 3339 1375">
     <span class='ocr_line' id='line_1_28' title="bbox 1766 1298 3339 1375; baseline 0.004 -21"><span class='ocrx_word' id='word_1_219' title='bbox 1766 1298 1981 1368; x_wconf 87' lang='lat' dir='ltr'><strong>quidem</strong></span> <span class='ocrx_word' id='word_1_220' title='bbox 2014 1301 2081 1354; x_wconf 90' lang='lat' dir='ltr'><strong>ad</strong></span> <span class='ocrx_word' id='word_1_221' title='bbox 2103 1314 2326 1372; x_wconf 83' lang='lat' dir='ltr'><strong>gentes;</strong></span> <span class='ocrx_word' id='word_1_222' title='bbox 2368 1306 2651 1374; x_wconf 88' lang='lat' dir='ltr'><strong>sequentia</strong></span> <span class='ocrx_word' id='word_1_223' title='bbox 2681 1320 2812 1360; x_wconf 92' lang='lat' dir='ltr'><strong>vero</strong></span> <span class='ocrx_word' id='word_1_224' title='bbox 2833 1308 3057 1375; x_wconf 84' lang='lat' dir='ltr'><strong>exponit</strong></span> <span class='ocrx_word' id='word_1_225' title='bbox 3086 1309 3151 1362; x_wconf 92' lang='lat' dir='ltr'><strong>ad</strong></span> <span class='ocrx_word' id='word_1_226' title='bbox 3174 1308 3339 1362; x_wconf 86' lang='lat' dir='ltr'><strong>lsraet</strong></span> 
     </span>
    </p>
   </div>
   <div class='ocr_carea' id='block_1_29' title="bbox 1767 1391 3336 1470">
    <p class='ocr_par' dir='ltr' id='par_1_29' title="bbox 1767 1391 3336 1470">
     <span class='ocr_line' id='line_1_29' title="bbox 1767 1391 3336 1470; baseline 0.004 -23"><span class='ocrx_word' id='word_1_227' title='bbox 1767 1407 1886 1447; x_wconf 88' lang='lat' dir='ltr'><strong>esse</strong></span> <span class='ocrx_word' id='word_1_228' title='bbox 1939 1391 2239 1460; x_wconf 85' lang='lat' dir='ltr'><strong>referenda,</strong></span> <span class='ocrx_word' id='word_1_229' title='bbox 2274 1395 2331 1449; x_wconf 94' lang='lat' dir='ltr'><strong>in</strong></span> <span class='ocrx_word' id='word_1_230' title='bbox 2365 1396 2563 1466; x_wconf 90' lang='lat' dir='ltr'><strong>quibus</strong></span> <span class='ocrx_word' id='word_1_231' title='bbox 2588 1398 2707 1451; x_wconf 87' lang='lat' dir='ltr'><strong>ait:</strong></span> <span class='ocrx_word' id='word_1_232' title='bbox 2743 1414 2761 1449; x_wconf 76' lang='grc' dir='ltr'><strong>ι</strong></span> <span class='ocrx_word' id='word_1_233' title='bbox 2793 1396 2926 1452; x_wconf 90' lang='lat' dir='ltr'><strong>&#39;I‘ota</strong></span> <span class='ocrx_word' id='word_1_234' title='bbox 2968 1399 3054 1453; x_wconf 90' lang='lat' dir='ltr'><strong>die</strong></span> <span class='ocrx_word' id='word_1_235' title='bbox 3106 1400 3336 1470; x_wconf 86' lang='lat' dir='ltr'><strong>expaudi</strong></span> 
     </span>
    </p>
   </div>
   <div class='ocr_carea' id='block_1_30' title="bbox 1767 1488 3342 1556">
    <p class='ocr_par' dir='ltr' id='par_1_30' title="bbox 1767 1488 3342 1556">
     <span class='ocr_line' id='line_1_30' title="bbox 1767 1488 3342 1556; baseline 0.003 -18"><span class='ocrx_word' id='word_1_236' title='bbox 1767 1499 1961 1539; x_wconf 88' lang='lat' dir='ltr'><strong>manus</strong></span> <span class='ocrx_word' id='word_1_237' title='bbox 1994 1500 2144 1540; x_wconf 83' lang='lat' dir='ltr'><strong>ineas</strong></span> <span class='ocrx_word' id='word_1_238' title='bbox 2163 1488 2231 1541; x_wconf 87' lang='lat' dir='ltr'><strong>ad</strong></span> <span class='ocrx_word' id='word_1_239' title='bbox 2262 1488 2513 1556; x_wconf 83' lang='lat' dir='ltr'><strong>pupulum</strong></span> <span class='ocrx_word' id='word_1_240' title='bbox 2541 1504 2648 1545; x_wconf 91' lang='lat' dir='ltr'><strong>non</strong></span> <span class='ocrx_word' id='word_1_241' title='bbox 2668 1490 2998 1553; x_wconf 85' lang='lat' dir='ltr'><strong>credentem,</strong></span> <span class='ocrx_word' id='word_1_242' title='bbox 3028 1497 3085 1544; x_wconf 92' lang='lat' dir='ltr'><strong>et</strong></span> <span class='ocrx_word' id='word_1_243' title='bbox 3123 1501 3342 1545; x_wconf 84' lang='lat' dir='ltr'><strong>contra—</strong></span> 
     </span>
    </p>
   </div>
   <div class='ocr_carea' id='block_1_31' title="bbox 1769 1570 3398 1650">
    <p class='ocr_par' dir='ltr' id='par_1_31' title="bbox 1769 1570 3398 1650">
     <span class='ocr_line' id='line_1_31' title="bbox 1769 1570 3398 1650; baseline 0.006 -21"><span class='ocrx_word' id='word_1_244' title='bbox 1769 1575 2056 1629; x_wconf 87' lang='lat' dir='ltr'><strong>dicentem.</strong></span> <span class='ocrx_word' id='word_1_245' title='bbox 2104 1595 2124 1629; x_wconf 70' lang='grc' dir='ltr'><strong>ι</strong></span> <span class='ocrx_word' id='word_1_246' title='bbox 2167 1577 2274 1632; x_wconf 85' lang='lat' dir='ltr'><strong>Sed</strong></span> <span class='ocrx_word' id='word_1_247' title='bbox 2302 1579 2479 1648; x_wconf 90' lang='lat' dir='ltr'><strong>primo</strong></span> <span class='ocrx_word' id='word_1_248' title='bbox 2522 1580 2764 1634; x_wconf 91' lang='lat' dir='ltr'><strong>omnium</strong></span> <span class='ocrx_word' id='word_1_249' title='bbox 2792 1586 2934 1650; x_wconf 88' lang='lat' dir='ltr'><strong>quod</strong></span> <span class='ocrx_word' id='word_1_250' title='bbox 2965 1582 3072 1648; x_wconf 88' lang='lat' dir='ltr'><strong>ait,</strong></span> <span class='ocrx_word' id='word_1_251' title='bbox 3110 1602 3130 1635; x_wconf 71' lang='grc' dir='ltr'><strong>ι</strong></span> <span class='ocrx_word' id='word_1_252' title='bbox 3170 1583 3339 1639; x_wconf 84' lang='lat' dir='ltr'><strong>Isaias</strong></span> <span class='ocrx_word' id='word_1_253' title='bbox 3395 1570 3398 1574; x_wconf 16' lang='grc' dir='ltr'><strong>Α</strong></span> 
     </span>
    </p>
   </div>
   <div class='ocr_carea' id='block_1_32' title="bbox 1766 1667 3365 1743">
    <p class='ocr_par' dir='ltr' id='par_1_32' title="bbox 1766 1667 3365 1743">
     <span class='ocr_line' id='line_1_32' title="bbox 1766 1667 3365 1743; baseline 0.005 -24"><span class='ocrx_word' id='word_1_254' title='bbox 1766 1667 1930 1722; x_wconf 88' lang='lat' dir='ltr'><strong>audet</strong></span> <span class='ocrx_word' id='word_1_255' title='bbox 1975 1674 2031 1722; x_wconf 90' lang='lat' dir='ltr'><strong>et</strong></span> <span class='ocrx_word' id='word_1_256' title='bbox 2065 1667 2219 1729; x_wconf 91' lang='lat' dir='ltr'><strong>dicit,</strong></span> <span class='ocrx_word' id='word_1_257' title='bbox 2262 1686 2282 1720; x_wconf 73' lang='grc' dir='ltr'><strong>ι</strong></span> <span class='ocrx_word' id='word_1_258' title='bbox 2337 1669 2618 1724; x_wconf 86' lang='lat' dir='ltr'><strong>videamus</strong></span> <span class='ocrx_word' id='word_1_259' title='bbox 2649 1671 2777 1739; x_wconf 93' lang='lat' dir='ltr'><strong>quid</strong></span> <span class='ocrx_word' id='word_1_260' title='bbox 2832 1673 3051 1739; x_wconf 85' lang='lat' dir='ltr'><strong>audeat,</strong></span> <span class='ocrx_word' id='word_1_261' title='bbox 3101 1673 3182 1727; x_wconf 87' lang='lat' dir='ltr'><strong>vel</strong></span> <span class='ocrx_word' id='word_1_262' title='bbox 3217 1688 3365 1743; x_wconf 66' lang='lat' dir='ltr'><strong>quae.</strong></span> 
     </span>
    </p>
   </div>
   <div class='ocr_carea' id='block_1_33' title="bbox 93 1736 3337 1838">
    <p class='ocr_par' dir='ltr' id='par_1_33' title="bbox 93 1736 3337 1838">
     <span class='ocr_line' id='line_1_33' title="bbox 93 1736 3337 1838; baseline 0.001 -20"><span class='ocrx_word' id='word_1_263' title='bbox 93 1736 166 1820; x_wconf 76' lang='lat' dir='ltr'><strong>tio</strong></span> <span class='ocrx_word' id='word_1_264' title='bbox 212 1765 489 1823; x_wconf 85' lang='lat' dir='ltr'><strong>sermonis</strong></span> <span class='ocrx_word' id='word_1_265' title='bbox 533 1772 809 1835; x_wconf 86' lang='lat' dir='ltr'><strong>appareat.</strong></span> <span class='ocrx_word' id='word_1_266' title='bbox 875 1762 1223 1834; x_wconf 66' lang='lat' dir='ltr'><strong>Unaquaeque</strong></span> <span class='ocrx_word' id='word_1_267' title='bbox 1269 1777 1433 1833; x_wconf 88' lang='lat' dir='ltr'><strong>gens,</strong></span> <span class='ocrx_word' id='word_1_268' title='bbox 1507 1763 1661 1818; x_wconf 90' lang='lat' dir='ltr'><strong>verbi</strong></span> <span class='ocrx_word' id='word_1_269' title='bbox 1692 1736 1739 1796; x_wconf 81' lang='grc' dir='ltr'><strong>Β</strong></span> <span class='ocrx_word' id='word_1_270' title='bbox 1767 1761 1855 1815; x_wconf 92' lang='lat' dir='ltr'><strong>hic</strong></span> <span class='ocrx_word' id='word_1_271' title='bbox 1888 1760 2169 1830; x_wconf 68' lang='lat' dir='ltr'><strong>prophetae</strong></span> <span class='ocrx_word' id='word_1_272' title='bbox 2202 1762 2461 1818; x_wconf 89' lang='lat' dir='ltr'><strong>doceatur</strong></span> <span class='ocrx_word' id='word_1_273' title='bbox 2485 1736 2733 1817; x_wconf 83' lang='lat' dir='ltr'><strong>audacia.</strong></span> <span class='ocrx_word' id='word_1_274' title='bbox 2760 1762 2818 1818; x_wconf 90' lang='lat' dir='ltr'><strong>Si</strong></span> <span class='ocrx_word' id='word_1_275' title='bbox 2853 1736 3194 1822; x_wconf 85' lang='lat' dir='ltr'><strong>intendamus</strong></span> <span class='ocrx_word' id='word_1_276' title='bbox 3225 1736 3337 1838; x_wconf 37' lang='lat'><strong>(‘69)</strong></span> 
     </span>
    </p>
   </div>
   <div class='ocr_carea' id='block_1_34' title="bbox 92 1854 1660 1929">
    <p class='ocr_par' dir='ltr' id='par_1_34' title="bbox 92 1854 1660 1929">
     <span class='ocr_line' id='line_1_34' title="bbox 92 1854 1660 1929; baseline -0.004 -15"><span class='ocrx_word' id='word_1_277' title='bbox 92 1873 274 1924; x_wconf 86' lang='lat' dir='ltr'><strong>causa,</strong></span> <span class='ocrx_word' id='word_1_278' title='bbox 305 1856 711 1929; x_wconf 67' lang='lat' dir='ltr'><strong>Egyptiorum,</strong></span> <span class='ocrx_word' id='word_1_279' title='bbox 736 1865 832 1911; x_wconf 87' lang='lat' dir='ltr'><strong>aut</strong></span> <span class='ocrx_word' id='word_1_280' title='bbox 858 1855 1139 1928; x_wconf 82' lang='lat' dir='ltr'><strong>Syrorum,</strong></span> <span class='ocrx_word' id='word_1_281' title='bbox 1166 1864 1259 1909; x_wconf 90' lang='lat' dir='ltr'><strong>aut</strong></span> <span class='ocrx_word' id='word_1_282' title='bbox 1280 1854 1660 1922; x_wconf 88' lang='lat' dir='ltr'><strong>Moabitarum,</strong></span> 
     </span>
    </p>
   </div>
   <div class='ocr_carea' id='block_1_35' title="bbox 90 1947 1662 2022">
    <p class='ocr_par' dir='ltr' id='par_1_35' title="bbox 90 1947 1662 2022">
     <span class='ocr_line' id='line_1_35' title="bbox 90 1947 1662 2022; baseline 0 -19"><span class='ocrx_word' id='word_1_283' title='bbox 90 1966 185 2022; x_wconf 87' lang='lat' dir='ltr'><strong>pro</strong></span> <span class='ocrx_word' id='word_1_284' title='bbox 213 1966 280 2006; x_wconf 89' lang='lat' dir='ltr'><strong>eo</strong></span> <span class='ocrx_word' id='word_1_285' title='bbox 307 1952 453 2021; x_wconf 87' lang='lat' dir='ltr'><strong>quod</strong></span> <span class='ocrx_word' id='word_1_286' title='bbox 480 1949 714 2020; x_wconf 90' lang='lat' dir='ltr'><strong>propriis</strong></span> <span class='ocrx_word' id='word_1_287' title='bbox 749 1948 1016 2015; x_wconf 88' lang='lat' dir='ltr'><strong>terminis,</strong></span> <span class='ocrx_word' id='word_1_288' title='bbox 1046 1957 1099 2003; x_wconf 91' lang='lat' dir='ltr'><strong>et</strong></span> <span class='ocrx_word' id='word_1_289' title='bbox 1125 1949 1331 2019; x_wconf 87' lang='lat' dir='ltr'><strong>lingua,</strong></span> <span class='ocrx_word' id='word_1_290' title='bbox 1364 1957 1420 2003; x_wconf 90' lang='lat' dir='ltr'><strong>et</strong></span> <span class='ocrx_word' id='word_1_291' title='bbox 1449 1947 1662 2012; x_wconf 87' lang='lat' dir='ltr'><strong>habitu,</strong></span> 
     </span>
    </p>
   </div>
   <div class='ocr_carea' id='block_1_36' title="bbox 92 2038 1661 2111">
    <p class='ocr_par' dir='ltr' id='par_1_36' title="bbox 92 2038 1661 2111">
     <span class='ocr_line' id='line_1_36' title="bbox 92 2038 1661 2111; baseline -0.003 -15"><span class='ocrx_word' id='word_1_292' title='bbox 92 2054 145 2096; x_wconf 90' lang='lat' dir='ltr'><strong>et</strong></span> <span class='ocrx_word' id='word_1_293' title='bbox 192 2041 437 2098; x_wconf 90' lang='lat' dir='ltr'><strong>moribus</strong></span> <span class='ocrx_word' id='word_1_294' title='bbox 480 2051 651 2111; x_wconf 88' lang='lat' dir='ltr'><strong>atque</strong></span> <span class='ocrx_word' id='word_1_295' title='bbox 699 2038 962 2094; x_wconf 89' lang='lat' dir='ltr'><strong>institutis</strong></span> <span class='ocrx_word' id='word_1_296' title='bbox 1008 2039 1365 2105; x_wconf 86' lang='lat' dir='ltr'><strong>discernitur,</strong></span> <span class='ocrx_word' id='word_1_297' title='bbox 1395 2055 1530 2110; x_wconf 88' lang='lat' dir='ltr'><strong>gens</strong></span> <span class='ocrx_word' id='word_1_298' title='bbox 1574 2038 1661 2093; x_wconf 86' lang='lat' dir='ltr'><strong>illa</strong></span> 
     </span>
    </p>
   </div>
   <div class='ocr_carea' id='block_1_37' title="bbox 94 2130 1666 2205">
    <p class='ocr_par' dir='ltr' id='par_1_37' title="bbox 94 2130 1666 2205">
     <span class='ocr_line' id='line_1_37' title="bbox 94 2130 1666 2205; baseline 0.001 -20"><span class='ocrx_word' id='word_1_299' title='bbox 94 2136 175 2189; x_wconf 80' lang='lat' dir='ltr'><strong>vel</strong></span> <span class='ocrx_word' id='word_1_300' title='bbox 223 2135 313 2189; x_wconf 89' lang='lat' dir='ltr'><strong>illa</strong></span> <span class='ocrx_word' id='word_1_301' title='bbox 364 2134 715 2205; x_wconf 88' lang='lat' dir='ltr'><strong>appellatur:</strong></span> <span class='ocrx_word' id='word_1_302' title='bbox 751 2142 808 2189; x_wconf 90' lang='lat' dir='ltr'><strong>et</strong></span> <span class='ocrx_word' id='word_1_303' title='bbox 860 2148 1034 2203; x_wconf 86' lang='lat' dir='ltr'><strong>neque</strong></span> <span class='ocrx_word' id='word_1_304' title='bbox 1087 2132 1229 2205; x_wconf 90' lang='lat' dir='ltr'><strong>Syri,</strong></span> <span class='ocrx_word' id='word_1_305' title='bbox 1278 2130 1515 2205; x_wconf 66' lang='lat' dir='ltr'><strong>Egyptii</strong></span> <span class='ocrx_word' id='word_1_306' title='bbox 1564 2132 1666 2187; x_wconf 86' lang='lat' dir='ltr'><strong>ali-</strong></span> 
     </span>
    </p>
   </div>
   <div class='ocr_carea' id='block_1_38' title="bbox 92 2223 1665 2295">
    <p class='ocr_par' dir='ltr' id='par_1_38' title="bbox 92 2223 1665 2295">
     <span class='ocr_line' id='line_1_38' title="bbox 92 2223 1665 2295; baseline -0.001 -17"><span class='ocrx_word' id='word_1_307' title='bbox 92 2226 309 2295; x_wconf 82' lang='lat' dir='ltr'><strong>quando</strong></span> <span class='ocrx_word' id='word_1_308' title='bbox 356 2225 658 2280; x_wconf 85' lang='lat' dir='ltr'><strong>dicuntur:</strong></span> <span class='ocrx_word' id='word_1_309' title='bbox 690 2238 867 2293; x_wconf 91' lang='lat' dir='ltr'><strong>neque</strong></span> <span class='ocrx_word' id='word_1_310' title='bbox 912 2223 1181 2289; x_wconf 83' lang='lat' dir='ltr'><strong>Moabitae,</strong></span> <span class='ocrx_word' id='word_1_311' title='bbox 1217 2224 1430 2278; x_wconf 69' lang='lat' dir='ltr'><strong>Idumaei</strong></span> <span class='ocrx_word' id='word_1_312' title='bbox 1481 2224 1665 2295; x_wconf 77' lang='lat' dir='ltr'><strong>appel-</strong></span> 
     </span>
    </p>
   </div>
   <div class='ocr_carea' id='block_1_39' title="bbox 93 2316 1664 2391">
    <p class='ocr_par' dir='ltr' id='par_1_39' title="bbox 93 2316 1664 2391">
     <span class='ocr_line' id='line_1_39' title="bbox 93 2316 1664 2391; baseline 0.003 -22"><span class='ocrx_word' id='word_1_313' title='bbox 93 2317 304 2384; x_wconf 80' lang='lat' dir='ltr'><strong>lantur;</strong></span> <span class='ocrx_word' id='word_1_314' title='bbox 354 2325 449 2371; x_wconf 88' lang='lat' dir='ltr'><strong>aut</strong></span> <span class='ocrx_word' id='word_1_315' title='bbox 490 2319 702 2373; x_wconf 85' lang='lat' dir='ltr'><strong>Arabes</strong></span> <span class='ocrx_word' id='word_1_316' title='bbox 757 2316 976 2390; x_wconf 71' lang='lat' dir='ltr'><strong>Scythae</strong></span> <span class='ocrx_word' id='word_1_317' title='bbox 1016 2318 1152 2391; x_wconf 79' lang='lat'><strong>(63).</strong></span> <span class='ocrx_word' id='word_1_318' title='bbox 1182 2319 1476 2373; x_wconf 81' lang='lat' dir='ltr'><strong>Christiani</strong></span> <span class='ocrx_word' id='word_1_319' title='bbox 1533 2334 1664 2375; x_wconf 89' lang='lat' dir='ltr'><strong>vero</strong></span> 
     </span>
    </p>
   </div>
   <div class='ocr_carea' id='block_1_40' title="bbox 91 2408 1665 2481">
    <p class='ocr_par' dir='ltr' id='par_1_40' title="bbox 91 2408 1665 2481">
     <span class='ocr_line' id='line_1_40' title="bbox 91 2408 1665 2481; baseline 0.002 -17"><span class='ocrx_word' id='word_1_320' title='bbox 91 2425 195 2464; x_wconf 90' lang='lat' dir='ltr'><strong>non</strong></span> <span class='ocrx_word' id='word_1_321' title='bbox 230 2420 315 2464; x_wconf 87' lang='lat' dir='ltr'><strong>est</strong></span> <span class='ocrx_word' id='word_1_322' title='bbox 346 2424 453 2463; x_wconf 90' lang='lat' dir='ltr'><strong>una</strong></span> <span class='ocrx_word' id='word_1_323' title='bbox 509 2408 667 2480; x_wconf 89' lang='lat' dir='ltr'><strong>gens,</strong></span> <span class='ocrx_word' id='word_1_324' title='bbox 701 2413 798 2466; x_wconf 90' lang='lat' dir='ltr'><strong>sed</strong></span> <span class='ocrx_word' id='word_1_325' title='bbox 827 2426 895 2465; x_wconf 81' lang='lat' dir='ltr'><strong>ex</strong></span> <span class='ocrx_word' id='word_1_326' title='bbox 940 2410 1196 2465; x_wconf 88' lang='lat' dir='ltr'><strong>omnibus</strong></span> <span class='ocrx_word' id='word_1_327' title='bbox 1241 2410 1494 2481; x_wconf 88' lang='lat' dir='ltr'><strong>gentibus</strong></span> <span class='ocrx_word' id='word_1_328' title='bbox 1523 2427 1665 2467; x_wconf 87' lang='lat' dir='ltr'><strong>unus</strong></span> 
     </span>
    </p>
   </div>
   <div class='ocr_carea' id='block_1_41' title="bbox 93 2501 1663 2573">
    <p class='ocr_par' dir='ltr' id='par_1_41' title="bbox 93 2501 1663 2573">
     <span class='ocr_line' id='line_1_41' title="bbox 93 2501 1663 2573; baseline 0.004 -20"><span class='ocrx_word' id='word_1_329' title='bbox 93 2502 318 2572; x_wconf 82' lang='lat' dir='ltr'><strong>populus</strong></span> <span class='ocrx_word' id='word_1_330' title='bbox 356 2519 373 2558; x_wconf 87' lang='lat'><strong>:</strong></span> <span class='ocrx_word' id='word_1_331' title='bbox 402 2512 456 2558; x_wconf 92' lang='lat' dir='ltr'><strong>et</strong></span> <span class='ocrx_word' id='word_1_332' title='bbox 489 2502 610 2557; x_wconf 89' lang='lat' dir='ltr'><strong>ideo</strong></span> <span class='ocrx_word' id='word_1_333' title='bbox 639 2501 853 2573; x_wconf 83' lang='lat' dir='ltr'><strong>Moyses</strong></span> <span class='ocrx_word' id='word_1_334' title='bbox 889 2516 985 2572; x_wconf 86' lang='lat' dir='ltr'><strong>pro</strong></span> <span class='ocrx_word' id='word_1_335' title='bbox 1019 2517 1235 2557; x_wconf 89' lang='lat' dir='ltr'><strong>summo</strong></span> <span class='ocrx_word' id='word_1_336' title='bbox 1268 2503 1478 2559; x_wconf 91' lang='lat' dir='ltr'><strong>honore</strong></span> <span class='ocrx_word' id='word_1_337' title='bbox 1503 2520 1523 2554; x_wconf 74' lang='grc' dir='ltr'><strong>ι</strong></span> <span class='ocrx_word' id='word_1_338' title='bbox 1555 2519 1663 2559; x_wconf 92' lang='lat' dir='ltr'><strong>non</strong></span> 
     </span>
    </p>
   </div>
   <div class='ocr_carea' id='block_1_42' title="bbox 94 2596 1660 2666">
    <p class='ocr_par' dir='ltr' id='par_1_42' title="bbox 94 2596 1660 2666">
     <span class='ocr_line' id='line_1_42' title="bbox 94 2596 1660 2666; baseline 0.002 -19"><span class='ocrx_word' id='word_1_339' title='bbox 94 2605 301 2661; x_wconf 76' lang='lat' dir='ltr'><strong>gentem</strong></span> <span class='ocrx_word' id='word_1_340' title='bbox 338 2613 358 2648; x_wconf 74' lang='grc' dir='ltr'><strong>ι</strong></span> <span class='ocrx_word' id='word_1_341' title='bbox 393 2610 515 2650; x_wconf 89' lang='lat' dir='ltr'><strong>eam</strong></span> <span class='ocrx_word' id='word_1_342' title='bbox 547 2596 870 2661; x_wconf 86' lang='lat' dir='ltr'><strong>nominavit,</strong></span> <span class='ocrx_word' id='word_1_343' title='bbox 915 2596 1042 2666; x_wconf 86' lang='lat' dir='ltr'><strong>quia</strong></span> <span class='ocrx_word' id='word_1_344' title='bbox 1072 2612 1179 2651; x_wconf 91' lang='lat' dir='ltr'><strong>non</strong></span> <span class='ocrx_word' id='word_1_345' title='bbox 1206 2605 1329 2650; x_wconf 88' lang='lat' dir='ltr'><strong>erat</strong></span> <span class='ocrx_word' id='word_1_346' title='bbox 1373 2612 1476 2650; x_wconf 92' lang='lat' dir='ltr'><strong>una</strong></span> <span class='ocrx_word' id='word_1_347' title='bbox 1507 2611 1660 2666; x_wconf 90' lang='lat' dir='ltr'><strong>gens,</strong></span> 
     </span>
    </p>
   </div>
   <div class='ocr_carea' id='block_1_43' title="bbox 93 2684 1662 2757">
    <p class='ocr_par' dir='ltr' id='par_1_43' title="bbox 93 2684 1662 2757">
     <span class='ocr_line' id='line_1_43' title="bbox 93 2684 1662 2757; baseline 0.001 -20"><span class='ocrx_word' id='word_1_348' title='bbox 93 2684 206 2750; x_wconf 87' lang='lat' dir='ltr'><strong>sed,</strong></span> <span class='ocrx_word' id='word_1_349' title='bbox 236 2686 282 2741; x_wconf 91' lang='lat' dir='ltr'><strong>si</strong></span> <span class='ocrx_word' id='word_1_350' title='bbox 324 2688 400 2740; x_wconf 90' lang='lat' dir='ltr'><strong>ita</strong></span> <span class='ocrx_word' id='word_1_351' title='bbox 442 2686 549 2741; x_wconf 91' lang='lat' dir='ltr'><strong>dici</strong></span> <span class='ocrx_word' id='word_1_352' title='bbox 578 2696 775 2756; x_wconf 87' lang='lat' dir='ltr'><strong>potest,</strong></span> <span class='ocrx_word' id='word_1_353' title='bbox 808 2686 1052 2741; x_wconf 85' lang='lat' dir='ltr'><strong>omnium</strong></span> <span class='ocrx_word' id='word_1_354' title='bbox 1083 2685 1328 2756; x_wconf 89' lang='lat' dir='ltr'><strong>gentium</strong></span> <span class='ocrx_word' id='word_1_355' title='bbox 1361 2700 1494 2755; x_wconf 81' lang='lat' dir='ltr'><strong>gens</strong></span> <span class='ocrx_word' id='word_1_356' title='bbox 1525 2685 1662 2757; x_wconf 73' lang='grc'>(64).</span> 
     </span>
    </p>
   </div>
   <div class='ocr_carea' id='block_1_44' title="bbox 97 2773 1662 2846">
    <p class='ocr_par' dir='ltr' id='par_1_44' title="bbox 97 2773 1662 2846">
     <span class='ocr_line' id='line_1_44' title="bbox 97 2773 1662 2846; baseline 0 -15"><span class='ocrx_word' id='word_1_357' title='bbox 97 2773 289 2831; x_wconf 79' lang='lat' dir='ltr'><strong>Verum</strong></span> <span class='ocrx_word' id='word_1_358' title='bbox 323 2774 538 2831; x_wconf 81' lang='lat' dir='ltr'><strong>excludi</strong></span> <span class='ocrx_word' id='word_1_359' title='bbox 570 2775 879 2831; x_wconf 82' lang='lat' dir='ltr'><strong>videbimur</strong></span> <span class='ocrx_word' id='word_1_360' title='bbox 902 2780 956 2831; x_wconf 84' lang='lat' dir='ltr'><strong>in</strong></span> <span class='ocrx_word' id='word_1_361' title='bbox 984 2777 1069 2831; x_wconf 89' lang='lat' dir='ltr'><strong>his</strong></span> <span class='ocrx_word' id='word_1_362' title='bbox 1090 2790 1211 2845; x_wconf 73' lang='lat' dir='ltr'><strong>qua:</strong></span> <span class='ocrx_word' id='word_1_363' title='bbox 1234 2777 1662 2846; x_wconf 89' lang='lat' dir='ltr'><strong>subsequuntur,</strong></span> 
     </span>
    </p>
   </div>
   <div class='ocr_carea' id='block_1_45' title="bbox 95 2862 1665 2936">
    <p class='ocr_par' dir='ltr' id='par_1_45' title="bbox 95 2862 1665 2936">
     <span class='ocr_line' id='line_1_45' title="bbox 95 2862 1665 2936; baseline 0.004 -21"><span class='ocrx_word' id='word_1_364' title='bbox 95 2865 185 2920; x_wconf 88' lang='lat' dir='ltr'><strong>ubi</strong></span> <span class='ocrx_word' id='word_1_365' title='bbox 217 2862 354 2919; x_wconf 73' lang='lat' dir='ltr'><strong>dicit</strong></span> <span class='ocrx_word' id='word_1_366' title='bbox 388 2882 403 2918; x_wconf 90' lang='lat'><strong>:</strong></span> <span class='ocrx_word' id='word_1_367' title='bbox 445 2881 465 2916; x_wconf 73' lang='grc' dir='ltr'>ί</span> <span class='ocrx_word' id='word_1_368' title='bbox 499 2863 555 2917; x_wconf 92' lang='lat' dir='ltr'><strong>ln</strong></span> <span class='ocrx_word' id='word_1_369' title='bbox 581 2875 798 2936; x_wconf 83' lang='lat' dir='ltr'><strong>gentem</strong></span> <span class='ocrx_word' id='word_1_370' title='bbox 829 2865 1183 2932; x_wconf 85' lang='lat' dir='ltr'><strong>insensatam,</strong></span> <span class='ocrx_word' id='word_1_371' title='bbox 1210 2865 1264 2919; x_wconf 92' lang='lat' dir='ltr'><strong>in</strong></span> <span class='ocrx_word' id='word_1_372' title='bbox 1293 2866 1431 2921; x_wconf 91' lang='lat' dir='ltr'><strong>iram</strong></span> <span class='ocrx_word' id='word_1_373' title='bbox 1452 2881 1550 2922; x_wconf 86' lang='lat' dir='ltr'><strong>vos</strong></span> <span class='ocrx_word' id='word_1_374' title='bbox 1582 2867 1665 2921; x_wconf 84' lang='lat' dir='ltr'><strong>in-</strong></span> 
     </span>
    </p>
   </div>
   <div class='ocr_carea' id='block_1_46' title="bbox 96 2958 1665 3030">
    <p class='ocr_par' dir='ltr' id='par_1_46' title="bbox 96 2958 1665 3030">
     <span class='ocr_line' id='line_1_46' title="bbox 96 2958 1665 3030; baseline 0.005 -21"><span class='ocrx_word' id='word_1_375' title='bbox 96 2960 276 3012; x_wconf 82' lang='lat' dir='ltr'><strong>ducam</strong></span> <span class='ocrx_word' id='word_1_376' title='bbox 304 2975 330 3015; x_wconf 83' lang='lat'><strong>:</strong></span> <span class='ocrx_word' id='word_1_377' title='bbox 369 2976 388 3010; x_wconf 72' lang='grc' dir='ltr'><strong>ι</strong></span> <span class='ocrx_word' id='word_1_378' title='bbox 417 2958 559 3028; x_wconf 90' lang='lat' dir='ltr'><strong>quod</strong></span> <span class='ocrx_word' id='word_1_379' title='bbox 593 2967 650 3013; x_wconf 91' lang='lat' dir='ltr'><strong>et</strong></span> <span class='ocrx_word' id='word_1_380' title='bbox 683 2970 897 3027; x_wconf 90' lang='lat' dir='ltr'><strong>gentem</strong></span> <span class='ocrx_word' id='word_1_381' title='bbox 933 2974 1080 3026; x_wconf 91' lang='lat' dir='ltr'><strong>eam,</strong></span> <span class='ocrx_word' id='word_1_382' title='bbox 1105 2969 1160 3015; x_wconf 90' lang='lat' dir='ltr'><strong>et</strong></span> <span class='ocrx_word' id='word_1_383' title='bbox 1187 2958 1530 3030; x_wconf 87' lang='lat' dir='ltr'><strong>insipientem</strong></span> <span class='ocrx_word' id='word_1_384' title='bbox 1565 2976 1665 3017; x_wconf 70' lang='lat' dir='ltr'><strong>no~</strong></span> 
     </span>
    </p>
   </div>
   <div class='ocr_carea' id='block_1_47' title="bbox 98 3047 1736 3142">
    <p class='ocr_par' dir='ltr' id='par_1_47' title="bbox 98 3047 1736 3142">
     <span class='ocr_line' id='line_1_47' title="bbox 98 3047 1736 3142; baseline 0.005 -42"><span class='ocrx_word' id='word_1_385' title='bbox 98 3047 403 3104; x_wconf 86' lang='lat' dir='ltr'><strong>minaverit.</strong></span> <span class='ocrx_word' id='word_1_386' title='bbox 439 3050 638 3105; x_wconf 77' lang='lat' dir='ltr'><strong>Verum</strong></span> <span class='ocrx_word' id='word_1_387' title='bbox 681 3066 752 3105; x_wconf 91' lang='lat' dir='ltr'><strong>ne</strong></span> <span class='ocrx_word' id='word_1_388' title='bbox 787 3050 841 3105; x_wconf 92' lang='lat' dir='ltr'><strong>in</strong></span> <span class='ocrx_word' id='word_1_389' title='bbox 882 3051 986 3107; x_wconf 89' lang='lat' dir='ltr'><strong>hoc</strong></span> <span class='ocrx_word' id='word_1_390' title='bbox 1033 3052 1253 3121; x_wconf 82' lang='lat' dir='ltr'><strong>quidem</strong></span> <span class='ocrx_word' id='word_1_391' title='bbox 1298 3052 1539 3108; x_wconf 80' lang='lat' dir='ltr'><strong>famulus</strong></span> <span class='ocrx_word' id='word_1_392' title='bbox 1570 3054 1662 3109; x_wconf 89' lang='lat' dir='ltr'><strong>Dei</strong></span> <span class='ocrx_word' id='word_1_393' title='bbox 1692 3086 1736 3142; x_wconf 65' lang='grc' dir='ltr'>ο</span> 
     </span>
    </p>
   </div>
   <div class='ocr_carea' id='block_1_48' title="bbox 97 3139 1664 3215">
    <p class='ocr_par' dir='ltr' id='par_1_48' title="bbox 97 3139 1664 3215">
     <span class='ocr_line' id='line_1_48' title="bbox 97 3139 1664 3215; baseline 0.001 -18"><span class='ocrx_word' id='word_1_394' title='bbox 97 3139 300 3212; x_wconf 79' lang='lat' dir='ltr'><strong>Moyses</strong></span> <span class='ocrx_word' id='word_1_395' title='bbox 334 3142 722 3197; x_wconf 77' lang='lat' dir='ltr'><strong>contumeliam</strong></span> <span class='ocrx_word' id='word_1_396' title='bbox 751 3141 882 3197; x_wconf 77' lang='lat' dir='ltr'><strong>facit</strong></span> <span class='ocrx_word' id='word_1_397' title='bbox 914 3144 1107 3215; x_wconf 84' lang='lat' dir='ltr'><strong>populo</strong></span> <span class='ocrx_word' id='word_1_398' title='bbox 1128 3143 1253 3212; x_wconf 87' lang='lat' dir='ltr'><strong>Dei;</strong></span> <span class='ocrx_word' id='word_1_399' title='bbox 1279 3144 1372 3199; x_wconf 91' lang='lat' dir='ltr'><strong>sed</strong></span> <span class='ocrx_word' id='word_1_400' title='bbox 1402 3145 1664 3214; x_wconf 73' lang='lat' dir='ltr'><strong>prtevide-</strong></span> 
     </span>
    </p>
   </div>
   <div class='ocr_carea' id='block_1_49' title="bbox 99 3233 1663 3306">
    <p class='ocr_par' dir='ltr' id='par_1_49' title="bbox 99 3233 1663 3306">
     <span class='ocr_line' id='line_1_49' title="bbox 99 3233 1663 3306; baseline 0.003 -20"><span class='ocrx_word' id='word_1_401' title='bbox 99 3233 185 3286; x_wconf 89' lang='lat' dir='ltr'><strong>bat</strong></span> <span class='ocrx_word' id='word_1_402' title='bbox 212 3234 264 3289; x_wconf 94' lang='lat' dir='ltr'><strong>in</strong></span> <span class='ocrx_word' id='word_1_403' title='bbox 297 3235 499 3304; x_wconf 90' lang='lat' dir='ltr'><strong>spiritu</strong></span> <span class='ocrx_word' id='word_1_404' title='bbox 528 3235 784 3304; x_wconf 85' lang='lat' dir='ltr'><strong>quoniam</strong></span> <span class='ocrx_word' id='word_1_405' title='bbox 817 3236 863 3290; x_wconf 90' lang='lat' dir='ltr'><strong>si</strong></span> <span class='ocrx_word' id='word_1_406' title='bbox 896 3237 1017 3306; x_wconf 91' lang='lat' dir='ltr'><strong>quis</strong></span> <span class='ocrx_word' id='word_1_407' title='bbox 1057 3235 1166 3291; x_wconf 86' lang='lat' dir='ltr'><strong>vult</strong></span> <span class='ocrx_word' id='word_1_408' title='bbox 1210 3238 1430 3306; x_wconf 81' lang='lat' dir='ltr'><strong>sapiens</strong></span> <span class='ocrx_word' id='word_1_409' title='bbox 1459 3250 1579 3291; x_wconf 88' lang='lat' dir='ltr'><strong>esse</strong></span> <span class='ocrx_word' id='word_1_410' title='bbox 1610 3237 1663 3290; x_wconf 91' lang='lat' dir='ltr'><strong>in</strong></span> 
     </span>
    </p>
   </div>
   <div class='ocr_carea' id='block_1_50' title="bbox 101 3326 1667 3399">
    <p class='ocr_par' dir='ltr' id='par_1_50' title="bbox 101 3326 1667 3399">
     <span class='ocr_line' id='line_1_50' title="bbox 101 3326 1667 3399; baseline 0.004 -22"><span class='ocrx_word' id='word_1_411' title='bbox 101 3326 195 3381; x_wconf 89' lang='lat' dir='ltr'><strong>hoc</strong></span> <span class='ocrx_word' id='word_1_412' title='bbox 240 3333 464 3394; x_wconf 88' lang='lat' dir='ltr'><strong>mundo,</strong></span> <span class='ocrx_word' id='word_1_413' title='bbox 523 3329 787 3398; x_wconf 86' lang='lat' dir='ltr'><strong>insipiens</strong></span> <span class='ocrx_word' id='word_1_414' title='bbox 830 3329 950 3384; x_wconf 85' lang='lat' dir='ltr'><strong>ﬁeri</strong></span> <span class='ocrx_word' id='word_1_415' title='bbox 1006 3329 1188 3395; x_wconf 89' lang='lat' dir='ltr'><strong>debet,</strong></span> <span class='ocrx_word' id='word_1_416' title='bbox 1224 3339 1284 3383; x_wconf 94' lang='lat' dir='ltr'><strong>ut</strong></span> <span class='ocrx_word' id='word_1_417' title='bbox 1332 3330 1405 3385; x_wconf 90' lang='lat' dir='ltr'><strong>sit</strong></span> <span class='ocrx_word' id='word_1_418' title='bbox 1446 3328 1667 3399; x_wconf 86' lang='lat' dir='ltr'><strong>sapiens</strong></span> 
     </span>
    </p>
   </div>
   <div class='ocr_carea' id='block_1_51' title="bbox 100 3418 1666 3491">
    <p class='ocr_par' dir='ltr' id='par_1_51' title="bbox 100 3418 1666 3491">
     <span class='ocr_line' id='line_1_51' title="bbox 100 3418 1666 3491; baseline 0.003 -18"><span class='ocrx_word' id='word_1_419' title='bbox 100 3421 231 3488; x_wconf 85' lang='lat' dir='ltr'><strong>apud</strong></span> <span class='ocrx_word' id='word_1_420' title='bbox 260 3420 429 3475; x_wconf 89' lang='lat' dir='ltr'><strong>Deum</strong></span> <span class='ocrx_word' id='word_1_421' title='bbox 461 3418 543 3488; x_wconf 79' lang='lat'><strong>“;</strong></span> <span class='ocrx_word' id='word_1_422' title='bbox 574 3430 630 3476; x_wconf 90' lang='lat' dir='ltr'><strong>et</strong></span> <span class='ocrx_word' id='word_1_423' title='bbox 659 3440 678 3472; x_wconf 81' lang='grc' dir='ltr'><strong>ι</strong></span> <span class='ocrx_word' id='word_1_424' title='bbox 711 3422 842 3491; x_wconf 89' lang='lat' dir='ltr'><strong>quia</strong></span> <span class='ocrx_word' id='word_1_425' title='bbox 868 3436 978 3477; x_wconf 88' lang='lat' dir='ltr'><strong>non</strong></span> <span class='ocrx_word' id='word_1_426' title='bbox 1011 3421 1264 3490; x_wconf 86' lang='lat' dir='ltr'><strong>cognovit</strong></span> <span class='ocrx_word' id='word_1_427' title='bbox 1309 3423 1542 3477; x_wconf 90' lang='lat' dir='ltr'><strong>mundus</strong></span> <span class='ocrx_word' id='word_1_428' title='bbox 1569 3436 1666 3490; x_wconf 88' lang='lat' dir='ltr'><strong>per</strong></span> 
     </span>
    </p>
   </div>
   <div class='ocr_carea' id='block_1_52' title="bbox 100 3512 1664 3583">
    <p class='ocr_par' dir='ltr' id='par_1_52' title="bbox 100 3512 1664 3583">
     <span class='ocr_line' id='line_1_52' title="bbox 100 3512 1664 3583; baseline 0.002 -18"><span class='ocrx_word' id='word_1_429' title='bbox 100 3512 414 3579; x_wconf 84' lang='lat' dir='ltr'><strong>sapientiam</strong></span> <span class='ocrx_word' id='word_1_430' title='bbox 444 3512 645 3576; x_wconf 90' lang='lat' dir='ltr'><strong>Deum,</strong></span> <span class='ocrx_word' id='word_1_431' title='bbox 687 3513 889 3583; x_wconf 88' lang='lat' dir='ltr'><strong>placuit</strong></span> <span class='ocrx_word' id='word_1_432' title='bbox 924 3513 1035 3568; x_wconf 90' lang='lat' dir='ltr'><strong>Deo</strong></span> <span class='ocrx_word' id='word_1_433' title='bbox 1067 3527 1161 3582; x_wconf 87' lang='lat' dir='ltr'><strong>per</strong></span> <span class='ocrx_word' id='word_1_434' title='bbox 1189 3512 1478 3567; x_wconf 87' lang='lat' dir='ltr'><strong>stultitiam</strong></span> <span class='ocrx_word' id='word_1_435' title='bbox 1523 3528 1664 3583; x_wconf 68' lang='lat' dir='ltr'><strong>prae-</strong></span> 
     </span>
    </p>
   </div>
   <div class='ocr_carea' id='block_1_53' title="bbox 102 3606 1669 3679">
    <p class='ocr_par' dir='ltr' id='par_1_53' title="bbox 102 3606 1669 3679">
     <span class='ocr_line' id='line_1_53' title="bbox 102 3606 1669 3679; baseline 0.001 -20"><span class='ocrx_word' id='word_1_436' title='bbox 102 3607 385 3664; x_wconf 88' lang='lat' dir='ltr'><strong>dicationis</strong></span> <span class='ocrx_word' id='word_1_437' title='bbox 412 3607 596 3662; x_wconf 84' lang='lat' dir='ltr'><strong>salvos</strong></span> <span class='ocrx_word' id='word_1_438' title='bbox 621 3606 804 3662; x_wconf 86' lang='lat' dir='ltr'><strong>lacere</strong></span> <span class='ocrx_word' id='word_1_439' title='bbox 830 3608 1116 3663; x_wconf 88' lang='lat' dir='ltr'><strong>credentes</strong></span> <span class='ocrx_word' id='word_1_440' title='bbox 1142 3607 1187 3640; x_wconf 75' lang='lat'>”</span> <span class='ocrx_word' id='word_1_441' title='bbox 1223 3627 1237 3662; x_wconf 88' lang='lat'><strong>:</strong></span> <span class='ocrx_word' id='word_1_442' title='bbox 1273 3626 1297 3660; x_wconf 67' lang='grc' dir='ltr'><strong>ι</strong></span> <span class='ocrx_word' id='word_1_443' title='bbox 1332 3619 1388 3662; x_wconf 91' lang='lat' dir='ltr'><strong>et</strong></span> <span class='ocrx_word' id='word_1_444' title='bbox 1414 3608 1539 3679; x_wconf 90' lang='lat' dir='ltr'><strong>quia</strong></span> <span class='ocrx_word' id='word_1_445' title='bbox 1569 3623 1669 3677; x_wconf 91' lang='lat' dir='ltr'><strong>per</strong></span> 
     </span>
    </p>
   </div>
   <div class='ocr_carea' id='block_1_54' title="bbox 103 3698 1664 3770">
    <p class='ocr_par' dir='ltr' id='par_1_54' title="bbox 103 3698 1664 3770">
     <span class='ocr_line' id='line_1_54' title="bbox 103 3698 1664 3770; baseline 0.001 -17"><span class='ocrx_word' id='word_1_446' title='bbox 103 3700 539 3767; x_wconf 65' lang='lat' dir='ltr'><strong>prtcdicationem</strong></span> <span class='ocrx_word' id='word_1_447' title='bbox 561 3699 740 3755; x_wconf 87' lang='lat' dir='ltr'><strong>crucis</strong></span> <span class='ocrx_word' id='word_1_448' title='bbox 772 3699 1001 3765; x_wconf 88' lang='lat' dir='ltr'><strong>Christi,</strong></span> <span class='ocrx_word' id='word_1_449' title='bbox 1020 3714 1143 3770; x_wconf 73' lang='lat' dir='ltr'><strong>qua:</strong></span> <span class='ocrx_word' id='word_1_450' title='bbox 1168 3708 1255 3754; x_wconf 87' lang='lat' dir='ltr'><strong>est</strong></span> <span class='ocrx_word' id='word_1_451' title='bbox 1277 3698 1505 3755; x_wconf 89' lang='lat' dir='ltr'><strong>stultitia</strong></span> <span class='ocrx_word' id='word_1_452' title='bbox 1528 3714 1664 3770; x_wconf 86' lang='lat' dir='ltr'><strong>gen-</strong></span> 
     </span>
    </p>
   </div>
   <div class='ocr_carea' id='block_1_55' title="bbox 102 3790 1670 3861">
    <p class='ocr_par' dir='ltr' id='par_1_55' title="bbox 102 3790 1670 3861">
     <span class='ocr_line' id='line_1_55' title="bbox 102 3790 1670 3861; baseline 0.003 -19"><span class='ocrx_word' id='word_1_453' title='bbox 102 3792 235 3846; x_wconf 87' lang='lat' dir='ltr'><strong>tibus</strong></span> <span class='ocrx_word' id='word_1_454' title='bbox 251 3790 319 3856; x_wconf 83' lang='lat'><strong>“,</strong></span> <span class='ocrx_word' id='word_1_455' title='bbox 340 3791 762 3861; x_wconf 63' lang='lat' dir='ltr'><strong>congrrgahitur</strong></span> <span class='ocrx_word' id='word_1_456' title='bbox 784 3790 1014 3861; x_wconf 88' lang='lat' dir='ltr'><strong>populus</strong></span> <span class='ocrx_word' id='word_1_457' title='bbox 1033 3791 1122 3858; x_wconf 91' lang='lat' dir='ltr'><strong>qui</strong></span> <span class='ocrx_word' id='word_1_458' title='bbox 1149 3792 1245 3845; x_wconf 86' lang='lat' dir='ltr'><strong>liat</strong></span> <span class='ocrx_word' id='word_1_459' title='bbox 1265 3791 1316 3845; x_wconf 94' lang='lat' dir='ltr'><strong>iu</strong></span> <span class='ocrx_word' id='word_1_460' title='bbox 1340 3791 1444 3846; x_wconf 85' lang='lat' dir='ltr'><strong>hoc</strong></span> <span class='ocrx_word' id='word_1_461' title='bbox 1467 3792 1670 3847; x_wconf 90' lang='lat' dir='ltr'><strong>mundo</strong></span> 
     </span>
    </p>
   </div>
   <div class='ocr_carea' id='block_1_56' title="bbox 103 3883 1667 3955">
    <p class='ocr_par' dir='ltr' id='par_1_56' title="bbox 103 3883 1667 3955">
     <span class='ocr_line' id='line_1_56' title="bbox 103 3883 1667 3955; baseline 0.002 -20"><span class='ocrx_word' id='word_1_462' title='bbox 103 3884 312 3950; x_wconf 79' lang='lat' dir='ltr'><strong>stultus,</strong></span> <span class='ocrx_word' id='word_1_463' title='bbox 356 3895 419 3940; x_wconf 90' lang='lat' dir='ltr'><strong>ut</strong></span> <span class='ocrx_word' id='word_1_464' title='bbox 454 3884 533 3939; x_wconf 84' lang='lat' dir='ltr'><strong>sit</strong></span> <span class='ocrx_word' id='word_1_465' title='bbox 559 3885 777 3955; x_wconf 85' lang='lat' dir='ltr'><strong>sapiens</strong></span> <span class='ocrx_word' id='word_1_466' title='bbox 811 3886 952 3954; x_wconf 92' lang='lat' dir='ltr'><strong>apud</strong></span> <span class='ocrx_word' id='word_1_467' title='bbox 986 3884 1175 3939; x_wconf 89' lang='lat' dir='ltr'><strong>Deum.</strong></span> <span class='ocrx_word' id='word_1_468' title='bbox 1221 3883 1536 3940; x_wconf 83' lang='lat' dir='ltr'><strong>Irascuntur</strong></span> <span class='ocrx_word' id='word_1_469' title='bbox 1573 3900 1667 3940; x_wconf 83' lang='lat' dir='ltr'><strong>er-</strong></span> 
     </span>
    </p>
   </div>
   <div class='ocr_carea' id='block_1_57' title="bbox 101 3976 1667 4050">
    <p class='ocr_par' dir='ltr' id='par_1_57' title="bbox 101 3976 1667 4050">
     <span class='ocr_line' id='line_1_57' title="bbox 101 3976 1667 4050; baseline 0.002 -19"><span class='ocrx_word' id='word_1_470' title='bbox 101 3993 164 4043; x_wconf 76' lang='lat' dir='ltr'><strong>go</strong></span> <span class='ocrx_word' id='word_1_471' title='bbox 190 3977 299 4050; x_wconf 83' lang='lat'><strong>(65)</strong></span> <span class='ocrx_word' id='word_1_472' title='bbox 331 3976 500 4034; x_wconf 57' lang='lat' dir='ltr'><strong>Judaei</strong></span> <span class='ocrx_word' id='word_1_473' title='bbox 528 3979 672 4050; x_wconf 79' lang='lat' dir='ltr'><strong>quod</strong></span> <span class='ocrx_word' id='word_1_474' title='bbox 705 3979 837 4048; x_wconf 91' lang='lat' dir='ltr'><strong>ipsis</strong></span> <span class='ocrx_word' id='word_1_475' title='bbox 862 3978 1248 4034; x_wconf 77' lang='lat' dir='ltr'><strong>excusantibus</strong></span> <span class='ocrx_word' id='word_1_476' title='bbox 1283 3984 1341 4034; x_wconf 91' lang='lat' dir='ltr'><strong>et</strong></span> <span class='ocrx_word' id='word_1_477' title='bbox 1375 3977 1667 4034; x_wconf 82' lang='lat' dir='ltr'><strong>refutanti-</strong></span> 
     </span>
    </p>
   </div>
   <div class='ocr_carea' id='block_1_58' title="bbox 97 4070 1658 4141">
    <p class='ocr_par' dir='ltr' id='par_1_58' title="bbox 97 4070 1658 4141">
     <span class='ocr_line' id='line_1_58' title="bbox 97 4070 1658 4141; baseline 0.003 -19"><span class='ocrx_word' id='word_1_478' title='bbox 97 4070 215 4134; x_wconf 80' lang='lat' dir='ltr'><strong>bus,</strong></span> <span class='ocrx_word' id='word_1_479' title='bbox 246 4073 312 4126; x_wconf 89' lang='lat' dir='ltr'><strong>ad</strong></span> <span class='ocrx_word' id='word_1_480' title='bbox 345 4072 653 4126; x_wconf 87' lang='lat' dir='ltr'><strong>convivium</strong></span> <span class='ocrx_word' id='word_1_481' title='bbox 680 4072 822 4141; x_wconf 89' lang='lat' dir='ltr'><strong>regis</strong></span> <span class='ocrx_word' id='word_1_482' title='bbox 852 4071 1090 4125; x_wconf 67' lang='lat' dir='ltr'><strong>invitata:</strong></span> <span class='ocrx_word' id='word_1_483' title='bbox 1118 4082 1244 4126; x_wconf 92' lang='lat' dir='ltr'><strong>sunt</strong></span> <span class='ocrx_word' id='word_1_484' title='bbox 1290 4081 1500 4139; x_wconf 90' lang='lat' dir='ltr'><strong>gentes,</strong></span> <span class='ocrx_word' id='word_1_485' title='bbox 1549 4086 1658 4126; x_wconf 94' lang='lat' dir='ltr'><strong>non</strong></span> 
     </span>
    </p>
   </div>
   <div class='ocr_carea' id='block_1_59' title="bbox 101 4163 1663 4235">
    <p class='ocr_par' dir='ltr' id='par_1_59' title="bbox 101 4163 1663 4235">
     <span class='ocr_line' id='line_1_59' title="bbox 101 4163 1663 4235; baseline -0.001 -19"><span class='ocrx_word' id='word_1_486' title='bbox 101 4166 419 4233; x_wconf 86' lang='lat' dir='ltr'><strong>aspicientes</strong></span> <span class='ocrx_word' id='word_1_487' title='bbox 463 4167 531 4219; x_wconf 90' lang='lat' dir='ltr'><strong>ad</strong></span> <span class='ocrx_word' id='word_1_488' title='bbox 579 4179 640 4220; x_wconf 90' lang='lat' dir='ltr'><strong>ea</strong></span> <span class='ocrx_word' id='word_1_489' title='bbox 696 4180 817 4235; x_wconf 67' lang='lat' dir='ltr'><strong>quae</strong></span> <span class='ocrx_word' id='word_1_490' title='bbox 876 4163 1076 4218; x_wconf 89' lang='lat' dir='ltr'><strong>dudum</strong></span> <span class='ocrx_word' id='word_1_491' title='bbox 1124 4163 1190 4217; x_wconf 90' lang='lat' dir='ltr'><strong>de</strong></span> <span class='ocrx_word' id='word_1_492' title='bbox 1246 4164 1349 4217; x_wconf 91' lang='lat' dir='ltr'><strong>hoc</strong></span> <span class='ocrx_word' id='word_1_493' title='bbox 1404 4163 1663 4233; x_wconf 88' lang='lat' dir='ltr'><strong>mysterio</strong></span> 
     </span>
    </p>
   </div>
   <div class='ocr_carea' id='block_1_60' title="bbox 106 4251 1660 4324">
    <p class='ocr_par' dir='ltr' id='par_1_60' title="bbox 106 4251 1660 4324">
     <span class='ocr_line' id='line_1_60' title="bbox 106 4251 1660 4324; baseline 0.001 -17"><span class='ocrx_word' id='word_1_494' title='bbox 106 4275 125 4307; x_wconf 67' lang='grc' dir='ltr'><em>ς</em></span> <span class='ocrx_word' id='word_1_495' title='bbox 156 4256 323 4312; x_wconf 81' lang='lat' dir='ltr'><strong>Isaias</strong></span> <span class='ocrx_word' id='word_1_496' title='bbox 375 4257 539 4311; x_wconf 88' lang='lat' dir='ltr'><strong>audet</strong></span> <span class='ocrx_word' id='word_1_497' title='bbox 584 4266 642 4311; x_wconf 92' lang='lat' dir='ltr'><strong>et</strong></span> <span class='ocrx_word' id='word_1_498' title='bbox 682 4256 817 4311; x_wconf 89' lang='lat' dir='ltr'><strong>dicit</strong></span> <span class='ocrx_word' id='word_1_499' title='bbox 847 4272 861 4309; x_wconf 88' lang='lat'><strong>:</strong></span> <span class='ocrx_word' id='word_1_500' title='bbox 889 4254 1146 4308; x_wconf 90' lang='lat' dir='ltr'><strong>Inventus</strong></span> <span class='ocrx_word' id='word_1_501' title='bbox 1191 4268 1310 4308; x_wconf 88' lang='lat' dir='ltr'><strong>sum</strong></span> <span class='ocrx_word' id='word_1_502' title='bbox 1342 4251 1456 4324; x_wconf 93' lang='lat'><strong>(66)</strong></span> <span class='ocrx_word' id='word_1_503' title='bbox 1489 4268 1519 4306; x_wconf 91' lang='lat' dir='ltr'><strong>a</strong></span> <span class='ocrx_word' id='word_1_504' title='bbox 1556 4268 1660 4308; x_wconf 81' lang='lat' dir='ltr'><strong>non</strong></span> 
     </span>
    </p>
   </div>
   <div class='ocr_carea' id='block_1_61' title="bbox 99 4341 1659 4416">
    <p class='ocr_par' dir='ltr' id='par_1_61' title="bbox 99 4341 1659 4416">
     <span class='ocr_line' id='line_1_61' title="bbox 99 4341 1659 4416; baseline -0.004 -15"><span class='ocrx_word' id='word_1_505' title='bbox 99 4349 458 4413; x_wconf 68' lang='lat' dir='ltr'><strong>quaerentibus</strong></span> <span class='ocrx_word' id='word_1_506' title='bbox 482 4362 597 4402; x_wconf 90' lang='lat' dir='ltr'><strong>me:</strong></span> <span class='ocrx_word' id='word_1_507' title='bbox 621 4347 797 4416; x_wconf 88' lang='lat' dir='ltr'><strong>palam</strong></span> <span class='ocrx_word' id='word_1_508' title='bbox 819 4360 953 4415; x_wconf 89' lang='lat' dir='ltr'><strong>appa</strong></span> <span class='ocrx_word' id='word_1_509' title='bbox 964 4346 1042 4399; x_wconf 92' lang='lat' dir='ltr'><strong>rui</strong></span> <span class='ocrx_word' id='word_1_510' title='bbox 1062 4345 1203 4398; x_wconf 90' lang='lat' dir='ltr'><strong>inter</strong></span> <span class='ocrx_word' id='word_1_511' title='bbox 1216 4358 1311 4400; x_wconf 91' lang='lat' dir='ltr'><strong>eos</strong></span> <span class='ocrx_word' id='word_1_512' title='bbox 1331 4343 1422 4413; x_wconf 89' lang='lat' dir='ltr'><strong>qui</strong></span> <span class='ocrx_word' id='word_1_513' title='bbox 1449 4341 1659 4414; x_wconf 88' lang='lat' dir='ltr'><strong>me(67)</strong></span> 
     </span>
    </p>
   </div>
   <div class='ocr_carea' id='block_1_62' title="bbox 1763 1851 3339 1930">
    <p class='ocr_par' dir='ltr' id='par_1_62' title="bbox 1763 1851 3339 1930">
     <span class='ocr_line' id='line_1_62' title="bbox 1763 1851 3339 1930; baseline 0.006 -25"><span class='ocrx_word' id='word_1_514' title='bbox 1763 1851 1948 1907; x_wconf 83' lang='lat' dir='ltr'><strong>verbis</strong></span> <span class='ocrx_word' id='word_1_515' title='bbox 1977 1851 2121 1907; x_wconf 88' lang='lat' dir='ltr'><strong>beati</strong></span> <span class='ocrx_word' id='word_1_516' title='bbox 2145 1852 2406 1922; x_wconf 88' lang='lat' dir='ltr'><strong>Stephani</strong></span> <span class='ocrx_word' id='word_1_517' title='bbox 2431 1856 2662 1911; x_wconf 89' lang='lat' dir='ltr'><strong>dicentis</strong></span> <span class='ocrx_word' id='word_1_518' title='bbox 2687 1857 2761 1910; x_wconf 56' lang='grc' dir='ltr'><strong>είς</strong></span> <span class='ocrx_word' id='word_1_519' title='bbox 2802 1874 2820 1908; x_wconf 75' lang='grc' dir='ltr'><strong>ι</strong></span> <span class='ocrx_word' id='word_1_520' title='bbox 2852 1858 3021 1925; x_wconf 83' lang='lat' dir='ltr'><strong>Quem</strong></span> <span class='ocrx_word' id='word_1_521' title='bbox 3045 1860 3188 1914; x_wconf 90' lang='lat' dir='ltr'><strong>enim</strong></span> <span class='ocrx_word' id='word_1_522' title='bbox 3211 1874 3339 1930; x_wconf 88' lang='lat' dir='ltr'><strong>pro-</strong></span> 
     </span>
    </p>
   </div>
   <div class='ocr_carea' id='block_1_63' title="bbox 1762 1943 3337 2019">
    <p class='ocr_par' dir='ltr' id='par_1_63' title="bbox 1762 1943 3337 2019">
     <span class='ocr_line' id='line_1_63' title="bbox 1762 1943 3337 2019; baseline 0.005 -23"><span class='ocrx_word' id='word_1_523' title='bbox 1762 1943 2051 2011; x_wconf 88' lang='lat' dir='ltr'><strong>phetarum</strong></span> <span class='ocrx_word' id='word_1_524' title='bbox 2085 1959 2192 2000; x_wconf 93' lang='lat' dir='ltr'><strong>non</strong></span> <span class='ocrx_word' id='word_1_525' title='bbox 2235 1947 2505 2015; x_wconf 88' lang='lat' dir='ltr'><strong>persecuti</strong></span> <span class='ocrx_word' id='word_1_526' title='bbox 2537 1957 2665 2002; x_wconf 89' lang='lat' dir='ltr'><strong>sunt</strong></span> <span class='ocrx_word' id='word_1_527' title='bbox 2696 1959 2881 2019; x_wconf 89' lang='lat' dir='ltr'><strong>patres</strong></span> <span class='ocrx_word' id='word_1_528' title='bbox 2913 1950 3102 2018; x_wconf 88' lang='lat' dir='ltr'><strong>vestri,</strong></span> <span class='ocrx_word' id='word_1_529' title='bbox 3127 1952 3215 2019; x_wconf 92' lang='lat' dir='ltr'><strong>qui</strong></span> <span class='ocrx_word' id='word_1_530' title='bbox 3239 1966 3337 2004; x_wconf 89' lang='lat' dir='ltr'><strong>an-</strong></span> 
     </span>
    </p>
   </div>
   <div class='ocr_carea' id='block_1_64' title="bbox 1763 2032 3339 2096">
    <p class='ocr_par' dir='ltr' id='par_1_64' title="bbox 1763 2032 3339 2096">
     <span class='ocr_line' id='line_1_64' title="bbox 1763 2032 3339 2096; baseline 0.005 -10"><span class='ocrx_word' id='word_1_531' title='bbox 1763 2032 2093 2088; x_wconf 89' lang='lat' dir='ltr'><strong>nuntiabant</strong></span> <span class='ocrx_word' id='word_1_532' title='bbox 2127 2034 2196 2089; x_wconf 93' lang='lat' dir='ltr'><strong>de</strong></span> <span class='ocrx_word' id='word_1_533' title='bbox 2226 2036 2460 2090; x_wconf 87' lang='lat' dir='ltr'><strong>adventu</strong></span> <span class='ocrx_word' id='word_1_534' title='bbox 2493 2034 2667 2092; x_wconf 74' lang='lat' dir='ltr'><strong>Iusti?</strong></span> <span class='ocrx_word' id='word_1_535' title='bbox 2704 2057 2725 2091; x_wconf 73' lang='grc' dir='ltr'><strong>ι</strong></span> <span class='ocrx_word' id='word_1_536' title='bbox 2764 2048 2892 2095; x_wconf 92' lang='lat' dir='ltr'><strong>tunc</strong></span> <span class='ocrx_word' id='word_1_537' title='bbox 2935 2039 3089 2096; x_wconf 69' lang='lat' dir='ltr'><strong>Isaiae</strong></span> <span class='ocrx_word' id='word_1_538' title='bbox 3140 2041 3339 2095; x_wconf 85' lang='lat' dir='ltr'><strong>intelli-</strong></span> 
     </span>
    </p>
   </div>
   <div class='ocr_carea' id='block_1_65' title="bbox 1764 2126 3337 2203">
    <p class='ocr_par' dir='ltr' id='par_1_65' title="bbox 1764 2126 3337 2203">
     <span class='ocr_line' id='line_1_65' title="bbox 1764 2126 3337 2203; baseline 0.004 -23"><span class='ocrx_word' id='word_1_539' title='bbox 1764 2126 1942 2196; x_wconf 90' lang='lat' dir='ltr'><strong>gimus</strong></span> <span class='ocrx_word' id='word_1_540' title='bbox 1969 2127 2276 2192; x_wconf 89' lang='lat' dir='ltr'><strong>audaciam,</strong></span> <span class='ocrx_word' id='word_1_541' title='bbox 2305 2129 2396 2197; x_wconf 91' lang='lat' dir='ltr'><strong>qui</strong></span> <span class='ocrx_word' id='word_1_542' title='bbox 2421 2131 2889 2198; x_wconf 87' lang='lat' dir='ltr'><strong>persecutionibus</strong></span> <span class='ocrx_word' id='word_1_543' title='bbox 2933 2141 2990 2188; x_wconf 90' lang='lat' dir='ltr'><strong>et</strong></span> <span class='ocrx_word' id='word_1_544' title='bbox 3014 2143 3186 2189; x_wconf 89' lang='lat' dir='ltr'><strong>morte</strong></span> <span class='ocrx_word' id='word_1_545' title='bbox 3211 2149 3337 2203; x_wconf 90' lang='lat' dir='ltr'><strong>pro-</strong></span> 
     </span>
    </p>
   </div>
   <div class='ocr_carea' id='block_1_66' title="bbox 1763 2218 3333 2296">
    <p class='ocr_par' dir='ltr' id='par_1_66' title="bbox 1763 2218 3333 2296">
     <span class='ocr_line' id='line_1_66' title="bbox 1763 2218 3333 2296; baseline 0.006 -24"><span class='ocrx_word' id='word_1_546' title='bbox 1763 2218 1942 2289; x_wconf 89' lang='lat' dir='ltr'><strong>posita</strong></span> <span class='ocrx_word' id='word_1_547' title='bbox 1971 2233 2134 2274; x_wconf 87' lang='lat' dir='ltr'><strong>ausus</strong></span> <span class='ocrx_word' id='word_1_548' title='bbox 2161 2228 2244 2274; x_wconf 88' lang='lat' dir='ltr'><strong>est</strong></span> <span class='ocrx_word' id='word_1_549' title='bbox 2278 2229 2458 2275; x_wconf 86' lang='lat' dir='ltr'><strong>tamen</strong></span> <span class='ocrx_word' id='word_1_550' title='bbox 2487 2220 2556 2276; x_wconf 91' lang='lat' dir='ltr'><strong>de</strong></span> <span class='ocrx_word' id='word_1_551' title='bbox 2583 2223 2820 2278; x_wconf 90' lang='lat' dir='ltr'><strong>adventu</strong></span> <span class='ocrx_word' id='word_1_552' title='bbox 2853 2223 2988 2279; x_wconf 86' lang='lat' dir='ltr'><strong>Justi</strong></span> <span class='ocrx_word' id='word_1_553' title='bbox 3016 2228 3333 2296; x_wconf 69' lang='lat' dir='ltr'><strong>prmdicare,</strong></span> 
     </span>
    </p>
   </div>
   <div class='ocr_carea' id='block_1_67' title="bbox 1762 2312 3338 2385">
    <p class='ocr_par' dir='ltr' id='par_1_67' title="bbox 1762 2312 3338 2385">
     <span class='ocr_line' id='line_1_67' title="bbox 1762 2312 3338 2385; baseline 0.004 -18"><span class='ocrx_word' id='word_1_554' title='bbox 1762 2322 1816 2367; x_wconf 91' lang='lat' dir='ltr'><strong>et</strong></span> <span class='ocrx_word' id='word_1_555' title='bbox 1843 2327 1939 2383; x_wconf 92' lang='lat' dir='ltr'><strong>pro</strong></span> <span class='ocrx_word' id='word_1_556' title='bbox 1966 2313 2108 2369; x_wconf 91' lang='lat' dir='ltr'><strong>bono</strong></span> <span class='ocrx_word' id='word_1_557' title='bbox 2135 2312 2301 2367; x_wconf 89' lang='lat' dir='ltr'><strong>audet</strong></span> <span class='ocrx_word' id='word_1_558' title='bbox 2334 2314 2500 2369; x_wconf 87' lang='lat' dir='ltr'><strong>etiam</strong></span> <span class='ocrx_word' id='word_1_559' title='bbox 2539 2316 2673 2369; x_wconf 89' lang='lat' dir='ltr'><strong>mori</strong></span> <span class='ocrx_word' id='word_1_560' title='bbox 2697 2315 2762 2373; x_wconf 80' lang='grc'><strong>⁸⁸.</strong></span> <span class='ocrx_word' id='word_1_561' title='bbox 2807 2317 2865 2370; x_wconf 90' lang='lat' dir='ltr'><strong>In</strong></span> <span class='ocrx_word' id='word_1_562' title='bbox 2902 2333 3009 2385; x_wconf 88' lang='lat' dir='ltr'><strong>quo</strong></span> <span class='ocrx_word' id='word_1_563' title='bbox 3053 2327 3229 2373; x_wconf 89' lang='lat' dir='ltr'><strong>tamen</strong></span> <span class='ocrx_word' id='word_1_564' title='bbox 3260 2319 3338 2373; x_wconf 89' lang='lat' dir='ltr'><strong>si-</strong></span> 
     </span>
    </p>
   </div>
   <div class='ocr_carea' id='block_1_68' title="bbox 1764 2404 3335 2480">
    <p class='ocr_par' dir='ltr' id='par_1_68' title="bbox 1764 2404 3335 2480">
     <span class='ocr_line' id='line_1_68' title="bbox 1764 2404 3335 2480; baseline 0.001 -20"><span class='ocrx_word' id='word_1_565' title='bbox 1764 2404 1878 2461; x_wconf 90' lang='lat' dir='ltr'><strong>mul</strong></span> <span class='ocrx_word' id='word_1_566' title='bbox 1910 2414 1965 2460; x_wconf 85' lang='lat' dir='ltr'><strong>et</strong></span> <span class='ocrx_word' id='word_1_567' title='bbox 1998 2404 2128 2462; x_wconf 89' lang='lat' dir='ltr'><strong>illud</strong></span> <span class='ocrx_word' id='word_1_568' title='bbox 2153 2408 2484 2471; x_wconf 88' lang='lat' dir='ltr'><strong>ostenditur,</strong></span> <span class='ocrx_word' id='word_1_569' title='bbox 2507 2407 2631 2476; x_wconf 83' lang='lat' dir='ltr'><strong>quia</strong></span> <span class='ocrx_word' id='word_1_570' title='bbox 2657 2424 2788 2473; x_wconf 93' lang='lat' dir='ltr'><strong>non,</strong></span> <span class='ocrx_word' id='word_1_571' title='bbox 2826 2420 2886 2463; x_wconf 92' lang='lat' dir='ltr'><strong>ut</strong></span> <span class='ocrx_word' id='word_1_572' title='bbox 2910 2410 3076 2479; x_wconf 88' lang='lat' dir='ltr'><strong>aliqui</strong></span> <span class='ocrx_word' id='word_1_573' title='bbox 3121 2417 3335 2480; x_wconf 87' lang='lat' dir='ltr'><strong>putant,</strong></span> 
     </span>
    </p>
   </div>
   <div class='ocr_carea' id='block_1_69' title="bbox 1764 2499 3339 2571">
    <p class='ocr_par' dir='ltr' id='par_1_69' title="bbox 1764 2499 3339 2571">
     <span class='ocr_line' id='line_1_69' title="bbox 1764 2499 3339 2571; baseline 0.003 -19"><span class='ocrx_word' id='word_1_574' title='bbox 1764 2499 2042 2568; x_wconf 84' lang='lat' dir='ltr'><strong>prophetae</strong></span> <span class='ocrx_word' id='word_1_575' title='bbox 2075 2500 2391 2555; x_wconf 87' lang='lat' dir='ltr'><strong>nesciebant</strong></span> <span class='ocrx_word' id='word_1_576' title='bbox 2414 2502 2542 2570; x_wconf 88' lang='lat' dir='ltr'><strong>quid</strong></span> <span class='ocrx_word' id='word_1_577' title='bbox 2574 2502 2842 2565; x_wconf 89' lang='lat' dir='ltr'><strong>dicerent,</strong></span> <span class='ocrx_word' id='word_1_578' title='bbox 2868 2512 2925 2556; x_wconf 91' lang='lat' dir='ltr'><strong>et</strong></span> <span class='ocrx_word' id='word_1_579' title='bbox 2949 2503 3105 2571; x_wconf 87' lang='lat' dir='ltr'><strong>quasi</strong></span> <span class='ocrx_word' id='word_1_580' title='bbox 3131 2503 3339 2557; x_wconf 87' lang='lat' dir='ltr'><strong>aliena-</strong></span> 
     </span>
    </p>
   </div>
   <div class='ocr_carea' id='block_1_70' title="bbox 1768 2593 3338 2661">
    <p class='ocr_par' dir='ltr' id='par_1_70' title="bbox 1768 2593 3338 2661">
     <span class='ocr_line' id='line_1_70' title="bbox 1768 2593 3338 2661; baseline 0.003 -18"><span class='ocrx_word' id='word_1_581' title='bbox 1768 2598 1823 2644; x_wconf 91' lang='lat' dir='ltr'><strong>to</strong></span> <span class='ocrx_word' id='word_1_582' title='bbox 1850 2604 2012 2645; x_wconf 89' lang='lat' dir='ltr'><strong>sensu</strong></span> <span class='ocrx_word' id='word_1_583' title='bbox 2045 2606 2148 2646; x_wconf 89' lang='lat' dir='ltr'><strong>suo</strong></span> <span class='ocrx_word' id='word_1_584' title='bbox 2176 2593 2593 2661; x_wconf 84' lang='lat' dir='ltr'><strong>proplietabaut.</strong></span> <span class='ocrx_word' id='word_1_585' title='bbox 2630 2593 2783 2659; x_wconf 89' lang='lat' dir='ltr'><strong>Quod</strong></span> <span class='ocrx_word' id='word_1_586' title='bbox 2833 2594 2979 2647; x_wconf 88' lang='lat' dir='ltr'><strong>enim</strong></span> <span class='ocrx_word' id='word_1_587' title='bbox 3012 2594 3147 2649; x_wconf 89' lang='lat' dir='ltr'><strong>dicit</strong></span> <span class='ocrx_word' id='word_1_588' title='bbox 3194 2596 3338 2661; x_wconf 85' lang='lat' dir='ltr'><strong>Apo-</strong></span> 
     </span>
    </p>
   </div>
   <div class='ocr_carea' id='block_1_71' title="bbox 1765 2680 3337 2754">
    <p class='ocr_par' dir='ltr' id='par_1_71' title="bbox 1765 2680 3337 2754">
     <span class='ocr_line' id='line_1_71' title="bbox 1765 2680 3337 2754; baseline 0.001 -18"><span class='ocrx_word' id='word_1_589' title='bbox 1765 2680 1938 2736; x_wconf 89' lang='lat' dir='ltr'><strong>stolus</strong></span> <span class='ocrx_word' id='word_1_590' title='bbox 1972 2684 2039 2738; x_wconf 93' lang='lat' dir='ltr'><strong>de</strong></span> <span class='ocrx_word' id='word_1_591' title='bbox 2073 2680 2234 2748; x_wconf 83' lang='lat' dir='ltr'><strong>Isaia,</strong></span> <span class='ocrx_word' id='word_1_592' title='bbox 2266 2684 2393 2752; x_wconf 88' lang='lat' dir='ltr'><strong>quia</strong></span> <span class='ocrx_word' id='word_1_593' title='bbox 2418 2702 2437 2735; x_wconf 74' lang='grc' dir='ltr'><strong>ι</strong></span> <span class='ocrx_word' id='word_1_594' title='bbox 2468 2684 2626 2738; x_wconf 88' lang='lat' dir='ltr'><strong>audet</strong></span> <span class='ocrx_word' id='word_1_595' title='bbox 2650 2692 2705 2737; x_wconf 90' lang='lat' dir='ltr'><strong>et</strong></span> <span class='ocrx_word' id='word_1_596' title='bbox 2727 2683 2884 2751; x_wconf 73' lang='lat' dir='ltr'><strong>dicit,</strong></span> <span class='ocrx_word' id='word_1_597' title='bbox 2916 2702 2936 2737; x_wconf 81' lang='grc'>›</span> <span class='ocrx_word' id='word_1_598' title='bbox 2971 2683 3075 2739; x_wconf 91' lang='lat' dir='ltr'><strong>hoc</strong></span> <span class='ocrx_word' id='word_1_599' title='bbox 3104 2684 3337 2754; x_wconf 84' lang='lat' dir='ltr'><strong>iudicat,</strong></span> 
     </span>
    </p>
   </div>
   <div class='ocr_carea' id='block_1_72' title="bbox 1765 2772 3336 2844">
    <p class='ocr_par' dir='ltr' id='par_1_72' title="bbox 1765 2772 3336 2844">
     <span class='ocr_line' id='line_1_72' title="bbox 1765 2772 3336 2844; baseline 0.004 -20"><span class='ocrx_word' id='word_1_600' title='bbox 1765 2772 1891 2841; x_wconf 90' lang='lat' dir='ltr'><strong>quia</strong></span> <span class='ocrx_word' id='word_1_601' title='bbox 1923 2783 2152 2829; x_wconf 91' lang='lat' dir='ltr'><strong>mortem</strong></span> <span class='ocrx_word' id='word_1_602' title='bbox 2179 2782 2538 2829; x_wconf 90' lang='lat' dir='ltr'><strong>contemnens</strong></span> <span class='ocrx_word' id='word_1_603' title='bbox 2577 2783 2633 2828; x_wconf 92' lang='lat' dir='ltr'><strong>et</strong></span> <span class='ocrx_word' id='word_1_604' title='bbox 2663 2775 3071 2844; x_wconf 89' lang='lat' dir='ltr'><strong>persecutiones</strong></span> <span class='ocrx_word' id='word_1_605' title='bbox 3100 2791 3221 2844; x_wconf 71' lang='lat' dir='ltr'><strong>qua:</strong></span> <span class='ocrx_word' id='word_1_606' title='bbox 3248 2776 3336 2831; x_wconf 84' lang='lat' dir='ltr'><strong>in-</strong></span> 
     </span>
    </p>
   </div>
   <div class='ocr_carea' id='block_1_73' title="bbox 1764 2861 3341 2937">
    <p class='ocr_par' dir='ltr' id='par_1_73' title="bbox 1764 2861 3341 2937">
     <span class='ocr_line' id='line_1_73' title="bbox 1764 2861 3341 2937; baseline 0.003 -20"><span class='ocrx_word' id='word_1_607' title='bbox 1764 2861 2105 2935; x_wconf 79' lang='lat' dir='ltr'><strong>ferebantur,</strong></span> <span class='ocrx_word' id='word_1_608' title='bbox 2154 2867 2404 2933; x_wconf 89' lang='lat' dir='ltr'><strong>quamvis</strong></span> <span class='ocrx_word' id='word_1_609' title='bbox 2432 2866 2599 2923; x_wconf 89' lang='lat' dir='ltr'><strong>sciret</strong></span> <span class='ocrx_word' id='word_1_610' title='bbox 2647 2868 2748 2921; x_wconf 84' lang='lat' dir='ltr'><strong>sibi</strong></span> <span class='ocrx_word' id='word_1_611' title='bbox 2798 2867 3080 2922; x_wconf 88' lang='lat' dir='ltr'><strong>imminere</strong></span> <span class='ocrx_word' id='word_1_612' title='bbox 3122 2867 3341 2937; x_wconf 89' lang='lat' dir='ltr'><strong>pericu-</strong></span> 
     </span>
    </p>
   </div>
   <div class='ocr_carea' id='block_1_74' title="bbox 1766 2957 3339 3027">
    <p class='ocr_par' dir='ltr' id='par_1_74' title="bbox 1766 2957 3339 3027">
     <span class='ocr_line' id='line_1_74' title="bbox 1766 2957 3339 3027; baseline -0.001 -14"><span class='ocrx_word' id='word_1_613' title='bbox 1766 2960 1902 3025; x_wconf 91' lang='lat' dir='ltr'><strong>lum,</strong></span> <span class='ocrx_word' id='word_1_614' title='bbox 1936 2958 2099 3014; x_wconf 90' lang='lat' dir='ltr'><strong>audet</strong></span> <span class='ocrx_word' id='word_1_615' title='bbox 2129 2969 2310 3013; x_wconf 85' lang='lat' dir='ltr'><strong>tamen</strong></span> <span class='ocrx_word' id='word_1_616' title='bbox 2343 2966 2396 3012; x_wconf 90' lang='lat' dir='ltr'><strong>et</strong></span> <span class='ocrx_word' id='word_1_617' title='bbox 2441 2957 2702 3027; x_wconf 68' lang='lat' dir='ltr'><strong>prtedicat</strong></span> <span class='ocrx_word' id='word_1_618' title='bbox 2749 2959 2990 3013; x_wconf 88' lang='lat' dir='ltr'><strong>verbum</strong></span> <span class='ocrx_word' id='word_1_619' title='bbox 3028 2957 3144 3023; x_wconf 90' lang='lat' dir='ltr'><strong>Dei,</strong></span> <span class='ocrx_word' id='word_1_620' title='bbox 3197 2958 3339 3014; x_wconf 88' lang='lat' dir='ltr'><strong>sicut</strong></span> 
     </span>
    </p>
   </div>
   <div class='ocr_carea' id='block_1_75' title="bbox 1765 3049 3334 3122">
    <p class='ocr_par' dir='ltr' id='par_1_75' title="bbox 1765 3049 3334 3122">
     <span class='ocr_line' id='line_1_75' title="bbox 1765 3049 3334 3122; baseline -0.003 -16"><span class='ocrx_word' id='word_1_621' title='bbox 1765 3063 1819 3107; x_wconf 89' lang='lat' dir='ltr'><strong>et</strong></span> <span class='ocrx_word' id='word_1_622' title='bbox 1848 3054 1962 3122; x_wconf 86' lang='lat' dir='ltr'><strong>ipse</strong></span> <span class='ocrx_word' id='word_1_623' title='bbox 1988 3051 2188 3106; x_wconf 84' lang='lat' dir='ltr'><strong>Paulus</strong></span> <span class='ocrx_word' id='word_1_624' title='bbox 2214 3050 2469 3106; x_wconf 84' lang='lat' dir='ltr'><strong>dicebat:</strong></span> <span class='ocrx_word' id='word_1_625' title='bbox 2499 3069 2519 3100; x_wconf 75' lang='grc' dir='ltr'><strong>ι</strong></span> <span class='ocrx_word' id='word_1_626' title='bbox 2551 3049 2678 3105; x_wconf 88' lang='lat' dir='ltr'><strong>Scio</strong></span> <span class='ocrx_word' id='word_1_627' title='bbox 2708 3049 2833 3118; x_wconf 87' lang='lat' dir='ltr'><strong>quia</strong></span> <span class='ocrx_word' id='word_1_628' title='bbox 2867 3050 3081 3104; x_wconf 88' lang='lat' dir='ltr'><strong>vincula</strong></span> <span class='ocrx_word' id='word_1_629' title='bbox 3124 3059 3178 3104; x_wconf 89' lang='lat' dir='ltr'><strong>et</strong></span> <span class='ocrx_word' id='word_1_630' title='bbox 3208 3065 3334 3103; x_wconf 85' lang='lat' dir='ltr'><strong>car-</strong></span> 
     </span>
    </p>
   </div>
   <div class='ocr_carea' id='block_1_76' title="bbox 1768 3141 3337 3214">
    <p class='ocr_par' dir='ltr' id='par_1_76' title="bbox 1768 3141 3337 3214">
     <span class='ocr_line' id='line_1_76' title="bbox 1768 3141 3337 3214; baseline -0.002 -14"><span class='ocrx_word' id='word_1_631' title='bbox 1768 3159 1921 3201; x_wconf 90' lang='lat' dir='ltr'><strong>ceres</strong></span> <span class='ocrx_word' id='word_1_632' title='bbox 1944 3151 2164 3199; x_wconf 89' lang='lat' dir='ltr'><strong>manent</strong></span> <span class='ocrx_word' id='word_1_633' title='bbox 2193 3159 2280 3198; x_wconf 87' lang='lat' dir='ltr'><strong>me</strong></span> <span class='ocrx_word' id='word_1_634' title='bbox 2320 3144 2374 3199; x_wconf 92' lang='lat' dir='ltr'><strong>in</strong></span> <span class='ocrx_word' id='word_1_635' title='bbox 2400 3141 2783 3214; x_wconf 86' lang='lat' dir='ltr'><strong>Jerosolymis;</strong></span> <span class='ocrx_word' id='word_1_636' title='bbox 2816 3142 2908 3197; x_wconf 89' lang='lat' dir='ltr'><strong>sed</strong></span> <span class='ocrx_word' id='word_1_637' title='bbox 2930 3157 3031 3212; x_wconf 86' lang='lat' dir='ltr'><strong>ego</strong></span> <span class='ocrx_word' id='word_1_638' title='bbox 3061 3158 3165 3197; x_wconf 92' lang='lat' dir='ltr'><strong>non</strong></span> <span class='ocrx_word' id='word_1_639' title='bbox 3195 3144 3337 3197; x_wconf 81' lang='lat' dir='ltr'><strong>facio</strong></span> 
     </span>
    </p>
   </div>
   <div class='ocr_carea' id='block_1_77' title="bbox 1767 3234 3340 3307">
    <p class='ocr_par' dir='ltr' id='par_1_77' title="bbox 1767 3234 3340 3307">
     <span class='ocr_line' id='line_1_77' title="bbox 1767 3234 3340 3307; baseline -0.002 -17"><span class='ocrx_word' id='word_1_640' title='bbox 1767 3236 2071 3291; x_wconf 89' lang='lat' dir='ltr'><strong>chariorem</strong></span> <span class='ocrx_word' id='word_1_641' title='bbox 2114 3234 2353 3293; x_wconf 87' lang='lat' dir='ltr'><strong>animam</strong></span> <span class='ocrx_word' id='word_1_642' title='bbox 2381 3254 2555 3296; x_wconf 90' lang='lat' dir='ltr'><strong>meam</strong></span> <span class='ocrx_word' id='word_1_643' title='bbox 2581 3237 2713 3292; x_wconf 91' lang='lat' dir='ltr'><strong>mihi</strong></span> <span class='ocrx_word' id='word_1_644' title='bbox 2736 3236 2800 3290; x_wconf 83' lang='lat'><strong>&quot;.</strong></span> <span class='ocrx_word' id='word_1_645' title='bbox 2836 3256 2854 3289; x_wconf 78' lang='grc' dir='ltr'><strong>ι</strong></span> <span class='ocrx_word' id='word_1_646' title='bbox 2884 3235 2974 3292; x_wconf 90' lang='lat' dir='ltr'><strong>Sic</strong></span> <span class='ocrx_word' id='word_1_647' title='bbox 2992 3250 3123 3307; x_wconf 84' lang='lat' dir='ltr'><strong>ergo</strong></span> <span class='ocrx_word' id='word_1_648' title='bbox 3149 3234 3260 3307; x_wconf 83' lang='lat'><strong>(70)</strong></span> <span class='ocrx_word' id='word_1_649' title='bbox 3283 3244 3340 3288; x_wconf 89' lang='lat' dir='ltr'><strong>et</strong></span> 
     </span>
    </p>
   </div>
   <div class='ocr_carea' id='block_1_78' title="bbox 1768 3325 3338 3398">
    <p class='ocr_par' dir='ltr' id='par_1_78' title="bbox 1768 3325 3338 3398">
     <span class='ocr_line' id='line_1_78' title="bbox 1768 3325 3338 3398; baseline -0.004 -13"><span class='ocrx_word' id='word_1_650' title='bbox 1768 3330 1935 3385; x_wconf 89' lang='lat' dir='ltr'><strong>Isaias</strong></span> <span class='ocrx_word' id='word_1_651' title='bbox 1954 3326 2159 3383; x_wconf 88' lang='lat' dir='ltr'><strong>sciebat</strong></span> <span class='ocrx_word' id='word_1_652' title='bbox 2175 3327 2393 3398; x_wconf 88' lang='lat' dir='ltr'><strong>quidem</strong></span> <span class='ocrx_word' id='word_1_653' title='bbox 2415 3329 2710 3382; x_wconf 89' lang='lat' dir='ltr'><strong>secandum</strong></span> <span class='ocrx_word' id='word_1_654' title='bbox 2731 3343 2790 3383; x_wconf 91' lang='lat' dir='ltr'><strong>se</strong></span> <span class='ocrx_word' id='word_1_655' title='bbox 2805 3342 2925 3384; x_wconf 91' lang='lat' dir='ltr'><strong>esse</strong></span> <span class='ocrx_word' id='word_1_656' title='bbox 2937 3338 2991 3382; x_wconf 92' lang='lat' dir='ltr'><strong>et</strong></span> <span class='ocrx_word' id='word_1_657' title='bbox 3007 3325 3338 3381; x_wconf 78' lang='lat' dir='ltr'><strong>interﬁcien-</strong></span> 
     </span>
    </p>
   </div>
   <div class='ocr_carea' id='block_1_79' title="bbox 1767 3417 3336 3490">
    <p class='ocr_par' dir='ltr' id='par_1_79' title="bbox 1767 3417 3336 3490">
     <span class='ocr_line' id='line_1_79' title="bbox 1767 3417 3336 3490; baseline -0.003 -15"><span class='ocrx_word' id='word_1_658' title='bbox 1767 3422 1893 3475; x_wconf 84' lang='lat' dir='ltr'><strong>dum</strong></span> <span class='ocrx_word' id='word_1_659' title='bbox 1921 3417 2088 3490; x_wconf 74' lang='lat'><strong>629</strong></span> <span class='ocrx_word' id='word_1_660' title='bbox 2114 3419 2182 3474; x_wconf 91' lang='lat' dir='ltr'><strong>ab</strong></span> <span class='ocrx_word' id='word_1_661' title='bbox 2208 3417 2388 3488; x_wconf 88' lang='lat' dir='ltr'><strong>impiis</strong></span> <span class='ocrx_word' id='word_1_662' title='bbox 2414 3458 2430 3485; x_wconf 95' lang='lat'><strong>,</strong></span> <span class='ocrx_word' id='word_1_663' title='bbox 2455 3419 2620 3473; x_wconf 86' lang='lat' dir='ltr'><strong>audet</strong></span> <span class='ocrx_word' id='word_1_664' title='bbox 2653 3430 2833 3475; x_wconf 90' lang='lat' dir='ltr'><strong>tamen</strong></span> <span class='ocrx_word' id='word_1_665' title='bbox 2863 3459 2878 3485; x_wconf 94' lang='lat'><strong>,</strong></span> <span class='ocrx_word' id='word_1_666' title='bbox 2904 3428 2960 3474; x_wconf 90' lang='lat' dir='ltr'><strong>et</strong></span> <span class='ocrx_word' id='word_1_667' title='bbox 2985 3433 3053 3473; x_wconf 78' lang='lat' dir='ltr'><strong>ex</strong></span> <span class='ocrx_word' id='word_1_668' title='bbox 3102 3432 3336 3487; x_wconf 83' lang='lat' dir='ltr'><strong>persona</strong></span> 
     </span>
    </p>
   </div>
   <div class='ocr_carea' id='block_1_80' title="bbox 1765 3508 3339 3578">
    <p class='ocr_par' dir='ltr' id='par_1_80' title="bbox 1765 3508 3339 3578">
     <span class='ocr_line' id='line_1_80' title="bbox 1765 3508 3339 3578; baseline -0.004 -11"><span class='ocrx_word' id='word_1_669' title='bbox 1765 3510 1969 3567; x_wconf 87' lang='lat' dir='ltr'><strong>Christi</strong></span> <span class='ocrx_word' id='word_1_670' title='bbox 2010 3510 2189 3566; x_wconf 89' lang='lat' dir='ltr'><strong>dicit:</strong></span> <span class='ocrx_word' id='word_1_671' title='bbox 2223 3527 2243 3561; x_wconf 85' lang='grc'><strong>‹</strong></span> <span class='ocrx_word' id='word_1_672' title='bbox 2283 3508 2543 3564; x_wconf 91' lang='lat' dir='ltr'><strong>Inventus</strong></span> <span class='ocrx_word' id='word_1_673' title='bbox 2587 3524 2708 3563; x_wconf 90' lang='lat' dir='ltr'><strong>sum</strong></span> <span class='ocrx_word' id='word_1_674' title='bbox 2753 3524 2783 3562; x_wconf 91' lang='lat' dir='ltr'><strong>a</strong></span> <span class='ocrx_word' id='word_1_675' title='bbox 2819 3524 2926 3563; x_wconf 89' lang='lat' dir='ltr'><strong>non</strong></span> <span class='ocrx_word' id='word_1_676' title='bbox 2970 3509 3339 3578; x_wconf 65' lang='lat' dir='ltr'><strong>quaerentibus</strong></span> 
     </span>
    </p>
   </div>
   <div class='ocr_carea' id='block_1_81' title="bbox 1766 3601 3339 3670">
    <p class='ocr_par' dir='ltr' id='par_1_81' title="bbox 1766 3601 3339 3670">
     <span class='ocr_line' id='line_1_81' title="bbox 1766 3601 3339 3670; baseline -0.002 -13"><span class='ocrx_word' id='word_1_677' title='bbox 1766 3617 1855 3660; x_wconf 90' lang='lat' dir='ltr'><strong>me</strong></span> <span class='ocrx_word' id='word_1_678' title='bbox 1881 3603 1952 3656; x_wconf 69' lang='lat'><strong>7°.</strong></span> <span class='ocrx_word' id='word_1_679' title='bbox 1995 3621 2015 3655; x_wconf 71' lang='grc' dir='ltr'><strong>ι</strong></span> <span class='ocrx_word' id='word_1_680' title='bbox 2048 3601 2269 3656; x_wconf 90' lang='lat' dir='ltr'><strong>Certum</strong></span> <span class='ocrx_word' id='word_1_681' title='bbox 2302 3611 2387 3656; x_wconf 86' lang='lat' dir='ltr'><strong>est</strong></span> <span class='ocrx_word' id='word_1_682' title='bbox 2427 3611 2604 3655; x_wconf 83' lang='lat' dir='ltr'><strong>autem</strong></span> <span class='ocrx_word' id='word_1_683' title='bbox 2632 3601 2777 3670; x_wconf 89' lang='lat' dir='ltr'><strong>quod</strong></span> <span class='ocrx_word' id='word_1_684' title='bbox 2807 3611 2997 3670; x_wconf 86' lang='lat' dir='ltr'><strong>gentes</strong></span> <span class='ocrx_word' id='word_1_685' title='bbox 3024 3608 3181 3654; x_wconf 89' lang='lat' dir='ltr'><strong>erant</strong></span> <span class='ocrx_word' id='word_1_686' title='bbox 3216 3613 3339 3668; x_wconf 79' lang='lat' dir='ltr'><strong>quae</strong></span> 
     </span>
    </p>
   </div>
   <div class='ocr_carea' id='block_1_82' title="bbox 1767 3693 3338 3764">
    <p class='ocr_par' dir='ltr' id='par_1_82' title="bbox 1767 3693 3338 3764">
     <span class='ocr_line' id='line_1_82' title="bbox 1767 3693 3338 3764; baseline -0.003 -14"><span class='ocrx_word' id='word_1_687' title='bbox 1767 3695 2041 3752; x_wconf 63' lang='lat' dir='ltr'><strong>Christum</strong></span> <span class='ocrx_word' id='word_1_688' title='bbox 2077 3708 2178 3750; x_wconf 90' lang='lat' dir='ltr'><strong>nec</strong></span> <span class='ocrx_word' id='word_1_689' title='bbox 2204 3708 2450 3764; x_wconf 60' lang='lat' dir='ltr'><strong>quaerere</strong></span> <span class='ocrx_word' id='word_1_690' title='bbox 2498 3702 2802 3758; x_wconf 85' lang='lat' dir='ltr'><strong>noverant,</strong></span> <span class='ocrx_word' id='word_1_691' title='bbox 2839 3708 2939 3748; x_wconf 90' lang='lat' dir='ltr'><strong>nec</strong></span> <span class='ocrx_word' id='word_1_692' title='bbox 2981 3693 3048 3748; x_wconf 89' lang='lat' dir='ltr'><strong>de</strong></span> <span class='ocrx_word' id='word_1_693' title='bbox 3071 3708 3138 3747; x_wconf 90' lang='lat' dir='ltr'><strong>eo</strong></span> <span class='ocrx_word' id='word_1_694' title='bbox 3164 3693 3338 3746; x_wconf 88' lang='lat' dir='ltr'><strong>inter-</strong></span> 
     </span>
    </p>
   </div>
   <div class='ocr_carea' id='block_1_83' title="bbox 1766 3786 3338 3859">
    <p class='ocr_par' dir='ltr' id='par_1_83' title="bbox 1766 3786 3338 3859">
     <span class='ocr_line' id='line_1_83' title="bbox 1766 3786 3338 3859; baseline -0.002 -17"><span class='ocrx_word' id='word_1_695' title='bbox 1766 3801 1960 3859; x_wconf 86' lang='lat' dir='ltr'><strong>rogare</strong></span> <span class='ocrx_word' id='word_1_696' title='bbox 2015 3787 2338 3842; x_wconf 90' lang='lat' dir='ltr'><strong>didicerant.</strong></span> <span class='ocrx_word' id='word_1_697' title='bbox 2399 3786 2725 3842; x_wconf 84' lang='lat' dir='ltr'><strong>Invenerunt</strong></span> <span class='ocrx_word' id='word_1_698' title='bbox 2775 3797 2957 3842; x_wconf 86' lang='lat' dir='ltr'><strong>tamen</strong></span> <span class='ocrx_word' id='word_1_699' title='bbox 3012 3800 3175 3855; x_wconf 87' lang='lat' dir='ltr'><strong>quem</strong></span> <span class='ocrx_word' id='word_1_700' title='bbox 3229 3799 3338 3839; x_wconf 92' lang='lat' dir='ltr'><strong>non</strong></span> 
     </span>
    </p>
   </div>
   <div class='ocr_carea' id='block_1_84' title="bbox 1766 3879 3337 3952">
    <p class='ocr_par' dir='ltr' id='par_1_84' title="bbox 1766 3879 3337 3952">
     <span class='ocr_line' id='line_1_84' title="bbox 1766 3879 3337 3952; baseline -0.001 -15"><span class='ocrx_word' id='word_1_701' title='bbox 1766 3881 2119 3952; x_wconf 70' lang='lat' dir='ltr'><strong>quaesierunt,</strong></span> <span class='ocrx_word' id='word_1_702' title='bbox 2144 3881 2271 3949; x_wconf 89' lang='lat' dir='ltr'><strong>quia</strong></span> <span class='ocrx_word' id='word_1_703' title='bbox 2301 3881 2418 3951; x_wconf 87' lang='lat' dir='ltr'><strong>ipse</strong></span> <span class='ocrx_word' id='word_1_704' title='bbox 2444 3894 2538 3936; x_wconf 89' lang='lat' dir='ltr'><strong>eos</strong></span> <span class='ocrx_word' id='word_1_705' title='bbox 2567 3880 2715 3950; x_wconf 90' lang='lat' dir='ltr'><strong>prior</strong></span> <span class='ocrx_word' id='word_1_706' title='bbox 2737 3881 3008 3950; x_wconf 68' lang='lat' dir='ltr'><strong>quaesivit.</strong></span> <span class='ocrx_word' id='word_1_707' title='bbox 3038 3879 3234 3937; x_wconf 87' lang='lat' dir='ltr'><strong>Pastor</strong></span> <span class='ocrx_word' id='word_1_708' title='bbox 3250 3892 3337 3936; x_wconf 83' lang='lat' dir='ltr'><strong>est</strong></span> 
     </span>
    </p>
   </div>
   <div class='ocr_carea' id='block_1_85' title="bbox 1769 3971 3379 4042">
    <p class='ocr_par' dir='ltr' id='par_1_85' title="bbox 1769 3971 3379 4042">
     <span class='ocr_line' id='line_1_85' title="bbox 1769 3971 3379 4042; baseline 0.001 -15"><span class='ocrx_word' id='word_1_709' title='bbox 1769 3973 1917 4027; x_wconf 86' lang='lat' dir='ltr'><strong>enim</strong></span> <span class='ocrx_word' id='word_1_710' title='bbox 1952 3974 2122 4029; x_wconf 88' lang='lat' dir='ltr'><strong>bonus</strong></span> <span class='ocrx_word' id='word_1_711' title='bbox 2151 3972 2220 4037; x_wconf 71' lang='grc' dir='ltr'><strong>τί,</strong></span> <span class='ocrx_word' id='word_1_712' title='bbox 2252 3979 2307 4025; x_wconf 89' lang='lat' dir='ltr'><strong>et</strong></span> <span class='ocrx_word' id='word_1_713' title='bbox 2346 3986 2501 4027; x_wconf 87' lang='lat' dir='ltr'><strong>ovem</strong></span> <span class='ocrx_word' id='word_1_714' title='bbox 2528 3987 2649 4041; x_wconf 73' lang='lat' dir='ltr'><strong>qua:</strong></span> <span class='ocrx_word' id='word_1_715' title='bbox 2669 3972 2910 4042; x_wconf 89' lang='lat' dir='ltr'><strong>perierat</strong></span> <span class='ocrx_word' id='word_1_716' title='bbox 2932 3971 3221 4042; x_wconf 86' lang='lat' dir='ltr'><strong>requisivit</strong></span> <span class='ocrx_word' id='word_1_717' title='bbox 3251 3972 3331 4033; x_wconf 69' lang='lat'><strong>7&#39;;</strong></span> <span class='ocrx_word' id='word_1_718' title='bbox 3370 4020 3379 4029; x_wconf 92' lang='lat'><strong>.</strong></span> 
     </span>
    </p>
   </div>
   <div class='ocr_carea' id='block_1_86' title="bbox 1765 4063 3337 4135">
    <p class='ocr_par' dir='ltr' id='par_1_86' title="bbox 1765 4063 3337 4135">
     <span class='ocr_line' id='line_1_86' title="bbox 1765 4063 3337 4135; baseline 0 -16"><span class='ocrx_word' id='word_1_719' title='bbox 1765 4074 1821 4119; x_wconf 93' lang='lat' dir='ltr'><strong>et</strong></span> <span class='ocrx_word' id='word_1_720' title='bbox 1846 4064 2115 4133; x_wconf 88' lang='lat' dir='ltr'><strong>sapientia</strong></span> <span class='ocrx_word' id='word_1_721' title='bbox 2158 4074 2241 4117; x_wconf 90' lang='lat' dir='ltr'><strong>est</strong></span> <span class='ocrx_word' id='word_1_722' title='bbox 2264 4079 2386 4135; x_wconf 68' lang='lat' dir='ltr'><strong>quae</strong></span> <span class='ocrx_word' id='word_1_723' title='bbox 2423 4063 2747 4118; x_wconf 90' lang='lat' dir='ltr'><strong>drachmam</strong></span> <span class='ocrx_word' id='word_1_724' title='bbox 2770 4064 3036 4134; x_wconf 90' lang='lat' dir='ltr'><strong>perditam</strong></span> <span class='ocrx_word' id='word_1_725' title='bbox 3065 4063 3337 4133; x_wconf 77' lang='lat' dir='ltr'><strong>quaesivit,</strong></span> 
     </span>
    </p>
   </div>
   <div class='ocr_carea' id='block_1_87' title="bbox 1765 4154 3335 4226">
    <p class='ocr_par' dir='ltr' id='par_1_87' title="bbox 1765 4154 3335 4226">
     <span class='ocr_line' id='line_1_87' title="bbox 1765 4154 3335 4226; baseline 0.001 -15"><span class='ocrx_word' id='word_1_726' title='bbox 1765 4169 1822 4211; x_wconf 89' lang='lat' dir='ltr'><strong>et</strong></span> <span class='ocrx_word' id='word_1_727' title='bbox 1865 4170 2113 4226; x_wconf 67' lang='lat' dir='ltr'><strong>quaerens</strong></span> <span class='ocrx_word' id='word_1_728' title='bbox 2157 4157 2363 4212; x_wconf 86' lang='lat' dir='ltr'><strong>invenit</strong></span> <span class='ocrx_word' id='word_1_729' title='bbox 2405 4156 2472 4212; x_wconf 74' lang='grc'><strong>⁷³.</strong></span> <span class='ocrx_word' id='word_1_730' title='bbox 2506 4154 2677 4211; x_wconf 79' lang='lat' dir='ltr'><strong>Judaei</strong></span> <span class='ocrx_word' id='word_1_731' title='bbox 2723 4167 2904 4211; x_wconf 88' lang='lat' dir='ltr'><strong>autem</strong></span> <span class='ocrx_word' id='word_1_732' title='bbox 2954 4171 3127 4225; x_wconf 90' lang='lat' dir='ltr'><strong>usque</strong></span> <span class='ocrx_word' id='word_1_733' title='bbox 3161 4156 3335 4212; x_wconf 87' lang='lat' dir='ltr'><strong>adhuc</strong></span> 
     </span>
    </p>
   </div>
   <div class='ocr_carea' id='block_1_88' title="bbox 1765 4248 3333 4319">
    <p class='ocr_par' dir='ltr' id='par_1_88' title="bbox 1765 4248 3333 4319">
     <span class='ocr_line' id='line_1_88' title="bbox 1765 4248 3333 4319; baseline 0.001 -17"><span class='ocrx_word' id='word_1_734' title='bbox 1765 4259 2018 4318; x_wconf 62' lang='lat' dir='ltr'><strong>quaerunt</strong></span> <span class='ocrx_word' id='word_1_735' title='bbox 2051 4250 2119 4303; x_wconf 81' lang='lat' dir='ltr'><strong>de</strong></span> <span class='ocrx_word' id='word_1_736' title='bbox 2148 4249 2365 4304; x_wconf 88' lang='lat' dir='ltr'><strong>Christo</strong></span> <span class='ocrx_word' id='word_1_737' title='bbox 2389 4291 2403 4316; x_wconf 93' lang='lat'><strong>,</strong></span> <span class='ocrx_word' id='word_1_738' title='bbox 2431 4258 2489 4303; x_wconf 89' lang='lat' dir='ltr'><strong>et</strong></span> <span class='ocrx_word' id='word_1_739' title='bbox 2537 4249 2878 4319; x_wconf 81' lang='lat' dir='ltr'><strong>interrogant</strong></span> <span class='ocrx_word' id='word_1_740' title='bbox 2920 4248 3230 4318; x_wconf 88' lang='lat' dir='ltr'><strong>Scripturas</strong></span> <span class='ocrx_word' id='word_1_741' title='bbox 3266 4250 3333 4303; x_wconf 90' lang='lat' dir='ltr'><strong>de</strong></span> 
     </span>
    </p>
   </div>
   <div class='ocr_carea' id='block_1_89' title="bbox 1765 4339 3381 4409">
    <p class='ocr_par' dir='ltr' id='par_1_89' title="bbox 1765 4339 3381 4409">
     <span class='ocr_line' id='line_1_89' title="bbox 1765 4339 3381 4409; baseline -0.002 -13"><span class='ocrx_word' id='word_1_742' title='bbox 1765 4354 1850 4406; x_wconf 89' lang='lat' dir='ltr'><strong>eo,</strong></span> <span class='ocrx_word' id='word_1_743' title='bbox 1900 4350 1956 4394; x_wconf 91' lang='lat' dir='ltr'><strong>et</strong></span> <span class='ocrx_word' id='word_1_744' title='bbox 2001 4355 2106 4395; x_wconf 89' lang='lat' dir='ltr'><strong>non</strong></span> <span class='ocrx_word' id='word_1_745' title='bbox 2139 4340 2454 4404; x_wconf 89' lang='lat' dir='ltr'><strong>inveniunt;</strong></span> <span class='ocrx_word' id='word_1_746' title='bbox 2498 4340 2624 4409; x_wconf 88' lang='lat' dir='ltr'><strong>quia</strong></span> <span class='ocrx_word' id='word_1_747' title='bbox 2672 4354 2801 4393; x_wconf 74' lang='lat' dir='ltr'><strong>crux</strong></span> <span class='ocrx_word' id='word_1_748' title='bbox 2852 4340 2970 4407; x_wconf 87' lang='lat' dir='ltr'><strong>ejus</strong></span> <span class='ocrx_word' id='word_1_749' title='bbox 3011 4339 3214 4394; x_wconf 68' lang='lat' dir='ltr'><strong>Judmis</strong></span> <span class='ocrx_word' id='word_1_750' title='bbox 3254 4351 3381 4394; x_wconf 75' lang='lat' dir='ltr'><strong>est&#39;</strong></span> 
     </span>
    </p>
   </div>
   <div class='ocr_carea' id='block_1_90' title="bbox 102 4430 3339 4509">
    <p class='ocr_par' dir='ltr' id='par_1_90' title="bbox 102 4430 3339 4509">
     <span class='ocr_line' id='line_1_90' title="bbox 102 4430 3339 4509; baseline -0.002 -18"><span class='ocrx_word' id='word_1_751' title='bbox 102 4454 202 4492; x_wconf 90' lang='lat' dir='ltr'><strong>non</strong></span> <span class='ocrx_word' id='word_1_752' title='bbox 233 4437 660 4509; x_wconf 83' lang='lat' dir='ltr'><strong>interrogabant.</strong></span> <span class='ocrx_word' id='word_1_753' title='bbox 686 4438 767 4491; x_wconf 86' lang='lat' dir='ltr'><strong>Ad</strong></span> <span class='ocrx_word' id='word_1_754' title='bbox 792 4436 956 4493; x_wconf 86' lang='lat' dir='ltr'><strong>Israel</strong></span> <span class='ocrx_word' id='word_1_755' title='bbox 984 4444 1164 4490; x_wconf 86' lang='lat' dir='ltr'><strong>autem</strong></span> <span class='ocrx_word' id='word_1_756' title='bbox 1189 4434 1318 4504; x_wconf 89' lang='lat' dir='ltr'><strong>quid</strong></span> <span class='ocrx_word' id='word_1_757' title='bbox 1342 4434 1504 4488; x_wconf 86' lang='lat' dir='ltr'><strong>dicit?</strong></span> <span class='ocrx_word' id='word_1_758' title='bbox 1526 4433 1661 4487; x_wconf 94' lang='lat' dir='ltr'><strong>Tota</strong></span> <span class='ocrx_word' id='word_1_759' title='bbox 1695 4453 1739 4507; x_wconf 77' lang='grc' dir='ltr'>ι)</span> <span class='ocrx_word' id='word_1_760' title='bbox 1766 4433 2086 4488; x_wconf 90' lang='lat' dir='ltr'><strong>scandalum</strong></span> <span class='ocrx_word' id='word_1_761' title='bbox 2113 4432 2159 4464; x_wconf 75' lang='grc'><strong>⁷⁸</strong></span> <span class='ocrx_word' id='word_1_762' title='bbox 2191 4430 2302 4504; x_wconf 88' lang='grc'>(71)</span> <span class='ocrx_word' id='word_1_763' title='bbox 2331 4451 2344 4488; x_wconf 91' lang='lat'><strong>:</strong></span> <span class='ocrx_word' id='word_1_764' title='bbox 2371 4444 2426 4488; x_wconf 91' lang='lat' dir='ltr'><strong>et</strong></span> <span class='ocrx_word' id='word_1_765' title='bbox 2451 4433 2571 4488; x_wconf 89' lang='lat' dir='ltr'><strong>ideo</strong></span> <span class='ocrx_word' id='word_1_766' title='bbox 2595 4433 2728 4488; x_wconf 91' lang='lat' dir='ltr'><strong>dicit</strong></span> <span class='ocrx_word' id='word_1_767' title='bbox 2751 4438 2816 4488; x_wconf 82' lang='lat' dir='ltr'><strong>ad</strong></span> <span class='ocrx_word' id='word_1_768' title='bbox 2847 4450 2940 4487; x_wconf 90' lang='lat' dir='ltr'><strong>eos</strong></span> <span class='ocrx_word' id='word_1_769' title='bbox 2972 4451 2986 4487; x_wconf 89' lang='lat'><strong>:</strong></span> <span class='ocrx_word' id='word_1_770' title='bbox 3022 4452 3039 4484; x_wconf 76' lang='grc' dir='ltr'><strong>ι</strong></span> <span class='ocrx_word' id='word_1_771' title='bbox 3084 4432 3217 4487; x_wconf 82' lang='lat' dir='ltr'><strong>Tota</strong></span> <span class='ocrx_word' id='word_1_772' title='bbox 3251 4433 3339 4486; x_wconf 83' lang='lat' dir='ltr'><strong>die</strong></span> 
     </span>
    </p>
   </div>
   <div class='ocr_carea' id='block_1_91' title="bbox 101 4526 1658 4601">
    <p class='ocr_par' dir='ltr' id='par_1_91' title="bbox 101 4526 1658 4601">
     <span class='ocr_line' id='line_1_91' title="bbox 101 4526 1658 4601; baseline -0.004 -17"><span class='ocrx_word' id='word_1_773' title='bbox 101 4530 182 4584; x_wconf 86' lang='lat' dir='ltr'><strong>die</strong></span> <span class='ocrx_word' id='word_1_774' title='bbox 206 4532 434 4601; x_wconf 81' lang='lat' dir='ltr'><strong>expandi</strong></span> <span class='ocrx_word' id='word_1_775' title='bbox 469 4546 660 4586; x_wconf 90' lang='lat' dir='ltr'><strong>manus</strong></span> <span class='ocrx_word' id='word_1_776' title='bbox 701 4544 850 4584; x_wconf 83' lang='lat' dir='ltr'><strong>meas</strong></span> <span class='ocrx_word' id='word_1_777' title='bbox 879 4528 945 4582; x_wconf 88' lang='lat' dir='ltr'><strong>ad</strong></span> <span class='ocrx_word' id='word_1_778' title='bbox 979 4527 1233 4596; x_wconf 91' lang='lat' dir='ltr'><strong>populum</strong></span> <span class='ocrx_word' id='word_1_779' title='bbox 1279 4540 1384 4580; x_wconf 89' lang='lat' dir='ltr'><strong>non</strong></span> <span class='ocrx_word' id='word_1_780' title='bbox 1425 4526 1658 4579; x_wconf 90' lang='lat' dir='ltr'><strong>creden-</strong></span> 
     </span>
    </p>
   </div>
   <div class='ocr_carea' id='block_1_92' title="bbox 105 4614 1662 4684">
    <p class='ocr_par' dir='ltr' id='par_1_92' title="bbox 105 4614 1662 4684">
     <span class='ocr_line' id='line_1_92' title="bbox 105 4614 1662 4684; baseline 0.001 -16"><span class='ocrx_word' id='word_1_781' title='bbox 105 4629 202 4672; x_wconf 84' lang='lat' dir='ltr'><strong>tem</strong></span> <span class='ocrx_word' id='word_1_782' title='bbox 255 4631 308 4674; x_wconf 94' lang='lat' dir='ltr'><strong>et</strong></span> <span class='ocrx_word' id='word_1_783' title='bbox 365 4620 853 4675; x_wconf 88' lang='lat' dir='ltr'><strong>contradicentem.</strong></span> <span class='ocrx_word' id='word_1_784' title='bbox 908 4637 927 4670; x_wconf 76' lang='grc' dir='ltr'><strong>ι</strong></span> <span class='ocrx_word' id='word_1_785' title='bbox 971 4618 1124 4672; x_wconf 89' lang='lat' dir='ltr'><strong>Sicut</strong></span> <span class='ocrx_word' id='word_1_786' title='bbox 1173 4618 1226 4670; x_wconf 93' lang='lat' dir='ltr'><strong>in</strong></span> <span class='ocrx_word' id='word_1_787' title='bbox 1284 4614 1662 4684; x_wconf 87' lang='lat' dir='ltr'><strong>superioribus</strong></span> 
     </span>
    </p>
   </div>
   <div class='ocr_carea' id='block_1_93' title="bbox 98 4710 1657 4782">
    <p class='ocr_par' dir='ltr' id='par_1_93' title="bbox 98 4710 1657 4782">
     <span class='ocr_line' id='line_1_93' title="bbox 98 4710 1657 4782; baseline 0.001 -19"><span class='ocrx_word' id='word_1_788' title='bbox 98 4725 237 4782; x_wconf 71' lang='lat' dir='ltr'><strong>smpe</strong></span> <span class='ocrx_word' id='word_1_789' title='bbox 261 4714 598 4768; x_wconf 89' lang='lat' dir='ltr'><strong>ostendimus</strong></span> <span class='ocrx_word' id='word_1_790' title='bbox 624 4712 928 4782; x_wconf 87' lang='lat' dir='ltr'><strong>apostolum</strong></span> <span class='ocrx_word' id='word_1_791' title='bbox 958 4710 1179 4765; x_wconf 87' lang='lat' dir='ltr'><strong>Paulum</strong></span> <span class='ocrx_word' id='word_1_792' title='bbox 1212 4724 1357 4765; x_wconf 90' lang='lat' dir='ltr'><strong>nunc</strong></span> <span class='ocrx_word' id='word_1_793' title='bbox 1380 4711 1448 4765; x_wconf 91' lang='lat' dir='ltr'><strong>de</strong></span> <span class='ocrx_word' id='word_1_794' title='bbox 1471 4710 1657 4780; x_wconf 57' lang='lat' dir='ltr'><strong>gentia</strong></span> 
     </span>
    </p>
   </div>
   <div class='ocr_carea' id='block_1_94' title="bbox 764 4849 1206 4918">
    <p class='ocr_par' dir='ltr' id='par_1_94' title="bbox 764 4849 1206 4918">
     <span class='ocr_line' id='line_1_94' title="bbox 764 4849 1206 4918; baseline -0.009 -10"><span class='ocrx_word' id='word_1_795' title='bbox 764 4854 848 4907; x_wconf 75' lang='lat' dir='ltr'><strong>“l</strong></span> <span class='ocrx_word' id='word_1_796' title='bbox 875 4852 1000 4907; x_wconf 90' lang='lat' dir='ltr'><strong>Cor.</strong></span> <span class='ocrx_word' id='word_1_797' title='bbox 1036 4866 1075 4918; x_wconf 87' lang='grc' dir='ltr'><strong>ι,</strong></span> <span class='ocrx_word' id='word_1_798' title='bbox 1115 4849 1206 4904; x_wconf 70' lang='grc'><strong>21.</strong></span> 
     </span>
    </p>
   </div>
   <div class='ocr_carea' id='block_1_95' title="bbox 166 4852 683 4918">
    <p class='ocr_par' dir='ltr' id='par_1_95' title="bbox 166 4852 683 4918">
     <span class='ocr_line' id='line_1_95' title="bbox 166 4852 683 4918; baseline 0.008 -13"><span class='ocrx_word' id='word_1_799' title='bbox 166 4853 207 4883; x_wconf 64' lang='grc'><strong>⁸⁸³</strong></span> <span class='ocrx_word' id='word_1_800' title='bbox 244 4853 258 4906; x_wconf 98' lang='lat'>|</span> <span class='ocrx_word' id='word_1_801' title='bbox 306 4853 430 4909; x_wconf 89' lang='lat' dir='ltr'><strong>Cor.</strong></span> <span class='ocrx_word' id='word_1_802' title='bbox 464 4869 546 4918; x_wconf 89' lang='grc' dir='ltr'><strong>ιιι,</strong></span> <span class='ocrx_word' id='word_1_803' title='bbox 597 4852 683 4910; x_wconf 89' lang='grc'><strong>18.</strong></span> 
     </span>
    </p>
   </div>
   <div class='ocr_carea' id='block_1_96' title="bbox 102 4920 1042 4990">
    <p class='ocr_par' dir='ltr' id='par_1_96' title="bbox 102 4920 1042 4990">
     <span class='ocr_line' id='line_1_96' title="bbox 102 4920 1042 4990; baseline 0.001 -15"><span class='ocrx_word' id='word_1_804' title='bbox 102 4920 147 4953; x_wconf 75' lang='grc'><strong>’⁸</strong></span> <span class='ocrx_word' id='word_1_805' title='bbox 172 4923 268 4978; x_wconf 75' lang='lat' dir='ltr'><strong>lsa.</strong></span> <span class='ocrx_word' id='word_1_806' title='bbox 297 4939 423 4990; x_wconf 80' lang='lat' dir='ltr'><strong>va,</strong></span> <span class='ocrx_word' id='word_1_807' title='bbox 465 4926 512 4978; x_wconf 93' lang='lat' dir='ltr'><strong>l.</strong></span> <span class='ocrx_word' id='word_1_808' title='bbox 605 4924 650 4957; x_wconf 71' lang='grc' dir='ltr'><strong>τί</strong></span> <span class='ocrx_word' id='word_1_809' title='bbox 680 4923 836 4979; x_wconf 75' lang='lat' dir='ltr'><strong>Joan.</strong></span> <span class='ocrx_word' id='word_1_810' title='bbox 866 4939 922 4989; x_wconf 76' lang='grc' dir='ltr'><strong>χ,</strong></span> <span class='ocrx_word' id='word_1_811' title='bbox 952 4922 1042 4977; x_wconf 74' lang='grc'><strong>14.</strong></span> 
     </span>
    </p>
   </div>
   <div class='ocr_carea' id='block_1_97' title="bbox 165 5061 974 5135">
    <p class='ocr_par' dir='ltr' id='par_1_97' title="bbox 165 5061 974 5135">
     <span class='ocr_line' id='line_1_97' title="bbox 165 5061 974 5135; baseline 0.001 -18"><span class='ocrx_word' id='word_1_812' title='bbox 165 5061 278 5135; x_wconf 80' lang='lat' dir='ltr'><strong>(6i)</strong></span> <span class='ocrx_word' id='word_1_813' title='bbox 311 5065 473 5121; x_wconf 83' lang='lat' dir='ltr'><strong>Deest</strong></span> <span class='ocrx_word' id='word_1_814' title='bbox 508 5084 527 5119; x_wconf 77' lang='grc' dir='ltr'><strong>ι</strong></span> <span class='ocrx_word' id='word_1_815' title='bbox 567 5074 624 5121; x_wconf 88' lang='lat' dir='ltr'><strong>et</strong></span> <span class='ocrx_word' id='word_1_816' title='bbox 654 5085 674 5119; x_wconf 72' lang='grc' dir='ltr'><strong>ι</strong></span> <span class='ocrx_word' id='word_1_817' title='bbox 707 5067 760 5121; x_wconf 92' lang='lat' dir='ltr'><strong>in</strong></span> <span class='ocrx_word' id='word_1_818' title='bbox 792 5065 974 5121; x_wconf 89' lang='lat' dir='ltr'><strong>editis.</strong></span> 
     </span>
    </p>
   </div>
   <div class='ocr_carea' id='block_1_98' title="bbox 171 5133 1157 5206">
    <p class='ocr_par' dir='ltr' id='par_1_98' title="bbox 171 5133 1157 5206">
     <span class='ocr_line' id='line_1_98' title="bbox 171 5133 1157 5206; baseline -0.002 -17"><span class='ocrx_word' id='word_1_819' title='bbox 171 5133 277 5201; x_wconf 77' lang='lat'><strong>(6‘2)</strong></span> <span class='ocrx_word' id='word_1_820' title='bbox 304 5135 473 5199; x_wconf 88' lang='lat' dir='ltr'><strong>Editi,</strong></span> <span class='ocrx_word' id='word_1_821' title='bbox 510 5155 531 5189; x_wconf 79' lang='grc' dir='ltr'><strong>ι</strong></span> <span class='ocrx_word' id='word_1_822' title='bbox 570 5137 912 5206; x_wconf 84' lang='lat' dir='ltr'><strong>insipientes,</strong></span> <span class='ocrx_word' id='word_1_823' title='bbox 946 5156 966 5189; x_wconf 71' lang='grc' dir='ltr'><strong>ι</strong></span> <span class='ocrx_word' id='word_1_824' title='bbox 1003 5133 1157 5206; x_wconf 79' lang='lat' dir='ltr'><strong>male.</strong></span> 
     </span>
    </p>
   </div>
   <div class='ocr_carea' id='block_1_99' title="bbox 171 5204 1657 5276">
    <p class='ocr_par' dir='ltr' id='par_1_99' title="bbox 171 5204 1657 5276">
     <span class='ocr_line' id='line_1_99' title="bbox 171 5204 1657 5276; baseline 0.003 -18"><span class='ocrx_word' id='word_1_825' title='bbox 171 5206 277 5276; x_wconf 80' lang='grc'>(65)</span> <span class='ocrx_word' id='word_1_826' title='bbox 310 5206 407 5261; x_wconf 82' lang='lat' dir='ltr'><strong>Ms.</strong></span> <span class='ocrx_word' id='word_1_827' title='bbox 434 5222 576 5264; x_wconf 89' lang='lat' dir='ltr'><strong>unus</strong></span> <span class='ocrx_word' id='word_1_828' title='bbox 602 5204 802 5273; x_wconf 68' lang='lat' dir='ltr'><strong>Regius</strong></span> <span class='ocrx_word' id='word_1_829' title='bbox 834 5222 985 5261; x_wconf 92' lang='lat' dir='ltr'><strong>num.</strong></span> <span class='ocrx_word' id='word_1_830' title='bbox 1017 5204 1155 5260; x_wconf 73' lang='lat' dir='ltr'><strong>I639</strong></span> <span class='ocrx_word' id='word_1_831' title='bbox 1191 5210 1355 5268; x_wconf 85' lang='lat' dir='ltr'><strong>habet</strong></span> <span class='ocrx_word' id='word_1_832' title='bbox 1382 5234 1401 5264; x_wconf 78' lang='grc' dir='ltr'><strong>ι</strong></span> <span class='ocrx_word' id='word_1_833' title='bbox 1433 5211 1603 5269; x_wconf 66' lang='lat' dir='ltr'><strong>Getae.</strong></span> <span class='ocrx_word' id='word_1_834' title='bbox 1635 5229 1657 5263; x_wconf 68' lang='grc' dir='ltr'><strong><em>ο</em></strong></span> 
     </span>
    </p>
   </div>
   <div class='ocr_carea' id='block_1_100' title="bbox 108 5274 1360 5353">
    <p class='ocr_par' dir='ltr' id='par_1_100' title="bbox 108 5274 1360 5353">
     <span class='ocr_line' id='line_1_100' title="bbox 108 5274 1360 5353; baseline 0.004 -24"><span class='ocrx_word' id='word_1_835' title='bbox 108 5274 565 5353; x_wconf 35' lang='lat' dir='ltr'><strong>Sctl‘ctetetimss.</strong></span> <span class='ocrx_word' id='word_1_836' title='bbox 607 5290 661 5333; x_wconf 91' lang='lat' dir='ltr'><strong>et</strong></span> <span class='ocrx_word' id='word_1_837' title='bbox 690 5277 971 5353; x_wconf 64' lang='lat' dir='ltr'><strong>Babanus,</strong></span> <span class='ocrx_word' id='word_1_838' title='bbox 1013 5296 1031 5329; x_wconf 78' lang='grc' dir='ltr'><strong>ι</strong></span> <span class='ocrx_word' id='word_1_839' title='bbox 1075 5278 1310 5353; x_wconf 64' lang='lat' dir='ltr'><strong>Scythae.</strong></span> <span class='ocrx_word' id='word_1_840' title='bbox 1341 5301 1360 5334; x_wconf 70' lang='grc' dir='ltr'><strong>ι</strong></span> 
     </span>
    </p>
   </div>
   <div class='ocr_carea' id='block_1_101' title="bbox 173 5346 1350 5418">
    <p class='ocr_par' dir='ltr' id='par_1_101' title="bbox 173 5346 1350 5418">
     <span class='ocr_line' id='line_1_101' title="bbox 173 5346 1350 5418; baseline 0.004 -19"><span class='ocrx_word' id='word_1_841' title='bbox 173 5346 277 5418; x_wconf 73' lang='grc'>(64)</span> <span class='ocrx_word' id='word_1_842' title='bbox 303 5347 467 5410; x_wconf 85' lang='lat' dir='ltr'><strong>Editi,</strong></span> <span class='ocrx_word' id='word_1_843' title='bbox 502 5368 522 5400; x_wconf 75' lang='grc' dir='ltr'><strong>ι</strong></span> <span class='ocrx_word' id='word_1_844' title='bbox 556 5350 800 5404; x_wconf 81' lang='lat' dir='ltr'><strong>omnium.</strong></span> <span class='ocrx_word' id='word_1_845' title='bbox 819 5349 1055 5416; x_wconf 87' lang='lat' dir='ltr'><strong>gentium</strong></span> <span class='ocrx_word' id='word_1_846' title='bbox 1081 5346 1285 5417; x_wconf 75' lang='lat' dir='ltr'><strong>gentes.</strong></span> <span class='ocrx_word' id='word_1_847' title='bbox 1331 5373 1350 5404; x_wconf 84' lang='grc'><strong>›</strong></span> 
     </span>
    </p>
   </div>
   <div class='ocr_carea' id='block_1_102' title="bbox 169 5418 1664 5490">
    <p class='ocr_par' dir='ltr' id='par_1_102' title="bbox 169 5418 1664 5490">
     <span class='ocr_line' id='line_1_102' title="bbox 169 5418 1664 5490; baseline 0.004 -20"><span class='ocrx_word' id='word_1_848' title='bbox 169 5419 280 5490; x_wconf 83' lang='grc'>(65)</span> <span class='ocrx_word' id='word_1_849' title='bbox 315 5420 404 5473; x_wconf 88' lang='lat' dir='ltr'><strong>Sic</strong></span> <span class='ocrx_word' id='word_1_850' title='bbox 430 5418 529 5474; x_wconf 89' lang='lat' dir='ltr'><strong>Ms.</strong></span> <span class='ocrx_word' id='word_1_851' title='bbox 563 5421 764 5489; x_wconf 79' lang='lat' dir='ltr'><strong>Regius</strong></span> <span class='ocrx_word' id='word_1_852' title='bbox 794 5433 943 5490; x_wconf 87' lang='lat' dir='ltr'><strong>num.</strong></span> <span class='ocrx_word' id='word_1_853' title='bbox 971 5418 1108 5475; x_wconf 74' lang='lat'><strong>1659</strong></span> <span class='ocrx_word' id='word_1_854' title='bbox 1135 5432 1188 5475; x_wconf 90' lang='lat' dir='ltr'><strong>et</strong></span> <span class='ocrx_word' id='word_1_855' title='bbox 1217 5422 1492 5479; x_wconf 84' lang='lat' dir='ltr'><strong>Rabanus.</strong></span> <span class='ocrx_word' id='word_1_856' title='bbox 1518 5421 1664 5479; x_wconf 86' lang='lat' dir='ltr'><strong>Editi</strong></span> 
     </span>
    </p>
   </div>
   <div class='ocr_carea' id='block_1_103' title="bbox 110 5489 1520 5563">
    <p class='ocr_par' dir='ltr' id='par_1_103' title="bbox 110 5489 1520 5563">
     <span class='ocr_line' id='line_1_103' title="bbox 110 5489 1520 5563; baseline 0.007 -25"><span class='ocrx_word' id='word_1_857' title='bbox 110 5489 474 5563; x_wconf 25' lang='lat' dir='ltr'><strong>verertJnss.</strong></span> <span class='ocrx_word' id='word_1_858' title='bbox 513 5490 775 5561; x_wconf 87' lang='lat' dir='ltr'><strong>plerique,</strong></span> <span class='ocrx_word' id='word_1_859' title='bbox 807 5509 825 5541; x_wconf 78' lang='grc' dir='ltr'><strong>ι</strong></span> <span class='ocrx_word' id='word_1_860' title='bbox 866 5489 1167 5563; x_wconf 78' lang='lat' dir='ltr'><strong>irascantur</strong></span> <span class='ocrx_word' id='word_1_861' title='bbox 1188 5507 1336 5563; x_wconf 84' lang='lat' dir='ltr'><strong>ergo,</strong></span> <span class='ocrx_word' id='word_1_862' title='bbox 1367 5513 1387 5545; x_wconf 78' lang='grc' dir='ltr'><strong>ι</strong></span> <span class='ocrx_word' id='word_1_863' title='bbox 1414 5503 1520 5550; x_wconf 90' lang='lat' dir='ltr'><strong>etc.</strong></span> 
     </span>
    </p>
   </div>
   <div class='ocr_carea' id='block_1_104' title="bbox 176 5558 1663 5633">
    <p class='ocr_par' dir='ltr' id='par_1_104' title="bbox 176 5558 1663 5633">
     <span class='ocr_line' id='line_1_104' title="bbox 176 5558 1663 5633; baseline 0.003 -21"><span class='ocrx_word' id='word_1_864' title='bbox 176 5558 282 5633; x_wconf 83' lang='grc'>(66)</span> <span class='ocrx_word' id='word_1_865' title='bbox 312 5560 475 5633; x_wconf 89' lang='lat' dir='ltr'><strong>Editi,</strong></span> <span class='ocrx_word' id='word_1_866' title='bbox 511 5558 531 5612; x_wconf 70' lang='grc' dir='ltr'><strong><em>ἆ</em></strong></span> <span class='ocrx_word' id='word_1_867' title='bbox 564 5565 630 5616; x_wconf 91' lang='lat' dir='ltr'><strong>de</strong></span> <span class='ocrx_word' id='word_1_868' title='bbox 654 5558 757 5617; x_wconf 84' lang='lat' dir='ltr'><strong>hoc</strong></span> <span class='ocrx_word' id='word_1_869' title='bbox 785 5560 1063 5630; x_wconf 75' lang='lat' dir='ltr'><strong>my8terio.</strong></span> <span class='ocrx_word' id='word_1_870' title='bbox 1084 5558 1271 5633; x_wconf 75' lang='lat' dir='ltr'><strong>Isaias</strong></span> <span class='ocrx_word' id='word_1_871' title='bbox 1290 5575 1470 5619; x_wconf 91' lang='lat' dir='ltr'><strong>autem</strong></span> <span class='ocrx_word' id='word_1_872' title='bbox 1501 5564 1663 5620; x_wconf 82' lang='lat' dir='ltr'><strong>audet</strong></span> 
     </span>
    </p>
   </div>
   <div class='ocr_carea' id='block_1_105' title="bbox 106 5631 1665 5703">
    <p class='ocr_par' dir='ltr' id='par_1_105' title="bbox 106 5631 1665 5703">
     <span class='ocr_line' id='line_1_105' title="bbox 106 5631 1665 5703; baseline 0.003 -16"><span class='ocrx_word' id='word_1_873' title='bbox 106 5631 631 5703; x_wconf 69' lang='lat' dir='ltr'><strong>cidicitzlnventus</strong></span> <span class='ocrx_word' id='word_1_874' title='bbox 679 5647 823 5699; x_wconf 87' lang='lat' dir='ltr'><strong>sum,</strong></span> <span class='ocrx_word' id='word_1_875' title='bbox 864 5649 881 5683; x_wconf 72' lang='grc' dir='ltr'><strong>ι</strong></span> <span class='ocrx_word' id='word_1_876' title='bbox 922 5641 1028 5689; x_wconf 91' lang='lat' dir='ltr'><strong>etc.</strong></span> <span class='ocrx_word' id='word_1_877' title='bbox 1075 5631 1180 5703; x_wconf 85' lang='lat' dir='ltr'><strong>Sed</strong></span> <span class='ocrx_word' id='word_1_878' title='bbox 1212 5649 1403 5693; x_wconf 90' lang='lat' dir='ltr'><strong>omnes</strong></span> <span class='ocrx_word' id='word_1_879' title='bbox 1446 5650 1576 5695; x_wconf 87' lang='lat' dir='ltr'><strong>mss.</strong></span> <span class='ocrx_word' id='word_1_880' title='bbox 1607 5641 1665 5692; x_wconf 80' lang='lat' dir='ltr'><strong>et</strong></span> 
     </span>
    </p>
   </div>
   <div class='ocr_carea' id='block_1_106' title="bbox 108 5701 933 5761">
    <p class='ocr_par' dir='ltr' id='par_1_106' title="bbox 108 5701 933 5761">
     <span class='ocr_line' id='line_1_106' title="bbox 108 5701 933 5761; baseline 0.007 -9"><span class='ocrx_word' id='word_1_881' title='bbox 108 5701 352 5758; x_wconf 68' lang='lat' dir='ltr'><strong>itabauus</strong></span> <span class='ocrx_word' id='word_1_882' title='bbox 380 5711 438 5758; x_wconf 68' lang='lat' dir='ltr'><strong>ut</strong></span> <span class='ocrx_word' id='word_1_883' title='bbox 458 5703 515 5759; x_wconf 87' lang='lat' dir='ltr'><strong>in</strong></span> <span class='ocrx_word' id='word_1_884' title='bbox 544 5712 727 5761; x_wconf 85' lang='lat' dir='ltr'><strong>nostro</strong></span> <span class='ocrx_word' id='word_1_885' title='bbox 757 5712 933 5761; x_wconf 78' lang='lat' dir='ltr'><strong>textu.</strong></span> 
     </span>
    </p>
   </div>
   <div class='ocr_carea' id='block_1_107' title="bbox 1768 4526 3336 4596">
    <p class='ocr_par' dir='ltr' id='par_1_107' title="bbox 1768 4526 3336 4596">
     <span class='ocr_line' id='line_1_107' title="bbox 1768 4526 3336 4596; baseline -0.001 -15"><span class='ocrx_word' id='word_1_886' title='bbox 1768 4526 2002 4594; x_wconf 84' lang='lat' dir='ltr'><strong>expaudi</strong></span> <span class='ocrx_word' id='word_1_887' title='bbox 2033 4540 2224 4580; x_wconf 89' lang='lat' dir='ltr'><strong>manus</strong></span> <span class='ocrx_word' id='word_1_888' title='bbox 2270 4540 2418 4581; x_wconf 87' lang='lat' dir='ltr'><strong>meas</strong></span> <span class='ocrx_word' id='word_1_889' title='bbox 2444 4527 2510 4582; x_wconf 90' lang='lat' dir='ltr'><strong>ad</strong></span> <span class='ocrx_word' id='word_1_890' title='bbox 2554 4526 2807 4596; x_wconf 87' lang='lat' dir='ltr'><strong>populum</strong></span> <span class='ocrx_word' id='word_1_891' title='bbox 2854 4544 2960 4581; x_wconf 91' lang='lat' dir='ltr'><strong>non</strong></span> <span class='ocrx_word' id='word_1_892' title='bbox 3003 4528 3336 4592; x_wconf 86' lang='lat' dir='ltr'><strong>credentem,</strong></span> 
     </span>
    </p>
   </div>
   <div class='ocr_carea' id='block_1_108' title="bbox 1771 4618 3338 4687">
    <p class='ocr_par' dir='ltr' id='par_1_108' title="bbox 1771 4618 3338 4687">
     <span class='ocr_line' id='line_1_108' title="bbox 1771 4618 3338 4687; baseline 0.001 -15"><span class='ocrx_word' id='word_1_893' title='bbox 1771 4630 1829 4672; x_wconf 90' lang='lat' dir='ltr'><strong>et</strong></span> <span class='ocrx_word' id='word_1_894' title='bbox 1857 4618 2319 4673; x_wconf 79' lang='lat' dir='ltr'><strong>contradicenlem</strong></span> <span class='ocrx_word' id='word_1_895' title='bbox 2359 4618 2404 4649; x_wconf 79' lang='grc'>⁷⁸</span> <span class='ocrx_word' id='word_1_896' title='bbox 2435 4637 2448 4672; x_wconf 90' lang='lat'>:</span> <span class='ocrx_word' id='word_1_897' title='bbox 2482 4637 2501 4670; x_wconf 74' lang='grc' dir='ltr'><strong>ι</strong></span> <span class='ocrx_word' id='word_1_898' title='bbox 2540 4619 2643 4673; x_wconf 90' lang='lat' dir='ltr'><strong>hoc</strong></span> <span class='ocrx_word' id='word_1_899' title='bbox 2683 4628 2789 4685; x_wconf 89' lang='lat' dir='ltr'><strong>est,</strong></span> <span class='ocrx_word' id='word_1_900' title='bbox 2822 4635 2943 4673; x_wconf 92' lang='lat' dir='ltr'><strong>cum</strong></span> <span class='ocrx_word' id='word_1_901' title='bbox 2977 4622 3238 4687; x_wconf 89' lang='lat' dir='ltr'><strong>penderet</strong></span> <span class='ocrx_word' id='word_1_902' title='bbox 3284 4620 3338 4673; x_wconf 88' lang='lat' dir='ltr'><strong>in</strong></span> 
     </span>
    </p>
   </div>
   <div class='ocr_carea' id='block_1_109' title="bbox 1767 4708 3340 4777">
    <p class='ocr_par' dir='ltr' id='par_1_109' title="bbox 1767 4708 3340 4777">
     <span class='ocr_line' id='line_1_109' title="bbox 1767 4708 3340 4777; baseline -0.001 -11"><span class='ocrx_word' id='word_1_903' title='bbox 1767 4725 1952 4777; x_wconf 86' lang='lat' dir='ltr'><strong>cruce,</strong></span> <span class='ocrx_word' id='word_1_904' title='bbox 1988 4708 2065 4763; x_wconf 90' lang='lat' dir='ltr'><strong>illi</strong></span> <span class='ocrx_word' id='word_1_905' title='bbox 2103 4725 2210 4763; x_wconf 92' lang='lat' dir='ltr'><strong>non</strong></span> <span class='ocrx_word' id='word_1_906' title='bbox 2248 4710 2422 4765; x_wconf 89' lang='lat' dir='ltr'><strong>solum</strong></span> <span class='ocrx_word' id='word_1_907' title='bbox 2465 4725 2568 4764; x_wconf 81' lang='lat' dir='ltr'><strong>non</strong></span> <span class='ocrx_word' id='word_1_908' title='bbox 2603 4713 2924 4766; x_wconf 89' lang='lat' dir='ltr'><strong>invenerunt</strong></span> <span class='ocrx_word' id='word_1_909' title='bbox 2950 4726 3099 4777; x_wconf 87' lang='lat' dir='ltr'><strong>eunt,</strong></span> <span class='ocrx_word' id='word_1_910' title='bbox 3135 4713 3228 4766; x_wconf 90' lang='lat' dir='ltr'><strong>sed</strong></span> <span class='ocrx_word' id='word_1_911' title='bbox 3256 4712 3340 4767; x_wconf 88' lang='lat' dir='ltr'><strong>in-</strong></span> 
     </span>
    </p>
   </div>
   <div class='ocr_carea' id='block_1_110' title="bbox 1286 4847 1782 4914">
    <p class='ocr_par' dir='ltr' id='par_1_110' title="bbox 1286 4848 1761 4905">
     <span class='ocr_line' id='line_1_110' title="bbox 1286 4848 1761 4905; baseline 0.002 -3"><span class='ocrx_word' id='word_1_912' title='bbox 1286 4848 1331 4880; x_wconf 74' lang='lat'><strong>“</strong></span> <span class='ocrx_word' id='word_1_913' title='bbox 1371 4848 1502 4903; x_wconf 87' lang='lat' dir='ltr'><strong>ibid.</strong></span> <span class='ocrx_word' id='word_1_914' title='bbox 1554 4849 1645 4905; x_wconf 71' lang='lat'><strong>23.</strong></span> <span class='ocrx_word' id='word_1_915' title='bbox 1717 4851 1761 4882; x_wconf 79' lang='grc'><strong>⁸⁷</strong></span> 
     </span>
    </p>
   </div>
   <div class='ocr_carea' id='block_1_111' title="bbox 1842 4847 3337 4914">
    <p class='ocr_par' dir='ltr' id='par_1_111' title="bbox 1842 4847 3337 4914">
     <span class='ocr_line' id='line_1_111' title="bbox 1842 4847 3337 4914; baseline -0.002 -11"><span class='ocrx_word' id='word_1_916' title='bbox 1842 4861 1914 4904; x_wconf 88' lang='lat' dir='ltr'><strong>ct.</strong></span> <span class='ocrx_word' id='word_1_917' title='bbox 1966 4865 2062 4912; x_wconf 89' lang='lat' dir='ltr'><strong>vn,</strong></span> <span class='ocrx_word' id='word_1_918' title='bbox 2090 4849 2174 4904; x_wconf 69' lang='lat'><strong>52.</strong></span> <span class='ocrx_word' id='word_1_919' title='bbox 2256 4850 2299 4880; x_wconf 80' lang='grc'><strong>⁸⁸</strong></span> <span class='ocrx_word' id='word_1_920' title='bbox 2331 4849 2485 4904; x_wconf 76' lang='lat' dir='ltr'><strong>Ruiu.</strong></span> <span class='ocrx_word' id='word_1_921' title='bbox 2532 4864 2585 4909; x_wconf 83' lang='grc' dir='ltr'><strong>ν,</strong></span> <span class='ocrx_word' id='word_1_922' title='bbox 2629 4848 2682 4901; x_wconf 88' lang='lat'><strong>7.</strong></span> <span class='ocrx_word' id='word_1_923' title='bbox 2758 4849 2801 4880; x_wconf 82' lang='grc'><strong>⁶⁹</strong></span> <span class='ocrx_word' id='word_1_924' title='bbox 2830 4849 2949 4901; x_wconf 86' lang='lat' dir='ltr'><strong>Act.</strong></span> <span class='ocrx_word' id='word_1_925' title='bbox 2993 4848 3203 4914; x_wconf 74' lang='lat' dir='ltr'><strong>xx,25,</strong></span> <span class='ocrx_word' id='word_1_926' title='bbox 3244 4847 3337 4901; x_wconf 73' lang='grc'><strong>24.</strong></span> 
     </span>
    </p>
   </div>
   <div class='ocr_carea' id='block_1_112' title="bbox 1131 4918 1908 4988">
    <p class='ocr_par' dir='ltr' id='par_1_112' title="bbox 1131 4918 1908 4988">
     <span class='ocr_line' id='line_1_112' title="bbox 1131 4918 1908 4988; baseline 0.003 -14"><span class='ocrx_word' id='word_1_927' title='bbox 1131 4920 1177 4952; x_wconf 76' lang='grc'><strong>’³⁸</strong></span> <span class='ocrx_word' id='word_1_928' title='bbox 1206 4918 1337 4974; x_wconf 88' lang='lat' dir='ltr'><strong>Luc.</strong></span> <span class='ocrx_word' id='word_1_929' title='bbox 1370 4934 1463 4988; x_wconf 79' lang='lat' dir='ltr'><strong>xv,</strong></span> <span class='ocrx_word' id='word_1_930' title='bbox 1497 4919 1554 4976; x_wconf 80' lang='lat'><strong>4.</strong></span> <span class='ocrx_word' id='word_1_931' title='bbox 1626 4920 1826 4978; x_wconf 70' lang='lat' dir='ltr'><strong>“ibid.</strong></span> <span class='ocrx_word' id='word_1_932' title='bbox 1856 4923 1908 4976; x_wconf 91' lang='lat'><strong>8.</strong></span> 
     </span>
    </p>
   </div>
   <div class='ocr_carea' id='block_1_113' title="bbox 2004 4918 2960 4985">
    <p class='ocr_par' dir='ltr' id='par_1_113' title="bbox 2004 4918 2960 4985">
     <span class='ocr_line' id='line_1_113' title="bbox 2004 4918 2960 4985; baseline -0.002 -11"><span class='ocrx_word' id='word_1_933' title='bbox 2004 4921 2050 4951; x_wconf 72' lang='lat'><strong>7&quot;</strong></span> <span class='ocrx_word' id='word_1_934' title='bbox 2086 4922 2251 4977; x_wconf 87' lang='lat' dir='ltr'><strong>ICor.</strong></span> <span class='ocrx_word' id='word_1_935' title='bbox 2283 4936 2326 4985; x_wconf 87' lang='grc' dir='ltr'><strong>ι,</strong></span> <span class='ocrx_word' id='word_1_936' title='bbox 2355 4919 2443 4974; x_wconf 68' lang='grc'><strong>25.</strong></span> <span class='ocrx_word' id='word_1_937' title='bbox 2538 4919 2583 4951; x_wconf 80' lang='grc'><strong>⁷⁵</strong></span> <span class='ocrx_word' id='word_1_938' title='bbox 2615 4918 2721 4974; x_wconf 85' lang='lat' dir='ltr'><strong>Isa.</strong></span> <span class='ocrx_word' id='word_1_939' title='bbox 2746 4934 2871 4982; x_wconf 78' lang='lat' dir='ltr'><strong>va,</strong></span> <span class='ocrx_word' id='word_1_940' title='bbox 2905 4918 2960 4972; x_wconf 75' lang='lat'><strong>2.</strong></span> 
     </span>
    </p>
   </div>
   <div class='ocr_carea' id='block_1_114' title="bbox 1843 5060 3032 5133">
    <p class='ocr_par' dir='ltr' id='par_1_114' title="bbox 1843 5060 3032 5133">
     <span class='ocr_line' id='line_1_114' title="bbox 1843 5060 3032 5133; baseline -0.003 -17"><span class='ocrx_word' id='word_1_941' title='bbox 1843 5060 1956 5133; x_wconf 85' lang='grc'>(67)</span> <span class='ocrx_word' id='word_1_942' title='bbox 1982 5061 2147 5133; x_wconf 86' lang='lat' dir='ltr'><strong>Editi,</strong></span> <span class='ocrx_word' id='word_1_943' title='bbox 2184 5079 2208 5112; x_wconf 65' lang='grc' dir='ltr'><strong>ι</strong></span> <span class='ocrx_word' id='word_1_944' title='bbox 2243 5060 2466 5132; x_wconf 90' lang='lat' dir='ltr'><strong>apparui</strong></span> <span class='ocrx_word' id='word_1_945' title='bbox 2496 5061 2584 5133; x_wconf 83' lang='lat' dir='ltr'><strong>bis</strong></span> <span class='ocrx_word' id='word_1_946' title='bbox 2610 5060 2703 5130; x_wconf 83' lang='lat' dir='ltr'><strong>qui</strong></span> <span class='ocrx_word' id='word_1_947' title='bbox 2722 5074 2835 5133; x_wconf 78' lang='lat' dir='ltr'><strong>me,</strong></span> <span class='ocrx_word' id='word_1_948' title='bbox 2876 5079 2898 5114; x_wconf 74' lang='grc' dir='ltr'><strong>ι</strong></span> <span class='ocrx_word' id='word_1_949' title='bbox 2929 5069 3032 5116; x_wconf 93' lang='lat' dir='ltr'><strong>etc.</strong></span> 
     </span>
    </p>
   </div>
   <div class='ocr_carea' id='block_1_115' title="bbox 1845 5131 3333 5205">
    <p class='ocr_par' dir='ltr' id='par_1_115' title="bbox 1845 5131 3333 5205">
     <span class='ocr_line' id='line_1_115' title="bbox 1845 5131 3333 5205; baseline -0.002 -18"><span class='ocrx_word' id='word_1_950' title='bbox 1845 5131 1955 5205; x_wconf 86' lang='lat'><strong>(68)</strong></span> <span class='ocrx_word' id='word_1_951' title='bbox 1981 5132 2142 5198; x_wconf 89' lang='lat' dir='ltr'><strong>Editi,</strong></span> <span class='ocrx_word' id='word_1_952' title='bbox 2175 5151 2196 5184; x_wconf 69' lang='grc' dir='ltr'><strong>ι</strong></span> <span class='ocrx_word' id='word_1_953' title='bbox 2237 5131 2291 5187; x_wconf 88' lang='lat' dir='ltr'><strong>in</strong></span> <span class='ocrx_word' id='word_1_954' title='bbox 2318 5131 2673 5205; x_wconf 79' lang='lat' dir='ltr'><strong>mutationem</strong></span> <span class='ocrx_word' id='word_1_955' title='bbox 2703 5131 2975 5186; x_wconf 89' lang='lat' dir='ltr'><strong>declinare</strong></span> <span class='ocrx_word' id='word_1_956' title='bbox 3004 5143 3267 5201; x_wconf 63' lang='lat' dir='ltr'><strong>personas.</strong></span> <span class='ocrx_word' id='word_1_957' title='bbox 3310 5148 3333 5183; x_wconf 76' lang='grc' dir='ltr'><strong>ι</strong></span> 
     </span>
    </p>
   </div>
   <div class='ocr_carea' id='block_1_116' title="bbox 1774 5202 2821 5260">
    <p class='ocr_par' dir='ltr' id='par_1_116' title="bbox 1774 5202 2821 5260">
     <span class='ocr_line' id='line_1_116' title="bbox 1774 5202 2821 5260; baseline -0.003 -2"><span class='ocrx_word' id='word_1_958' title='bbox 1774 5202 1878 5260; x_wconf 79' lang='lat' dir='ltr'><strong>Sed</strong></span> <span class='ocrx_word' id='word_1_959' title='bbox 1903 5202 2092 5259; x_wconf 86' lang='lat' dir='ltr'><strong>omnes</strong></span> <span class='ocrx_word' id='word_1_960' title='bbox 2121 5217 2250 5259; x_wconf 88' lang='lat' dir='ltr'><strong>mss.</strong></span> <span class='ocrx_word' id='word_1_961' title='bbox 2284 5203 2415 5256; x_wconf 92' lang='lat' dir='ltr'><strong>utin</strong></span> <span class='ocrx_word' id='word_1_962' title='bbox 2441 5212 2626 5256; x_wconf 88' lang='lat' dir='ltr'><strong>nostro</strong></span> <span class='ocrx_word' id='word_1_963' title='bbox 2654 5210 2821 5257; x_wconf 80' lang='lat' dir='ltr'><strong>textu.</strong></span> 
     </span>
    </p>
   </div>
   <div class='ocr_carea' id='block_1_117' title="bbox 1842 5269 3337 5344">
    <p class='ocr_par' dir='ltr' id='par_1_117' title="bbox 1842 5269 3337 5344">
     <span class='ocr_line' id='line_1_117' title="bbox 1842 5269 3337 5344; baseline -0.004 -15"><span class='ocrx_word' id='word_1_964' title='bbox 1842 5274 1956 5344; x_wconf 90' lang='lat'><strong>(69)</strong></span> <span class='ocrx_word' id='word_1_965' title='bbox 1984 5273 2076 5344; x_wconf 81' lang='lat' dir='ltr'><strong>Sic</strong></span> <span class='ocrx_word' id='word_1_966' title='bbox 2108 5290 2212 5329; x_wconf 82' lang='lat' dir='ltr'><strong>ms.</strong></span> <span class='ocrx_word' id='word_1_967' title='bbox 2237 5272 2437 5339; x_wconf 78' lang='lat' dir='ltr'><strong>Regius</strong></span> <span class='ocrx_word' id='word_1_968' title='bbox 2467 5288 2619 5344; x_wconf 86' lang='lat' dir='ltr'><strong>num.</strong></span> <span class='ocrx_word' id='word_1_969' title='bbox 2646 5271 2783 5326; x_wconf 82' lang='lat' dir='ltr'><strong>I659</strong></span> <span class='ocrx_word' id='word_1_970' title='bbox 2806 5269 3160 5344; x_wconf 81' lang='lat' dir='ltr'><strong>etRabanus.</strong></span> <span class='ocrx_word' id='word_1_971' title='bbox 3194 5270 3337 5344; x_wconf 89' lang='lat' dir='ltr'><strong>Editi</strong></span> 
     </span>
    </p>
   </div>
   <div class='ocr_carea' id='block_1_118' title="bbox 1770 5341 3338 5414">
    <p class='ocr_par' dir='ltr' id='par_1_118' title="bbox 1770 5341 3338 5414">
     <span class='ocr_line' id='line_1_118' title="bbox 1770 5341 3338 5414; baseline -0.003 -15"><span class='ocrx_word' id='word_1_972' title='bbox 1770 5341 1898 5400; x_wconf 82' lang='lat' dir='ltr'><strong>vero</strong></span> <span class='ocrx_word' id='word_1_973' title='bbox 1920 5341 1975 5400; x_wconf 86' lang='lat' dir='ltr'><strong>et</strong></span> <span class='ocrx_word' id='word_1_974' title='bbox 2005 5343 2133 5414; x_wconf 89' lang='lat' dir='ltr'><strong>Mss.</strong></span> <span class='ocrx_word' id='word_1_975' title='bbox 2161 5345 2426 5414; x_wconf 86' lang='lat' dir='ltr'><strong>plerique,</strong></span> <span class='ocrx_word' id='word_1_976' title='bbox 2467 5361 2485 5414; x_wconf 72' lang='grc' dir='ltr'><strong>ι</strong></span> <span class='ocrx_word' id='word_1_977' title='bbox 2514 5342 2818 5414; x_wconf 82' lang='lat' dir='ltr'><strong>videamus.</strong></span> <span class='ocrx_word' id='word_1_978' title='bbox 2844 5341 2982 5414; x_wconf 82' lang='lat' dir='ltr'><strong>Quid</strong></span> <span class='ocrx_word' id='word_1_979' title='bbox 3012 5343 3210 5396; x_wconf 81' lang='lat' dir='ltr'><strong>audet?</strong></span> <span class='ocrx_word' id='word_1_980' title='bbox 3253 5342 3338 5395; x_wconf 90' lang='lat' dir='ltr'><strong>vel</strong></span> 
     </span>
    </p>
   </div>
   <div class='ocr_carea' id='block_1_119' title="bbox 1769 5412 3334 5487">
    <p class='ocr_par' dir='ltr' id='par_1_119' title="bbox 1769 5412 3334 5487">
     <span class='ocr_line' id='line_1_119' title="bbox 1769 5412 3334 5487; baseline -0.002 -18"><span class='ocrx_word' id='word_1_981' title='bbox 1769 5416 2016 5487; x_wconf 69' lang='lat' dir='ltr'><strong>quaeliic</strong></span> <span class='ocrx_word' id='word_1_982' title='bbox 2052 5412 2335 5487; x_wconf 58' lang='lat' dir='ltr'><strong>Prophetas</strong></span> <span class='ocrx_word' id='word_1_983' title='bbox 2370 5412 2634 5487; x_wconf 79' lang='lat' dir='ltr'><strong>audacia?</strong></span> <span class='ocrx_word' id='word_1_984' title='bbox 2658 5413 2749 5487; x_wconf 62' lang='lat' dir='ltr'><strong>Si</strong></span> <span class='ocrx_word' id='word_1_985' title='bbox 2761 5412 3133 5487; x_wconf 70' lang='lat' dir='ltr'><strong>intendamus,</strong></span> <span class='ocrx_word' id='word_1_986' title='bbox 3175 5430 3194 5464; x_wconf 73' lang='grc' dir='ltr'><strong>ι</strong></span> <span class='ocrx_word' id='word_1_987' title='bbox 3227 5420 3334 5466; x_wconf 92' lang='lat' dir='ltr'><strong>etc.</strong></span> 
     </span>
    </p>
   </div>
   <div class='ocr_carea' id='block_1_120' title="bbox 1840 5482 3334 5557">
    <p class='ocr_par' dir='ltr' id='par_1_120' title="bbox 1840 5482 3334 5557">
     <span class='ocr_line' id='line_1_120' title="bbox 1840 5482 3334 5557; baseline -0.003 -18"><span class='ocrx_word' id='word_1_988' title='bbox 1840 5483 1951 5556; x_wconf 81' lang='lat'><strong>(‘70)</strong></span> <span class='ocrx_word' id='word_1_989' title='bbox 1968 5485 2067 5541; x_wconf 85' lang='lat' dir='ltr'><strong>Ms.</strong></span> <span class='ocrx_word' id='word_1_990' title='bbox 2091 5482 2231 5557; x_wconf 80' lang='lat' dir='ltr'><strong>unus</strong></span> <span class='ocrx_word' id='word_1_991' title='bbox 2250 5483 2460 5557; x_wconf 71' lang='lat' dir='ltr'><strong>Regius</strong></span> <span class='ocrx_word' id='word_1_992' title='bbox 2472 5498 2624 5557; x_wconf 86' lang='lat' dir='ltr'><strong>num.</strong></span> <span class='ocrx_word' id='word_1_993' title='bbox 2646 5482 2811 5557; x_wconf 48' lang='lat'><strong>@639,</strong></span> <span class='ocrx_word' id='word_1_994' title='bbox 2832 5499 2851 5532; x_wconf 76' lang='grc' dir='ltr'><strong>ι</strong></span> <span class='ocrx_word' id='word_1_995' title='bbox 2875 5482 3110 5537; x_wconf 90' lang='lat' dir='ltr'><strong>animam</strong></span> <span class='ocrx_word' id='word_1_996' title='bbox 3132 5497 3334 5549; x_wconf 86' lang='lat' dir='ltr'><strong>meam,</strong></span> 
     </span>
    </p>
   </div>
   <div class='ocr_carea' id='block_1_121' title="bbox 1770 5554 3081 5631">
    <p class='ocr_par' dir='ltr' id='par_1_121' title="bbox 1770 5554 3081 5631">
     <span class='ocr_line' id='line_1_121' title="bbox 1770 5554 3081 5631; baseline -0.003 -19"><span class='ocrx_word' id='word_1_997' title='bbox 1770 5554 1948 5631; x_wconf 30' lang='lat' dir='ltr'><strong>quam-</strong></span> <span class='ocrx_word' id='word_1_998' title='bbox 1969 5570 2075 5631; x_wconf 68' lang='lat' dir='ltr'><strong>me.</strong></span> <span class='ocrx_word' id='word_1_999' title='bbox 2104 5572 2134 5631; x_wconf 60' lang='grc' dir='ltr'><strong>Δι</strong></span> <span class='ocrx_word' id='word_1_1000' title='bbox 2169 5554 2371 5631; x_wconf 80' lang='lat' dir='ltr'><strong>Deinde</strong></span> <span class='ocrx_word' id='word_1_1001' title='bbox 2398 5554 2550 5619; x_wconf 91' lang='lat' dir='ltr'><strong>editi,</strong></span> <span class='ocrx_word' id='word_1_1002' title='bbox 2585 5571 2615 5631; x_wconf 79' lang='lat' dir='ltr'><strong>r_</strong></span> <span class='ocrx_word' id='word_1_1003' title='bbox 2636 5554 2693 5608; x_wconf 88' lang='lat' dir='ltr'><strong>Si</strong></span> <span class='ocrx_word' id='word_1_1004' title='bbox 2728 5567 2878 5631; x_wconf 81' lang='lat' dir='ltr'><strong>ergo,</strong></span> <span class='ocrx_word' id='word_1_1005' title='bbox 2918 5571 2939 5605; x_wconf 77' lang='grc' dir='ltr'><strong>ι</strong></span> <span class='ocrx_word' id='word_1_1006' title='bbox 2975 5563 3081 5608; x_wconf 92' lang='lat' dir='ltr'><strong>etc.</strong></span> 
     </span>
    </p>
   </div>
   <div class='ocr_carea' id='block_1_122' title="bbox 1841 5624 3329 5703">
    <p class='ocr_par' dir='ltr' id='par_1_122' title="bbox 1841 5624 3329 5703">
     <span class='ocr_line' id='line_1_122' title="bbox 1841 5624 3329 5703; baseline 0.001 -22"><span class='ocrx_word' id='word_1_1007' title='bbox 1841 5626 1957 5703; x_wconf 75' lang='lat'><strong>(7!)</strong></span> <span class='ocrx_word' id='word_1_1008' title='bbox 1976 5624 2119 5686; x_wconf 81' lang='lat' dir='ltr'><strong>Eliti</strong></span> <span class='ocrx_word' id='word_1_1009' title='bbox 2143 5664 2163 5698; x_wconf 87' lang='lat'><strong>,</strong></span> <span class='ocrx_word' id='word_1_1010' title='bbox 2198 5642 2218 5681; x_wconf 75' lang='grc' dir='ltr'><strong>ι</strong></span> <span class='ocrx_word' id='word_1_1011' title='bbox 2245 5624 2371 5698; x_wconf 89' lang='lat' dir='ltr'><strong>quia</strong></span> <span class='ocrx_word' id='word_1_1012' title='bbox 2403 5638 2540 5683; x_wconf 79' lang='lat' dir='ltr'><strong>crux</strong></span> <span class='ocrx_word' id='word_1_1013' title='bbox 2567 5624 2685 5700; x_wconf 83' lang='lat' dir='ltr'><strong>ejus</strong></span> <span class='ocrx_word' id='word_1_1014' title='bbox 2705 5625 2785 5682; x_wconf 90' lang='lat' dir='ltr'><strong>eis</strong></span> <span class='ocrx_word' id='word_1_1015' title='bbox 2809 5632 2894 5683; x_wconf 78' lang='lat' dir='ltr'><strong>est</strong></span> <span class='ocrx_word' id='word_1_1016' title='bbox 2927 5624 3272 5683; x_wconf 86' lang='lat' dir='ltr'><strong>scandalum.</strong></span> <span class='ocrx_word' id='word_1_1017' title='bbox 3302 5641 3329 5683; x_wconf 70' lang='grc' dir='ltr'><strong>ι</strong></span> 
     </span>
    </p>
   </div>
  </div>
