3692 6138
305 242 444 297 1175

1783 243 2106 301 ORIGENIS

3447 256 3584 311 1176

303 381 468 436 super
494 366 748 421 dixerunt
775 383 790 418 :
832 384 851 417 ‹
903 365 958 420 Si
995 363 1166 420 Filius
1196 364 1289 418 Dei
1325 378 1407 429 es,
1436 363 1704 421 descende
1734 380 1882 420 nunc
1910 374 1958 427 Α
1989 366 2168 419 minus
2209 362 2426 422 Christo
2459 364 2738 419 crederem
2764 405 2780 430 ,
2825 373 2881 418 et
2907 381 2974 420 ex
3009 367 3116 422 title
3157 366 3280 437 elus
3300 367 3577 436 justiﬁes-

302 459 370 513 de
395 475 576 524 cruce,
603 469 657 513 et
677 459 949 514 credimus
977 458 1070 513 tibi
1103 458 1173 512 ⁷⁸.
1205 477 1224 510 ι
1261 458 1370 512 Sed
1397 457 1520 511 audi
1556 457 1685 526 quid
1716 457 1880 511 etiam

306 557 361 610 in
399 555 677 623 Sapientia
705 553 1012 609 Salomonis
1048 552 1262 607 dicatur
1284 553 1353 616 ⁷⁷,
1379 552 1503 620 quia
1540 571 1558 603 ‹
1589 565 1694 606 non
1731 551 1883 605 inve-

305 652 485 703 nietur
520 648 588 701 ab
623 645 706 701 his
740 646 832 715 qui
868 653 1080 699 tentant
1122 659 1244 698 eum
1281 645 1605 714 :apparebit
1633 660 1764 699 vero
1796 647 1881 699 his

301 741 392 810 qui
425 754 532 794 non
575 749 699 792 sunt
730 737 996 792 increduli
1043 741 1111 790 ad
1147 751 1293 791 cum.
1339 758 1358 787 ο
1395 735 1501 790 Sed
1531 751 1598 790 ne
1629 738 1731 792 hoc
1759 737 1882 806 qui-

302 836 423 885 dem
450 848 480 885 a
511 832 667 885 nobis
694 831 952 886 convenit
1001 829 1260 899 ignorari,
1300 830 1442 898 quod
1469 831 1520 883 in
1548 830 1879 898 exemplari-

303 925 403 980 bus
426 923 775 978 IIebrzeornm
796 938 902 977 non
927 923 1155 976 habetur
1192 941 1210 973 ι
1241 931 1296 976 et
1333 924 1822 977 eontradicentem.
1855 942 1873 974 ι

303 1017 596 1087 Apostolus
623 1024 802 1071 autem
846 1025 1066 1071 secutus
1093 1026 1177 1070 est
1214 1015 1566 1084 Septuaginta
1610 1015 1880 1084 Interpre-

303 1123 414 1164 Iunt
471 1111 756 1164 veritatem
805 1108 858 1162 in
892 1109 1008 1162 suis
1046 1108 1266 1178 scriptis
1289 1146 1304 1173 ,
1359 1120 1415 1164 et
1439 1111 1579 1164 sicut
1603 1109 1678 1164 illi
1710 1109 1878 1165 inter-

300 1203 499 1272 pretati
522 1210 652 1258 sunt
673 1202 828 1270 ponit
858 1200 993 1273 (72).

374 1294 424 1346 7.
477 1313 496 1344 ι
556 1293 687 1347 Dico
713 1293 877 1362 igitur
915 1291 1210 1361 :Nunquid
1256 1295 1451 1361 repulit
1481 1294 1624 1348 Deus
1663 1294 1876 1364 plebem

299 1387 498 1442 suam?
531 1385 708 1439 Absit.
740 1384 874 1438 Nam
903 1395 957 1438 et
988 1400 1089 1454 ego
1119 1385 1360 1438 Israelita
1391 1401 1511 1439 sum
1545 1387 1657 1456 (75)
1689 1402 1757 1440 ex
1785 1401 1876 1439 se-

299 1483 446 1536 mine
476 1479 730 1541 Abraliaz,
755 1489 810 1533 et
845 1480 984 1532 tribu
1017 1479 1314 1548 Benjamin.
1350 1479 1467 1535 Non
1501 1482 1700 1550 repulit
1735 1480 1878 1536 Deus

298 1574 511 1641 plebem
547 1588 702 1627 suam
739 1587 901 1641 quam
944 1573 1235 1642 praescivit.
1264 1573 1344 1625 An
1393 1574 1619 1628 nescitis
1673 1574 1728 1628 in
1765 1575 1877 1628 Elia

299 1669 431 1738 quid
467 1669 605 1724 dicit
659 1667 942 1738 Scriptura
981 1684 995 1719 :
1033 1666 1309 1736 quomodo
1355 1666 1661 1736 interpellat
1707 1669 1873 1723 Deum

296 1763 587 1816 adversum
617 1760 830 1816 Israel?
871 1761 1100 1814 Domine
1127 1799 1143 1824 ,
1171 1761 1462 1828 prophetas
1497 1771 1618 1815 tuos
1655 1762 1874 1816 occide-

298 1863 443 1919 runt,
474 1854 665 1908 altaria
696 1866 788 1907 tua
837 1854 1174 1910 sull'oderunt
1197 1900 1211 1924 ,
1265 1867 1315 1911 et
1349 1873 1450 1928 ego
1480 1857 1702 1910 relictus
1751 1871 1870 1909 sum

294 1946 462 2007 solus.
503 1957 558 2002 et
591 1958 840 2016 qumrunt
885 1951 1123 2002 animam
1178 1965 1376 2005 meam.
1424 1949 1530 2004 Sed
1579 1951 1706 2016 quid
1741 1949 1873 2004 dicit

295 2039 373 2092 illi
406 2055 726 2109 responsum
764 2041 1058 2095 divinum?
1092 2041 1304 2112 Reliqui
1353 2043 1484 2096 mihi
1511 2053 1716 2112 septem
1753 2043 1872 2095 mil-

295 2132 365 2185 lia
398 2134 638 2186 virorum
670 2135 760 2202 qui
818 2149 925 2188 non
972 2145 1338 2188 enrvaverunt
1371 2150 1543 2204 genua
1590 2135 1740 2189 Baal.
1779 2135 1871 2190 Sic

295 2224 459 2292 igitur
482 2235 537 2279 et
563 2225 616 2278 in
651 2226 754 2280 hoc
787 2236 1028 2294 tempore
1058 2226 1297 2294 reliquiae
1321 2228 1616 2280 secundum
1646 2227 1872 2282 electio-

297 2334 420 2371 nem
450 2319 637 2385 gratiae
666 2319 828 2374 salva:
851 2319 1012 2372 facta:
1036 2331 1181 2374 sunt.
1221 2319 1277 2374 Si
1313 2330 1494 2374 autem
1529 2321 1729 2390 gratia,
1755 2321 1869 2390 jam

294 2424 401 2462 non
427 2423 495 2462 ex
529 2410 828 2478 operibus:
863 2411 1105 2479 alioquin
1131 2411 1306 2480 gratia
1351 2411 1464 2478 jam
1497 2427 1604 2465 non
1637 2413 1694 2463 tit
1743 2428 1869 2482 gra-

293 2504 372 2554 tia-
397 2502 460 2555 ⁷⁸.
504 2520 522 2552 ι
557 2502 824 2568 Quoniam
851 2517 916 2556 ex
968 2504 1052 2556 his
1080 2518 1198 2571 quan
1226 2519 1389 2572 supra
1419 2504 1560 2557 dicta
1593 2513 1740 2568 sunt,
1788 2506 1870 2558 vi-

291 2596 512 2648 deretur
541 2594 767 2648 forsitan
801 2596 1032 2665 populus
1053 2594 1368 2650 .Iudzeorum
1412 2597 1662 2665 repulsus
1684 2613 1805 2652 esse
1837 2612 1866 2650 a

293 2682 424 2750 Deo,
471 2699 568 2740 nec
592 2685 795 2753 aliquid
834 2687 948 2754 spei
983 2700 1200 2754 gerere,
1227 2686 1274 2739 si
1313 2687 1532 2754 quidem
1567 2688 1619 2740 in
1647 2687 1868 2740 inmola-

291 2777 496 2830 tinnem
529 2776 804 2831 induxerit
839 2791 962 2830 eum
1006 2777 1147 2830 Deus
1182 2776 1234 2830 in
1283 2793 1392 2831 non
1417 2787 1672 2848 gentem,
1721 2788 1778 2831 et
1813 2779 1866 2832 in

291 2869 428 2920 iram
455 2907 471 2933 ,
510 2867 560 2919 in
591 2877 808 2937 gentem
857 2865 1191 2920 insensatam
1224 2867 1291 2931 ⁷⁸,
1317 2876 1372 2922 et
1416 2866 1737 2922 manifestus
1784 2867 1869 2922 fa-

289 2970 410 3013 rtus
437 2958 552 3027 (74)
580 2959 650 3012 sit
677 2957 761 3012 his
789 2958 882 3026 qui
917 2973 1040 3011 eum
1075 2973 1179 3011 non
1209 2956 1550 3027 quaerebant,
1583 2968 1639 3012 et
1678 2958 1867 3011 inven-

290 3061 378 3105 tus
421 3052 493 3106 sit
521 3051 588 3105 ab
617 3051 701 3104 his
749 3051 839 3115 qui
887 3051 954 3104 de
999 3066 1066 3104 eo
1111 3066 1218 3104 non
1263 3051 1676 3119 interrogabant
1703 3050 1863 3120 (75):

290 3152 582 3208 propterea
629 3143 944 3213 Apostolus,
977 3142 1162 3196 volens
1197 3142 1298 3195 ista
1328 3158 1542 3206 curare,
1587 3153 1642 3196 et
1679 3151 1865 3196 osten-

289 3237 420 3289 dere
457 3235 585 3304 quia
613 3236 851 3304 supersit
884 3235 1073 3290 salutis
1111 3235 1195 3288 via
1233 3235 1430 3303 populo
1460 3235 1573 3305 (76)
1622 3235 1786 3289 Israel
1819 3237 1864 3289 si

288 3329 539 3393 credant,
579 3336 636 3382 et.
671 3328 796 3397 quia
827 3344 931 3380 non
968 3328 1172 3383 idcirco
1205 3327 1405 3395 repulsi
1442 3337 1566 3380 sunt
1593 3328 1721 3396 quia
1771 3342 1866 3396 ge-

289 3437 394 3475 nus
417 3421 528 3474 sint
559 3419 726 3474 Israel
757 3418 994 3490 (77),sed
1029 3420 1156 3488 quia
1191 3419 1456 3473 increduli
1479 3418 1710 3483 fuerint,
1745 3420 1862 3472 ait:

295 3531 313 3563 ι
351 3513 463 3566 Non
493 3513 691 3582 repulit
734 3512 876 3566 Deus
910 3513 1119 3582 plebem
1150 3527 1303 3566 suam
1332 3527 1495 3581 quam
1523 3511 1813 3581 praeseivit.
1837 3529 1857 3563 ι

289 3605 357 3658 Ει
389 3614 444 3658 ιιι
490 3605 594 3658 hoc
623 3605 875 3672 praesenti
921 3603 1179 3673 probaret
1208 3604 1459 3672 exemplo
1485 3645 1501 3671 ,
1537 3605 1816 3672 subiungit
1845 3619 1862 3659 :

293 3718 313 3750 ο
355 3698 488 3753 Nam
523 3708 576 3753 et
621 3713 719 3767 ego
757 3697 1004 3753 Israelita
1049 3715 1166 3752 sum
1203 3714 1269 3753 ex
1319 3699 1530 3755 semine
1561 3699 1862 3763 Abraham,

288 3802 344 3845 et
377 3793 520 3846 tribu
557 3790 861 3860 Benjamin,
902 3809 920 3842 ο
953 3800 1007 3845 et
1032 3801 1211 3844 tamen
1249 3790 1407 3844 ﬁdem
1441 3789 1566 3844 Iesu
1592 3791 1780 3852 doceo,
1811 3799 1866 3843 et

289 3885 552 3941 annuntio
592 3887 718 3956 quia
755 3885 868 3954 ipse
902 3895 986 3939 est
1017 3886 1289 3940 Christus.
1321 3885 1472 3950 Quod
1506 3885 1552 3938 si
1592 3884 1720 3938 mihi
1751 3899 1860 3937 non

286 3977 464 4034 obluit
503 3980 628 4047 quia
657 3993 775 4034 sum
804 3977 1051 4032 Israelita
1079 3991 1144 4031 ex
1185 3977 1395 4032 semine
1417 3977 1712 4039 Abraham,
1731 3990 1866 4044 quo-

358 4099 406 4128 "
442 4097 631 4152 Matth.
660 4113 831 4162 xxvn,
865 4097 961 4161 40,
995 4095 1084 4152 Ω.
1180 4096 1223 4126 ⁷⁷
1262 4095 1390 4164 Sap.
1428 4112 1479 4160 t,
1511 4095 1567 4150 2.

359 4235 667 4319 (72)'7Editi,
704 4256 723 4287 ι
765 4237 982 4306 scriptis
1017 4254 1032 4290 :
1063 4237 1204 4292 sicut
1230 4237 1304 4291 illi
1336 4237 1680 4308 interpretati
1706 4246 1858 4303 sunt,

287 4318 718 4450 ex???il)lti’l\lam
763 4387 816 4432 et
845 4393 945 4446 ego
979 4377 1220 4450 Israelita
1263 4393 1422 4443 sum,
1467 4398 1484 4430 ι
1513 4388 1654 4446 ete.,
1689 4393 1861 4447 usque

1659 4095 1706 4126 ⁷³
1731 4095 1884 4150 Rom.
1914 4098 2048 4162 xm,
2077 4111 2192 4166 seq.

1986 473 2117 522 rer;
2166 468 2375 512 eertum
2424 467 2509 511 est
2553 458 2679 526 quia
2731 475 2750 509 ι
2801 474 2906 512 non
2950 460 3151 531 repulit
3190 463 3330 517 Deus
3360 463 3577 532 plebem

1985 565 2138 603 suam
2195 564 2357 617 quam
2404 550 2703 619 praescirit.
2751 571 2768 602 ι
2803 551 3087 616 Quomodo
3136 564 3323 608 autem
3379 574 3401 606 ι
3441 573 3577 626 quos

1985 641 2279 709 pra-scivit,
2308 641 2430 696 illos
2470 653 2520 696 et
2557 642 2808 708 vocavit;
2841 653 2895 696 et
2927 660 3062 711 quos
3097 649 3332 711 vocavit,
3371 648 3502 701 illos
3527 660 3578 702 et

1977 732 2298 801 justiﬁcavit
2336 733 2404 798 ⁸ο,
2467 752 2486 785 ι
2532 750 2692 804 supra
2735 734 2847 803 jam
2896 739 3100 791 dictum
3150 749 3233 793 est
3264 759 3279 792 :
3314 751 3374 794 et
3434 745 3575 808 quod

1985 827 2242 894 pmscire
2266 825 2432 890 Deus,
2472 843 2578 880 non
2618 839 2824 882 tantum
2865 829 2979 898 (78)
3011 847 3357 899 pt’EBIIOSCCI'B
3390 833 3576 886 futura

1984 919 2150 987 (quod
2186 934 2286 972 nec
2318 917 2552 972 dubitari
2585 922 2807 989 potest),
2832 921 2923 974 scd
2967 924 3218 990 probare,
3259 936 3315 976 et
3335 927 3575 979 scicntia

1983 1027 2077 1064 sua
2117 1014 2275 1082 digna
2324 1015 2545 1079 ducere,
2579 1015 2631 1066 in
2657 1012 2958 1083 Scriptnris
2989 1027 3242 1083 ponatur.
3269 1015 3484 1070 Verum
3511 1034 3580 1072 ne

1983 1120 2209 1172 parvum
2257 1106 2538 1162 videretur
2579 1109 2722 1173 quod
2750 1109 3005 1177 exemplo
3033 1110 3112 1163 sui
3147 1111 3259 1180 (79)
3291 1127 3410 1165 non
3458 1127 3580 1165 esse

1983 1198 2259 1266 repulsam
2305 1200 2516 1267 plebem
2569 1201 2660 1254 Dei
2695 1202 2922 1256 ducebat
2951 1203 3262 1271 Apostolus,
3292 1205 3574 1257 validiora

1982 1290 2213 1357 requirit
2250 1292 2524 1361 exempia,
2569 1303 2623 1347 et
2654 1294 2786 1346 dicit
2819 1311 2833 1347 :
2865 1313 2883 1344 ι
2912 1295 2994 1347 An
3077 1296 3297 1349 nescitis
3342 1298 3406 1349 in
3457 1296 3574 1348 Elia

1980 1386 2110 1454 quid
2156 1385 2289 1439 dicit
2331 1386 2670 1455 Scriptura?
2713 1387 2996 1453 Quomodo
3045 1387 3354 1457 interpellat
3396 1390 3576 1442 Deum

1979 1481 2269 1533 adversmn
2303 1479 2516 1535 Israel?
2555 1481 2806 1540 Domine,
2837 1482 3134 1549 prophetas
3169 1491 3292 1535 tuos
3339 1485 3578 1537 occide-

1982 1581 2146 1641 runt,
2174 1573 2368 1628 altaria
2414 1582 2506 1626 tua
2556 1572 2894 1628 suﬂ‘oderunt
2919 1612 2933 1636 ,
2965 1584 3021 1627 et
3046 1589 3147 1645 ego
3175 1575 3405 1630 relictus
3451 1592 3573 1630 sum

1980 1666 2129 1720 solus
2157 1706 2174 1730 ,
2208 1675 2264 1719 et
2293 1675 2548 1735 quaerunt
2596 1667 2833 1721 animam
2875 1681 3074 1720 meam.
3109 1666 3215 1723 Sed
3245 1669 3382 1737 quid
3438 1672 3576 1724 dicit

1981 1758 2056 1812 illi
2087 1774 2413 1828 responsum
2445 1761 2690 1813 divinum
2719 1760 2880 1826 (80)?
2915 1779 2933 1810 ι
2974 1760 3031 1813 1η
3083 1763 3286 1830 quibus
3329 1765 3578 1818 docetur

1981 1853 2244 1922 pr0pheta
2295 1852 2583 1922 aliquando
2633 1854 2750 1906 zelo
2795 1854 2886 1907 Dei
2922 1853 3181 1922 repletus,
3236 1871 3365 1908 cum
3426 1861 3573 1926 apud

1979 1945 2146 1999 Deum
2183 1944 2298 2016 (81)
2329 1945 2610 2014 querelam
2644 1947 2824 2015 populi
2850 1947 3284 2014 praevaricatoris
3312 1965 3572 2020 expone-

1977 2045 2060 2089 ret
2087 2076 2102 2100 ,
2131 2037 2224 2104 qui
2259 2052 2369 2091 non
2403 2037 2580 2090 solum
2613 2038 2908 2105 prephetas
2937 2040 3242 2105 occidisset,
3277 2051 3329 2095 et
3362 2042 3568 2096 altaria

1976 2126 2371 2193 subvertisset,
2405 2145 2592 2183 verum
2649 2139 2703 2183 et
2749 2128 2922 2183 Eliam
2961 2133 3052 2200 qui
3091 2133 3384 2188 videbatur
3421 2139 3573 2190 solus

1973 2236 2264 2289 superesse
2298 2231 2353 2278 et
2384 2222 2667 2290 prophetis
2718 2222 2968 2287 Domini,
3011 2234 3302 2278 conaretur
3340 2229 3570 2281 exstin-

1972 2330 2158 2384 guere.
2209 2315 2280 2370 Et
2326 2315 2430 2370 hoc
2478 2316 2592 2369 Elia
2625 2317 2766 2385 apud
2810 2316 2975 2370 Deum
3021 2318 3337 2387 deplorante
3367 2359 3386 2382 ,
3441 2325 3570 2375 audi

1971 2407 2101 2475 quid
2131 2407 2198 2460 ad
2228 2421 2352 2461 eum
2385 2411 2604 2463 oracula
2636 2410 2818 2463 divina
2849 2410 3211 2478 respondeant
3240 2429 3256 2463 :
3288 2431 3307 2462 σ
3335 2411 3570 2482 Reliqui

1973 2503 2102 2556 mihi
2140 2502 2252 2574 (82)
2287 2513 2491 2572 septem
2531 2505 2698 2558 millia
2750 2507 2990 2559 virorum
3024 2507 3114 2574 qui
3150 2523 3256 2559 non
3289 2521 3569 2561 curvave-

1971 2602 2097 2648 runt
2125 2609 2300 2664 genua
2325 2595 2473 2649 Baal.
2515 2614 2534 2646 ι
2566 2596 2692 2649 Baal
2728 2598 2857 2650 idoli
2908 2613 3102 2652 nomen
3153 2609 3258 2659 est.
3299 2603 3370 2654 ad
3407 2603 3568 2670 cujus

1970 2687 2171 2740 cultum
2197 2687 2426 2756 populus
2448 2688 2559 2753 ille,
2598 2689 2784 2743 relicta
2821 2689 2912 2742 Dei
2937 2691 3074 2760 lege,
3100 2691 3408 2745 deciderat.
3438 2692 3564 2746 Ilmc

1969 2787 2094 2833 sunt
2123 2795 2246 2848 qua:
2274 2780 2566 2848 Apostolus
2597 2781 2662 2833 ad
2687 2782 2998 2849 exemplum
3029 2785 3291 2853 temporis
3317 2800 3565 2852 praesen-

1971 2869 2038 2923 tis
2071 2869 2318 2923 adducit.
2350 2869 2418 2922 Et
2445 2871 2634 2925 addit:
2674 2891 2692 2922 ι
2729 2872 2822 2926 Sic
2866 2872 3036 2941 igitur
3064 2887 3118 2928 et
3161 2875 3211 2927 in
3261 2875 3370 2929 hoc
3423 2889 3561 2932 tem-

1972 2973 2102 3026 pore
2123 2961 2368 3031 reliquiae
2391 2963 2686 3016 secundum
2727 2964 3049 3020 electionem
3087 2968 3278 3036 gratiae
3304 2969 3428 3037 (83)
3454 2969 3557 3021 sal-

1974 3068 2052 3106 vae
2080 3052 2239 3108 factae
2267 3064 2415 3111 sunt.
2449 3053 2504 3109 Si
2543 3068 2721 3109 autem
2767 3060 2963 3128 gratia,
2989 3058 3103 3124 jam
3139 3074 3242 3112 non
3273 3076 3340 3114 ex
3380 3064 3560 3129 operi-

1975 3148 2075 3204 bus
2114 3173 2124 3204 :
2159 3147 2400 3218 alioquin
2429 3150 2599 3217 gratia
2635 3150 2747 3219 jam
2792 3166 2898 3205 non
2938 3152 2996 3208 [it
3033 3153 3232 3220 gratia.
3291 3171 3309 3202 ι
3359 3153 3560 3208 Osten-

1974 3241 2208 3297 dendum
2248 3256 2380 3311 ergo
2413 3257 2510 3311 pro
2540 3243 2747 3298 viribus
2795 3245 2952 3299 nobis
2979 3257 3078 3308 est,
3105 3247 3386 3315 quomodo
3417 3248 3558 3301 sicut

1974 3334 2176 3388 factum
2207 3342 2290 3386 est
2317 3333 2420 3387 sub
2470 3332 2630 3398 Elia,
2683 3334 2768 3388 ubi
2819 3351 3036 3390 omnem
3081 3337 3340 3406 populum
3393 3339 3558 3408 630

1974 3429 2233 3496 propheta
2271 3427 2430 3480 simul
2459 3437 2742 3496 putaverat
2777 3429 3068 3483 refutatum
3101 3430 3235 3499 (84),
3271 3433 3556 3486 inveniun-

1975 3527 2061 3571 tur
2093 3527 2296 3584 septem
2341 3517 2508 3572 millia
2537 3519 2661 3583 viri,
2689 3525 2783 3588 qni
2831 3523 3237 3589 permanserint
3273 3522 3327 3575 in
3379 3532 3552 3576 testa-

1965 3619 2149 3664 mento
2175 3609 2301 3676 Dei;
2339 3610 2421 3664 sie
2452 3609 2652 3664 factum
2677 3622 2761 3666 est
2785 3613 2949 3666 etiam
2983 3613 3035 3667 in
3054 3614 3292 3667 adventu
3325 3613 3551 3678 Christi,

1965 3712 2021 3757 et
2069 3703 2153 3757 his
2210 3703 2543 3772 temporibus
2591 3706 2792 3772 quibus
2831 3706 3165 3774 praedicabat
3211 3705 3439 3760 Paulus.
3488 3707 3552 3760 Et

1974 3795 2096 3849 vide
2120 3796 2163 3848 si
2197 3794 2336 3848 forte
2363 3811 2647 3864 possumus
2670 3796 2933 3851 Joannem
2961 3797 3284 3865 Baptistam,
3320 3800 3414 3867 qui
3440 3798 3552 3852 Sal-

1971 3886 2179 3939 vatoris
2229 3886 2506 3954 praecessit
2556 3887 2892 3951 adventum,
2946 3903 3150 3958 ponere
3199 3889 3322 3944 loco
3373 3889 3546 3944 Elim:

1974 3977 2412 4046 quandoquidem
2443 3987 2497 4032 et
2518 3978 2872 4049 Evangelium
2909 3979 3026 4049 (εἴ.)
3062 3980 3168 4037 tale
3201 3983 3251 4038 ei
3301 3985 3545 4038 testimo-

2267 4095 2313 4127 ’⁷⁸
2340 4096 2496 4154 Rom.
2534 4113 2593 4164 x,
2623 4097 2834 4165 19,20.
2924 4099 2970 4132 ⁸⁰
3008 4103 3161 4157 Rom.
3194 4119 3326 4168 vm,
3351 4104 3443 4158 '50.

1969 4236 2156 4362 “379)
2187 4237 2332 4362 ξξὲιί
2355 4279 2373 4307 ,
2419 4259 2440 4292 ‹
2477 4254 2547 4295 ne
2574 4255 2767 4310 parum
2802 4241 3078 4298 videretur
3113 4246 3260 4314 quod
3294 4247 3542 4316 exemplo

2079 4347 2094 4362 .
2137 4327 2156 4360 ι
2283 4347 2300 4362 ,

2079 4347 2094 4368 ν
2137 4327 2156 4360 1
2190 4327 2300 4363 CIC.

2041 4377 2152 4447 (80)
2183 4376 2286 4432 Sed
2310 4379 2434 4448 quid
2470 4378 2599 4432 dicit
2627 4398 2934 4449 responsum
2979 4385 3269 4439 divinum?
3313 4386 3441 4442 Haec
3489 4389 3534 4440 in

287 4449 354 4501 ad
375 4448 396 4513 ⁷,
445 4466 466 4498 ι
505 4449 748 4527 alioquin
791 4450 966 4527 gratia
1009 4448 1120 4527 jam
1149 4464 1254 4501 non
1302 4449 1358 4501 Iit
1392 4451 1607 4527 gratia,
1647 4470 1664 4502 ι
1699 4451 1862 4502 οιιιὶι-
1895 4462 1939 4516 ι)
1969 4449 2468 4527 mss._postris_non
2495 4448 2828 4527 comparent.
2867 4452 3068 4527 Deinde
3109 4472 3240 4509 mss.
3275 4459 3534 4527 plerique,

288 4529 477 4572 tuntnr
515 4521 564 4572 in
592 4520 755 4573 editis
787 4535 802 4582 ;
838 4519 932 4573 sed
971 4521 1329 4574 restituuntur
1354 4535 1419 4573 ex
1442 4522 1692 4574 omnibus
1723 4536 1857 4573 mss.

361 4588 475 4659 (74)
513 4587 732 4643 Factus.
774 4590 932 4643 Deest
963 4590 1015 4642 in
1043 4591 1228 4655 editis,
1264 4600 1318 4642 et
1350 4590 1400 4642 in
1428 4590 1677 4658 pluribus
1704 4606 1858 4652 mss.,

287 4662 383 4724 sed
411 4661 669 4724 exstatin
717 4676 821 4714 ms.
862 4659 1036 4730 Regio
1068 4677 1218 4715 num.
1253 4660 1391 4714 1659
1421 4671 1476 4715 et
1497 4660 1636 4730 apud
1679 4659 1861 4715 Raba-

312 4755 442 4794 tum.

288 4756 474 4880 “('73)
512 4800 679 4880 βαδιῇ,
705 4819 724 4850 ι
763 4802 832 4855 ab
852 4818 916 4857 eo
931 4802 1021 4869 qui
1049 4815 1155 4854 non
1188 4800 1583 4880 interrogabat.
1627 4819 1646 4853 ι

364 4870 480 4949 (76)
523 4873 662 4932 Eam"
688 4911 702 4935 ,
735 4888 755 4922 ι
790 4881 1056 4949 quatiunt:
1089 4874 1324 4940 supersit
1350 4872 1542 4924 salutis
1583 4870 1800 4949 populo,
1837 4889 1855 4922 ι

288 4941 400 5007 etc.
432 4941 612 5006 Codex
635 4959 768 5000 vero
790 4941 1177 5003 Vallis-Clarae,
1204 4959 1222 4991 ι
1257 4957 1417 5010 quam
1459 4943 1696 5010 supersit
1719 4941 1864 4994 salu-

291 5023 504 5094 tissua:
528 5021 904 5094 pupulo,_iete.
929 5013 1186 5094 Βεὼρ-1188
1215 5026 1233 5068 ς
1272 5031 1289 5065 ι
1324 5027 1442 5083 quae
1487 5013 1726 5094 supersit
1770 5026 1863 5094 sa-

290 5093 391 5148 luti
418 5084 835 5158 sute'a—popnlo,
867 5107 885 5139 ι
911 5100 1016 5142 etc.
1049 5084 1154 5140 Sed
1183 5099 1330 5158 recte
1359 5102 1629 5158 ms._unus
1663 5085 1862 5158 Regius

290 5179 443 5218 num.
479 5156 658 5224 I659}
701 5179 718 5210 ι
763 5159 886 5227 quia
938 5158 1179 5225 supersit
1219 5157 1413 5210 salutis
1438 5156 1522 5208 via
1559 5156 1798 5222 populo,
1839 5173 1858 5204 ι

289 5247 397 5289 etc.
433 5233 624 5288 Caeteri
655 5245 784 5284 mss.
811 5229 1012 5282 habent
1042 5228 1222 5280 itidem
1259 5245 1274 5276 ι
1306 5227 1454 5295 quia,
1484 5245 1502 5275 ι
1531 5229 1621 5278 sed
1651 5243 1667 5274 ι
1700 5242 1808 5278 suae
1834 5241 1857 5277 ι

291 5321 390 5372 pro
434 5322 454 5355 ι
487 5304 594 5356 via.
643 5321 660 5352 ι
702 5300 909 5353 Deinde
935 5315 1067 5351 mss.
1110 5297 1354 5372 plerique
1395 5310 1448 5350 et
1485 5296 1612 5372 editi
1643 5296 1863 5358 habent,

297 5367 315 5426 ὲ
377 5385 432 5430 et
484 5388 587 5426 non
630 5372 877 5434 idcirco,
918 5388 936 5420 ι
969 5378 1079 5422 etc.
1108 5408 1123 5432 ,
1155 5369 1355 5421 omisso
1393 5386 1409 5415 ι
1461 5367 1586 5433 quia
1613 5407 1628 5432 ,
1683 5385 1700 5416 ι
1747 5382 1866 5430 quae

294 5461 396 5498 vox
436 5443 744 5498 restituitur
784 5455 851 5494 es
900 5454 1004 5493 ms.
1053 5438 1222 5506 Regio
1267 5455 1416 5494 num.
1463 5437 1598 5490 1639
1647 5445 1702 5492 et
1750 5434 1864 5488 Ra-

294 5518 454 5568 InulO.

367 5585 479 5652 (77)
513 5583 677 5648 Editi,
712 5601 730 5634 ‹
763 5583 886 5651 quia
919 5595 1051 5648 gens
1084 5579 1154 5634 sit
1179 5579 1360 5632 Israel.
1396 5598 1415 5631 ›

370 5647 481 5719 (78)
513 5647 694 5714 Editi,
734 5673 751 5702 ‹
781 5647 958 5706 Deum
990 5692 1004 5715 ,
1041 5667 1143 5704 non
1184 5661 1391 5703 tantum
1419 5690 1432 5712 ,
1482 5667 1498 5699 ›
1527 5659 1629 5705 etc.
1664 5647 1864 5703 Omnes

255 5789 274 5806 .
299 5737 430 5776 inss.
459 5723 647 5784 nostri,
687 5741 705 5774 ι
740 5722 902 5784 Deus,
930 5738 1032 5778 non
1059 5731 1188 5783 tam,
1236 5741 1252 5772 ι
1289 5731 1394 5776 etc.
1703 5745 1709 5751 ·

1968 4527 2021 4594 et
2058 4519 2187 4594 editi
2229 4537 2252 4594 :_
2287 4537 2304 4569 α
2343 4519 2396 4572 In
2443 4521 2826 4594 quibusdocet
2867 4526 3010 4591 quod
3053 4519 3338 4594 preplieta,
3382 4547 3400 4580 ιι
3435 4519 3531 4581 etc.

1967 4589 2074 4640 Sed
2123 4589 2324 4643 rectius
2376 4604 2478 4645 ms.
2530 4590 2728 4662 Regius
2778 4589 2940 4646 nun].
2977 4589 3110 4650 1659
3155 4589 3214 4650 ut
3261 4589 3333 4650 in'
3361 4610 3535 4652 nostro

1968 4667 2138 4711 textu.

2039 4729 2152 4802 (81)
2187 4727 2408 4802 Εάἱιίνσ
2456 4745 2579 4783 cum
2624 4731 2915 4800 aliquando
2959 4735 3098 4802 apud
3135 4735 3327 4800 Deum,
3359 4756 3380 4787 ι
3427 4749 3519 4793 etc.

1967 4798 2074 4852 Sed
2108 4814 2206 4851 vox
2249 4816 2268 4848 ‹
2306 4801 2598 4867 aliquando
2629 4821 2646 4852 ›
2679 4798 2831 4856 deest
2861 4805 2912 4856 in
2947 4798 3077 4868 mss.
3111 4798 3339 4860 nostris.

2040 4869 2151 4944 (8‘2)
2345 4871 2610 4939 plerique,
2643 4889 2661 4922 ι
2692 4871 2920 4944 Reliqui
2961 4877 3112 4938 mihi,
3146 4878 3344 4944 inquit,
3385 4897 3404 4928 ι
3431 4887 3524 4930 etc.

1966 4941 2168 5014 Deinde
2202 4940 2372 5014 iidem
2390 4955 2518 4996 mss.
2546 4952 2598 4993 et
2617 4943 2767 5014 editi,
2804 4963 2822 4994 (
2849 4940 3030 5014 genua
3060 4963 3156 4999 sua
3181 4940 3312 5001 ante
3336 4948 3478 5001 Baal.
3504 4964 3519 4998 ι
3564 4971 3577 4981 ·

1967 5012 2074 5066 Sed
2105 5025 2202 5064 ms.
2251 5011 2444 5078 Regius
2476 5027 2624 5064 num.
2655 5013 2792 5067 1659
2825 5011 2881 5066 ut
2912 5015 2965 5067 in
2997 5026 3169 5070 textu.

2039 5079 2150 5154 (83)
2192 5079 2356 5154 Editi,
2399 5098 2417 5129 ε
2459 5083 2756 5135 Secundum
2784 5085 3100 5139 electionem
3128 5089 3318 5154 gratiae.
3359 5088 3470 5149 Dei,
3503 5107 3518 5137 ι

1967 5149 2071 5206 etc.
2110 5149 2215 5204 Sed
2266 5166 2455 5204 omnes
2504 5167 2632 5206 mss.
2668 5155 2836 5206 nostri
2883 5167 2937 5208 et
2981 5149 3233 5211 Rabaiius
3281 5164 3520 5212 omittunt

1975 5242 1992 5274 ι
2033 5223 2148 5276 Dei.
2185 5241 2203 5272 ι
2242 5220 2444 5296 Deinde
2479 5221 2640 5296 iidetn
2669 5225 2797 5296 editi
2823 5265 2836 5285 .
2865 5236 2920 5278 et
2951 5243 3083 5282 mss.
3116 5230 3296 5295 plures
3321 5271 3336 5294 ,
3370 5249 3388 5278 ι
3422 5230 3515 5296 jam

1969 5311 2076 5368 non
2103 5303 2185 5344 est
2217 5292 2413 5368 gratia,
2437 5311 2455 5342 ι
2480 5294 2570 5345 sed
2606 5310 2707 5346 ms.
2732 5293 2956 5368 Regius,
2987 5292 3140 5353 num.
3169 5292 3520 5367 1659iubique

1969 5364 2133 5418 habet
2168 5379 2188 5414 ι
2228 5365 2300 5416 sit
2330 5381 2348 5412 ι
2386 5378 2483 5430 pro
2515 5381 2533 5412 ι
2572 5374 2672 5416 est.
2712 5383 2731 5415 ›

2041 5431 2150 5502 (84)
2187 5433 2482 5495 Rabanus,
2520 5451 2537 5483 ι
2588 5435 2896 5502 repudiari;
2952 5455 2970 5487 ι
3019 5437 3114 5491 sed
3165 5453 3352 5492 omnes
3399 5451 3514 5490 mss.

1968 5505 2141 5559 nostri
2180 5514 2230 5557 et
2261 5504 2418 5569 editi,
2460 5523 2479 5554 ε
2522 5504 2834 5557 refutatum.
2876 5523 2893 5555 ι

2039 5573 2154 5644 (85)
2185 5571 2262 5627 Ita
2297 5589 2396 5626 ins.
2434 5575 2632 5641 Regius
2666 5591 2814 5630 num.
2849 5576 2986 5631 1659
3017 5587 3069 5631 et
3102 5577 3371 5631 Rabanus.
3404 5576 3508 5630 Ca:-

1970 5648 2072 5696 teri
2110 5659 2239 5700 vero
2277 5662 2404 5700 mss.
2443 5648 2610 5701 nostri
2649 5655 2704 5701 et
2731 5647 2893 5708 editi.
2928 5666 2945 5698 ‹
2981 5659 3034 5704 et
3072 5649 3447 5718 Evangelista,
3482 5661 3508 5696 ι

1969 5724 2074 5770 εις.
