3692 6138
55 237 202 292 1177

991 237 1354 292 COMMENT.
1399 236 1465 291 IN
1507 236 1726 293 EPIST.
1766 237 1856 291 AD
1897 237 2061 295 IIOM.
2103 237 2229 292 LIB.
2274 235 2407 290 VIII.

3181 239 3320 295 H78

53 355 214 406 nium
244 353 516 422 perbibet,
537 354 662 422 quia
694 372 714 405 ι
749 354 803 406 iu
832 355 1026 424 spiritu
1056 365 1112 411 et
1134 357 1333 410 virtute
1375 376 1394 408 ι
1432 357 1642 411 venerit
1674 366 1718 418 Α
1749 371 1844 423 per
1873 357 2122 424 gratiam,
2155 355 2246 408 sed
2282 368 2378 422 per
2413 371 2432 402 ι
2476 351 2798 407 electionem
2831 353 3020 422 gratim
3056 371 3075 404 ι
3112 355 3314 407 salvari

58 463 80 496 ι
127 445 266 500 Elia:
291 446 372 510 8‘;
411 466 429 499 ι
462 455 516 500 et
555 447 667 517 ipse
721 449 980 503 Dominus
1029 449 1228 503 dixerit
1263 449 1330 504 de
1366 465 1433 504 eo
1465 468 1479 504 :
1517 469 1535 502 ι
1580 452 1643 505 Et

49 544 102 596 si
136 544 310 598 vultis
349 545 491 599 scire
516 586 530 608 ,
557 546 672 614 ipse
695 554 778 598 est
811 544 980 600 Elias.
1016 544 1118 612 Qui
1153 545 1317 599 habet
1343 561 1503 602 aures
1543 561 1643 599 au-

47 636 274 702 diendi,
303 638 490 691 audiat
511 639 578 692 δ’.
625 656 644 687 ι
677 635 777 691 llic
822 653 954 707 ergo
989 640 1078 707 qui
1116 640 1168 694 in
1211 639 1402 708 spiritu
1439 648 1494 694 et
1533 640 1644 692 vir-

45 735 179 781 tute
208 739 433 782 venerat
453 726 665 793 Eliae,in
688 737 901 782 tantum
937 729 1326 797 desperaverat
1352 730 1416 784 de
1445 731 1642 799 populo

48 817 158 871 illo
188 857 206 881 ,
242 828 301 872 ut
350 835 581 874 noneos
621 822 828 876 diceret
852 837 972 876 esse
1019 821 1425 888 generationem
1467 823 1639 876 Abra-

47 911 145 964 Iiaa
192 911 309 980 (86)
337 953 353 977 ,
389 914 481 967 sed
524 915 931 981 generationem
968 915 1309 982 viperarum;
1343 922 1398 969 et
1431 915 1514 968 his
1543 917 1640 968 ad-

41 1007 219 1056 deret
261 1022 274 1058 :
319 1023 337 1055 ι
381 1004 556 1058 Nolite
580 1006 763 1060 dicere
789 1007 916 1075 quia
943 1017 1149 1074 patrem
1178 1007 1443 1060 habemus
1472 1009 1643 1059 Abra-

47 1095 215 1148 ham.
271 1095 401 1150 Dico
448 1099 594 1150 enim
645 1100 801 1154 vobis
827 1140 841 1163 ,
881 1101 1013 1166 quia
1055 1109 1248 1167 potens
1287 1110 1368 1152 est
1405 1099 1544 1153 Deus
1575 1101 1642 1154 de

41 1187 341 1256 lapidibus
393 1190 508 1244 istis
557 1191 826 1247 suscitare
857 1192 998 1246 ﬁlios
1039 1192 1272 1246 Abrahae
1314 1193 1380 1248 ⁸³.
1435 1212 1453 1242 ι
1505 1191 1640 1246 Huic

39 1294 197 1348 ergo
247 1280 350 1333 ista
402 1282 469 1335 de
514 1283 710 1350 popqu
759 1285 1114 1353 conquerenti
1167 1286 1563 1352 respondeatur
1609 1299 1636 1336 a

39 1369 296 1422 Domino
338 1382 394 1424 et
435 1371 716 1427 Salvatore
742 1383 936 1429 nostro
969 1389 984 1428 :
1035 1392 1055 1424 ι
1093 1372 1205 1443 Ego
1233 1376 1347 1430 scio
1374 1389 1508 1442 quos
1531 1375 1640 1427 ele-

35 1459 234 1525 gerim
273 1459 353 1524 9‘;
397 1480 416 1513 ι
457 1471 509 1516 et
539 1462 736 1516 iterum
769 1477 785 1516 :
815 1481 834 1513 (
878 1462 1020 1518 Oves
1069 1477 1202 1516 mea:
1233 1477 1416 1516 vocem
1465 1476 1637 1517 meam

35 1552 325 1619 audiunt,
366 1563 422 1608 et
470 1570 574 1621 ego
621 1556 870 1623 praecedo
920 1570 1049 1620 eas,
1098 1565 1153 1610 et
1204 1563 1505 1624 sequuntur
1555 1570 1640 1609 me

39 1659 199 1699 "rem
227 1645 302 1709 ⁸³;
343 1665 361 1698 ι
398 1657 455 1701 et
489 1647 726 1700 iterum:
768 1666 786 1698 ι
826 1646 1011 1702 Ηεώεο
1057 1647 1194 1702 alias
1223 1662 1351 1702 oves
1377 1663 1497 1715 qua:
1531 1662 1634 1700 non

1745 445 1958 498 dicetur
2004 443 2115 514 (9-2)
2152 460 2180 496 a
2214 443 2459 498 Christo.
2506 443 2746 511 Denique
2791 454 2840 498 et
2891 443 3003 514 ipse
3039 444 3319 512 apostolus

1744 537 1942 592 Paulus
1967 577 1984 599 ,
2029 538 2074 591 si
2109 539 2233 607 quis
2255 552 2381 592 eum
2419 539 2471 592 in
2513 538 2696 592 verbis
2735 539 2850 591 suis
2885 538 3175 607 diligenter
3216 538 3319 592 ob-

1742 641 1923 686 servet
1973 632 2123 685 videt
2165 637 2440 701 quomodo
2506 631 2815 702 hujusmodi
2876 631 3318 686 distinctionibus

1741 725 1952 790 utitur;
2003 724 2130 778 alibi
2167 726 2464 778 secunduru
2517 741 2736 779 carnem
2771 725 3058 779 nominans
3109 724 3318 789 Israel,

1741 818 1868 871 alibi
1918 834 2081 886 super
2111 833 2176 871 eo
2205 818 2390 872 carnis
2432 819 2654 871 oumiuo
2683 834 2786 872 non
2833 817 3042 872 faciens
3090 819 3320 871 mentio-

1743 927 1888 975 nem,
1912 912 2054 965 sicut
2083 912 2134 964 iu
2165 912 2416 982 praesenti
2456 912 2608 975 loco,
2643 912 2733 965 ubi
2758 927 2879 966 cum
2912 911 3139 974 diceret,
3190 911 3319 978 quia

1749 1024 1767 1057 σ
1817 1020 1920 1058 non
1953 1004 2148 1073 repulit
2195 1007 2333 1059 Deus
2373 1005 2582 1074 plebem
2626 1022 2802 1072 suam,
2853 1024 2872 1057 ι
2904 1015 2959 1059 et
2985 1005 3316 1058 nobilitatem

1740 1096 2055 1154 Israelitica:
2090 1097 2286 1152 anima:
2315 1097 2480 1151 vellet
2521 1111 2794 1165 exponere
2819 1137 2833 1159 ,
2883 1097 2959 1149 ait
2989 1115 3002 1149 :
3052 1114 3070 1146 ι
3102 1093 3235 1148 Nam
3264 1104 3321 1148 et

1740 1209 1840 1263 ego
1867 1194 2106 1249 Israelita
2131 1211 2270 1249 sum.
2317 1214 2336 1247 ›
2373 1194 2430 1248 1η
2456 1196 2691 1250 secunda
2720 1211 2850 1250 vero
2889 1197 2955 1248 ad
2982 1195 3316 1258 Corinthios,

1740 1287 1830 1340 ubi
1865 1289 2184 1356 quibusdam
2208 1289 2275 1342 de
2308 1286 2614 1342 Israelitico
2647 1303 2844 1358 genere
2867 1289 3161 1341 secundum
3192 1302 3319 1340 car-

1740 1392 1862 1432 nem
1893 1379 2251 1447 gloriautibus
2285 1381 2496 1448 cogitur
2520 1380 2870 1450 respondere,
2900 1381 3021 1432 vide
3044 1395 3164 1447 qum
3183 1393 3317 1446 prae-

1741 1469 1890 1524 misit
1923 1488 1936 1523 :
1975 1490 1993 1521 ‹
2037 1470 2165 1536 Quae
2190 1471 2400 1540 loquor,
2427 1471 2623 1539 inquit,
2667 1487 2772 1524 non
2819 1471 3112 1524 secundum
3147 1469 3314 1523 Deum

1741 1559 1958 1630 loquor,
1991 1563 2083 1617 sed
2123 1565 2276 1630 quasi
2318 1564 2369 1616 in
2416 1565 2720 1633 insipientia
2771 1566 2820 1617 in
2869 1565 2969 1617 hac
3012 1562 3314 1617 substantia

1744 1654 2040 1722 gloriandi.
2072 1655 2337 1720 Quoniam
2365 1656 2580 1723 quidem
2608 1657 2758 1710 multi
2787 1657 3090 1724 gloriantur
3113 1670 3310 1709 secun-

33 1745 191 1790 sunt
226 1738 292 1792 de
321 1740 424 1792 hoc
457 1740 586 1793 ovili
615 1757 628 1792 :
659 1750 878 1806 oportet
905 1754 989 1793 me
1007 1752 1061 1795 et
1095 1740 1216 1793 illas
1243 1740 1514 1794 adducere
1530 1716 1711 1795 ⁸⁶.›.Β
1745 1741 1870 1798 dum
1901 1761 2160 1812 carnem;
2197 1759 2252 1800 et
2299 1716 2399 1816 ego
2445 1749 2722 1816 gloriabor
2751 1716 2818 1801 89v.
2873 1768 2891 1799 ›
2938 1747 3004 1801 Et
3044 1757 3167 1812 post
3212 1747 3315 1800 ali-

34 1828 200 1892 Quid
237 1837 418 1883 autem
447 1838 502 1884 et
539 1831 655 1895 ipse
677 1845 936 1884 numerus
971 1841 1175 1900 septem
1205 1829 1372 1884 millia
1399 1832 1635 1884 virorum

35 1905 267 1972 iudicet
319 1919 623 1978 videamus.
670 1922 1033 1990 Septenarius
1081 1939 1343 1977 numerus
1385 1923 1517 1993 (87)
1569 1923 1635 1976 ad

33 2011 304 2078 requiem
343 2013 652 2081 pertinets-v
693 2014 747 2067 In
775 2015 1000 2084 septima
1033 2035 1052 2067 ι
1087 2015 1232 2069 enim
1259 2035 1276 2066 ι
1311 2015 1397 2068 die
1426 2015 1638 2080 requie-

35 2103 138 2156 vit.
173 2103 314 2158 Deus
336 2105 403 2157 ⁸⁷.
444 2123 463 2156 ι
515 2106 652 2158 Audi
679 2121 812 2174 ergo
839 2117 896 2161 et
941 2109 1188 2162 Christus
1223 2111 1506 2162 credentes
1533 2107 1634 2160 sibi

34 2196 338 2262 quomodo
366 2198 434 2252 ad
461 2199 704 2265 requiem
744 2200 936 2252 invitat
958 2241 972 2262 ,
1000 2211 1055 2254 et
1083 2201 1215 2254 dicit
1248 2219 1261 2252 :
1297 2217 1316 2250 ι
1357 2198 1544 2253 Venite
1569 2197 1637 2252 ad

32 2302 146 2341 me
191 2303 385 2343 omnes
414 2291 505 2358 qui
553 2290 844 2355 laboratis,
874 2301 929 2345 et
961 2293 1170 2346 onerati
1197 2292 1328 2346 estis
1361 2309 1373 2344 :
1403 2301 1458 2344 et
1490 2291 1636 2343 iuve-

34 2381 220 2434 nEetis
253 2382 494 2450 requiem
531 2385 818 2438 animabus
846 2385 1045 2438 vestris
1076 2385 1144 2437 ⁸⁸.
1172 2403 1189 2434 ι
1218 2385 1295 2436 Ad
1323 2384 1482 2436 istum
1506 2398 1636 2448 ergo

29 2477 425 2541 septenarium
475 2493 760 2530 nmnerum
798 2478 1032 2545 pertinet
1075 2477 1252 2532 omnis
1282 2476 1375 2543 qui
1405 2477 1632 2529 veniens

31 2567 113 2620 ad
169 2565 452 2622 Christum
505 2570 755 2637 deposuit
801 2585 968 2624 onera
1014 2570 1263 2637 peccati,
1299 2577 1354 2622 et
1391 2569 1632 2638 requiem

30 2659 260 2713 salutis
309 2661 510 2714 invenit
565 2662 702 2733 (88).
759 2661 926 2716 Recte
974 2677 1105 2732 ergo
1135 2661 1420 2730 Apostolus
1459 2663 1634 2728 dicit,

32 2752 183 2820 quia
228 2770 248 2803 ε
301 2753 381 2807 sic
410 2761 466 2807 et
516 2753 570 2806 iu
616 2755 717 2808 boc
764 2763 1010 2823 tempore
1060 2754 1302 2823 reliquia:
1338 2754 1631 2809 secundum

31 2845 383 2900 electionem
419 2847 606 2916 gratiae
636 2848 800 2901 salvae
824 2846 980 2901 factae
1009 2855 1171 2906 sunt;
1203 2867 1223 2899 ι
1266 2848 1520 2917 reliquias
1552 2848 1636 2902 di-

35 2953 188 2992 cens
237 2952 336 2993 eos
375 2941 464 3006 qui
508 2955 574 2992 ex
617 2940 1038 2994 circumcisione
1087 2938 1480 3004 crediderunt,
1527 2949 1632 2993 tam

33 3031 333 3099 apostolos
364 3046 487 3085 cum
519 3031 718 3101 quibus
751 3047 812 3085 se
847 3046 1066 3100 quoque
1101 3042 1442 3092 annumerat,
1470 3049 1630 3102 quam

34 3133 96 3176 et
153 3133 394 3177 czeteros
434 3126 524 3193 qui
562 3140 684 3178 cum
721 3125 854 3193 ipsis
899 3127 1070 3178 secuti
1117 3135 1246 3178 sunt
1299 3125 1456 3177 ﬁdem
1506 3123 1633 3176 .Iesu

36 3214 287 3268 Christi.
335 3212 442 3268 Sed
485 3217 628 3283 quod
667 3216 842 3280 dicit,
891 3236 909 3267 ι
965 3217 1259 3270 secundum
1315 3216 1635 3271 electionem

40 3305 250 3372 gratia:
290 3323 308 3356 ι
343 3305 521 3360 salvas
554 3306 725 3361 factas
749 3322 869 3361 esse
908 3307 1192 3376 reliquias,
1225 3309 1336 3361 hare
1365 3307 1494 3359 mibi
1531 3321 1634 3359 non

41 3398 281 3452 videtur
329 3397 598 3466 superﬂua
631 3414 752 3453 esse
786 3400 1072 3454 electionis
1106 3400 1338 3468 adjectio
1371 3398 1504 3470 (89).
1535 3398 1639 3451 Po-

43 3494 154 3545 tuit
189 3491 340 3544 enim
387 3491 612 3546 dicere:
653 3509 672 3541 ι
708 3491 976 3562 Reliquiae
1012 3512 1031 3544 ι
1077 3508 1171 3560 per
1202 3493 1439 3560 gratiam
1473 3509 1492 3542 ι
1530 3491 1638 3545 sal-

45 3600 130 3638 va:
166 3583 334 3638 facta:
367 3594 526 3649 sunt;
576 3602 595 3636 ι
633 3585 728 3637 sed
758 3585 994 3638 ostendit
1042 3599 1137 3653 per
1186 3584 1300 3636 haec
1344 3599 1466 3638 esse
1515 3597 1640 3652 gra-

43 3679 184 3730 tiam
223 3685 284 3730 et
317 3675 436 3746 sine
463 3675 750 3742 electione,
799 3685 1003 3730 etcum
1039 3675 1328 3730 electione.
1357 3673 1492 3728 Nam
1522 3689 1640 3728 orn-

47 3785 150 3824 nes
179 3768 406 3838 quidem
445 3769 535 3836 qui
581 3773 679 3838 per
723 3768 881 3823 ﬁdem
933 3768 1238 3832 salvantur,
1273 3783 1370 3837 per
1413 3767 1636 3837 gratiam

45 3863 173 3916 sine
204 3861 376 3916 dubio
412 3860 691 3915 salvantur
739 3880 752 3916 :
797 3861 888 3930 qui
920 3871 1103 3914 autem
1133 3876 1231 3929 per
1263 3878 1281 3910 ι
1316 3861 1636 3914 electionem

47 3956 248 4023 gratia:
306 3973 325 4006 ι
378 3954 682 4018 salvantur,
735 3953 1075 4022 perfectioris
1127 3952 1239 4025 (90)
1281 3953 1475 4006 animae
1507 3952 1638 4005 mihi

48 4047 316 4101 videntur
347 4045 585 4100 ostendi.
623 4045 780 4099 Sicut
819 4045 963 4099 enim
1013 4045 1178 4100 Israel
1219 4045 1422 4099 dicitur
1462 4045 1640 4099 omnis

49 4137 139 4201 qui
195 4135 484 4190 descendit
529 4135 596 4189 de
623 4150 828 4205 genere
858 4134 1021 4188 Israel
1063 4154 1076 4188 :
1111 4135 1203 4190 ille
1247 4143 1428 4188 autem
1477 4149 1640 4188 verus

51 4231 224 4285 Israel
256 4238 360 4295 est,
397 4229 489 4298 qui
522 4240 703 4283 mente
745 4244 876 4298 pura
919 4239 976 4283 et
1031 4230 1196 4283 corde
1247 4229 1464 4289 sincero
1495 4228 1641 4281 videt

56 4323 226 4378 Deum
263 4344 274 4378 :
311 4324 385 4377 ita
427 4332 480 4376 et
507 4323 574 4376 de
599 4323 702 4374 hoc
736 4323 992 4390 accipere
1019 4337 1308 4391 possumus
1336 4321 1637 4391 (9t),quod

1745 1847 1945 1906 quanta
1968 1839 2097 1894 dicit
2122 1858 2134 1892 :
2174 1859 2191 1890 ε
2230 1839 2436 1893 Ilebrmi
2463 1851 2612 1904 sunt,
2646 1851 2700 1894 et
2728 1856 2856 1910 ego;
2886 1839 3146 1894 Israelita:
3165 1848 3314 1899 sunt,

1744 1939 1797 1982 et
1832 1944 1969 1997 ego;
2017 1944 2199 1982 semen
2236 1931 2467 1983 Abrahae
2493 1944 2623 1985 sunt
2648 1971 2663 1994 ,
2695 1942 2871 1999 etego
2897 1932 2961 1984 9°.
3006 1951 3022 1982 ι
3059 1929 3150 1983 Sic
3185 1947 3318 1997 ergo

1747 2021 1833 2072 ubi
1873 2022 1937 2073 de
1972 2021 2134 2074 Israel
2163 2021 2516 2090 loquebatur,
2558 2023 2647 2076 illo
2680 2024 2942 2076 interiore
2969 2024 3186 2075 homine
3212 2029 3318 2084 (ta-

1747 2109 1810 2162 lis
1834 2113 1978 2164 enim
2006 2125 2091 2164 est
2115 2112 2268 2178 plebs
2317 2114 2403 2166 illa
2434 2130 2594 2181 quam
2634 2115 2904 2182 praescivit
2937 2115 3097 2177 Deus,
3130 2123 3182 2166 et
3213 2129 3316 2164 non

1747 2204 2008 2272 repulit),
2056 2221 2161 2257 non
2197 2205 2332 2257 dicit
2369 2223 2388 2254 r
2435 2208 2733 2259 secundum
2779 2221 2998 2260 carnem
3047 2225 3066 2256 ι
3108 2204 3315 2267 Israel;

1745 2296 1812 2348 ad
1845 2312 1939 2350 eos
1963 2311 2090 2351 vero
2126 2299 2216 2365 qui
2254 2299 2306 2350 in
2335 2298 2516 2351 carnis
2555 2313 2753 2368 genere
2776 2299 3150 2368 gloriabantur
3178 2313 3315 2367 prte-

1745 2389 1909 2453 misit,
1934 2389 2076 2457 quod
2105 2389 2171 2443 de
2195 2389 2498 2458 hujusmodi
2524 2389 2848 2460 gloriatione
2871 2407 3043 2458 neque
3069 2410 3088 2441 ι
3125 2406 3320 2445 sectiu-

1747 2478 1873 2532 dqu
1922 2480 2088 2533 Deum
2136 2500 2154 2531 ι
2189 2479 2525 2549 loqueretur,
2563 2496 2739 2548 neque
2781 2480 2830 2533 in
2861 2480 3162 2548 sapientia;
3197 2481 3315 2543 sed,

1745 2581 1804 2625 ut
1833 2573 1947 2641 ipse
1979 2573 2152 2636 dicit,
2203 2591 2222 2624 ι
2257 2573 2310 2627 in
2354 2573 2687 2643 insipientia.
2739 2591 2758 2624 ι
2808 2573 2970 2626 Tales
3015 2585 3142 2626 sunt
3184 2588 3316 2640 ergo

1749 2683 1768 2716 ε
1807 2665 2052 2732 reliquiae
2107 2683 2127 2716 ι
2176 2679 2296 2734 qua:
2347 2683 2364 2714 σ
2404 2665 2703 2718 secundum
2751 2664 3076 2718 electionem
3127 2664 3316 2732 gratia:

1743 2757 1905 2812 salva:
1930 2758 2086 2812 facta:
2127 2767 2270 2812 sunt.
2307 2776 2325 2808 ι
2367 2757 2433 2810 Et
2458 2758 2662 2811 addidit
2692 2776 2704 2811 :
2738 2776 2757 2808 ι
2792 2758 2848 2812 Si
2892 2766 3072 2810 autem
3105 2757 3312 2825 gratia,

1738 2853 1849 2919 jam
1901 2865 2006 2904 non
2053 2866 2119 2904 ex
2167 2851 2444 2920 operibus.
2491 2869 2510 2901 ›
2555 2849 2844 2904 Sciendum
2878 2859 2961 2904 est
3000 2864 3164 2917 opera
3196 2864 3316 2916 qua:

1742 2940 1945 2996 Paulus
1973 2942 2242 3010 repudiat,
2288 2952 2344 2996 et
2371 2943 2692 3011 frequenter
2713 2943 3007 3009 vituperat,
3044 2957 3150 2995 non
3195 2957 3317 2995 esse

1741 3049 1902 3103 opera
1939 3034 2169 3103 justitia‘.
2203 3051 2320 3102 qum
2353 3036 2681 3089 mandantur
2714 3035 2766 3088 in
2805 3035 2946 3103 lege,
2973 3035 3067 3088 sed
3096 3049 3154 3086 ea
3191 3035 3316 3102 qui-

1740 3126 1858 3179 dem
1893 3127 2164 3196 inquibus
2205 3129 2260 3181 hi
2295 3129 2390 3197 qui
2423 3128 2722 3182 secundum
2749 3141 2970 3181 carnem
3017 3126 3186 3196 legem
3220 3141 3316 3180 cu-

1739 3218 2004 3280 stodiunt,
2032 3217 2356 3286 gloriantur,
2399 3218 2450 3273 id
2479 3228 2583 3282 est,
2613 3220 2694 3272 vel
2725 3218 3069 3273 circumcisio
3113 3218 3314 3282 carnis,

1739 3307 1822 3360 vel
1857 3308 2249 3363 sacriﬁciorum
2292 3308 2450 3372 ritus,
2494 3309 2578 3363 vel
2604 3307 2918 3363 observatio
2965 3307 3314 3361 sabbatorum

1739 3410 1794 3454 et
1827 3402 2260 3456 ueomeniarum.
2304 3402 2430 3458 Htec
2461 3412 2515 3457 et
2554 3401 2864 3470 hujusmodi
2893 3417 3025 3472 ergo
3060 3399 3316 3473 (93)sunt

1741 3505 1904 3559 opera
1935 3507 2000 3544 ex
2024 3492 2222 3560 quibus
2243 3493 2374 3547 dicit
2394 3495 2662 3548 neminem
2685 3494 2923 3560 potuisse
2941 3493 3160 3554 salvari,
3179 3501 3234 3546 et
3251 3493 3318 3547 de

1740 3583 1936 3650 quibus
1960 3583 2012 3637 in
2033 3585 2278 3652 praesenti
2299 3584 2416 3638 loco
2437 3585 2589 3647 dicit,
2607 3585 2731 3654 quia
2751 3602 2768 3634 ι
2797 3597 2903 3637 nou
2927 3597 2992 3636 ex
3019 3582 3313 3650 operibus:

1741 3675 1981 3744 alioquin
2015 3677 2187 3745 gratia
2211 3676 2358 3746 ,jam
2395 3692 2501 3730 non
2536 3675 2594 3728 ﬁt
2639 3674 2840 3744 gratia.
2882 3693 2901 3725 ι
2947 3672 3002 3728 Si
3037 3673 3181 3727 enim
3218 3687 3316 3743 per

1742 3763 1856 3821 haec
1885 3769 2009 3836 quis
2029 3767 2384 3836 justiﬁcatur,
2412 3781 2514 3819 non
2539 3765 2708 3835 gratis
2727 3763 3081 3832 justiﬁcatur.
3101 3761 3200 3828 Qui
3219 3779 3315 3815 au-

1745 3874 1855 3920 lem
1881 3878 1978 3932 per
2009 3860 2244 3931 gratiam
2273 3858 2628 3928 justiﬁcatur,
2661 3858 2762 3908 ista
2802 3855 3018 3924 quidem
3051 3869 3216 3923 opera
3248 3855 3318 3907 ab

1741 3972 1806 4011 eo
1832 3953 2055 4007 minime
2075 3960 2422 4020 quaeruntur;
2464 3949 2556 4003 sed
2582 3947 2877 4002 observare
2920 3947 3079 4000 debet
3119 3960 3188 4000 ne
3224 3961 3317 4001 ac-

1743 4061 1894 4119 cepta
1935 4048 2106 4120 gratia
2139 4045 2315 4100 inanis
2348 4042 2444 4097 ﬁat
2471 4043 2522 4094 in
2553 4057 2641 4104 eo,
2666 4042 2808 4094 sicut
2829 4050 2883 4093 et
2911 4038 3113 4094 Paulus
3135 4039 3307 4097 dicit.

1743 4139 1901 4210 631
1934 4137 2058 4206 quia
2095 4154 2114 4185 ‹
2149 4133 2320 4204 gratia
2369 4131 2485 4197 ejus
2522 4131 2572 4183 in
2601 4144 2685 4182 me
2708 4128 2889 4180 inanis
2917 4141 3021 4180 non
3067 4124 3190 4188 fuit,
3224 4123 3317 4178 sed

1743 4230 1973 4298 amplius
1991 4243 2152 4297 quam
2171 4240 2358 4281 omnes
2375 4223 2448 4276 illi
2470 4221 2708 4274 laboravi
2727 4221 2795 4275 ".
2823 4240 2841 4273 ι
2877 4221 2942 4274 Ει
2963 4221 3155 4273 iterum
3171 4217 3322 4272 addit

1745 4331 2001 4388 tanquam
2024 4335 2232 4373 memor
2261 4317 2450 4388 gratiae
2474 4334 2488 4369 :
2527 4334 2544 4365 ι
2570 4313 2684 4368 Νοιι
2713 4329 2834 4383 ego,
2862 4333 2879 4366 ι
2935 4313 3131 4382 inquit,
3176 4331 3195 4363 ε
3221 4312 3316 4368 sed

55 4430 252 4470 omnes
283 4415 504 4484 quidem
535 4415 626 4483 qui
670 4413 736 4466 ad
783 4413 944 4468 ﬁdem
993 4413 1224 4468 veniunt
1269 4411 1470 4466 Christi
1499 4451 1514 4475 ,
1543 4426 1642 4479 per
1675 4436 1717 4490 ι)
1747 4414 1922 4485 gratia
1956 4412 2047 4467 Dei
2074 4426 2340 4465 mecum.»
2371 4408 2490 4463 Non
2528 4408 2657 4462 facit
2681 4423 2812 4476 ergo
2837 4407 3050 4460 inanem
3082 4406 3318 4474 gratiam

57 4506 292 4570 gratiam
320 4505 549 4558 veniunt
577 4522 591 4557 :
626 4505 717 4572 qui
756 4519 886 4558 vero
932 4504 1132 4557 donum
1163 4504 1352 4570 gratia:
1378 4505 1633 4572 operibus

57 4597 280 4650 virtutis
305 4604 361 4649 et
386 4597 624 4665 puritate
653 4595 836 4648 cordis
866 4604 1091 4673 exornat
1120 4636 1135 4655 .
1181 4597 1284 4650 iste
1328 4611 1434 4648 non
1461 4595 1631 4650 solmn

129 4709 174 4740 ⁸¹
202 4709 337 4763 Luc.
368 4723 409 4771 t,
440 4708 528 4761 I7.
626 4709 670 4739 ⁸⁸
705 4708 892 4761 Matth.
929 4724 1008 4773 ιι,
1049 4710 1150 4772 14,
1187 4709 1274 4763 15.

66 4779 145 4832 Ili.
226 4780 272 4811 ⁸⁷
305 4779 440 4833 Gen.
476 4795 532 4838 ιι.
569 4780 622 4833 2.
700 4779 745 4809 ⁸⁸
771 4777 960 4831 Matth.
991 4795 1066 4844 ιι,
1099 4779 1294 4839 28.29.

134 4868 248 4938 (86)
283 4869 422 4922 Editi
447 4911 460 4932 ,
500 4888 518 4919 ι
565 4872 688 4938 quia
732 4871 784 4924 in
819 4872 1106 4938 spiritu....
1145 4881 1203 4926 ut
1233 4888 1337 4926 non
1368 4889 1462 4929 eos
1490 4875 1638 4928 dicc-

67 4952 145 5061 tAelt
195 4942 339 5061 ti‘lios
387 4941 714 4995 Abrahae...
763 4943 830 4996 de
875 4942 1143 5011 lapidibus
1193 4945 1458 4998 suscitare
1500 4946 1642 5000 ﬁlios

133 5027 206 5061 "‘20
235 5027 366 5061 IIIIII.
404 5028 422 5060 ι

133 5013 366 5062 trahant.
404 5028 422 5060 ι

141 5079 254 5150 (87)
289 5080 454 5145 Editi,
490 5101 506 5132 t
543 5080 817 5149 Septimus
849 5099 1128 5138 numerus.
1171 5103 1190 5134 ι
1232 5084 1452 5150 Deinde,
1483 5103 1502 5136 r
1547 5085 1646 5138 Se-

77 5152 231 5215 ptima
263 5152 408 5204 enim
439 5154 546 5214 die.
591 5172 610 5204 ι
650 5164 756 5209 etc.

143 5220 252 5289 (88)
284 5219 395 5302 .Sic
430 5237 618 5303 oumes
642 5241 771 5279 mss.
803 5224 996 5278 nostri.
1041 5223 1183 5278 Editi
1220 5239 1346 5278 vero
1377 5235 1431 5278 et
1463 5223 1644 5278 Raba-

78 5304 196 5349 IIIIS,
229 5310 247 5340 1
285 5304 545 5345 Inventet.
579 5313 597 5344 ι

147 5359 374 5432 (89)Ᾱ5ἰε
402 5373 547 5415 recte
592 5379 720 5416 mss.
759 5363 1022 5432 plerique.
1059 5363 1315 5418 Rabanus
1338 5381 1490 5429 vero,
1541 5381 1641 5419 ms.

81 5441 213 5484 ttnus
247 5430 448 5495 Regius
473 5450 626 5486 nttttt.
665 5430 792 5488 164i
836 5447 888 5488 et
920 5430 1078 5495 editi,
1110 5455 1128 5485 ‹
1171 5436 1282 5488 haec
1321 5436 1452 5488 mihi
1493 5437 1644 5488 vide-

82 5505 163 5551 tur
190 5502 459 5572 superflua
492 5518 614 5557 esse
640 5505 923 5558 electionis
955 5505 1209 5572 adiectio,
1255 5525 1270 5556 ι
1309 5518 1356 5559 et
1378 5523 1415 5558 τ.
1442 5505 1645 5558 Deinde

81 5580 176 5647 ms.
214 5570 414 5641 Regius
441 5589 590 5630 num.
631 5575 789 5642 1659,
827 5595 846 5627 r
874 5586 930 5630 et
956 5570 1072 5629 sine
1100 5576 1363 5630 electione
1391 5592 1509 5631 esse
1531 5578 1642 5629 ele-

80 5647 332 5695 CIIOIICIII.
382 5661 400 5693 1

150 5708 260 5779 (99)
279 5711 442 5769 Recte
470 5729 572 5770 ms.
599 5714 800 5787 Regius
828 5733 974 5772 ntun.
1004 5715 1161 5783 1659,
1190 5734 1208 5767 ι
1233 5716 1589 5786 perfectioris.
1616 5733 1636 5766 ι

1368 4710 1415 4742 ⁸³
1449 4709 1635 4762 Matth.
1676 4710 1814 4775 ttt,7,
1841 4708 1895 4762 9.

1370 4781 1416 4811 ⁸⁸
1441 4778 1483 4832 Il
1504 4779 1628 4834 Cor.
1667 4795 1744 4846 ιι,
1779 4780 1868 4843 17,
1898 4777 1986 4832 18.

1745 4504 1838 4559 ille
1862 4504 1953 4572 qui
1987 4503 2150 4573 digna
2173 4501 2222 4554 ei
2257 4515 2421 4568 Opera
2457 4497 2758 4569 Subjungit,
2787 4508 2840 4552 et
2866 4496 3056 4566 gratiae
3091 4497 3182 4550 Dei
3211 4511 3321 4549 non

1740 4591 1959 4648 exsistit
1993 4593 2260 4662 ingratus.
2304 4589 2404 4656 Qui
2450 4588 2596 4642 enim
2648 4597 2770 4656 post
2806 4595 3151 4641 consecutam
3196 4601 3318 4656 gra-

1990 4706 2036 4737 ⁸⁵
2059 4705 2372 4787 2Ιρξλιιιθηιίεη,
2399 4705 2498 4787 18;.
2545 4701 2811 4787 filonn.
2841 4703 3019 4787 xuii.
3114 4700 3160 4732 ⁸⁸
3187 4699 3316 4754 ibid.

2059 4777 2104 4809 ⁹⁰
2135 4777 2262 4830 ibid.
2291 4775 2381 4829 2‘2.
2459 4775 2501 4806 ⁹¹
2545 4773 2561 4825 I
2603 4773 2726 4830 Cor.
2756 4789 2848 4837 xv,
2881 4774 2964 4828 10.

1746 4873 1937 4928 Caeteri
1981 4886 2109 4924 vero
2158 4885 2288 4924 mss.
2336 4869 2591 4925 Rabauus
2641 4879 2697 4925 et
2755 4869 2928 4934 editi,
2987 4881 3270 4938 perperam
3298 4903 3328 4930 ,.

1755 4961 1773 4994 (
1808 4943 2176 5012 perfectiores.
2215 4960 2234 4992 ι

1822 5014 1932 5087 (91)
1969 5011 2133 5087 Editi,
2173 5030 2191 5060 ‹
2239 5019 2294 5066 et
2336 5011 2438 5067 hoc
2469 5010 2726 5087 .accipere
2767 5023 3089 5080 possumus,
3131 5025 3150 5058 ι
3183 5016 3316 5074 etc.,

1749 5099 1953 5138 OIIIISSI)
1985 5101 2003 5131 Ι
2050 5093 2144 5134 lla.
2177 5101 2196 5133 ι

1825 5152 1936 5222 (92)
1964 5152 2102 5204 Editi
2128 5195 2142 5215 ,
2182 5172 2199 5200 ι
2233 5160 2523 5215 exornant,
2557 5151 2644 5206 isti
2682 5166 2788 5204 nou
2823 5145 3317 5222 solum.._.._salvari

1753 5218 2028 5275 dicuntur.
2083 5241 2100 5273 ι
2159 5222 2358 5275 Deinde
2420 5238 2550 5275 mss.
2611 5222 2851 5290 plerique
2903 5231 2956 5271 et
3023 5218 3317 5290 “abantis,

1760 5312 1778 5344 t
1817 5294 1937 5345 vide
1967 5312 1984 5343 ι
2035 5293 2160 5360 (tus.
2196 5292 2394 5357 [legitis
2439 5309 2586 5348 ttttm.
2611 5284 2776 5346 ’1659
2799 5300 2853 5343 cl
2886 5290 3012 5343 editi
3038 5328 3053 5352 ,
3088 5307 3108 5340 ι
3149 5284 3324 5359 videt)

1754 5365 2020 5432 quomodo
2049 5363 2348 5429 hujusmodi
2373 5362 2837 5432 distinctionibus,
2876 5379 2894 5411 ι
2926 5369 3036 5432 etc.

1826 5432 1936 5503 (95)
1977 5451 1995 5483 t
2037 5425 2175 5502 Ergo
2225 5451 2243 5482 ›
2292 5432 2564 5485 omittitur
2611 5432 2664 5503 in
2714 5431 2892 5503 editis.
2925 5427 3125 5503 Deinde
3155 5425 3326 5503 iidem

1753 5497 1881 5557 editi
1915 5497 1964 5556 ct
1998 5497 2133 5556 tussi
2158 5503 2394 5570 quidam,
2444 5521 2462 5552 r
2515 5513 2567 5555 et
2603 5502 2670 5555 de
2699 5500 2892 5570 quibus
2934 5498 2987 5570 in
3035 5499 3171 5570 ipso_
3201 5497 3322 5570 loco

1749 5573 1903 5635 dicit,
1943 5592 1962 5624 ι
1996 5583 2125 5634 cte.,
2175 5566 2268 5625 sed
2309 5590 2411 5625 ms.
2451 5572 2647 5640 Regius
2677 5566 2824 5625 niun.
2869 5569 3010 5627 1659
3052 5566 3108 5625 et
3135 5566 3320 5625 Raba-

1753 5660 1876 5708 ntts,
1906 5645 2127 5707 rectius,
2160 5653 2217 5696 ut
2250 5643 2301 5697 iu
2331 5652 2516 5699 nostro
2543 5652 2715 5697 textu.
