3692 6138
346 277 482 332 H79

1800 269 2121 328 ORIGENIS

3461 269 3606 323 H80

342 406 470 446 ttant
521 398 732 461 peccat,
764 389 1009 460 ingratus
1042 390 1178 446 11ιεί
1232 391 1320 459 qui
1385 391 1638 460 przestitit
1665 394 1913 462 gratiam.
1947 403 1994 458 Α
2022 391 2194 462 pturis
2221 390 2438 458 divinis,
2471 389 2515 444 si
2557 388 2826 445 invenerit
2865 389 3198 444 manifestet.
3237 388 3379 446 Puto
3419 399 3602 445 tamen

340 485 398 538 Si
433 493 612 538 autem
650 498 758 536 non
791 485 1009 536 inanem
1051 482 1250 538 feceris
1280 486 1509 553 gratiam
1535 524 1550 548 ,
1585 484 1910 554 multiplica-

336 576 489 630 bitur
515 575 611 629 tibi
638 577 838 644 gratia,
866 584 922 628 et
960 585 1216 643 tanquam
1243 576 1547 630 mercedem
1579 577 1703 630 boni
1731 578 1910 646 operis

338 669 636 737 gratiarum
675 667 1072 720 rnnllitudinem
1107 668 1481 736 consequeris,
1515 668 1661 722 sicut
1708 681 1764 722 et
1796 669 1910 739 ipse

338 761 550 824 scribit,
593 771 647 815 et
682 759 878 814 Petrus
930 761 982 812 in
1040 759 1281 828 Epistola
1326 776 1423 814 sua
1459 762 1636 816 dicit:
1676 778 1694 812 ι
1723 760 1908 816 Gratia

337 855 492 907 vobis
533 863 588 906 et
645 868 747 920 pax
807 851 1203 917 multiplicetur
1253 850 1365 922 (94)
1431 852 1484 904 in
1539 853 1910 922 recognitione

341 947 432 999 Dei
466 945 538 1008 ⁹²;
578 963 596 996 ι
630 953 684 998 ει
727 943 922 996 iterum
955 943 1084 995 alibi
1119 960 1134 996 :
1167 960 1186 993 ι
1221 941 1293 996 Ut
1333 943 1459 997 boni
1510 943 1909 1014 dispensatores

338 1033 655 1104 multiplicis
697 1034 886 1102 gratia:
921 1031 1014 1085 Dei
1037 1031 1104 1084 ”.
1127 1050 1146 1082 ι

408 1131 461 1182 8.
501 1146 519 1178 ι
543 1127 681 1194 Quid
730 1142 858 1196 ergo
894 1125 1018 1180 est?
1063 1125 1216 1191 Quod
1265 1125 1548 1194 qitmrebat
1579 1125 1773 1193 Israel,
1807 1126 1908 1181 hoc

340 1236 446 1274 non
479 1230 560 1274 est
601 1229 923 1272 εοιιεεειιιιιε
955 1235 969 1271 2
1010 1218 1206 1271 electio
1251 1228 1432 1273 autem
1463 1231 1754 1274 consecuta
1782 1229 1866 1274 881.
1892 1235 1906 1273 2

338 1313 522 1368 eazteri
550 1329 676 1366 vero
703 1311 957 1366 exeascati
993 1319 1146 1375 sunt;
1181 1311 1324 1365 sicut
1353 1312 1612 1382 scriptum
1645 1322 1730 1366 est
1761 1330 1774 1366 :
1807 1312 1910 1367 Dee

339 1407 421 1458 dit
460 1405 568 1457 illis
599 1404 741 1458 Deus
784 1404 1036 1472 spiritum
1080 1404 1516 1471 compunctionis
1544 1403 1690 1472 (95);
1724 1405 1908 1459 oculos
1941 1473 1951 1482 .

339 1511 528 1552 utnon
564 1499 799 1562 videant,
827 1507 880 1550 et
925 1511 1082 1549 aures
1131 1507 1187 1549 ut
1223 1511 1327 1550 non
1379 1497 1625 1562 audiant,
1651 1513 1819 1566 usque
1854 1499 1906 1552 in

339 1591 654 1643 hodiernum
683 1591 842 1642 diem.
868 1587 932 1641 Et
960 1589 1125 1641 David
1160 1590 1328 1642 dicit:
1365 1588 1487 1643 Fiat
1513 1605 1697 1644 mensa
1722 1605 1906 1645 eorum

339 1680 392 1733 in
429 1680 699 1747 laqueum,
731 1691 784 1732 et
817 1681 866 1731 in
901 1681 1230 1747 captionem,
1273 1689 1325 1731 et
1357 1681 1410 1733 in
1462 1681 1804 1749 scandalum,
1855 1695 1910 1736 et

2021 483 2122 539 hoc
2150 484 2308 538 modo
2343 483 2545 538 dixisse
2573 482 2888 552 Apostolum
2921 501 2936 537 :
2971 500 2991 533 ι
3020 481 3217 538 Οίειειί
3262 498 3395 537 vero
3421 497 3602 536 ειεεο

2018 575 2126 630 cati
2157 583 2315 640 sunt;
2355 585 2410 628 et
2438 575 2580 628 sicut
2607 574 2868 642 scriptum
2903 582 2987 628 est
3011 575 3078 628 de
3117 573 3198 628 eis
3231 587 3247 626 :
3289 573 3450 627 Dedit
3493 573 3605 627 illis

2019 667 2162 720 Deus
2194 666 2442 733 spirituum
2487 666 2958 733 compunctionis;
2990 685 3009 716 ι
3049 675 3110 718 ut
3149 665 3264 719 suis
3299 666 3486 718 verbis
3521 666 3605 718 di-

2017 773 2144 814 cere
2168 759 2415 812 vidcatur
2453 757 2670 812 dedisse
2709 756 2789 812 eis
2841 757 3009 812 Deum
3040 757 3117 827 (2)
3151 757 3411 826 spiritum
3446 772 3603 810 eom-

2017 849 2345 918 punetionis,
2376 848 2671 903 secundum
2697 863 2758 902 ea
2788 863 2907 917 qua:
2929 849 2994 902 de
3018 849 3262 904 eaaeitate
3283 847 3606 916 oculorum,

2017 952 2071 995 et
2105 942 2289 994 auditu
2323 943 2533 994 aurium
2558 957 2656 1010 per
2684 941 2876 996 Isaiam
2907 942 3051 995 dicta
3075 949 3219 995 sunt.
3249 941 3425 995 Isaias
3451 941 3604 994 enim

2018 1033 2089 1086 ita
2124 1033 2253 1086 dicit
2283 1049 2296 1086 :
2333 1050 2352 1083 ι
2386 1032 2556 1098 Vade,
2599 1040 2654 1086 et
2685 1032 2769 1088 die
2816 1032 3012 1102 p0pulo
3045 1034 3171 1086 huic
3201 1051 3215 1085 :
3250 1033 3462 1086 Auditu
3506 1047 3604 1084 au-

2017 1125 2198 1187 dietis,
2234 1135 2288 1178 et
2317 1139 2420 1178 non
2467 1123 2776 1194 intelligetis
2804 1138 2819 1177 :
2849 1135 2902 1179 et
2933 1125 3176 1180 videntes
3228 1110 3523 1186 videbitis,
3545 1135 3601 1178 et

2017 1231 2123 1269 non
2151 1215 2422 1269 videbitis.
2455 1216 2817 1269 Incrassatum
2853 1225 2936 1270 est
2959 1217 3105 1270 enim
3135 1231 3235 1270 cor
3263 1216 3448 1286 populi
3496 1217 3600 1270 hu-

2010 1307 2120 1374 jus,
2152 1317 2206 1360 et
2236 1306 2458 1360 auribus
2507 1307 2620 1360 suis
2661 1307 2902 1375 graviter
2953 1308 3284 1360 audierunt:
3325 1317 3386 1360 et
3408 1307 3600 1361 oculos

2016 1413 2142 1450 suos
2177 1397 2511 1459 clauserunt,
2538 1413 2605 1451 ne
2633 1398 2772 1452 forte
2799 1397 3017 1451 videant
3050 1398 3242 1461 oculis,
3279 1408 3341 1452 et
3368 1398 3600 1452 auribus

2016 1490 2260 1552 audiant,
2310 1499 2366 1542 et
2400 1491 2567 1544 corde
2622 1489 2944 1558 intelligant,
2996 1498 3052 1543 et
3094 1500 3519 1555 convertantur,
3551 1501 3602 1543 et

2015 1597 2202 1635 sanem
2234 1595 2328 1634 eos
2357 1581 2426 1634 9‘.
2454 1600 2472 1632 ι
2506 1581 2654 1634 Nune
2685 1596 2814 1650 ergo
2847 1580 2922 1651 (3)
2945 1595 3164 1636 sensum
3194 1581 3351 1635 Isaiae
3381 1582 3602 1636 videtur

2016 1673 2310 1743 Apostolus
2341 1674 2456 1726 suis
2495 1673 2713 1742 quidem
2745 1675 3089 1728 sermonibus
3135 1673 3476 1742 prmulisse;
3505 1678 3599 1728 Sed

339 1771 392 1822 in
428 1772 835 1822 retributionem
870 1769 996 1822 illis.
1030 1768 1407 1822 Obseurentur
1438 1769 1580 1823 oculi
1621 1785 1806 1823 eorum
1839 1786 1904 1825 ne
1939 1767 1979 1820 Β
2009 1766 2132 1834 quia
2180 1766 2457 1835 propheta:
2496 1779 2716 1818 sensum
2758 1765 2992 1831 dicebat,
3027 1766 3304 1820 addidisse
3336 1783 3351 1820 :
3384 1784 3404 1816 ι
3439 1766 3600 1820 Sicut

336 1863 580 1924 videant,
633 1870 686 1914 et
726 1863 944 1914 dorsum
981 1860 1196 1914 illorum
1247 1876 1464 1930 semper
1519 1862 1741 1915 incurva
1778 1861 1846 1915 ".
1885 1881 1905 1915 ι

338 1954 398 2008 In
434 1955 518 2007 his
541 1955 825 2021 Apostolus
850 1953 1012 2007 Israel
1041 1953 1092 2006 in
1129 1953 1265 2008 duas
1293 1953 1486 2007 dividit
1517 1964 1697 2022 partes
1733 1972 1746 2009 :
1775 1970 1911 2024 qua-

341 2059 460 2096 rum
525 2059 684 2096 unam
736 2044 1055 2096 electionem
1103 2051 1284 2107 vocat,
1322 2057 1442 2112 quae
1495 2054 1786 2099 consecuta
1839 2045 1913 2100 sit

336 2133 480 2203 quod
511 2134 825 2201 quaerebat;
859 2133 1018 2186 aliam
1045 2144 1274 2188 caeteros
1300 2134 1532 2202 appellat
1555 2137 1645 2205 qui
1682 2151 1786 2190 non
1815 2151 1905 2190 so-

339 2227 448 2279 tum
471 2226 752 2280 consecuti
785 2240 891 2279 non
920 2235 1044 2279 sunt
1073 2227 1214 2294 quod
1243 2227 1578 2295 quzerebant,
1608 2227 1704 2282 sed
1733 2243 1906 2282 excee-

339 2317 447 2368 rati
507 2323 635 2368 sunt
696 2315 890 2385 spiritu
959 2318 1412 2384 compunctionis.
1481 2317 1689 2384 Quibus
1745 2318 1908 2372 etiam

339 2409 507 2461 Deum
539 2409 749 2461 dedisse
775 2408 907 2461 dicit
940 2427 958 2459 ι
988 2408 1196 2475 oculos,
1230 2419 1290 2463 ut
1321 2426 1427 2464 non
1459 2411 1700 2476 videant,
1739 2421 1793 2465 et
1815 2427 1910 2464 au-

338 2516 426 2552 res
471 2509 529 2551 nt
570 2515 670 2551 non
703 2499 963 2563 audiant,
997 2515 1169 2569 usque
1214 2503 1265 2554 in
1314 2503 1630 2558 hodiernum
1683 2503 1848 2566 diem,
1887 2523 1905 2554 ι

337 2589 443 2645 hoc
491 2600 594 2654 est,
645 2605 816 2658 usque
867 2591 932 2644 ad
984 2594 1508 2649 consummationem
1561 2595 1766 2649 saeculi.
1804 2594 1910 2649 Sed

337 2683 564 2751 quaestio
591 2683 744 2736 nobis
777 2693 1020 2737 movetur
1053 2686 1330 2753 quomodo
1358 2687 1425 2740 de
1450 2686 1591 2740 bono
1621 2689 1728 2743 Deo
1750 2688 1910 2755 digne

339 2777 540 2827 uictum
560 2774 802 2826 videatur
826 2774 933 2846 (96)
950 2777 1092 2845 quod
1109 2779 1220 2846 ipse
1238 2778 1445 2839 dederit
1493 2778 1677 2832 oculos
1696 2778 1910 2834 residuo

337 2864 499 2918 Israel
523 2865 717 2933 quibus
739 2881 842 2919 non
871 2867 1069 2931 videat,
1096 2878 1150 2921 et
1173 2882 1331 2922 aures
1352 2867 1550 2937 quibus
1575 2882 1678 2921 non
1703 2868 1909 2922 audiat.

337 2954 405 3012 Et
428 2960 550 3013 vide
584 2974 649 3012 ne
670 2957 809 3012 forte
842 2958 960 3012 haec
994 2960 1164 3030 magis
1194 2959 1486 3014 retributio
1515 2961 1587 3013 sit
1623 2969 1678 3013 et
1704 2975 1910 3014 merces

340 3050 758 3115 incredulitatis,
772 3050 1065 3104 secundum
1081 3065 1140 3103 ea
1157 3065 1277 3119 qua:
1291 3051 1341 3104 in
1359 3051 1730 3120 superioribus
1745 3067 1910 3120 expo-

337 3143 565 3205 suimus,
580 3143 667 3195 ubi
684 3141 1032 3212 dieitur(97),
1051 3143 1174 3210 quia
1195 3159 1213 3192 ι
1237 3158 1341 3197 non
1361 3143 1722 3212 probaverunt
1741 3145 1908 3200 Deum

339 3235 538 3287 habere
568 3233 619 3286 in
669 3233 937 3299 notitiam,
974 3233 1196 3286 tradidit
1238 3246 1330 3286 eos
1362 3233 1504 3287 Deus
1534 3235 1585 3286 in
1623 3237 1909 3303 reprobum

336 3341 554 3378 sensum
579 3326 646 3378 ".
673 3345 692 3378 ι
722 3325 788 3379 Ει
816 3325 902 3379 hic
925 3325 1069 3379 enim
1089 3325 1276 3379 oculos
1295 3335 1350 3379 et
1378 3342 1539 3381 aures
1569 3329 1771 3389 cordis,
1807 3344 1909 3381 non

341 3417 588 3484 corporis
636 3417 786 3481 dicit,
831 3418 1029 3486 quibus
1069 3417 1327 3471 excaecati
1364 3429 1489 3470 sunt
1542 3418 1650 3489 (98)
1703 3429 1757 3473 et
1805 3436 1908 3472 non

336 3509 563 3561 audiunt
593 3509 643 3562 hi
674 3510 856 3579 utique
881 3510 971 3577 qui
996 3511 1270 3564 Christum
1298 3511 1543 3564 videntes
1577 3514 1627 3563 in
1655 3526 1905 3582 corpore,

336 3609 389 3652 et
435 3601 709 3655 audientes
761 3603 1060 3656 doctrinam
1105 3600 1223 3669 ejus
1269 3601 1406 3671 (99),
1457 3617 1631 3670 neque
1684 3605 1908 3659 credere

335 3693 589 3760 operibus
614 3709 733 3762 qua:
759 3695 1230 3763 videbant,neque
1251 3695 1416 3746 verbo
1441 3696 1583 3761 quod
1617 3694 1908 3750 audiebant

335 3785 558 3838 obedire
610 3785 920 3841 voluerunt.
962 3786 1158 3841 Verum
1211 3789 1278 3838 de
1309 3786 1412 3839 hac
1447 3785 1560 3853 ipsa
1607 3789 1908 3854 qurestione

336 3876 670 3933 sufﬁcienter
698 3895 726 3932 a
763 3880 920 3934 nobis
958 3881 1010 3933 in
1043 3881 1232 3950 primis
1265 3881 1423 3948 hujus
1452 3879 1706 3949 Epistolas
1735 3879 1906 3948 parti-

333 3967 436 4019 bus
484 3967 685 4021 dictum
733 3977 837 4023 est.
891 3967 991 4022 Ubi
1048 3977 1228 4022 tamen
1267 3967 1344 4039 (I)
1393 3968 1651 4036 scriptum
1701 3966 1907 4020 sithoc

337 4059 510 4124 ipsum
543 4058 685 4126 quod
714 4057 844 4111 dicit
873 4057 1166 4126 Apostolus
1198 4075 1209 4109 :
1253 4077 1270 4108 ι
1301 4057 1454 4111 Sicut
1488 4058 1747 4125 scriptum
1775 4066 1859 4110 est
1887 4073 1901 4109 :

334 4149 492 4204 Dedit
520 4150 625 4204 illis
655 4150 793 4204 Deus
823 4151 1072 4220 spiritum
1123 4150 1578 4220 compunctionis,
1609 4149 1795 4203 oculos
1847 4157 1903 4202 ut

337 4258 445 4294 non
479 4242 720 4307 videant,
742 4253 797 4296 et
827 4259 986 4297 aures
1019 4252 1077 4296 ut
1101 4257 1205 4296 non
1234 4243 1481 4306 audiant,
1520 4257 1689 4310 usque
1720 4242 1774 4296 in
1805 4241 1903 4295 ho-

335 4336 583 4387 diernum
619 4333 797 4394 diem:
827 4353 845 4384 ν
881 4347 980 4404 ego
1008 4334 1270 4388 hactenus
1315 4334 1559 4388 invenire
1594 4349 1698 4387 non
1727 4333 1898 4404 petui.

2009 1859 2279 1925 scriptum
2309 1867 2414 1911 est.
2450 1876 2468 1908 ι
2509 1857 2778 1911 Similiter
2802 1867 2982 1912 autem
3014 1867 3069 1912 et
3098 1859 3164 1912 de
3192 1859 3277 1912 bis
3310 1857 3453 1911 facit
3477 1874 3599 1926 qua:

2011 1966 2106 2020 per
2143 1949 2305 2005 David
2336 1950 2479 2004 dicta
2502 1964 2626 2004 esse
2654 1950 2992 2018 pronuntiat.
3023 1951 3112 2003 Ait
3133 1950 3279 2004 enim
3313 1949 3391 2020 (4)
3423 1968 3439 2002 :
3483 1969 3503 1999 ι
3533 1949 3599 2004 Et

2011 2043 2178 2098 David
2216 2043 2351 2098 dicit
2381 2057 2396 2094 ς
2431 2042 2552 2096 Fiat
2597 2058 2782 2098 mensa
2819 2057 3010 2096 eorum
3048 2043 3099 2096 in
3131 2043 3416 2112 laqueum,
3459 2053 3518 2096 et
3544 2043 3596 2095 in

2009 2137 2336 2204 captionem,
2373 2145 2428 2189 et
2486 2141 2538 2188 in
2582 2135 2921 2200 scandalum,
2969 2145 3026 2190 et
3064 2136 3117 2190 in
3165 2135 3595 2188 retributionem

2011 2229 2138 2282 illis.
2166 2227 2546 2282 Obseurentur
2577 2226 2718 2280 oeuli
2748 2241 2941 2281 eorum
2983 2243 3051 2281 ne
3091 2227 3340 2290 videant,
3381 2236 3439 2279 et
3476 2227 3599 2278 dor-

2010 2331 2127 2369 sum
2161 2316 2374 2370 illorum
2425 2330 2639 2383 semper
2685 2317 2928 2370 incurva.
2963 2335 2981 2368 ι
3035 2317 3188 2381 Quod
3220 2317 3372 2370 enim
3413 2317 3594 2368 dicit:

2015 2426 2034 2458 ι
2066 2407 2185 2461 Fiat
2210 2423 2397 2462 mensa
2432 2423 2621 2462 eorum
2671 2409 2724 2462 in
2769 2409 3046 2477 laqueum,
3077 2419 3132 2462 et
3170 2410 3224 2461 in
3253 2410 3600 2478 captionem,

2009 2510 2064 2554 et
2095 2501 2146 2552 in
2181 2500 2528 2563 scandalum;
2573 2520 2591 2551 ι
2627 2501 2683 2552 in
2725 2501 3022 2569 captionem
3069 2501 3121 2552 in
3159 2499 3380 2553 Psalmo
3405 2502 3457 2532 ’⁷
3495 2517 3596 2554 non

2011 2589 2242 2642 habetur
2268 2590 2550 2658 scriptum,
2578 2605 2752 2658 neque
2789 2591 2842 2643 in
2874 2590 3078 2644 nostris
3112 2590 3486 2658 Septuaginta
3511 2589 3597 2642 ln-

2012 2688 2304 2748 terpretum
2337 2679 2763 2749 exemplaribus,
2795 2695 2971 2749 neque
3017 2682 3072 2734 in
3102 2681 3496 2737 Hebr-ararum.
3538 2682 3606 2737 Et

2013 2789 2223 2827 rursum
2256 2773 2309 2826 in
2361 2772 2576 2826 Psalmo
2630 2772 2861 2827 habetur
2897 2791 2912 2828 :
2953 2791 2972 2824 ι
2999 2772 3118 2827 Fiat
3164 2790 3358 2829 mensa
3401 2791 3596 2829 eorttm

2010 2881 2198 2920 coram
2231 2867 2362 2936 ipsis
2391 2867 2442 2920 in
2467 2866 2718 2934 laqueum
2749 2883 2808 2922 ε»
2834 2866 3125 2935 Apostolus
3147 2881 3334 2922 autem
3360 2884 3475 2922 nea
3504 2885 3598 2937 po-

2009 2957 2122 3010 suit
2147 2973 2326 3008 coram
2353 2957 2502 3024 ipsis.
2556 2956 2682 3011 Haec
2712 2957 2780 3010 de
2813 2971 3121 3012 sermonum
3170 2957 3370 3014 ordine
3412 2969 3473 3013 et
3507 2975 3596 3012 as-

2013 3056 2353 3115 sumptorum
2384 3046 2821 3100 testimoniorum
2844 3046 3108 3116 qualitate
3140 3051 3596 3116 memoravimus,

1936 3119 1978 3177 C
2014 3146 2069 3189 ut
2098 3138 2454 3190 ostendamus
2479 3150 2574 3204 per
2606 3137 2844 3206 singula,
2863 3141 3006 3208 quod
3041 3141 3343 3194 auctoritas
3370 3155 3592 3209 aposto-

2014 3228 2114 3284 lica
2169 3244 2508 3298 nequaquam
2551 3227 2898 3285 Hebraeorum
2961 3233 3367 3302 exemplaribus
3429 3235 3587 3289 ﬁdem

2014 3319 2162 3385 facit,
2195 3335 2296 3373 nec
2327 3319 2506 3374 verbis
2535 3335 2752 3390 semper
2778 3320 3132 3390 interpretum
3161 3325 3332 3376 servit
3358 3324 3465 3392 (ὃ),
3501 3329 3590 3379 sed

2013 3411 2420 3478 Scripturarum
2457 3425 2677 3465 sensum
2713 3413 2893 3467 verbis
2942 3415 3137 3482 quibus
3182 3417 3456 3482 competit
3495 3432 3590 3468 ex-

2012 3502 2197 3572 plicat.
2234 3502 2386 3557 Nunc
2416 3518 2545 3574 ergo
2569 3505 2848 3559 videamus
2873 3506 3149 3572 quomodo
3176 3508 3456 3572 propositi
3497 3524 3590 3560 ea-

2013 3593 2164 3662 pituli
2220 3608 2410 3647 sensus
2440 3595 2633 3648 debeat
2669 3595 2970 3663 explanari.
3023 3593 3339 3648 Czecitatem
3381 3598 3588 3659 cordis,

2009 3699 2115 3753 qua
2152 3685 2391 3754 reliquus
2432 3685 2620 3750 Israel,
2658 3687 2758 3740 hoc
2790 3697 2896 3748 est,
2928 3688 3017 3756 qui
3061 3703 3166 3740 non
3207 3689 3476 3751 credidit,
3498 3705 3588 3742 ex-

2009 3787 2241 3831 caecatus
2263 3787 2370 3841 est,
2394 3778 2606 3832 duobus
2639 3779 2972 3847 propheticis
3003 3779 3338 3834 testimoniis
3364 3780 3584 3849 probat,

2007 3868 2092 3923 vel
2130 3869 2274 3937 quod
2307 3885 2374 3924 ex
2401 3869 2562 3938 Isaia,
2594 3872 2680 3925 vel
2707 3871 2848 3940 quod
2873 3887 2940 3924 ex
2981 3872 3149 3925 David
3171 3871 3393 3926 videtur
3422 3871 3586 3944 633

2007 3973 2380 4032 assumptum;
2413 3974 2469 4018 et
2493 3965 2548 4018 in
2584 3974 2816 4033 utroque
2845 3979 2988 4018 unus
3025 3964 3439 4032 quodammodo
3462 3982 3581 4021 sen-

2006 4072 2099 4110 sus
2124 4059 2414 4126 exponitur
2442 4057 2540 4128 (6).
2561 4057 2694 4112 Nam
2715 4067 2771 4112 et
2788 4059 2874 4113 hie
2898 4057 3101 4112 oeuli“
3127 4057 3210 4111 eis
3229 4058 3440 4112 dantur
3469 4061 3585 4130 qni-

2005 4149 2105 4203 bus
2139 4165 2246 4202 non
2273 4151 2513 4216 videant,
2546 4160 2598 4204 et
2644 4164 2804 4204 aures
2855 4151 3052 4219 quibus
3082 4165 3188 4203 non
3234 4151 3502 4217 audiant;
3533 4161 3583 4205 et

2004 4238 2117 4294 illic
2139 4240 2184 4272 ⁹⁹
2217 4250 2434 4310 optatur
2463 4253 2523 4295 ut
2555 4257 2742 4296 coram
2771 4242 2903 4310 ipsis
2947 4257 3130 4296 mensa
3163 4257 3356 4296 eorum
3405 4246 3504 4297 tiat
3534 4246 3576 4297 in

2004 4329 2276 4398 laqueum,
2299 4341 2356 4385 et
2381 4332 2431 4386 in
2462 4334 2789 4402 captionem,
2813 4343 2868 4387 et
2898 4334 2948 4387 in
2978 4333 3430 4401 retributionem,
3453 4349 3506 4390 et
3531 4340 3574 4389 in

334 4424 391 4478 Si
426 4425 546 4493 quis
585 4440 717 4480 vero
739 4425 1051 4496 diligentius
1081 4440 1245 4494 quam
1277 4439 1374 4479 nos
1413 4423 1644 4479 intendit
1674 4425 1725 4478 in
1754 4423 1903 4479 Scri-
1930 4459 1983 4518 υ
2008 4424 2356 4492 scandalum;
2382 4437 2434 4478 et
2474 4434 2534 4478 ut
2567 4425 2927 4480 obscurentur
2967 4426 3112 4480 oeuli
3157 4442 3347 4480 eorum
3396 4445 3468 4483 ne
3507 4433 3575 4482 vi-

403 4563 449 4592 "
490 4562 527 4613 11
563 4561 706 4614 Petr.
742 4576 778 4624 ι,
807 4560 861 4620 2.
937 4560 1026 4614 ⁹³1
1058 4558 1201 4616 Pctr.
1229 4576 1300 4627 Iv,
1324 4561 1407 4614 I0.
1485 4561 1530 4592 "
1556 4559 1712 4614 Rom.
1741 4577 1816 4622 χι,
1847 4561 1877 4612 7
1907 4577 1990 4628 sq.

331 4625 420 4695 ‘23,
451 4633 540 4685 2i.
616 4633 660 4664 ⁸⁸
681 4631 838 4686 Rom.
876 4647 952 4696 ιι,
986 4634 1050 4696 8;
1086 4631 1208 4686 lsai.
1239 4625 1314 4696 vt,
1341 4633 1426 4685 IO.

403 4765 511 4838 ι9ι)
543 4765 702 4838 Editi,
741 4784 760 4816 ι
791 4765 1261 4838 niultiplieabitur.
1286 4787 1302 4818 ι

400 4834 512 4906 (95)
565 4834 722 4888 Dedit
775 4837 882 4889 illis
941 4839 1079 4890 Deus
1143 4839 1383 4905 spiritum
1441 4836 1880 4904 compunctionis,

329 4915 459 4968 etc.,
499 4921 666 4974 USqne
688 4908 776 4970 ad,
839 4917 886 4959 et
923 4907 1137 4960 dorsum
1182 4909 1388 4960 illorum
1425 4923 1625 4973 semper
1659 4909 1894 4971 incurro,

332 4977 714 5029 desiderantur
741 4978 790 5028 in
829 4975 980 5031 libris
1013 4990 1171 5031 antea
1202 4979 1385 5039 editis,
1416 4978 1509 5031 sed
1535 4978 1896 5030 restituuntur

328 5059 392 5099 ex
419 5047 670 5100 omnibus
701 5062 828 5100 mss.

401 5119 512 5184 (96)
550 5117 620 5169 Ita
652 5133 753 5170 ms.
783 5116 981 5174 Regius
1003 5133 1151 5170 num.
1186 5118 1342 5182 1659,
1380 5117 1633 5169 Rabanus
1661 5127 1714 5169 et
1738 5115 1890 5183 editi,

327 5188 521 5240 Castori
554 5202 680 5241 vero
714 5202 869 5253 mss.,
901 5211 918 5237 ι
946 5187 1047 5240 Sed
1094 5191 1322 5256 qumstio
1359 5189 1514 5241 nobis
1561 5187 1772 5240 videtur
1801 5203 1893 5239 ex-

327 5259 458 5311 oriri
488 5261 758 5326 quomodo
782 5258 847 5310 de
879 5261 1017 5311 bono
1044 5257 1152 5310 Deo
1170 5260 1329 5327 digne
1353 5259 1551 5311 dictum
1584 5258 1885 5321 videatur,»

327 5339 434 5381 etc.
457 5328 554 5381 Ms.
577 5329 774 5395 Regius
795 5343 943 5380 num.
973 5328 1105 5380 1659
1123 5337 1174 5381 et
1191 5330 1316 5382 editi
1344 5327 1603 5381 omittunt
1631 5345 1648 5375 ι
1675 5328 1885 5396 digne.)

330 5399 534 5452 Deinde
574 5400 704 5453 editi
739 5407 792 5451 et
819 5414 948 5452 mss.
984 5399 1204 5465 quidam
1245 5400 1467 5462 habent,
1509 5415 1526 5448 ι
1558 5399 1754 5466 quibus
1785 5413 1890 5452 non

330 5469 614 5538 videant...
646 5468 842 5538 quibus
871 5485 974 5521 non
1001 5471 1241 5522 audiant.
1270 5489 1288 5520 ι

397 5537 508 5607 (97)
554 5537 776 5593 Dicitur.
814 5537 1093 5592 Omittitur
1123 5539 1177 5591 in
1210 5539 1486 5609 plerisque
1518 5553 1650 5592 mss.
1681 5551 1889 5593 necnon

328 5609 468 5674 apud
502 5609 876 5672 Rabanum,et
902 5610 953 5662 in
987 5609 1178 5674 editis;
1221 5612 1314 5664 scd
1343 5610 1652 5665 restituitur
1675 5623 1739 5664 ex
1787 5625 1887 5666 ms.

327 5669 496 5741 “rgio
532 5694 560 5728 ιι
573 5695 680 5730 uut.
716 5669 874 5733 1659.

392 5748 504 5808 (εδδ)
534 5747 695 5807 Εαὲιὶ.
728 5768 743 5799 ε
777 5756 902 5810 quia
931 5751 1185 5808 cxcmcati
1217 5761 1366 5807 sunt.
1394 5770 1412 5802 ι

2104 4562 2147 4634 Ῠδ
2179 4562 2334 4617 Rom.
2367 4579 2402 4626 ι.
2427 4565 2516 4620 28.
2593 4565 2637 4596 9"
2667 4563 2768 4619 Isa.
2805 4581 2878 4629 vl,
2900 4564 2952 4632 9,
2984 4564 3068 4618 lO.
3144 4565 3188 4595 "
3222 4563 3363 4619 Psal.
3392 4585 3568 4634 Ltt’lll,

1517 4632 1561 4662 ⁹⁹
1597 4631 1754 4686 Rom.
1780 4648 1856 4695 χι,
1883 4633 1934 4697 9,
1963 4631 2055 4700 10;
2090 4631 2229 4687 Psal.
2257 4649 2444 4698 ωινιιι,
2479 4636 2569 4702 ‘25,
2606 4636 2695 4689 24.

2081 4767 2193 4837 (99)
2227 4767 2382 4836 Ejus.
2418 4770 2578 4824 Deest
2611 4771 2660 4823 in
2693 4771 2874 4826 editis.

2108 4840 2154 4908 ι)
2190 4840 2352 4904 Editi,
2389 4858 2407 4885 ι
2435 4839 2528 4894 Ubi
2561 4856 2708 4894 vero.
2740 4860 2757 4890 ι

2108 4843 2154 4908 l)
2190 4843 2352 4904 Editi,
2389 4858 2407 4885 ι
2435 4843 2528 4894 Ubi
2561 4856 2708 4894 vero.
2740 4860 2757 4890 ι

2076 4843 2374 4978 (2)1)eum.
2423 4910 2476 4962 In
2517 4913 2676 4965 editis
2724 4911 3176 4980 praetermittitur.
3213 4910 3425 4967 Deinde
3471 4928 3562 4968 ms.

2005 4977 2205 5047 Regius
2237 4996 2384 5032 Illllll.
2409 4981 2562 5043 1659,
2598 5001 2615 5032 ι
2640 4977 2888 5035 Secunda
2910 5000 2969 5035 ea
2995 4985 3213 5052 quidem
3236 4985 3306 5036 de
3325 4985 3564 5036 caseitate

2003 5053 2303 5130 oculorum,
2327 5070 2345 5101 ι
2389 5060 2493 5102 etc.
2529 5052 2632 5105 Sed
2664 5055 2846 5107 caeteri
2880 5069 3012 5108 mss.
3055 5053 3313 5107 Rabanus
3355 5064 3413 5108 et
3444 5057 3562 5107 editi

2004 5131 2061 5172 ΙΙΙ.
2095 5133 2148 5172 In
2193 5133 2376 5173 llOSll‘O
2417 5130 2587 5174 textu.

2074 5190 2149 5260 (5)
2184 5191 2274 5245 Sic
2315 5207 2446 5260 mss.
2485 5191 2729 5260 plerique
2766 5203 2820 5247 et
2867 5192 3142 5248 Rabanus.
3179 5192 3321 5247 Editi
3353 5208 3483 5247 vero
3511 5204 3558 5245 et

2001 5259 2282 5333 ms._'unus
2317 5259 2514 5327 Regius
2535 5304 2548 5328 ,
2587 5281 2604 5312 ι
2635 5259 2786 5317 llune
2820 5279 2970 5333 ergo,
2993 5284 3011 5314 ι
3043 5275 3150 5318 etc.

2071 5331 2147 5400 (4)
2200 5332 2337 5385 Editi
2378 5333 2657 5393 omittunt.
2722 5352 2739 5383 ι
2768 5336 2856 5388 Ait
2888 5331 3066 5390 cuitu.
3094 5355 3112 5386 ι
3160 5333 3292 5387 Mss.
3345 5335 3556 5402 quidam

2002 5405 2284 5470 omittunt,
2324 5423 2339 5451 ι
2373 5402 2441 5455 Ει
2478 5404 2646 5458 David
2679 5406 2830 5458 dicit.
2855 5425 2872 5455 ›

2073 5473 2149 5541 (5)
2188 5471 2352 5536 Editi,
2388 5492 2405 5521 ι
2428 5488 2526 5527 nec
2552 5475 2731 5530 verbis
2762 5489 2975 5544 semper
2998 5475 3411 5545 interpretatum
3444 5489 3553 5528 ser-

2001 5553 2112 5604 vet,
2135 5561 2152 5592 ιι
2185 5554 2260 5604 et,
2297 5562 2314 5592 ι
2344 5554 2542 5598 servat.
2576 5564 2594 5596 ι

2071 5612 2151 5682 (t5)
2187 5614 2348 5687 Editi,
2385 5633 2402 5664 ι
2428 5617 2556 5670 etin
2593 5625 2822 5686 utroque
2851 5614 3250 5687 quodammodo
3278 5615 3414 5670 idem
3439 5630 3550 5669 scu-

2000 5698 2091 5738 sus
2116 5685 2418 5755 exponitur.
2444 5703 2461 5736 ι
