3692 6138
14 278 156 336 HS!

944 281 1301 339 COMMENT.
1344 283 1411 337 LV
1452 282 1673 339 EPIS'I.
1711 283 1803 338 AD
1837 284 2003 339 ROM.
2045 284 2171 338 LIB.
2214 285 2351 341 γιιι.

3116 291 3262 346 1182

13 405 207 455 deant.
268 399 333 454 Et
375 399 647 468 quomodo
689 399 806 455 haec
851 399 1013 472 digne
1033 402 1327 457 credantur
1377 403 1510 469 dici‘,
1539 412 1594 458 et
1620 408 1667 464 Α
1697 403 1831 469 lum,
1855 412 1912 457 et
1936 403 1988 456 in
2024 401 2434 457 retributionem
2461 402 2542 457 eis
2564 421 2584 454 ι
2628 402 2743 458 ﬁeri
2780 402 2979 459 dicitur
2996 405 3039 469 ⁸,
3070 406 3256 460 videa-

13 493 261 545 maxime
284 506 347 545 ex
381 507 610 559 persona
650 492 849 547 Christi
882 494 935 548 in
964 495 1193 564 psalmo,
1220 509 1326 550 non
1356 496 1588 550 otiosmn

13 583 242 636 videtur
269 585 556 639 ostendere
587 584 685 656 (7).
718 584 854 639 Vide
895 602 1029 656 ergo
1066 588 1110 641 si
1146 588 1249 643 hoc
1286 588 1443 643 modo
1468 603 1590 656 pos-

14 691 212 729 sumus
240 675 515 743 explicare
542 676 685 745 quod
710 676 999 744 quaeritur.
1021 679 1174 733 Sicut
1206 680 1379 734 oculis
1403 693 1594 746 corpo-

16 768 128 820 reis
184 768 362 821 utitur
411 768 783 836 unusquisque
830 769 898 822 ad
948 770 1238 824 videndum
1279 771 1392 826 sive
1432 773 1590 834 bona,

19 861 140 913 sive
173 860 344 921 mala,
378 869 433 913 et
464 860 516 912 in
555 869 822 928 potestate
852 861 1014 915 habet
1045 861 1129 917 vel
1162 861 1375 917 elevare
1406 862 1594 916 oculos

16 950 85 1001 ad
127 948 356 1011 caelum,
386 959 441 1003 et
473 964 569 1018 per
602 949 653 1003 id
706 951 851 1019 quod
907 952 1076 1016 videt,
1122 953 1450 1006 conditorem
1479 952 1594 1019 ejus

17 1054 349 1109 agnoscere,
371 1051 422 1094 et
453 1041 760 1095 collaudare
783 1050 1108 1109 creatorem,
1142 1042 1223 1097 vel
1242 1041 1492 1097 conferre
1523 1043 1591 1097 ad

18 1132 340 1201 spectacula
374 1132 528 1195 circi,
570 1133 653 1187 vel
689 1133 913 1196 theatri,
960 1135 1043 1188 vel
1088 1136 1456 1202 quarumlibet
1479 1151 1598 1190 sor-

18 1227 280 1279 didarum
344 1224 745 1279 oblectamenta
793 1226 1084 1290 visionum,
1135 1226 1331 1294 quibus
1383 1235 1477 1280 aut
1528 1226 1595 1279 ad

18 1316 333 1376 libidinem.
374 1324 481 1387 .aut
539 1316 606 1369 ad
670 1318 1043 1385 rapacitatem,
1081 1317 1167 1373 vel
1212 1318 1317 1373 alia
1369 1333 1599 1387 quaeque

17 1410 155 1463 vitia
211 1410 431 1463 animus
471 1407 832 1464 inﬂammetur
870 1422 884 1463 :
935 1410 1009 1463 ita
1059 1410 1188 1463 mihi
1236 1410 1473 1479 intellige
1518 1409 1595 1483 (8)

23 1500 192 1552 etiam
222 1499 418 1553 anima:
444 1498 655 1564 oculos,
686 1501 883 1569 quibus
914 1501 1003 1554 alii
1042 1510 1270 1556 utuntur
1294 1502 1511 1573 quidem
1539 1512 1597 1557 ut

21 1593 253 1645 verbum
290 1590 383 1644 Dei
424 1601 480 1645 et
528 1592 833 1645 doctrinam
881 1593 1127 1647 veritatis
1174 1602 1491 1663 agnoscant,
1534 1610 1601 1650 ac

24 1680 313 1749 sapientia:
335 1680 454 1749 ejus
473 1681 719 1748 quotidie
741 1682 958 1749 capiant
981 1681 1280 1749 profectum
1304 1701 1319 1747 ;
1356 1683 1445 1737 alii
1470 1700 1601 1739 vero

1693 509 1832 548 nius.
1870 493 1977 549 Sed
2006 494 2179 562 primo
2217 494 2284 546 ad
2313 508 2407 548 eos
2435 507 2607 562 pauca
2643 493 2869 547 dicenda
2896 502 3021 549 sunt
3048 495 3139 565 qui
3172 496 3256 547 al-

1693 584 1928 655 legorias
1955 586 2007 638 in
2040 584 2336 653 Scripturis
2362 583 2558 639 divinis
2586 584 2845 648 refutant,
2878 594 2928 639 et
2960 586 3139 639 ridere
3167 601 3256 639 so—

1692 674 1805 730 lent
1831 676 1943 745 (15)
1978 689 2072 728 eos
2098 674 2192 743 qui
2220 688 2328 727 non
2361 674 2413 727 in
2445 674 2696 728 omnibus
2717 686 3017 743 sequuntur
3038 674 3261 728 histori—

1694 783 1815 821 cum
1851 782 2090 822 sensum.
2120 766 2308 819 Dicant
2347 779 2473 833 ergo
2516 764 2669 818 nobis
2699 765 2743 818 si
2782 779 3021 818 mensam
3049 765 3140 819 hic
3161 764 3261 819 Ju-

1694 860 1932 913 daeorum
1976 858 2122 912 illam
2152 857 2282 912 dicit
2333 856 2600 923 Propheta
2634 858 2685 910 in
2738 862 2840 925 'qna
2877 856 3140 925 prandere
3176 856 3256 910 vel

1697 942 1918 1004 cmnare
1943 950 2141 1012 solent,
2171 949 2377 1018 utuipsa
2404 951 2486 1003 eis
2519 949 2612 1001 fiat
2642 949 2693 1001 in
2722 948 2965 1017 laqueum
3000 958 3058 1002 ut
3082 948 3260 1018 capiat

1695 1058 1829 1098 eos:
1863 1042 1946 1095 vel
1982 1042 2025 1095 si
2060 1042 2172 1109 ipsa
2211 1055 2396 1096 mensa
2441 1039 2701 1094 eiiiciatur
2741 1041 2821 1094 eis
2856 1041 2906 1093 in
2948 1041 3260 1094 retributio-

1699 1149 1845 1196 nem,
1877 1143 1936 1188 ut
1968 1134 2037 1188 ab
2073 1135 2184 1201 ipsa
2207 1147 2305 1202 pro
2337 1132 2424 1187 his
2462 1147 2579 1201 quae
2626 1131 2965 1199 deliquerunt
2996 1132 3261 1201 recipiant

1699 1224 1955 1280 ultionem
1983 1244 1996 1279 :
2025 1225 2108 1278 vel
2137 1225 2408 1293 quomodo
2442 1224 2522 1277 eis
2553 1224 2608 1276 in
2641 1221 2953 1276 scandalum
2995 1222 3066 1276 sit
3096 1237 3263 1292 expc-

1699 1326 1850 1370 nant.
1883 1316 2033 1382 Quod
2066 1316 2110 1368 si
2146 1317 2212 1370 de
2257 1317 2340 1370 his
2366 1314 2592 1383 singulis
2620 1313 2895 1381 explicare
2930 1328 2989 1368 se
3019 1329 3123 1368 non
3169 1330 3263 1367 va-

1699 1406 1807 1461 lent
1838 1407 1975 1477 (1-1),
2017 1414 2071 1461 et
2104 1407 2272 1460 risum
2306 1421 2462 1459 suum
2516 1405 2568 1458 in
2618 1404 2991 1459 confusionem
3028 1406 3264 1460 viderint

1701 1513 1940 1561 versum,
1976 1508 2104 1551 tunc
2144 1495 2429 1551 nobiscum
2474 1494 2681 1564 pariter
2712 1496 2952 1558 veniant,
2996 1507 3050 1548 et
3083 1494 3262 1564 requi-

1702 1598 1825 1643 rant
1851 1589 1916 1644 de
1943 1588 2244 1657 Scripturis
2264 1587 2461 1640 divinis
2480 1585 2720 1654 qualiter
2751 1602 2932 1640 mensa
2958 1586 3069 1639 hanc
3099 1583 3263 1640 lsrael

1703 1679 1871 1746 possit
1910 1680 2160 1749 intelligi.
2186 1678 2351 1733 Nobis
2383 1678 2549 1748 igitur
2565 1692 2663 1746 pro
2694 1688 2852 1746 captu
2875 1693 3063 1732 sensus
3087 1678 3263 1732 nostri

24 1781 256 1825 utuntur
282 1772 367 1825 his
394 1772 566 1825 oculis
588 1772 640 1825 in
662 1774 1020 1838 contrarium,
1042 1786 1360 1829 exercentes
1387 1776 1597 1830 scilicet
1628 1747 1672 1811 Β
1701 1776 1774 1824 ita
1805 1772 2040 1836 videtur,
2058 1772 2200 1841 quod
2222 1786 2413 1825 omnes
2438 1771 2736 1839 Scriptura:
2764 1787 2882 1840 qua:
2912 1782 3039 1824 ante
3062 1772 3264 1825 adven-

25 1862 355 1932 semetipsos
398 1862 663 1930 quotidie,
715 1870 770 1914 et
823 1862 1158 1931 inquirentes
1210 1863 1286 1933 (9)
1329 1866 1599 1933 quomodo

25 1955 285 2023 dogmata
318 1954 564 2008 veritatis
589 1953 912 2024 infringant,
939 1964 991 2009 et
1017 1953 1172 2009 fidem
1198 1954 1399 2009 Christi
1429 1970 1600 2024 quan-

28 2057 138 2099 tum
195 2045 334 2113 ipsis
381 2044 591 2099 videtur
646 2044 978 2115 impugnent.
1020 2043 1294 2099 Ponamus
1333 2061 1464 2116 ergo
1497 2046 1597 2099 ali-

26 2151 186 2205 quem
211 2151 375 2190 orare
396 2151 493 2203 pro
520 2135 604 2190 his
632 2137 723 2206 qui
756 2135 1094 2205 perspicaces
1133 2144 1189 2190 et
1231 2137 1599 2204 argumentosi

28 2237 153 2280 sunt
183 2228 239 2280 in
267 2225 400 2281 falsa
426 2226 947 2289 scientia,etdicere
972 2245 986 2281 :
1013 2226 1113 2281 Det
1137 2226 1242 2282 illis
1260 2226 1400 2282 Deus
1427 2246 1446 2279 ι
1470 2243 1603 2283 ncu-

27 2319 107 2373 los
137 2328 203 2373 ut
244 2333 351 2372 non
377 2318 595 2373 videant
621 2336 641 2371 ι
676 2319 912 2388 perversi
952 2333 1146 2373 sensus
1182 2319 1458 2383 acumina,
1491 2335 1512 2369 ι
1546 2329 1602 2373 et

28 2425 191 2465 aures
223 2418 286 2463 ut
311 2424 417 2463 non
442 2410 667 2463 audiant
692 2428 711 2461 ι
745 2408 1011 2464 mendacii
1043 2409 1255 2464 scilicet
1288 2409 1599 2479 magistros,

26 2511 82 2557 et
120 2521 141 2554 ι
172 2504 538 2559 obscurentur
591 2501 731 2555 oculi
782 2516 969 2556 eorum
1023 2516 1092 2557 ne
1130 2503 1381 2568 videant;
1419 2522 1439 2555 ›
1494 2518 1600 2556 non

30 2596 125 2650 tibi
150 2595 375 2649 videtur
402 2595 812 2664 amplectendus
846 2594 891 2649 is
922 2594 1012 2663 qui
1062 2595 1178 2651 ha’c
1212 2604 1364 2666 optat
1396 2596 1477 2651 eis
1506 2612 1602 2666 per

27 2700 147 2756 qua
185 2700 380 2740 eorum
411 2694 634 2755 peccata
666 2683 1015 2739 minuantur?
1043 2684 1210 2739 Multo
1232 2684 1376 2740 enim
1406 2687 1602 2743 melius

29 2789 111 2833 est
135 2793 248 2833 non
304 2792 521 2845 sapere,
569 2792 731 2847 quam
775 2776 916 2832 male
948 2791 1158 2847 sapere.
1185 2775 1327 2842 Non,
1358 2777 1596 2847 inquam,

32 2867 124 2920 tibi
147 2866 367 2922 videtur
392 2866 538 2936 quod
568 2865 830 2933 Marcion,
865 2867 955 2934 qui
987 2867 1275 2922 adversum
1299 2876 1601 2923 creatorem

32 2958 196 3013 Deum
243 2959 557 3029 blasphema
588 2959 789 3027 scripta
819 2959 1149 3028 composuit,
1181 2959 1265 3012 vel
1314 2959 1597 3026 Basilides,

33 3050 116 3104 vel
145 3049 487 3110 Valentinus,
518 3047 602 3103 vel
634 3048 816 3102 caueri
865 3060 1120 3102 auctores
1162 3048 1272 3118 (10)
1311 3064 1595 3117 pravorum

34 3143 366 3209 dogmatutn,
385 3142 527 3196 beati
565 3141 815 3200 fuissent,
846 3141 891 3194 si
924 3156 1028 3194 non
1070 3141 1210 3207 illos,
1242 3142 1436 3209 quibus
1462 3142 1600 3195 male

40 3239 352 3295 sapueruut,
380 3230 564 3284 cordis
599 3230 789 3283 oculos
834 3230 1193 3285 habuissent?
1225 3232 1298 3286 De
1338 3232 1421 3285 his
1456 3232 1599 3285 enim

38 3321 145 3390 (11)
166 3320 336 3376 Isaias
359 3323 489 3377 dicit
519 3342 531 3377 :
560 3324 683 3376 «Vae
707 3324 1094 3377 scribentibus!
1123 3324 1435 3378 Scribenles
1454 3325 1599 3378 enim

38 3416 327 3482 nequitiam
367 3416 675 3469 scribuut‘.
708 3435 727 3467 ι
774 3414 1039 3470 Similiter
1072 3428 1256 3470 autem
1289 3425 1343 3470 et
1382 3432 1481 3486 pro
1516 3417 1601 3470 his

39 3507 122 3571 qui
161 3506 303 3561 male
333 3508 546 3567 docent,
586 3519 640 3561 et
662 3507 800 3561 male
834 3506 1151 3576 loquuntur,
1177 3518 1297 3562 orat
1346 3509 1513 3564 David
1545 3510 1596 3562 in

39 3595 288 3664 Psalmis,
321 3610 376 3655 et
408 3600 540 3654 dicit
561 3601 581 3631 ²
609 3619 623 3656 :
662 3618 680 3651 t
705 3600 848 3655 Muta
877 3600 1181 3654 eiiiciantur
1212 3600 1353 3654 labia
1393 3602 1601 3669 iniqua,

38 3707 152 3759 qum
175 3692 473 3762 loquuntur
499 3698 761 3748 adversus
798 3694 1032 3759 justum,
1065 3693 1244 3747 scelus
1266 3693 1316 3747 in
1347 3695 1601 3763 superbia

38 3794 87 3836 et
112 3780 447 3853 contemptu.
479 3805 503 3838 ι
532 3785 622 3840 Sic
642 3800 770 3855 ergo
787 3795 841 3840 et
867 3785 932 3840 de
951 3785 1111 3839 lsrael
1141 3786 1340 3840 dicitur
1366 3804 1381 3841 :
1417 3804 1436 3837 ι
1463 3784 1603 3841 Obs-

41 3884 301 3928 cnrentur
340 3873 485 3927 oculi
521 3888 707 3929 eorum
749 3888 820 3928 ne
868 3874 1089 3928 videant
1114 3874 1195 3935 ⁸,»
1241 3885 1318 3941 et,
1361 3873 1463 3930 Det
1521 3877 1604 3932 eis

43 3963 175 4019 Deus
214 3983 235 4016 ο
267 3965 454 4021 oculos
509 3976 571 4021 ut
615 3981 725 4021 non
772 3964 990 4021 videant
1018 3966 1062 4019 ⁸.
1094 3980 1115 4018 ι
1151 3964 1310 4034 llaec,
1338 3978 1599 4037 quantum

40 4057 102 4109 ad
137 4057 421 4113 oculorum
460 4060 759 4114 cacitatem
788 4059 1028 4129 pertinet
1072 4074 1194 4129 qua:
1225 4058 1364 4115 male
1398 4060 1600 4116 videnti

42 4149 315 4205 incredula
339 4151 512 4207 Israel
537 4161 795 4222 tanquam
824 4166 923 4223 pro
952 4151 1195 4208 remedio
1220 4152 1454 4221 quodam
1481 4153 1600 4208 dari

40 4253 68 4289 ιι
94 4238 198 4294 Deo
234 4239 449 4295 videtur
483 4240 619 4311 (12),
642 4240 787 4296 dicta
815 4242 945 4298 sint.
969 4240 1127 4296 Nunc
1140 4240 1308 4296 etiam
1335 4244 1401 4299 de
1416 4258 1603 4299 mensa

1702 1872 1814 1918 tum
1867 1863 2082 1917 Domini
2129 1872 2285 1917 erant
2339 1862 2479 1931 apud
2520 1861 2685 1916 lsrael
2745 1860 2802 1933 (ι
2834 1862 3022 1931 primis
3050 1881 3069 1911 ι
3116 1862 3260 1915 enim

1703 1973 1722 2006 ί
1750 1954 1858 2009 illis
1897 1954 2101 2008 credita
2136 1964 2265 2006 sunt
2302 1953 2514 2021 eloquia
2553 1953 2644 2008 Dei
2673 1952 2735 2005 ⁸»
2758 1954 2802 2024 ),
2838 1962 2892 2007 et
2922 1968 3081 2007 omne
3119 1953 3263 2020 quod

1699 2045 2002 2117 appellatur
2031 2043 2198 2098 Vetus
2227 2044 2671 2109 Testamentum,
2720 2058 2904 2097 mensa
2938 2052 3023 2096 est
3061 2041 3218 2096 Israel
3247 2062 3262 2096 :

1700 2138 1751 2192 in
1802 2152 1907 2205 qua
1950 2151 2132 2191 mensa
2170 2136 2213 2191 si
2254 2136 2376 2205 quis
2415 2135 2634 2189 volebat
2680 2137 2842 2189 edere
2885 2137 3106 2189 verbum
3143 2134 3263 2196 Dei,

1700 2229 1957 2300 appositis
1983 2230 2087 2285 sibi
2118 2229 2255 2299 legis
2276 2237 2331 2283 et
2349 2228 2612 2297 propheta
2623 2242 2738 2280 rum
2769 2226 3116 2281 sermonibus
3141 2239 3267 2294 pas-

1700 2321 1946 2376 cebatur.
1979 2320 2043 2375 Et
2095 2320 2234 2374 hanc
2278 2327 2410 2388 puto
2446 2333 2570 2373 esse
2608 2331 2849 2373 mensam
2889 2318 2955 2372 de
2994 2332 3099 2386 qua
3133 2316 3268 2370 dicit

1700 2410 1955 2467 Salomon
1986 2429 2000 2465 :
2040 2429 2058 2462 ι
2087 2411 2155 2475 Si,
2178 2410 2383 2467 sederis
2415 2425 2632 2466 caenare
2654 2409 2719 2464 ad
2741 2422 2983 2464 mensam
3006 2407 3265 2477 potentis,

1702 2502 2116 2573 intelligibiliter
2173 2502 2417 2573 intellige
2442 2502 2557 2573 (15)
2588 2517 2708 2572 qua:
2752 2510 3095 2571 apponuntur
3144 2498 3263 2563 tibi,

1701 2604 1756 2650 et
1787 2595 1938 2649 mitte
1977 2610 2194 2650 manum
2233 2604 2405 2657 tuam,
2441 2597 2621 2649 sciens
2657 2594 2783 2664 quia
2825 2593 2951 2648 talia
2985 2601 3037 2648 te
3070 2606 3267 2661 parare

1698 2688 1913 2751 oportet
1933 2683 1974 2736 ⁷.
2004 2700 2023 2734 ι
2058 2682 2164 2737 Sed
2192 2691 2249 2736 et
2278 2682 2532 2736 Salvator
2556 2682 2646 2737 ubi
2672 2681 2840 2738 dicit:
2882 2700 2902 2734 ι
2925 2681 3060 2737 Cum
3104 2696 3265 2735 man-

1701 2773 2033 2829 ducaveritis
2058 2783 2113 2828 et
2138 2774 2388 2830 biberitis
2411 2776 2477 2829 ad
2512 2790 2755 2830 mensam
2788 2791 2959 2829 meam
2988 2775 3049 2841 ';
3083 2794 3103 2829 ι
3134 2775 3267 2844 quid

1700 2863 1842 2917 aliud
1875 2878 2116 2921 mensam
2166 2865 2283 2932 ejus
2320 2864 2705 2933 intelligimus,
2752 2863 2855 2918 nisi
2900 2863 2989 2918 ubi
3039 2862 3153 2931 (16)
3182 2862 3277 2918 di--

1700 2972 1857 3027 gnos,
1891 2968 1942 3012 et
1971 2972 2064 3011 eos
2094 2957 2184 3025 qui
2216 2971 2413 3026 capere
2448 2968 2671 3025 possunt
2708 2956 2929 3009 verbum
2961 2955 3264 3025 sapientiae,

1700 3060 1755 3103 et
1784 3064 1961 3103 rerum
2006 3050 2314 3113 scientiam,
2342 3050 2501 3103 docet
2525 3047 2685 3116 (17)?
2716 3047 2828 3101 lloc
2862 3056 2911 3101 et
2952 3047 3003 3100 in
3037 3045 3265 3100 Prover-

1699 3146 1802 3201 biis
1849 3146 2104 3200 Salomon
2166 3147 2233 3199 de
2294 3145 2568 3214 Sapientia
2638 3152 2972 3215 protestatur
3034 3142 3265 3197 dicens:

1703 3258 1722 3291 ι
1755 3240 2028 3308 Sapientia
2052 3238 2345 3292 aediﬁcavit
2366 3238 2466 3293 sibi
2494 3238 2736 3301 domum,
2755 3247 2809 3292 et
2834 3234 3115 3305 supposuit
3142 3249 3267 3302 sep—

1700 3342 1805 3385 tem
1833 3331 2149 3386 columnas:
2187 3329 2488 3384 immolavit
2520 3328 2769 3381 victimas
2791 3340 2939 3389 suas,
2966 3324 3184 3379 miscuit
3210 3324 3263 3378 in

1697 3433 1912 3478 cratere
1949 3422 2135 3476 vinum
2165 3435 2346 3487 suum,
2374 3429 2430 3475 et
2464 3420 2678 3489 paravit
2706 3432 2950 3473 mensam
2990 3430 3143 3471 suam
3167 3414 3209 3469 ’.
3240 3434 3273 3467 ιι

1697 3515 1890 3570 Omnis
1920 3528 2048 3580 ergo
2108 3513 2388 3581 Scriptura
2442 3524 2626 3566 melisa
2668 3519 2752 3564 est
2793 3507 3109 3578 Sapientiae.
3157 3504 3266 3561 Sed

1699 3607 1979 3660 videamus
2021 3604 2292 3675 quomodo
2335 3602 2477 3660 hanc
2517 3616 2759 3657 mensam
2795 3611 2915 3655 orat
2947 3598 3114 3655 David
3147 3597 3271 3654 ﬁeri

1697 3696 1956 3751 lsraelitis
2014 3693 2176 3768 (18)
2236 3694 2527 3750 incredulis
2586 3694 2638 3747 in
2719 3705 3012 3761 conspectu
3075 3704 3279 3745 eorum

1706 3788 1870 3860 633
1900 3789 1952 3842 in
1984 3787 2257 3858 laqueum,
2292 3796 2349 3842 et
2392 3786 2446 3840 in
2482 3785 2806 3855 captionem,
2848 3792 2903 3839 et
2936 3785 2987 3838 in
3031 3786 3270 3839 scandae

1698 3880 1832 3945 lum,
1867 3888 1923 3935 et
1964 3879 2022 3953 in
2057 3878 2471 3934 retributionem
2513 3877 2578 3933 ".
2626 3896 2645 3929 ι
2698 3876 2785 3931 Fit
2823 3877 2902 3931 eis
2932 3877 2985 3929 in
3016 3877 3267 3944 laqueum

1705 3972 1990 4039 Scriptura
2029 3969 2234 4036 divina,
2269 3983 2393 4023 cum
2435 3967 2620 4037 legunt
2666 3981 2730 4020 ea
2772 3981 2891 4035 qua:
2942 3967 3007 4021 de
3051 3965 3269 4020 Christo

1706 4061 2028 4133 prophetata
2062 4068 2227 4115 sunt:
2264 4076 2283 4109 ι
2315 4056 2413 4112 Hic
2444 4054 2737 4111 aediﬁcabit
2761 4056 3035 4110 civitatem
3066 4069 3267 4118 meam,

1705 4162 1760 4207 et
1788 4149 2163 4219 captivitatem
2191 4148 2374 4218 populi
2401 4148 2503 4202 mei
2531 4155 2815 4201 convertet
2836 4146 2881 4177 ¹⁰
2906 4165 2920 4199 :
2955 4163 2973 4197 ι
3007 4154 3061 4199 et
3087 4145 3270 4199 dicunt

1706 4260 1813 4298 non
1839 4258 1961 4297 esse
1987 4242 2103 4296 haec
2132 4240 2233 4293 sub
2257 4239 2382 4295 Jesu
2409 4242 2673 4308 completa
2712 4240 2848 4309 (19).
2901 4237 3084 4306 Neque
3123 4237 3268 4291 enim

41 4344 152 4397 qua:
191 4348 215 4383 ι
246 4331 303 4387 in
348 4330 620 4402 laqueum,
647 4342 704 4388 et
727 4334 781 4389 in
821 4334 1155 4403 captionem,
1194 4346 1250 4392 et
1280 4337 1334 4392 in
1371 4338 1603 4392 scanda-
1630 4325 1679 4385 D
1705 4333 2016 4400 aediﬁcavit,
2045 4333 2222 4394 aiunt,
2250 4333 2528 4386 civitatem
2560 4332 2676 4397 Dei,
2702 4347 2877 4401 neque
2898 4328 3268 4401 captivitatem

109 4489 125 4521 ¹
151 4490 260 4547 lsa.
291 4506 350 4558 κ,
404 4492 459 4546 1.

112 4726 186 4795 (7)
241 4725 342 4780 Ms.
378 4726 579 4799 Regius
624 4743 771 4782 num.
814 4728 973 4792 1659,
1034 4727 1289 4795 Rabanns
1345 4741 1401 4787 et
1444 4733 1600 4799 editi,

55 4812 71 4844 ι
96 4800 406 4868 ostendere.
438 4818 456 4849 ι
491 4796 685 4851 Caeteri
714 4813 869 4860 mss.,
900 4816 920 4849 ι
942 4816 1235 4868 exponere.
1262 4812 1283 4854 ι

114 4866 382 4941 (8)__Editi,
412 4886 431 4919 ι
454 4868 651 4941 quibus
673 4881 765 4923 aut
787 4866 1087 4941 libidinem,
1113 4884 1207 4925 aut
1228 4872 1600 4941 rapacitatem,

46 4939 124 4988 vel
157 4938 264 4990 alia
290 4938 668 5012 qumquevitia
698 4954 888 5012 amans
912 4957 942 5012 DA
966 4940 1085 5010 (al.,
1116 4960 1136 4993 ε
1165 4938 1372 5012 amens)
1397 4938 1603 4997 inﬂam-

50 5015 219 5082 inetur
250 5025 263 5061 :
298 5008 370 5082 ita
406 5010 536 5082 mihi
583 5008 823 5082 intelligo
860 5026 880 5059 ›
925 5008 1041 5082 (aL,
1089 5028 1111 5063 ι
1140 5008 1399 5081 intelligi:
1439 5031 1459 5064 ι
1494 5014 1622 5067 Ra-’

48 5074 231 5195 bimus,
260 5078 600 5148 «intelligere
621 5077 701 5149 r);
725 5074 828 5133 ms.
857 5074 1063 5149 un‘usﬁ
1088 5083 1161 5137 ita
1186 5083 1274 5136 hic
1293 5074 1548 5151 intellige,
1578 5103 1599 5137 ι

48 5158 72 5193 e
97 5161 141 5195 C-

47 5158 141 5201 Elc.

111 5214 182 5296 (9)
231 5215 396 5282 Editi,
440 5235 460 5269 ι
498 5220 856 5290 semetipsos,
900 5222 1144 5294 quotidie
1196 5222 1556 5292 inquirentes,
1582 5243 1602 5276 ι

49 5297 243 5340 omisso
277 5305 296 5337 ι
319 5297 393 5340 et.
422 5306 442 5339 ι

114 5356 224 5432 (1.0)
275 5356 440 5432 Editi.
495 5359 854 5432 «doctores.»
898 5361 1105 5416 Deinde
1156 5362 1339 5429 iidem,
1372 5372 1426 5417 et
1470 5379 1602 5418 mss.

51 5425 284 5501 quida_tn,
317 5445 337 5478 ι
368 5429 412 5481 si
457 5429 634 5501 nullos
669 5433 865 5500 quibus
894 5432 1032 5486 male
1079 5425 1350 5501 sapientes
1371 5444 1551 5497 erant,
1578 5452 1598 5486 ι

46 5497 287 5625 Εξίιῗεά
321 5513 423 5552 ms.
457 5496 660 5568 Regius
685 5496 835 5557 num.
863 5501 1003 5558 1639
1029 5496 1231 5557 rectius
1260 5511 1319 5557 ut
1342 5504 1397 5557 in
1416 5515 1604 5559 nostro

109 5634 218 5707 (11)
259 5634 441 5691 Enim.
475 5637 635 5695 Deest
662 5641 712 5695 in
751 5642 932 5700 editis.

110 5703 225 5778 (12),
270 5707 435 5775 Editi,
472 5710 893 5779 «pertinent....
924 5714 1222 5773 viv.enti....
1256 5713 1529 5783 videntur,
1568 5736 1586 5769 ι

534 4484 880 4556 'PsaLxxx,
939 4495 1024 4550 19.
1098 4491 1293 4551 ‘Psal.
1348 4511 1535 4558 Limn.
1562 4495 1652 4551 2.1.
1726 4494 1938 4550 ‘Rom.
1998 4510 2075 4557 ιιι,
2119 4491 2173 4549 8.
2248 4491 2438 4546 ‘Psal.
2485 4507 2673 4553 vaut,
2721 4493 2825 4554 25;
2882 4491 3038 4547 Rom.
3105 4508 3183 4554 xu,
3211 4492 3267 4547 9.

42 4558 62 4588 ⁸
91 4558 245 4616 Rom.
270 4576 352 4626 tu,
381 4562 437 4618 2.
511 4562 723 4621 "Prov.
753 4574 911 4631 um,
945 4564 1067 4631 1,2.
1140 4566 1162 4598 ⁸
1195 4566 1324 4622 Luc.
1347 4581 1487 4634 χιιι,
1508 4563 1599 4627 50.
1673 4566 1868 4621 ’Prov.
1894 4582 1968 4632 nt,
1992 4568 2043 4633 1,
2070 4566 2125 4619 2.
2191 4566 2233 4597 ⁸*
2261 4562 2404 4618 Psal.
2436 4580 2622 4629 vam,
2652 4564 2741 4618 2'5.

2818 4563 2861 4596 ¹⁰
2891 4561 2991 4616 lsa.
3025 4578 3148 4627 XLV,
3178 4562 3262 4619 1'5.

1705 4732 1865 4788 male.

1779 4804 1895 4875 (15)
1936 4797 2038 4856 Ms.
2076 4800 2282 4871 Regius
2317 4816 2466 4855 num.
2503 4800 2661 4875 1659.
2685 4798 2852 4875 {Sed
2884 4800 3058 4875 primo
3100 4815 3268 4868 pauca

1705 4869 1930 4997 {licenda
1959 4881 2086 4927 sunt
2107 4869 2300 4927 contra
2318 4884 2416 4927 eos
2446 4873 2612 4943 qui...
2646 4870 2945 4925 refutantes
2975 4869 3157 4925 ridere
3177 4885 3267 4925 so—

1722 4952 1835 4997 ent.
1864 4962 1885 4995 ι
1915 4951 2021 4997 etc.

1722 4952 1835 5006 ent,
1864 4962 1885 4995 ι
1915 4951 2021 4997 etc.
2833 5000 2837 5007 ⁸

1804 5014 1889 5080 14)
1917 5012 2081 5078 Editi,
2114 5030 2133 5062 ι
2158 5012 2431 5080 explicare
2453 5027 2559 5068 non
2582 5010 2820 5066 valeant.
2848 5030 2867 5062 ι

1803 5080 1890 5138 15)
1926 5083 2017 5137 Sic
2053 5097 2242 5136 omnes
2292 5099 2422 5137 mss.
2476 5084 2642 5138 nosui
2689 5091 2744 5135 et
2798 5080 3071 5137 Rabanus.
3123 5080 3264 5135 Editi

1709 5152 1914 5213 vet-0,1
1938 5152 2223 5224 diligenter
2258 5153 2516 5224 intellige,
2549 5173 2568 5205 ι
2611 5162 2718 5224 εις.

1779 5223 1904 5347 sitit.
1935 5242 1953 5273 ι
1977 5219 2079 5277 Ubi
2111 5241 2129 5273 ι
2167 5223 2320 5278 deest
2363 5224 2415 5277 in
2436 5219 2649 5306 "editis.
2692 5222 2889 5277 Deinde
2933 5235 3061 5275 mss.
3087 5219 3267 5299 plures

1808 5295 1865 5347 ia
1908 5309 2066 5347 anus.
2090 5312 2109 5342 ι
2134 5293 2389 5347 Verbum.
2420 5304 2762 5347 sapientiam.
2786 5302 2839 5346 et
2869 5304 3048 5342 rerum
3087 5304 3263 5342 seleu-

1703 5303 1755 5347 et
1788 5289 2066 5359 Rabanus,
2090 5312 2109 5342 ι
2134 5293 2389 5356 Verbum,
2420 5294 2762 5362 sapientiam,
2786 5302 2839 5346 et
2868 5304 3048 5362 rerum
3087 5289 3263 5362 scien-

1705 5368 1854 5425 tiam,
1888 5364 2067 5417 docet.
2089 5380 2109 5413 ι
2147 5362 2252 5418 Sed
2270 5380 2372 5419 ms.
2399 5359 2601 5433 Regius
2634 5379 2784 5418 num.
2819 5360 2955 5415 1659
2982 5359 3183 5413 rectius
3205 5367 3266 5413 ut

1703 5436 1755 5489 in
1791 5444 1979 5488 nostro
2016 5442 2182 5487 textu.

1773 5504 1885 5573 (17)
1922 5504 2086 5569 Editi,
2121 5519 2139 5552 ‹
2165 5502 2382 5571 docere,
2409 5522 2429 5555 ι
2469 5502 2625 5558 male.

1771 5572 1883 5643 (18)
1913 5574 2082 5640 Alias,
2112 5591 2131 5623 ‹
2156 5573 2483 5628 Israeliticis.
2509 5592 2528 5624 ι

1737 5637 1886 5769 l(:39)
1948 5637 2076 5702 Ms.’
2109 5643 2309 5716 Regius
2365 5658 2513 5700 num.
2574 5640 2744 5709 1.659,
2783 5658 2804 5693 ι
2852 5654 2881 5695 a
2920 5637 3046 5695 Jesu
3103 5650 3272 5696 conte

1756 5733 1783 5769 ρ
1844 5752 1860 5769 ο
1897 5733 1925 5769 l

1701 5724 1860 5771 victa.
1897 5733 1925 5770 ι.

2235 5846 2263 5859 ο
