3692 6138
449 281 589 335 1185

1933 286 2017 342 Oli

2130 285 2268 342 INlSi
3520 300 3607 359 “8i

446 396 632 469 populi
688 399 986 452 revocavit.
1025 398 1133 454 Sed
1175 400 1293 455 haec
1324 401 1537 465 dicunt,
1593 402 1720 471 quia
1771 406 2024 475 sedentes
2052 411 2101 467 Α
2127 409 2420 464 immundis
2456 409 2526 463 et'
2558 410 2794 466 sordidis
2821 412 3183 478 vestimentis,
3230 414 3284 467 id
3324 425 3420 481 est,
3451 433 3606 489 corpore

446 491 514 543 ad
553 503 795 544 mensam
835 493 1075 560 potentis
1103 508 1212 547 non
1251 491 1462 549 faciunt
1494 494 1627 550 illud
1655 498 1801 566 quod
1829 499 2022 555 admo-

445 582 567 636 nuit
602 580 713 653 (-20)
746 582 1001 639 Salomon
1046 585 1114 649 υ,
1156 593 1216 639 ut
1258 585 1679 657 intelligibiliter
1716 589 2023 662 intelligant

445 688 566 738 quae
595 677 840 744 apposita
879 688 1011 732 sunt
1057 680 1162 734 eis.
1210 679 1328 736 Non
1367 683 1516 737 enim
1559 684 1850 740 visibiliter
1881 685 2019 753 hac,

447 767 541 819 sed
596 768 1028 840 intelligibiliter,
1080 775 1184 829 hoc
1239 785 1349 838 est,
1400 777 1726 845 spiritaliter
1776 777 2023 833 facturus

445 856 807 924 prophetattts
833 872 918 915 est
947 862 1205 920 Christus
1232 864 1370 933 (21).
1405 864 1541 918 Nam
1572 867 1860 922 aediﬁcavit
1893 884 2024 923 vere

445 943 725 999 civitatem
751 947 870 1015 Dei,
894 950 988 1004 sed
1015 967 1081 1005 ex
1107 951 1377 1021 lapidibus
1402 955 1565 1019 vivis,
1589 971 1656 1011 ex
1682 958 1882 1024 quibus
1905 958 2020 1031 (22)

449 1036 742 1093 suscitavit
770 1038 912 1095 ﬁlios
933 1041 1189 1107 Abrahae,
1222 1055 1277 1098 et
1323 1060 1390 1100 ex
1424 1046 1557 1116 ipsis
1596 1049 1885 1104 aediﬁcavit
1915 1051 2021 1105 Ec-

443 1128 670 1182 clesi‘atn
728 1129 826 1186 Dei
875 1148 890 1195 ;
944 1141 998 1187 et
1044 1136 1319 1189 convertit
1375 1138 1751 1203 captivitatem
1810 1142 2017 1210 populi,

445 1234 639 1273 eorum
673 1235 810 1290 quos
849 1224 902 1277 in
945 1227 1183 1294 peccatis
1212 1239 1404 1296 captos
1430 1230 1679 1287 diabolus
1718 1232 2017 1289 detinebat.

447 1309 559 1366 lllis
583 1328 715 1384 ergo
744 1332 851 1371 non
885 1317 958 1370 ita
992 1318 1438 1388 intelligentibus,
1479 1339 1669 1379 mensa
1710 1325 1824 1380 hzec
1871 1325 2021 1382 Scri-

446 1415 622 1472 pturae
653 1407 846 1462 divinae
872 1408 1013 1463 facta
1057 1418 1142 1464 est
1183 1428 1202 1462 ι
1233 1412 1286 1466 in
1321 1413 1591 1483 laqueum,
1623 1426 1679 1470 et
1718 1417 1772 1471 in
1808 1418 2018 1488 captio-

448 1511 588 1550 nem.
622 1517 640 1549 ι
674 1497 859 1554 Potest
904 1509 1088 1555 autem
1132 1511 1189 1556 et
1232 1503 1320 1558 illa
1368 1508 1548 1575 captio
1595 1521 1796 1564 mensa:
1855 1492 2020 1578 hujus

446 1587 640 1653 videri,
690 1604 794 1657 qua
846 1592 1106 1648 Dominus
1135 1607 1229 1647 eos
1259 1596 1403 1664 cepit
1434 1612 1557 1652 cum
1589 1600 1728 1653 dixit
1770 1601 1836 1654 ad
1877 1617 1973 1656 eos
2004 1622 2016 1657 :

450 1697 473 1730 ‹
501 1679 641 1747 Quid
669 1684 825 1738 vobis
857 1685 1071 1740 videtur
1100 1687 1167 1744 de
1195 1690 1458 1745 Christo?
1484 1691 1654 1760 Cujus
1691 1694 1861 1748 Filius
1890 1694 2021 1749 est?

2131 510 2225 555 aut
2259 502 2427 557 corde
2450 499 2563 572 (26)
2597 500 2806 571 polluto
2833 505 2901 556 ad
2938 517 3180 557 mensam
3219 506 3475 572 sapientia:
3493 515 3609 566 cond.

2130 591 2394 657 deamus;
2432 592 2528 647 sed
2576 592 2815 661 speciem
2849 592 3017 647 futuri
3049 594 3099 647 in
3136 594 3300 649 caelis
3327 599 3520 651 convivii
3540 603 3608 667 ian

2129 699 2276 738 nunc
2302 686 2654 749 meditantes,
2680 700 2777 753 per
2810 686 3234 741 conversionem
3254 696 3308 740 et
3326 689 3609 754 pmniteauatn

2131 774 2444 828 indumenta
2479 776 2724 843 quotidie
2765 777 3051 830 mundiora
3090 786 3147 831 ct
3206 777 3453 845 nuptialia
3478 796 3612 850 ιιι-εμ-

2129 874 2332 919 remus.
2365 861 2562 929 quibus
2588 870 2824 927 utentes,
2857 863 3034 916 aulam
3084 864 3389 932 sapientia,
3429 875 3477 922 et
3506 870 3614 925 uult.

2129 962 2249 1002 mos
2282 947 2377 1002 ﬁlii
2413 950 2556 1021 regis
2588 951 2794 1006 intrare
2821 968 3130 1007 mereamur
3156 954 3228 1007 ¹⁷.

2199 1038 2254 1094 9.
2300 1058 2321 1092 ι
2363 1038 2495 1094 Dico
2518 1056 2689 1112 ergo:
2728 1041 2985 1111 Nunquid
3021 1044 3100 1098 sic
3134 1043 3472 1103 offenderunt
3494 1060 3614 1106 utca-

2130 1129 2370 1184 derent?
2400 1130 2579 1186 Absit.
2619 1130 2725 1186 Sed
2758 1134 2971 1188 illorum
3008 1135 3212 1191 delicto
3252 1121 3399 1192 salus
3423 1141 3615 1208 gentibm,

2129 1233 2188 1275 nt
2217 1221 2342 1276 illos
2371 1222 2721 1277 muniantur.
2753 1225 2908 1290 Quod
2935 1227 2980 1280 si
3014 1227 3280 1282 delictum
3322 1227 3509 1283 illorum
3531 1232 3617 1286 diti-

2130 1315 2218 1369 tia:
2266 1316 2472 1377 mundi,
2518 1324 2574 1369 et
2620 1314 2909 1372 diminutio
2957 1333 3146 1373 eorum
3196 1320 3400 1374 divitiae
3421 1325 3615 1392 gentium:

2127 1414 2338 1473 quanto
2388 1407 2560 1475 magis
2596 1407 2878 1473 plenitudo
2915 1425 3101 1464 eorum
3147 1410 3195 1442 ⁸⁸
3228 1411 3255 1465 Ἰ
3300 1431 3323 1462 ι
3370 1411 3487 1467 Cum
3514 1430 3620 1472 exuo.

2127 1498 2330 1553 suisset
2355 1498 2646 1568 Apostolus
2674 1516 2736 1554 ea
2764 1500 2817 1554 in
2847 1502 3044 1569 quibus
3070 1504 3391 1572 repudiatus
3410 1507 3618 1570 estlsrael,

2126 1598 2183 1643 et
2211 1589 2538 1644 introducta:
2565 1601 2696 1645 sunt
2731 1603 2924 1662 gentes
2967 1609 2986 1658 ;
3026 1604 3082 1648 et
3127 1608 3490 1651 enumerasset
3514 1602 3618 1653 etiam

2129 1684 2447 1753 prophetias
2475 1700 2595 1753 qua:
2623 1686 2689 1738 de
2715 1687 2963 1741 caecitate
3000 1688 3277 1757 ipsorum,
3313 1699 3369 1744 et
3396 1689 3563 1757 laqueo,
3589 1704 3620 1746 et

444 1772 515 1824 At
547 1772 621 1827 illi
651 1777 1055 1843 respomlerunt
1098 1797 1113 1835 :
1164 1782 1353 1839 David.
1408 1784 1476 1838 Et
1523 1785 1780 1840 Dominus
1821 1805 1836 1840 :
1875 1787 2017 1853 Quo-

2130 1776 2510 1841 retributioue,
2565 1776 2934 1845 scandaloqne
2985 1779 3359 1848 praedixerant
3405 1780 3541 1853 (27);
3581 1800 3619 1838 re

444 1864 608 1917 modo
639 1879 770 1936 ergo
800 1868 939 1939 (25),
974 1870 1175 1940 inquit,
1228 1873 1395 1928 David
1451 1876 1733 1930 Dominum
1764 1892 1887 1931 eum
1924 1892 2022 1932 vo-

442 1966 555 2023 cat,
589 1958 778 2014 dicens
808 1977 823 2014 :
856 1961 1001 2017 Dixit
1032 1966 1291 2022 Dominus
1317 1969 1549 2024 Domino
1581 1984 1744 2025 meo:
1799 1968 1942 2026 Sede
1988 1987 2022 2027 a

443 2049 653 2104 dextris
682 2052 818 2105 meis
847 2053 960 2126 (24)
985 2056 1008 2109 ?
1036 2057 1104 2110 Et
1153 2076 1258 2114 non
1303 2070 1563 2130 poterant
1595 2062 1644 2114 ei
1689 2063 2022 2129 respondere

445 2142 668 2193 verbum
704 2143 769 2196 ".
799 2162 818 2194 ι
855 2144 943 2198 Fit
975 2159 1158 2201 autem
1188 2161 1244 2203 et
1286 2169 1307 2202 ε
1344 2153 1396 2205 ἰιι
1435 2154 1847 2209 retributionem
1886 2174 1904 2207 ι
1942 2157 2021 2213 eis

445 2232 562 2285 hzec
598 2247 807 2298 mensa,
847 2248 906 2290 ut
945 2239 1180 2295 breviter
1210 2244 1410 2307 dicam,
1446 2246 1742 2299 secundum
1792 2249 2018 2302 verbum

448 2320 662 2376 Domini
692 2339 800 2393 quo
832 2327 950 2381 ait:
1007 2348 1027 2380 ι
1067 2329 1281 2389 Putatis
1323 2336 1450 2399 quia
1492 2352 1593 2405 ego
1637 2353 1891 2392 accusem
1921 2356 2021 2394 vos

447 2415 590 2480 apud
617 2413 879 2473 Patrem?
911 2420 1005 2474 Est
1038 2424 1129 2487 qui
1162 2440 1259 2478 vos
1289 2436 1504 2480 accuset
1538 2425 1749 2498 Moyses
1773 2428 1858 2492 ¹³;
1906 2448 1925 2480 ι
1965 2440 2020 2483 et

442 2507 740 2561 Secundum
776 2509 902 2563 illud
938 2515 1083 2579 quod
1114 2516 1401 2584 Apostolus
1438 2518 1574 2572 dicit
1619 2537 1634 2573 :
1688 2538 1707 2571 t
1744 2521 2023 2591 Quotquot

448 2609 547 2662 per
579 2595 750 2665 legem
779 2599 894 2671 (25)
926 2616 1308 2670 peccaverunt,
1341 2622 1435 2677 per
1460 2608 1633 2676 legem
1677 2608 2013 2678 judicahun-

443 2694 552 2742 tur.
584 2706 606 2740 ι
639 2688 727 2743 Fit
754 2701 935 2747 autem
965 2704 1021 2749 et
1047 2715 1067 2748 ι
1098 2698 1148 2751 in
1181 2700 1495 2753 scandalum
1520 2719 1539 2752 ι
1578 2704 1657 2758 eis
1688 2720 1872 2760 mensa
1906 2706 2021 2761 haec

446 2776 550 2831 hoc
596 2782 774 2836 modo.
816 2783 895 2837 Ex
943 2785 1245 2856 Scripturis
1293 2789 1603 2847 didicerant
1643 2792 1839 2861 Judaei,
1889 2797 2017 2865 quia

444 2886 468 2919 ι
496 2868 750 2929 Christus
786 2874 838 2928 in
866 2887 1128 2932 mternum
1163 2891 1345 2936 manet
1376 2885 1456 2950 “;
1493 2904 1513 2936 ι
1555 2885 1739 2941 Jesum
1778 2903 1908 2944 vero
1938 2891 2020 2942 vi-

441 2962 632 3018 dentes
661 2965 715 3019 iu
748 2981 934 3033 carne,
972 2978 1027 3025 et
1052 2986 1159 3026 non
1191 2974 1369 3028 solum
1408 2975 1462 3029 in
1505 2992 1694 3043 carne,
1741 2982 1836 3035 sed
1868 2991 1924 3036 et
1960 2982 2014 3036 iti

442 3064 640 3121 morte,
676 3066 730 3111 et
761 3070 937 3116 morte
978 3064 1179 3129 crucis,
1220 3068 1741 3126 scandalizabantur
1784 3073 1839 3128 in
1891 3090 2016 3129 eum

2125 1882 2341 1919 rursum
2374 1866 2627 1936 gentibus
2656 1867 2953 1922 insultandi
2984 1883 3183 1923 causas
3220 1879 3279 1923 et
3308 1871 3527 1924 elationis
3551 1889 3619 1924 nn-

2125 1957 2319 2009 teriam
2354 1955 2643 2025 prmberet,
2676 1957 2852 2025 ipsum
2889 1956 3105 2011 lsraelis
3136 1957 3355 2027 lapsum
3386 1961 3619 2013 dicittalem

2124 2044 2317 2111 fuisse,
2352 2062 2458 2099 non
2494 2053 2552 2100 ut
2576 2046 2651 2100 illi
2680 2047 2970 2111 caderent,
3016 2048 3108 2102 sed
3151 2060 3215 2101 ut
3245 2049 3439 2104 delicto
3462 2066 3538 2103 suo
3565 2068 3618 2104 sa-

2123 2138 2291 2192 lutem
2318 2139 2571 2206 gentibus
2600 2140 2833 2193 darent:
2870 2152 2926 2194 et
2959 2140 3077 2195 ait:
3113 2159 3132 2191 ι
3171 2140 3310 2194 Dico
3338 2156 3491 2212 ergo:
3526 2141 3615 2194 Nun-

2122 2231 2252 2299 quid
2282 2231 2363 2284 sic
2400 2228 2745 2284 oll‘enderunt
2778 2241 2836 2284 ut
2861 2230 3170 2284 caderent?
3200 2231 3379 2287 Absit.
3430 2232 3518 2285 Sed
3540 2232 3617 2285 illo-

2125 2338 2247 2377 rum
2277 2321 2503 2387 dclicto,
2539 2323 2685 2377 salus
2721 2323 2994 2393 gentibus.
3022 2342 3043 2376 ι
3081 2323 3150 2377 Ει
3181 2325 3448 2392 quomodo
3475 2338 3527 2376 ex
3548 2324 3621 2376 illo-

2123 2431 2243 2470 rum
2291 2413 2494 2467 deliCto
2544 2414 2691 2469 salus
2740 2415 2990 2483 gentibus
3026 2413 3214 2480 detur,
3256 2415 3620 2469 ostentlitzttt

2123 2509 2267 2574 illos,
2300 2527 2319 2560 ι
2342 2508 2541 2578 inquit,
2574 2525 2594 2558 ι
2622 2506 2948 2562 :etnulentnr
2970 2506 3122 2576 (28):
3159 2526 3179 2558 ι
3213 2512 3321 2562 hoc
3348 2516 3446 2571 est,
3471 2518 3518 2560 ut
3537 2521 3621 2558 con-

2122 2603 2431 2657 versionem
2469 2601 2711 2671 gentium
2747 2599 3015 2662 videntes,
3051 2609 3107 2653 et
3158 2610 3517 2654 testamentum
3548 2599 3618 2663 Dei,

2122 2696 2267 2766 quod
2316 2695 2417 2766 ipsi
2467 2694 2621 2764 prius
2680 2701 3029 2762 acceperant,
3074 2691 3187 2746 illis
3220 2692 3487 2754 traditum,
3523 2691 3621 2744 etle-

2125 2804 2248 2860 gem
2277 2803 2344 2842 ac
2370 2788 2667 2857 prophetas
2693 2786 2837 2853 apud
2866 2798 2961 2838 eos
2988 2783 3195 2850 majore
3233 2789 3291 2837 et
3326 2783 3540 2851 digniore
3562 2783 3617 2835 ln-

2122 2878 2240 2936 beri
2269 2879 2639 2941 observantia,
2672 2877 2850 2931 zelum
2883 2878 3101 2947 capiant
3135 2877 3311 2930 etiam
3366 2875 3459 2943 ipsi
3488 2875 3531 2928 in
3560 2889 3618 2926 so-

2123 2972 2366 3028 vissimis
2390 2971 2585 3026 saltem
2616 2969 2952 3037 temporibus
2994 2986 3008 3023 :
3039 2978 3093 3022 et
3140 2969 3292 3023 sicut
3320 2983 3452 3022 nunc
3474 2967 3617 3021 illorum

2122 3064 2309 3137 lapsus
2353 3063 2585 3117 salutem
2622 3061 2876 3129 gentibus
2925 3060 3095 3127 dedit,
3155 3061 3233 3114 ita
3281 3060 3500 3131 gentium
3540 3058 3619 3109 till-rs

449 3149 759 3204 nescientes
807 3152 931 3219 quia
984 3170 1004 3205 ι
1050 3157 1153 3210 etsi
1206 3172 1397 3223 passus
1425 3170 1509 3216 est
1541 3176 1608 3215 ex
1639 3164 1954 3221 inﬁrmitate
1994 3187 2015 3220 )
2045 3155 2089 3214 C
2122 3168 2179 3212 et
2237 3154 2586 3211 conversatio
2625 3148 2818 3207 lsraeli
2862 3150 3274 3206 aemulationem
3331 3148 3620 3206 conversionis

437 3239 644 3305 carnis,
701 3259 720 3291 ι
771 3244 864 3297 sed
921 3245 1053 3300 vivit
1089 3263 1153 3302 ex
1184 3251 1388 3306 virtute
1441 3252 1536 3308 Dei
1568 3254 1635 3310 ³⁵.
1672 3274 1691 3307 ι
1727 3256 1853 3312 Huic
1883 3274 2019 3325 ergo

440 3330 652 3400 singula
704 3335 828 3403 quia
882 3351 987 3390 non
1026 3339 1445 3411 intelligibiliter
1494 3360 1859 3415 acceperunt,
1898 3367 2018 3420 quae

442 3425 684 3491 apposita
740 3437 870 3481 sunt
904 3429 985 3483 eis
1027 3433 1092 3484 ad
1144 3449 1387 3489 mensam
1433 3439 1695 3506 potentis,
1735 3442 2016 3495 scandali-

439 3511 551 3565 zati
602 3523 753 3578 sunt,
788 3524 842 3571 et
873 3519 989 3587 ipsa
1026 3537 1211 3577 mensa
1248 3524 1661 3594 Scripturarum
1703 3532 2016 3588 divinarum

439 3600 583 3657 facta
616 3616 700 3660 est
738 3609 818 3661 eis
846 3610 898 3664 in
929 3615 1274 3682 scandalum,
1307 3628 1363 3673 et
1393 3621 1678 3677 obscurati
1707 3636 1835 3678 sunt
1875 3627 2016 3682 oculi

441 3710 629 3750 eorum
666 3701 963 3754 secundum
991 3718 1053 3758 ea
1080 3720 1199 3774 qua:
1229 3722 1393 3777 supra
1417 3711 1676 3775 diximus,
1709 3724 1764 3768 et
1791 3716 2015 3770 dorsum

440 3802 628 3842 eorum
666 3803 951 3848 curvatum
987 3807 1071 3851 est
1105 3814 1320 3867 semper
1347 3800 1409 3855 ¹⁶.
1446 3800 1633 3871 Neque
1669 3806 1814 3860 enim
1844 3808 2018 3861 debe-

444 3887 567 3932 rent
595 3880 736 3935 ultra
771 3884 968 3938 coelum
999 3890 1267 3957 aspicere,
1316 3892 1412 3964 qui
1459 3892 1512 3948 in
1540 3905 1848 3951 creatorem
1891 3898 2014 3953 οωιί

445 3984 827 4038 peccaverunt,
874 3990 929 4030 et
974 3979 1024 4031 in
1075 3980 1362 4037 Dominum
1415 3985 1742 4055 majestatis.
1807 3987 1912 4043 Sed
1965 4000 2021 4045 et

446 4061 742 4132 unicuique
773 4075 1018 4121 nostrum
1048 4073 1347 4127 verendum
1390 4084 1472 4129 est
1507 4090 1576 4128 ne
1602 4076 1743 4132 forte
1770 4078 1885 4134 hanc
1933 4081 2018 4134 di—

440 4151 693 4206 vinorum
730 4158 1019 4211 verborum
1050 4175 1258 4222 mensa.
1293 4166 1358 4218 ad
1392 4181 1555 4234 quam
1590 4168 1840 4223 videmur
1882 4186 2010 4225 con-

441 4242 655 4298 sedisse
685 4254 746 4298 ut
774 4247 960 4301 cibum
992 4251 1143 4306 verbi
1173 4252 1267 4308 Dei
1303 4271 1400 4325 pro
1437 4259 1800 4327 possibilitate
1827 4274 2016 4317 suma-

447 4349 587 4400 mus,
625 4335 719 4389 liat
749 4340 801 4393 in
832 4339 1102 4409 laqueum.
1141 4347 1223 4399 vel
1251 4348 1307 4401 in
1342 4348 1784 4418 retributionem,
1842 4354 1925 4407 vel
1963 4356 2015 4409 itt

444 4429 790 4497 scandalum,
820 4434 865 4488 si
898 4452 1004 4489 non
1034 4437 1464 4511 intelligibiliter,
1489 4452 1545 4498 et
1572 4454 1630 4497 ut
1660 4444 1882 4514 dignum
1911 4457 2015 4515 est,

2122 3248 2379 3304 conferat
2402 3256 2459 3301 et
2486 3244 2703 3300 salutis.
2735 3243 3154 3299 Observandum
3203 3252 3383 3297 tamen
3418 3251 3505 3306 est,
3524 3240 3618 3309 quod

2124 3343 2272 3399 aliud
2303 3341 2455 3413 ponit
2483 3338 2682 3393 Paulus
2713 3338 2827 3410 (29)
2864 3335 3140 3399 oll‘endere
3168 3352 3237 3391 ac
3271 3335 3563 3404 delinquere,
3588 3343 3621 3383 et

2122 3435 2266 3490 aliud
2310 3437 2505 3488 cadere
2544 3450 2559 3486 :
2599 3440 2655 3486 et
2699 3429 2986 3486 otl‘ensioni
3018 3430 3242 3498 quidem
3290 3428 3372 3482 vel
3397 3427 3621 3481 delictore-

2124 3527 2367 3581 medium
2421 3524 2574 3594 ponit
2600 3544 2614 3578 λ
2642 3522 2910 3577 cecidisse
2959 3531 3143 3575 autem
3175 3536 3294 3586 eos,
3325 3519 3466 3589 quasi
3494 3517 3621 3583 despe-

2123 3622 2262 3675 ratio
2300 3621 2352 3673 in
2390 3620 2494 3673 hoc
2542 3619 2614 3672 sit
2668 3617 2874 3685 aliqua,
2929 3630 3035 3669 non
3088 3616 3310 3686 recipit.
3356 3613 3481 3668 Dicit
3513 3604 3621 3681 635

2119 3716 2264 3767 enim
2314 3732 2328 3768 :
2379 3729 2399 3763 ι
2433 3710 2685 3780 Nunquid
2735 3711 2816 3765 sic
2866 3706 3238 3775 oﬂenderuut,
3302 3717 3358 3761 ut
3403 3702 3619 3759 caderent?

2121 3806 2297 3861 Absit.
2331 3804 2437 3858 Sed
2473 3803 2685 3856 illorum
2726 3802 2924 3855 delicto
2950 3799 3097 3854 salus
3129 3801 3402 3869 gentibus.
3433 3816 3448 3847 ι
3492 3794 3541 3848 Et
3570 3800 3620 3843 est

2123 3900 2320 3951 mirum
2355 3900 2625 3967 quomodo
2657 3897 2710 3950 in
2740 3902 2821 3949 tot
2849 3903 2904 3947 ct
2932 3894 3137 3948 talibus
3174 3909 3297 3963 qua:
3324 3896 3385 3946 de
3405 3891 3476 3946 eis
3498 3887 3617 3942 omnis

2124 3989 2378 4055 Epistula:
2412 3998 2592 4040 textus
2633 3987 2878 4054 exponit,
2908 3986 3177 4039 cecidisse
3211 3996 3386 4037 tamen
3411 3995 3493 4034 eos
3516 3986 3618 4046 negti

2120 4075 2439 4142 Apostolus.
2483 4074 2590 4128 Sed
2641 4073 2860 4126 videtur
2908 4073 3039 4126 mihi
3077 4073 3226 4142 quod
3249 4071 3439 4127 Paulus
3459 4066 3615 4124 cadendi

2121 4166 2458 4222 tliﬂ‘erentias
2518 4167 2660 4222 bene
2706 4168 2941 4232 noverit,
2986 4177 3041 4222 et
3090 4165 3243 4221 aliud
3290 4166 3616 4220 sciatesseca-

2120 4260 2270 4323 dere,
2317 4261 2617 4314 secundum
2647 4261 2781 4315 illud
2815 4260 2958 4329 quod
2985 4261 3256 4328 scriptum
3280 4268 3395 4313 est:
3430 4274 3446 4308 t
3472 4255 3614 4320 Sept"!

2120 4350 2503 4419 cadctjustus,
2538 4363 2595 4406 et
2634 4363 2883 4424 resurget
2925 4356 3072 4418 "°'°;
3104 4376 3123 4407 ι
3149 4364 3207 4410 et
3233 4353 3463 4406 iterum:
3505 4342 3612 4397 (Νι)ιὲ

2125 4445 2258 4497 mihi
2290 4445 2579 4511 insultare,
2610 4446 2827 4501 inimica
2854 4462 2997 4511 mea,
3028 4446 3156 4515 quia
3189 4444 3359 4499 cecidi
3385 4461 3398 4495 :
3425 4449 3473 4495 et
3499 4449 3613 4492 resur-

449 4521 684 4577 tnuudos
707 4538 774 4577 ex
814 4539 900 4590 ea,
929 4539 984 4582 et
1020 4546 1183 4598 puros
1211 4507 1273 4586 ac
1307 4534 1582 4601 spiritales
1603 4537 1755 4592 cibos
1797 4539 2016 4608 sapicn-
2052 4507 2094 4562 Β
2126 4555 2249 4608 gum
2273 4541 2317 4571 “
2347 4557 2362 4605 ;
2398 4559 2417 4592 ι
2454 4550 2508 4596 et
2522 4543 2817 4597 secundum
2843 4542 2988 4611 quod
3013 4539 3285 4594 Jeremias
3305 4537 3425 4592 dicit
3448 4552 3460 4588 :
3484 4551 3499 4584 ι
3522 4529 3611 4583 Nun-

447 4610 539 4664 tia:
572 4617 853 4683 capiamus
886 4631 903 4670 :
946 4620 1110 4674 etiam
1141 4622 1269 4677 illud
1303 4627 1512 4693 pariter
1550 4628 1904 4684 observantes
1948 4645 2017 4684 ne

515 4743 557 4774 “
589 4744 746 4830 Prgv.
772 4752 1057 4830 xAx_ttt,_l_.__
1085 4755 1126 4785 "
1148 4754 1346 4830 Matth.
1388 4773 1528 4830 ιιιςιι,
1552 4759 1622 4812 42
1650 4775 1772 4830 sqq.

2126 4631 2256 4700 quid
2292 4632 2388 4702 qni
2422 4634 2590 4699 cadit,
2625 4648 2731 4688 non
2767 4633 2989 4703 adjiclet
3036 4641 3093 4685 ut
3147 4628 3430 4699 resurgat?
3466 4616 3609 4688 autqui

1854 4761 1898 4793 ²⁸
1942 4759 2017 4816 Jo:

2130 4779 2179 4829 v,
2212 4764 2300 4818 45.
2380 4764 2424 4796 “
2450 4762 2604 4820 Jonn.
2630 4780 2727 4823 xu.
2752 4764 2843 4818 54.
2923 4764 2967 4796 ⁸⁸
2996 4762 3034 4817 ll
3056 4763 3178 4818 Cor.
3201 4777 3318 4828 xui,
3344 4760 3395 4814 4.
3460 4758 3496 4788 ¹⁶
3517 4750 3608 4808 Psal.

439 4828 632 4880 vaut,
659 4817 753 4884 25,
788 4820 877 4875 24.
944 4823 986 4853 ¹⁷
1011 4823 1199 4880 Matth.
1229 4843 1363 4893 χχιι,
1400 4828 1485 4881 12.
1516 4817 1525 4823 ⁷
1554 4831 1597 4862 ’⁸
1621 4817 1780 4886 Ro'n't.
1802 4845 1879 4897 χι,
1901 4833 1989 4899 il,

2168 4817 2301 4868 ἰνοίθ
2331 4817 2488 4890 Prov.
2520 4850 2672 4900 xxiv,
2703 4817 2788 4890 l6.
2862 4835 2905 4863 ’³
2935 4817 3215 4898 Μὶεὶιίνιι.
3242 4842 3290 4892 8-

511 4932 624 5020 (20)
651 4935 1266 5020 Alias,_¢_comt_nonuit,
1293 4961 1310 4990 ι
1342 4943 1460 5010 (aL,
1497 4963 1517 4996 ι
1559 4947 1826 5020 monuit);
1858 4949 2016 5008 Salo-

445 5008 748 5076 moniquod
779 5008 1209 5076 intelligibiliter,
1254 5031 1273 5064 ι
1308 5008 1414 5068 etc.

513 5073 624 5154 (21)
670 5075 836 5143 Editi,
883 5096 902 5129 ε
957 5073 1059 5154 hoc
1106 5073 1227 5146 est,
1276 5084 1592 5154 spiritaliter
1642 5085 1881 5143 facturus
1926 5100 2014 5146 est

440 5143 710 5218 Christus,
733 5151 1176 5218 etprophetatus
1194 5143 1279 5207 est
1306 5143 1586 5210 Christus.
1625 5175 1644 5207 ι
1682 5159 1883 5214 Deinde
1911 5143 2012 5215 ms.

442 5214 992 5296 nnusRegius'nut'n.
1024 5219 1183 5288 i659,
1208 5238 1513 5296 perperam,
1555 5245 1573 5278 ι
1603 5227 1705 5294 Qui
1741 5245 1848 5285 non
1881 5214 2017 5286 tedi-

432 5288 623 5341 bcavit
650 5302 798 5351 vere,
843 5307 861 5339 ι
901 5299 1008 5344 etc.

656 5357 752 5411 Ms.
774 5358 974 5438 Segius
1002 5378 1153 5438 num.
1175 5363 1559 5432 1659,0mittit
1589 5384 1608 5418 t
1643 5382 1709 5422 ex
1740 5370 1959 5438 quibus.
1995 5391 2014 5424 ι

446 5427 585 5481 ιῦιιίιὶ
640 5443 769 5508 vero
805 5432 1030 5508 habent,
1081 5453 1100 5485 (
1141 5435 1192 5487 in
1225 5427 1443 5504 quibus;
1486 5455 1507 5489 ι
1560 5447 1615 5493 et
1655 5427 1865 5508 postea,
1898 5459 1919 5494 ι
1963 5453 2022 5497 ιιι

446 5507 725 5569 convertat
752 5502 1148 5569 captivitatem,
1190 5523 1209 5554 ι
1242 5502 1350 5561 etc.

511 5567 624 5638 (25)
654 5566 834 5638 Ergo.‘
849 5571 1007 5627 Deest
1031 5576 1082 5628 in
1108 5574 1291 5631 editis.

512 5632 625 5709 (24)
660 5632 796 5711 Sede
843 5658 877 5695 α
929 5644 1130 5699 dextris
1179 5649 1331 5708 meis.
1363 5647 1491 5704 Haec
1532 5647 1921 5711 desiderantur
1968 5652 2021 5706 itt

442 5718 603 5759 antea
631 5710 812 5766 editis.

514 5775 629 5847 (25)
668 5776 767 5836 Ms.
787 5779 990 5853 Regius
1016 5801 1166 5846 nunt.
1198 5786 1357 5858 1669,
1396 5807 1416 5842 ι
1449 5767 1800 5858 ρυοιαιιοιῖιι
1827 5792 1967 5854 leae.
1997 5811 2020 5847 ι

2108 4947 2440 5025 sic-.5199»
2481 4965 2500 4998 ε
2537 4946 2861 5025 Quicunque
2890 4962 2987 5016 ρον
3020 4947 3406 5025 ἕξειὲεηςκιάισ-

2198 5017 2310 5088 (26)
2347 5018 2439 5072 Sic
2473 5012 2577 5088 ms.
2604 5012 2808 5087 Regius
2838 5012 2988 5071 num.
3015 5016 3174 5088 5639.
3209 5012 3345 5070 Editi
3382 5023 3506 5067 vero.
3532 5017 3606 5088 tae

2123 5080 2309 5161 corde,
2333 5106 2357 5161 _i
2391 5080 2905 5161 etc.‘l_dss._quidam
2931 5097 2987 5161 et
3013 5086 3289 5149 Rabahus,
3322 5100 3341 5134 ι
3368 5090 3416 5161 et
3441 5080 3604 5161 corde.)

2121 5169 2229 5215 etc.
2252 5145 2456 5212 Deinde
2481 5158 2640 5211 iidem
2668 5145 2889 5223 habent,
2916 5158 3077 5222 alius,
3106 5175 3125 5207 ι
3155 5167 3248 5212 aut
3271 5145 3602 5224 speciemnalii.

2126 5248 2145 5282 ι
2186 5239 2241 5283 et
2268 5229 2677 5296 speciem,ietc.
2704 5228 2861 5284 Male.

2188 5285 2312 5368 (27)’
2335 5285 2798 5372 δίεὲοιιιιιθελιιιεε.
2830 5298 3022 5372 nostri.
3047 5297 3188 5353 Editi
3207 5310 3347 5361 vero,
3390 5312 3408 5346 ‹
3429 5285 3606 5372 ξιοριεξ

2122 5365 2205 5423 tas
2268 5365 2359 5434 qui
2418 5369 2486 5423 de
2539 5368 2782 5423 catcitate
2844 5369 3156 5438 ipsorum...
3217 5377 3269 5424 et
3328 5365 3600 5421 retributione

2123 5439 2363 5493 scandali
2398 5439 2784 5507 pra‘dixeraut.
2826 5458 2846 5491 ι
3414 5504 3425 5507 _
3538 5494 3575 5507 Α,

2195 5507 2307 5581 (28)
2354 5504 2423 5563 Ui
2454 5508 2614 5581 ίιίοξ,
2659 5510 2850 5580 inquit,
2888 5506 3377 5581 temulentumﬂgc
3399 5504 3547 5559 desunt
3564 5504 3598 5581 ut

2123 5560 2309 5643 cuius:
2345 5560 2478 5635 an.
2513 5560 2946 5649 siet-aadd...
2965 5560 3022 5633 et
3050 5560 3189 5649 apud
3208 5560 3218 5562 “
3236 5560 3478 5633 mm...
3503 5584 3514 5620 :
3536 5560 3598 5619 sed

2129 5652 2493 5730 t'testituuutttr
2521 5666 2589 5704 ex
2606 5667 2717 5730 ins.
2745 5650 2911 5730 Regio
2943 5664 3093 5730 num.
3122 5650 3280 5730 16.39.

2201 5720 2313 5795 (29)
2346 5720 2578 5779 Paulus.
2605 5720 2769 5777 Deest
2805 5721 2858 5776 in
2889 5728 3050 5776 antea
3076 5719 3256 5775 editis.
