3692 6138
448 269 589 327 1187

1912 268 2234 328 ORIGENIS
3506 281 3587 338 "Si

451 403 552 444 nes
579 388 759 443 mundi
782 388 1069 459 appellatio
1093 387 1329 444 refertur
1361 405 1376 440 :
1412 375 1616 443 idcirco
1648 388 1841 457 repetit
1869 388 2011 458 Apo-
2048 398 2093 452 Α
2120 389 2217 444 bus
2244 391 2601 455 crediderant,
2629 392 2790 448 dicit:
2816 411 2833 444 ι
2860 390 3024 449 Vobis
3049 391 3202 447 enim
3230 392 3344 448 dico
3369 396 3586 460 gentibus.

451 481 642 546 stolus,
672 491 726 536 et
752 480 1096 537 manifestius
1125 481 1179 535 in
1215 495 1324 550 quo
1354 480 1554 534 dixerit
1585 479 1842 535 mundum
1871 481 2017 536 desi-

449 582 600 644 gnat.
621 573 714 628 Ait
741 573 884 627 enim
913 588 925 624 :
964 591 982 623 ι
1015 573 1083 627 Et
1107 572 1395 626 diminutio
1425 571 1536 642 (47)
1565 587 1752 627 corum
1772 612 1788 636 ,
1816 572 2019 627 divitize

447 664 712 732 gentium.
760 683 780 716 ι
815 663 967 730 Quod
1016 663 1162 718 enim
1196 663 1300 716 illis
1338 664 1427 732 qui
1460 662 1804 719 oﬂ'enderunt
1855 664 2017 718 dimi-

451 762 639 807 nutum
666 764 749 808 est
773 764 827 809 et
847 755 1109 821 ablatum,
1141 755 1207 806 ad
1235 754 1457 809 divitias
1491 757 1729 824 gentium
1760 754 2019 809 collatum

449 854 554 908 est,
586 846 676 912 qui
706 860 801 915 per
824 846 979 900 ﬁdem
997 862 1122 915 pars
1149 847 1357 902 Domini
1375 857 1431 901 et
1461 849 1743 902 haereditas
1768 848 1887 916 ejus
1908 848 2018 918 (48)

457 931 635 987 ρίΐθειί
662 944 810 989 sunt.
840 935 985 990 Bene
1026 945 1206 990 autem
1241 937 1307 990 ad
1341 937 1755 991 diminutionem
1788 938 2021 992 reddidit

448 1024 859 1093 plenitudinem.
906 1035 957 1080 et
991 1043 1095 1080 non
1125 1029 1244 1082 sine
1285 1028 1551 1097 profundo
1581 1031 1817 1098 quodam
1857 1045 2018 1084 sensu

451 1124 704 1191 populum
747 1123 911 1178 Israel
946 1124 1144 1180 Paulus
1183 1124 1571 1194 plenitudinem
1607 1132 1780 1176 vocat.
1811 1119 1868 1173 In
1913 1137 2020 1188 quo

449 1230 551 1286 ego
581 1233 679 1285 pro
718 1216 926 1270 viribus
969 1217 1103 1270 meis
1144 1215 1250 1269 tale
1289 1214 1494 1283 aliquid
1535 1211 1820 1280 intelligo:
1865 1210 2020 1264 Nunc

451 1308 670 1374 quidem
713 1307 884 1361 donec
918 1322 1109 1361 omnes
1148 1315 1335 1377 gentes
1388 1306 1613 1358 veniunt
1661 1304 1728 1356 ad
1763 1302 2018 1365 salutem,

450 1409 857 1468 congregantur
884 1398 1083 1453 divitiae
1116 1399 1208 1453 Dei
1240 1414 1304 1452 ex
1340 1396 1677 1451 credentium
1716 1393 2020 1448 multitudi-

451 1504 519 1543 ne
554 1506 570 1542 :
607 1490 699 1543 sed
722 1490 891 1543 donec
915 1488 1079 1543 Israel
1108 1491 1160 1542 in
1191 1489 1568 1543 incredulitate
1599 1484 1861 1554 persistit,
1886 1498 2020 1536 non-

447 1580 577 1637 .durn
614 1581 890 1648 plenitudo
924 1582 1189 1649 portiouis
1241 1581 1452 1635 Domini
1495 1581 1704 1633 dicetur
1746 1576 1858 1649 (49)
1899 1591 2020 1631 esse

450 1672 740 1741 completa.
783 1670 938 1724 Deest
963 1672 1107 1724 enim
1155 1675 1220 1725 ad
1260 1674 1526 1741 integrum
1560 1669 1792 1739 populus
1829 1666 2015 1721 Israel.

2119 480 2257 543 Quid
2280 494 2411 550 ergo
2449 482 2596 537 dicat
2644 485 2894 553 gentibus
2926 482 3485 550 videamus.rQuaudin
3519 496 3590 556 qui-

2120 570 2240 623 dem
2273 585 2371 636 ego
2416 587 2557 636 sum,
2594 573 2792 641 inquit,
2831 573 3116 641 apostolus
3156 572 3404 637 gentium,
3432 575 3591 631 ministe-

2121 660 2261 713 rium
2301 678 2478 715 meum
2504 664 2871 729 illustrabo,si
2890 679 3000 732 quo
3031 662 3199 716 modo
3231 663 3281 715 in
3308 664 3592 722 mutilationem

2122 749 2408 803 immittam
2451 767 2670 807 carnem
2705 767 2902 816 meam,
2953 761 3007 806 et
3034 751 3232 805 salvos
3260 749 3438 803 faciam
3463 756 3595 822 aliqua

2121 857 2183 895 ex
2221 842 2350 896 illis.
2388 862 2406 892 ι
2452 844 2601 898 Dicet
2634 844 2831 910 aliquis
2862 861 2877 897 :
2910 844 3066 910 Quod
3098 844 3205 904 ait,
3246 862 3265 894 ι
3302 841 3508 909 Quandiu
3537 866 3595 916 ego

2124 948 2242 986 sum
2297 936 2572 1000 apostolus
2626 937 2888 1004 gentium,
2929 954 2947 986 ι
2982 936 3086 989 hoc
3121 936 3339 988 videtur
3380 938 3596 1000 ostendere,

2124 1026 2266 1091 quod
2297 1040 2399 1076 non
2431 1040 2643 1093 semper
2673 1026 2778 1079 erit
2812 1027 3088 1094 apostolus
3110 1025 3387 1094 gentium;
3417 1026 3492 1079 sed
3509 1044 3598 1079 ron:-

2120 1115 2261 1180 pleto
2288 1115 2610 1179 ministerio,
2654 1116 2881 1169 aliorum
2914 1115 3295 1185 quorumlibet
3330 1116 3600 1182 apostolussit

2121 1204 2353 1259 futurus.
2389 1206 2496 1260 Sed
2524 1217 2783 1274 quantum
2835 1216 2890 1260 et
2931 1221 2999 1260 ex
3036 1206 3218 1275 ipsius
3247 1206 3598 1269 sermonibus.et

2119 1311 2183 1350 ex
2234 1312 2413 1352 rerum
2466 1311 2742 1368 gesmrnm
2793 1299 3006 1352 ratione
3031 1297 3596 1365 coiligitur,quandiuu

2122 1389 2224 1443 hoc
2278 1390 2478 1443 nnmdo
2529 1388 2650 1454 fuit,
2706 1390 3073 1457 permansisse
3136 1387 3193 1441 in
3245 1388 3349 1441 tide
3378 1398 3425 1442 et
3452 1389 3598 1442 veritate

2121 1480 2400 1548 apostolus
2435 1480 2678 1549 gentium
2724 1482 3135 1547 comprobatur.
3194 1477 3334 1545 Quid
3374 1492 3479 1547 ergo
3513 1481 3595 1532 dies

2122 1584 2241 1622 ntus
2258 1568 2281 1619 ?
2300 1568 2699 1638 Nunquidnam,
2736 1579 2988 1638 tanquam
3012 1583 3215 1624 servus
3236 1569 3397 1622 bonus
3416 1578 3460 1623 et
3475 1569 3599 1629 ﬁdelis.

2121 1661 2212 1728 qui
2263 1661 2315 1713 in
2368 1661 2558 1730 paucis
2604 1661 2781 1715 fuerat
2823 1660 2998 1716 ﬁdelis
3043 1660 3115 1727 ⁵ο,
3173 1660 3375 1715 sciebat
3418 1674 3466 1713 se
3501 1675 3601 1729 super

449 1735 591 1818 Cum
601 1778 728 1818 vero
740 1763 1011 1831 plenitudo
1032 1764 1269 1832 gentium
1288 1735 1767 1818 subirrtraverit".
1788 1771 1841 1815 et
1862 1757 2022 1814 Israel
2053 1735 2096 1791 Β
2126 1750 2290 1804 multa
2326 1753 2766 1806 constituendum
2785 1793 2801 1816 ,
2828 1762 2883 1806 et
2913 1752 3227 1821 apostolum
3256 1750 3473 1805 futurum
3496 1753 3597 1805 etiam

454 1854 508 1908 in
528 1854 822 1908 novissimo
850 1864 1090 1924 tempore
1119 1870 1214 1924 per
1238 1855 1397 1909 ﬁdem
1436 1851 1641 1907 venerit
1670 1853 1735 1904 ad
1764 1850 2019 1914 salutem,

450 1946 567 2014 ipse
594 1945 697 1999 erit
724 1945 952 2015 populus
990 1947 1080 2015 qui
1114 1946 1264 2015 prior
1292 1945 1514 2015 quidem
1546 1942 1758 2008 fuerat;
1797 1941 1891 1996 sed
1921 1955 2021 1996 no-

449 2039 707 2093 vissimus
729 2037 953 2093 veniens
981 2037 1152 2107 ipsam
1178 2033 1579 2105 quodammodo
1606 2031 1940 2091 haereditatis
1965 2039 2022 2085 et

448 2130 718 2199 portionis
755 2128 967 2183 Domini
1018 2125 1408 2196 plenitudinem
1442 2124 1739 2194 complebit
1785 2120 1920 2194 (50).
1953 2122 2021 2176 Ει

453 2221 574 2274 ideo
601 2237 621 2271 ι
654 2219 932 2288 plenitudo
954 2236 981 2271 θ
1013 2216 1348 2286 appellatur,
1397 2215 1522 2284 quia
1554 2214 1698 2283 quod
1744 2213 1933 2269 deerat
1965 2213 2018 2266 in

450 2309 699 2377 portione
734 2307 848 2371 Dei,
888 2307 939 2359 in
974 2305 1284 2359 novissimis
1324 2305 1440 2372 ipse
1473 2303 1773 2372 complebit
1805 2319 1819 2354 :
1862 2313 1919 2356 et
1946 2302 2019 2356 ita

448 2399 836 2467 omnipotentis
851 2407 906 2453 et
933 2396 1058 2452 boni
1089 2396 1180 2450 Dei
1209 2397 1542 2466 dispensatio
1574 2395 1766 2449 delicta
1791 2394 2019 2447 aliorum

447 2487 721 2545 fructuosa
753 2489 872 2542 aliis
893 2487 1074 2550 efﬁcit,
1103 2487 1244 2542 sicut
1272 2487 1323 2540 in
1348 2486 1603 2556 praesenti
1634 2486 1828 2541 delicta
1853 2484 2019 2543 lsrael

449 2580 673 2639 divitias
718 2579 903 2635 mundi
939 2579 1085 2642 facit,
1122 2587 1177 2633 et
1213 2578 1623 2633 diminutionem
1658 2594 1846 2635 eorum
1880 2578 2021 2633 divi-

452 2673 555 2731 tias
593 2672 854 2741 gentium.
901 2669 1017 2724 iam
1063 2686 1192 2723 sane
1231 2669 1274 2724 si
1308 2681 1363 2724 et
1410 2686 1474 2725 ex
1513 2671 1756 2740 gentium
1808 2669 2019 2724 delictis

448 2779 571 2831 qua:
615 2766 924 2818 necessario
955 2763 1294 2832 delinquunt,
1333 2764 1437 2816 tale
1469 2762 1671 2832 aliquid
1708 2762 1870 2816 faciat
1899 2779 2016 2816 our-

447 2855 595 2908 nium
610 2855 970 2925 dispensator,
992 2866 1045 2908 et
1064 2854 1338 2923 aliquibus
1352 2870 1417 2913 ex
1433 2855 1512 2907 cis
1522 2855 1738 2907 divitias
1753 2854 2016 2920 conferat,

448 2960 516 3001 ne
545 2946 645 3001 hoc
689 2950 842 3015 quasi
874 2947 1107 3017 speciale
1130 2945 1503 3001 solius-|srael
1534 2945 1702 3000 fuisse
1734 2946 2013 3019 videatur,

447 3035 542 3089 sed
585 3037 810 3104 a-quitas
853 3038 991 3105 apud
1034 3034 1239 3103 justum
1282 3043 1338 3090 et
1382 3034 1582 3089 bonum
1635 3035 1804 3089 Deum
1857 3050 2018 3105 super

447 3123 699 3182 omnibus
740 3128 1024 3191 habeatur,
1057 3126 1222 3181 etiam
1272 3135 1328 3180 tu
1371 3127 1511 3195 apud
1535 3127 1888 3197 Itemetipsum
1928 3128 2021 3197 qui

445 3218 602 3290 legis,
638 3221 903 3288 requirite
931 3218 1066 3291 (5|).

520 3312 607 3365 10.
644 3330 664 3361 ι
700 3312 859 3366 Vobis
888 3312 1029 3363 enim
1058 3310 1180 3363 dico
1210 3311 1461 3379 gentibus
1490 3325 1502 3361 :
1533 3310 1779 3377 Quautliu
1804 3311 2019 3380 quidem

445 3418 550 3473 ego
574 3419 691 3457 sum
730 3402 1000 3472 apostolus
1027 3402 1284 3471 gentium,
1325 3403 1682 3457 ministerium
1738 3418 1913 3457 meum
1954 3404 2020 3455 il-

452 3491 718 3558 lustrabo,
744 3494 785 3547 si
804 3507 909 3562 quo
960 3494 1118 3545 modo
1140 3493 1191 3544 in
1206 3492 1600 3547 aemulationem
1616 3492 2019 3564 immittam(52)

447 3601 665 3641 carnem
698 3602 894 3652 meum,
928 3596 984 3640 et
1005 3587 1183 3639 salvos
1214 3584 1413 3638 faciam
1443 3584 1658 3655 aliquos
1685 3602 1751 3639 ex
1784 3585 1908 3640 illis.
1957 3584 2015 3639 Si

446 3681 593 3732 enim
621 3679 843 3734 amissio
884 3693 1070 3732 eorum
1117 3677 1490 3731 reconciliatio
1535 3687 1616 3731 est
1655 3679 1859 3741 mundi,
1897 3695 2019 3748 qua:

448 3781 531 3826 est
563 3771 883 3840 assumptio,
927 3770 1029 3825 nisi
1064 3770 1172 3829 vita
1199 3786 1265 3822 ex
1306 3769 1623 3823 mortuis"?
1651 3787 1668 3821 ι
1695 3769 1847 3824 Sicut
1877 3786 2019 3839 srepe

447 3864 854 3919 observavimus
908 3865 959 3916 in
1008 3864 1112 3918 hac
1166 3861 1404 3931 Epistola
1461 3862 1682 3919 Paulum
1725 3863 2016 3932 aliquando

449 3971 548 4025 pro
576 3955 793 4019 Judreis,
822 3954 1110 4025 aliquando
1150 3969 1251 4023 pro
1284 3954 1561 4022 gentibus,
1592 3954 1860 4007 interdum
1890 3970 2016 4006 vero

449 4048 515 4101 ad
549 4049 774 4101 alterum
812 4046 1024 4106 horum,
1063 4045 1148 4099 vel
1183 4044 1251 4099 ad
1279 4056 1567 4113 utrumque
1602 4044 1781 4097 facere
1808 4060 2016 4099 sermo-

449 4149 591 4197 nem,
630 4136 769 4190 sicut
789 4150 911 4190 cum
938 4135 1178 4197 dicebat,
1205 4153 1223 4185 ι
1262 4134 1319 4188 Si
1350 4147 1529 4189 autem
1586 4144 1638 4188 tu
1668 4133 1890 4188 Judzcns
1921 4152 2014 4189 co-

449 4228 783 4297 gnominaris
810 4227 879 4292 ³⁸,
911 4246 929 4278 ι
970 4226 1126 4293 quasi
1158 4226 1223 4278 ad
1259 4224 1502 4280 Judaeum
1543 4226 1797 4293 loquensr
1828 4236 1883 4279 et
1915 4226 2015 4277 ite-

449 4334 591 4383 rum,
621 4337 639 4370 ι
676 4317 858 4372 Iudaeo
890 4320 1146 4387 primum,
1187 4328 1242 4374 et
1270 4317 1462 4373 Grmco
1482 4320 1549 4383 ³⁹,
1588 4338 1607 4371 ι
1651 4322 1872 4387 loquens
1897 4317 2011 4387 (5‘3)

2122 1851 2243 1911 post
2265 1842 2467 1896 exitum
2499 1856 2657 1896 suum
2686 1859 2791 1896 non
2812 1842 2986 1897 solum
3016 1843 3393 1913 gentium,sed
3410 1841 3600 1895 etlsraeb

2123 1944 2321 1997 tarum,
2353 1942 2408 1988 et
2439 1934 2668 1988 aliorum
2699 1934 2946 1988 fortassis
2978 1934 3352 2000 invisibilinm,
3380 1934 3439 1987 ibi
3462 1935 3525 1987 ubi
3545 1935 3597 1989 ι»

2122 2028 2378 2081 nedicnnt
2410 2028 2643 2096 spiritus
2674 2037 2725 2080 et
2754 2028 2948 2082 animm
2989 2029 3271 2097 jnstorum
3322 2027 3597 2087 Dominum“,

2122 2117 2381 2188 hymnum
2413 2118 2621 2184 dicunt,
2669 2127 2723 2171 et
2761 2119 3177 2188 superexaltant
3219 2133 3340 2172 eum
3376 2119 3422 2171 in
3446 2118 3599 2172 sarcula?

2120 2210 2202 2262 An
2223 2209 2401 2276 potius
2423 2208 2745 2279 simpliciter
2772 2211 2974 2264 dictum
3000 2209 3113 2282 (54)
3133 2209 3388 2264 debemus
3411 2211 3598 2276 accipere.

2127 2319 2145 2350 ι
2181 2300 2428 2367 Quandin
2461 2316 2560 2369 ego
2609 2316 2726 2355 sum
2784 2302 3062 2370 apostolus
3117 2302 3389 2370 gentium,
3416 2318 3434 2352 ι
3456 2300 3601 2354 sirutet

2122 2394 2380 2448 Dominus
2406 2394 2471 2447 ad
2500 2394 2775 2463 apostolos
2797 2395 2961 2448 dicit:
2991 2415 3009 2446 ι
3043 2395 3107 2448 Et
3140 2411 3271 2449 ecce
3290 2409 3383 2463 ego
3408 2394 3599 2446 vobiscum

2120 2504 2240 2542 sum
2259 2488 2506 2541 omnibus
2522 2488 2733 2552 diebus,
2763 2504 2932 2556 usque
2950 2489 3015 2542 ad
3037 2486 3521 2542 consummationem
3538 2501 3597 2538 se-

2120 2581 2225 2635 culi
2253 2580 2338 2634 ιιι
2368 2599 2386 2631 ι
2423 2596 2529 2635 non
2556 2582 2700 2650 quod
2748 2581 2896 2635 dicat
2916 2596 2974 2634 se
3011 2588 3137 2649 post
3167 2578 3595 2633 consummatum:

2119 2673 2299 2727 saeculi
2345 2688 2450 2728 non
2478 2672 2717 2727 futurum
2747 2688 2868 2727 cum
2897 2673 2998 2735 eis,
3029 2673 3125 2726 sed
3161 2683 3222 2726 ut
3272 2671 3532 2725 ostenderet
3564 2684 3595 2722 se

2120 2781 2396 2834 nunquam
2424 2766 2493 2821 ab
2534 2768 2617 2821 eis
2664 2766 3056 2830 discessurum,
3085 2785 3103 2816 ι
3151 2780 3324 2834 usque
3352 2764 3409 2816 ad
3431 2778 3595 2816 consua-

2123 2859 2420 2913 mationem
2453 2859 2634 2912 saeculi
2671 2877 2690 2911 ι
2720 2858 2894 2924 dixit;
2924 2858 2995 2912 ita
3026 2869 3084 2912 et
3123 2856 3421 2924 Apostolus,
3447 2874 3462 2906 ι
3490 2856 3599 2917 Quat-

2119 2949 2210 3004 diu
2237 2964 2337 3017 ego
2364 2964 2483 3007 sum
2511 2950 2809 3018 apostolus,
2854 2969 2873 3003 ι
2905 2950 3106 3004 dixisse
3151 2949 3266 3019 (55)
3290 2964 3380 3017 pro
3404 2956 3594 3013 temperet

2121 3042 2233 3098 sine
2256 3042 2380 3111 ﬁne.
2424 3042 2554 3113 Quae
2585 3051 2766 3121 autem
2802 3059 2870 3097 cx
2914 3053 3146 3112 utraque
3176 3042 3339 3109 recipi
3368 3040 3519 3093 debeat
3537 3053 3592 3091 et-

2125 3135 2336 3204 positio,
2375 3135 2736 3205 relinquimus
2765 3135 2989 3202 legentis
3027 3134 3280 3188 arbitrio.
3324 3130 3467 3202 igitur
3488 3144 3593 3196 quan-

2124 3227 2213 3279 diu
2241 3226 2520 3295 apostolus
2543 3238 2627 3279 est
2656 3226 2894 3295 gentium
2928 3224 3124 3279 Paulus
3158 3222 3592 3276 ministeriusunm

2124 3317 2400 3371 illustrare
2436 3332 2496 3372 se
2530 3317 2660 3371 dicit
2701 3333 2716 3371 :
2758 3327 2813 3370 et
2845 3316 2979 3385 quid
3020 3328 3127 3369 tam
3164 3318 3396 3387 dignum,
3427 3317 3593 3380 quarunt

2121 3409 2490 3477 unusquisque
2521 3408 2877 3463 ministerium
2905 3422 3060 3461 suum
3090 3407 3229 3478 (56),
3257 3406 3388 3475 quod
3424 3416 3499 3472 per
3535 3399 3589 3452 Dri

2121 3500 2515 3568 providentiam
2552 3500 2791 3568 suscipit,
2830 3498 3094 3554 exornet?
3128 3496 3368 3551 Exornat
3412 3497 3592 3546 autemet

2122 3586 2746 3642 illustratministerium
2796 3603 2974 3653 suum,
3030 3588 3122 3657 qui
3188 3590 3321 3641 bene
3374 3581 3592 3638 ministnl,

2120 3681 2257 3733 sicut
2289 3681 2600 3734 econtrario
2649 3682 2968 3734 dehonestat
3022 3678 3379 3733 ministerium
3404 3685 3536 3732 suum,
3560 3677 3592 3720 et

2119 3772 2354 3825 notabile
2378 3772 2527 3835 facit,
2562 3772 2727 3849 636
2749 3773 2837 3840 qni
2865 3772 3203 3842 negligenter
3231 3780 3285 3826 et
3315 3769 3495 3835 indigne
3527 3763 3588 3813 mi-

2118 3865 2456 3921 nistraverit.
2510 3865 2669 3919 Verbi
2722 3879 2906 3930 causa,
2957 3865 3012 3918 in
3070 3864 3368 3919 ministerio
3412 3854 3590 3912 Ecclesia

2123 3975 2141 4007 ι
2172 3957 2454 4022 diaconus,
2491 3956 2689 4025 inquit,
2723 3957 2817 4026 qui
2863 3957 3001 4012 bene
3031 3952 3428 4014 ministraverit.
3458 3948 3587 4000 ίιοηυω

2117 4043 2347 4112 gradum
2398 4043 2500 4098 sibi
2533 4045 2789 4114 acquirit,
2839 4055 2895 4101 et
2939 4043 3160 4098 multam
3217 4033 3587 4098 ﬁduciaminide

2115 4131 2243 4187 Jesu
2276 4135 2477 4188 Christi
2501 4135 2566 4189 “.
2606 4153 2624 4187 ι
2666 4135 2722 4189 Si
2755 4150 2882 4189 vero
2907 4152 3015 4190 non
3065 4138 3204 4190 bene
3254 4127 3585 4189 ministraverit;

2117 4227 2220 4280 hoc
2253 4236 2358 4289 est,
2391 4228 2435 4280 si
2460 4242 2564 4281 non
2581 4242 2639 4281 se
2664 4228 2822 4281 talem
2856 4228 3165 4281 exhibuerit
3186 4226 3384 4297 qualem
3410 4216 3585 4276 describit

2112 4317 2403 4386 Apostolus
2435 4317 2501 4383 “,
2556 4333 2800 4389 gravem,
2857 4335 2960 4374 non
3001 4319 3318 4389 bilinguern,
3362 4328 3449 4368 non
3480 4308 3584 4362 multa

449 4410 602 4475 quasi
627 4412 692 4463 ad
717 4422 1033 4479 utrumque;
1069 4412 1141 4464 ita
1172 4426 1314 4464 nunc
1339 4426 1465 4464 vero
1490 4399 1677 4479 aperte
1713 4413 1778 4462 ad
1802 4419 2012 4479 gentes,
2045 4427 2088 4481 ι)
2121 4410 2250 4464 vino
2299 4410 2573 4476 deditum,
2614 4427 2721 4465 non
2771 4414 2940 4481 turpis
2976 4413 3109 4467 lucri
3140 4412 3488 4480 appetitorem.
3528 4399 3580 4453 Sed

451 4497 552 4551 hoc
579 4510 661 4553 est
686 4500 752 4554 ad
783 4514 877 4555 eos
909 4502 1142 4554 maxime
1165 4503 1256 4569 qui
1296 4502 1349 4554 in
1381 4503 1513 4553 urbe
1545 4500 1716 4553 Roma
1743 4516 1806 4554 ex
1842 4499 2017 4569 genti-

520 4662 564 4692 ⁸⁸
590 4662 745 4716 Rom.
780 4677 854 4722 ιιι,
889 4662 977 4719 25.
1053 4664 1095 4693 ³⁷
1131 4663 1261 4715 ibid.
1290 4663 1354 4716 15
1382 4677 1531 4730 seqq.

452 4732 495 4764 δ’
529 4733 716 4787 Matth.
746 4747 936 4797 xxvrn,
964 4731 1064 4787 ‘20.
1140 4734 1187 4764 ⁴³
1216 4735 1231 4787 l
1258 4732 1399 4787 Tim.
1440 4732 1522 4794 ni,
1550 4732 1635 4784 15.
1698 4732 1890 4783 “ibid.
1923 4732 1976 4785 8.

523 4889 634 4965 (47)
676 4890 769 4945 Sic
803 4909 904 4948 ms.
937 4895 1136 4965 Regius
1165 4913 1312 4951 num.
1335 4895 1489 4951 1659.
1512 4885 1702 4948 theri
1725 4899 1852 4941 vero
1872 4901 2025 4951 mss.,

451 4961 705 5016 [labantis
739 4973 791 5015 et
811 4966 960 5027 editi,
993 4961 1180 5021 (“Haec
1210 4968 1514 5030 diminutio,
1548 4986 1566 5018 ι
1600 4976 1702 5019 etc.

521 5030 853 5106 (48)_Edi_ti,
889 5053 907 5085 ι
952 5052 1090 5104 ιμιίιε,
1132 5057 1150 5088 ι
1188 5049 1260 5099 et,
1306 5057 1323 5087 ι
1372 5038 1461 5104 qui
1520 5052 1616 5105 per
1666 5035 1829 5090 tidem
1884 5049 2013 5106 pars

454 5101 668 5177 Domini
689 5102 897 5177 ell'ecta
928 5101 1050 5177 sunt
1084 5108 1367 5162 lia-reditas
1391 5101 1534 5177 ejus;
1569 5127 1587 5158 ›

522 5170 633 5240 (49)
673 5172 841 5236 Alias,
874 5192 895 5225 ι
935 5176 1150 5230 dicitur.
1180 5196 1198 5228 ι

521 5242 630 5314 (at?)
667 5241 804 5314 ξ]άὶιί
828 5255 881 5297 et
912 5243 1189 5309 Rabanus,
1223 5265 1241 5298 ι
1276 5245 1562 5314 compleat,
1597 5264 1616 5298 ι
1645 5247 1808 5302 male.

524 5309 633 5386 (Si)
669 5309 917 5386 _l_ta_mss.
940 5316 1080 5369 Euiti
1116 5332 1262 5381 vero,
1295 5334 1313 5364 ι
1355 5309 1472 5368 at...
1507 5309 1638 5370 sane
1668 5316 1755 5370 ﬁet
1784 5332 1850 5371 ex
1877 5332 2012 5386 gen-

450 5380 806 5457 tiutn‘delictis
823 5400 948 5457 qua;
961 5380 1270 5440 necessario
1286 5386 1624 5454 delinquunt,
1643 5388 1751 5440 tale
1768 5380 1969 5455 aliquid
1994 5404 2007 5440 :

448 5452 685 5524 «minium
721 5452 864 5524 enirn
900 5456 1264 5524 dispensator,
1297 5469 1349 5510 et
1391 5452 1673 5523 aliquibus
1702 5471 1769 5511 ex
1804 5452 1884 5511 eis
1924 5458 2007 5510 di-

448 5523 606 5595 vitias
640 5522 1105 5595 confert:_neboc
1135 5526 1286 5595 quasi
1306 5522 1544 5594 spiritale
1562 5528 1728 5581 solius
1752 5527 2006 5580 lsrael....

451 5591 550 5642 ista
576 5591 836 5669 require.»
856 5591 1168 5669 Ms._liegins
1188 5591 1501 5669 primm—165,9
1522 5611 1804 5669 perperam
1825 5597 2004 5661 habet,

444 5673 616 5737 1110"
654 5666 778 5725 llum
829 5666 1078 5733 specialis
1126 5668 1262 5724 alius
1315 5667 1477 5723 lsrael
1511 5666 1681 5723 fuisse
1719 5667 1998 5738 videatur;

1630 4660 1674 4692 ⁸⁸
1697 4661 1854 4714 Rom.
1894 4676 1953 4722 ll,
1994 4661 2080 4715 17.

2122 4501 2407 4555 habentem
2449 4504 2764 4573 mysrerium
2792 4505 2916 4558 tidei
2962 4506 3015 4557 in
3040 4503 3362 4559 conscientia
3382 4506 3580 4569 pureum

2159 4662 2201 4694 ³⁸
2228 4662 2382 4716 Rom.
2424 4680 2459 4727 ι,
2487 4664 2573 4718 16.
2648 4664 2693 4695 ⁸⁰
2720 4664 3040 4729 Mattluxv,
3066 4662 3156 4718 23.
3253 4662 3292 4694 “
3319 4662 3432 4715 Dan.
3457 4647 3578 4709 "LSG.

2113 4893 2246 4959 sed;
2281 4911 2303 4945 ι
2330 4901 2527 4945 caatera
2561 4906 2690 4945 vero
2718 4900 2775 4943 ut
2806 4890 2859 4943 in
2894 4897 3065 4945 textu.

2154 5020 2157 5025 .
2194 4951 2306 5033 (δὲ)
2350 4963 2512 5025 Editi,
2541 4981 2561 5012 ι
2599 4960 2990 5026 bonoriticabo,
3018 4959 3063 5012 si
3094 4972 3205 5028 quo
3229 4956 3372 5010 modo
3396 4951 3449 5004 ad
3473 4958 3575 4999 autu-

2126 5035 2345 5088 landum
2376 5046 2681 5100 provocem,
2719 5050 2736 5082 ι
2766 5040 2871 5083 etc.
3168 5096 3182 5102 _
3426 5091 3436 5102 .

2191 5082 2904 5185 ίὸέιιιενηιςξ-ιξθειιιοιι
2955 5106 3008 5153 et
3059 5096 3220 5185 paulo
3271 5102 3379 5165 post
3420 5091 3491 5151 ita,
3524 5082 3575 5136 de

2117 5170 2332 5246 suntin
2353 5172 2550 5246 _editis,
2583 5181 2639 5246 e_t_
2667 5170 3027 5246 inplerisque
3058 5184 3193 5222 mss.

2343 5243 2574 5315 pictum.
2612 5237 2957 5315 Desideratttr
2981 5240 3035 5292 in
3060 5248 3221 5315 antea
3249 5237 3405 5291 editis.
3444 5293 3569 5315 πηλῷ,

2338 5296 2614 5386 Sit_1_tn_ss._,
2637 5320 2691 5364 et
2717 5310 2885 5386 editio
2913 5307 3133 5363 Veneta.
3158 5306 3427 5386 distantes

2117 5367 2294 5440 nn‘m.’
2328 5381 2463 5436 1659
2518 5367 2678 5435 habet
2710 5398 2729 5432 ι
2767 5379 2906 5432 dixit
2930 5398 2948 5429 ι
2986 5394 3083 5445 pro
3122 5395 3140 5429 ι
3173 5378 3377 5431 dixisse.
3404 5390 3419 5445 ι
3444 5367 3569 5420 Calen

2112 5471 2242 5509 vero
2272 5454 2425 5516 editi,
2462 5471 2480 5503 ι
2521 5451 2702 5506 saeculi
2730 5465 2745 5501 :
2777 5443 3000 5503 dicatur
3018 5449 3091 5503 ita
3124 5458 3180 5503 et
3218 5443 3567 5517 Apostolus.

2112 5528 2393 5595 dixisse.)
2423 5534 2527 5578 etc.
2576 5591 2603 5595 _
2785 5591 2796 5595 _
3001 5587 3013 5595 ,

2183 5574 2527 5667 (Sabatini.
2576 5591 2736 5649 Deest
2783 5591 2839 5646 in
2892 5587 3237 5654 librisantca
3284 5583 3413 5643 editis
3436 5576 3499 5634 hic
3534 5574 3563 5623 et

2111 5666 2161 5720 in
2173 5669 2246 5720 ira
2258 5668 2273 5721 .“
