3692 6138
78 290 226 348 1189

1013 296 1370 356 COMMENT.
1413 300 1483 356 IN
1521 299 1743 358 EPIST.
1780 302 1874 357 AD
1910 302 2084 362 ROM.
2120 304 2250 362 LIB.
2287 303 2427 360 VIII.

3198 305 3339 363 M90

67 410 183 482 jam
231 414 447 469 bonum
478 414 728 484 gradum,
764 415 859 470 sed
892 417 1085 471 malam
1128 420 1230 474 sibi
1261 433 1482 489 poenam
1533 436 1666 476 cou-
1693 430 1740 484 Α
1775 440 1795 474 ‹
1823 437 1984 490 opera
2027 440 2047 473 ι
2077 423 2193 491 ejus
2219 440 2238 473 ι
2268 422 2432 484 bona,
2487 417 2833 488 magniﬁcent
2879 417 3101 475 Patrem
3156 423 3249 490 qui
3282 425 3339 477 in

71 504 251 572 quirit
275 502 422 574 (57),
452 513 705 574 tanquam
733 506 826 575 qui
848 509 1229 563 contumeliam
1252 510 1443 565 fecerit
1471 512 1656 568 divino

76 593 423 649 ministerio.
454 592 715 650 Similiter
741 604 921 651 autem
955 606 1008 651 et
1053 598 1144 666 qui
1176 599 1496 670 presbyterii
1530 617 1659 670 gra-

74 686 206 738 dum
240 688 480 755 suscipit
506 690 560 742 in
596 688 863 754 Ecclesia,
888 689 1025 744 satis
1048 699 1173 758 agat
1200 691 1475 745 illustrare
1509 693 1660 747 mini-

70 778 310 830 sterium
352 779 698 850 presbyterii.
734 781 813 834 Ad
851 782 1024 850 ipsum
1077 781 1221 836 enim
1278 783 1556 850 pertinent
1603 793 1660 840 et

76 867 165 919 illa
199 884 328 935 qua:
376 870 441 924 de
478 871 810 942 presbyteris
855 874 922 926 ad
965 871 1143 927 Titum
1195 876 1387 930 scribit
1424 878 1657 944 Aposto-

77 957 160 1012 lus
185 957 237 990 ⁸⁸
279 976 292 1010 :
336 969 396 1014 et
422 976 482 1015 ea
514 977 632 1029 qua:
661 961 831 1017 Isaias
883 965 1095 1031 scribit,
1126 980 1247 1018 cum
1279 966 1449 1020 dicit:
1491 983 1510 1017 ι
1539 966 1658 1036 Ipse

75 1050 349 1104 Dominus
383 1052 434 1105 in
455 1052 662 1122 judicio
693 1050 807 1123 (58)
828 1055 1008 1108 veniet
1037 1070 1157 1108 cum
1200 1057 1536 1124 presbyteris
1561 1072 1659 1126 po-

75 1144 210 1210 puli,
246 1153 453 1200 etcum
479 1145 807 1215 principibus
824 1147 938 1217 ejus
961 1147 1322 1213 judicahitur;
1352 1167 1370 1201 ι
1402 1149 1651 1216 etaddit;

82 1253 103 1285 ‹
132 1233 245 1289 Vos
279 1246 465 1290 autem
508 1239 698 1306 utquid
739 1239 1067 1293 succenditis
1126 1240 1338 1293 vineam
1371 1254 1567 1303 meam,
1601 1256 1657 1293 et

76 1330 317 1396 direptio
352 1343 647 1398 pauperum
673 1330 724 1384 in
758 1330 1006 1386 domibus
1049 1332 1246 1385 vestris
1278 1331 1396 1385 est?
1426 1328 1494 1385 Ut
1526 1329 1655 1401 quid

76 1418 338 1487 injuriam
376 1419 554 1473 facitis
584 1419 777 1488 populo
806 1434 953 1485 meo,
981 1428 1036 1474 et
1062 1435 1322 1488 personas
1355 1435 1654 1490 pauperum

76 1513 422 1568 confunditis
449 1513 528 1567 “'2
564 1532 582 1564 ι
609 1512 916 1568 Secundum
950 1512 1066 1567 haec
1086 1523 1266 1567 autem
1291 1524 1339 1568 et
1365 1514 1654 1581 episcopus

76 1605 320 1660 illustrat
350 1605 714 1659 ministerium
754 1618 912 1658 suum
943 1602 999 1657 in
1024 1603 1360 1674 episcopatu,
1398 1605 1443 1658 si
1473 1605 1543 1658 sit
1568 1619 1650 1658 se-

77 1698 317 1752 cundum
371 1698 511 1766 quod
547 1694 811 1752 describit
838 1695 1128 1763 Apostolus
1154 1694 1221 1761 ‘7,
1262 1696 1652 1764 irreprehensi—

1761 513 1913 569 caelis
1941 523 2024 568 est
2053 514 2122 565 δ’.
2160 532 2180 565 ι
2216 513 2329 568 Hoc
2352 513 2497 568 enim
2532 510 2836 565 faciebatet
2855 509 3057 566 Paulus
3085 511 3339 569 docendo

1758 612 1969 672 gentes,
2002 619 2234 671 quorum
2262 612 2383 658 erat
2412 602 2709 671 apostolus,
2742 610 2799 655 et
2851 599 3190 666 instruendo,
3248 605 3335 657 in-

1762 696 1950 750 firmos
1974 693 2327 766 "olere|(69),
2362 693 2612 764 parvulos
2628 693 2968 761 laetejalendo
3002 693 3070 760 “,
3101 695 3338 752 robustis

1757 785 2039 842 fortiorem
2058 786 2208 841 verbi
2234 786 2413 840 cibum
2433 784 2740 855 praebendo,
2770 796 3043 852 errantes,
3070 787 3200 841 etin
3228 788 3334 842 fide

1758 877 2080 942 titubantes,
2118 892 2182 931 ac
2213 876 2359 931 velut
2390 876 2444 930 in
2511 876 2812 930 abortivum
2865 878 3136 945 quoddam
3170 878 3333 931 reda-

1755 980 1873 1024 ctos
1895 970 2007 1039 (65)
2039 978 2286 1025 materno
2307 968 2503 1022 affectu
2528 983 2742 1021 rursum
2768 968 3137 1035 parturieudo,
3161 968 3332 1023 donec

1754 1060 2005 1117 Christus
2038 1062 2369 1115 formaretur
2404 1059 2515 1129 (61)
2554 1060 2605 1113 in
2638 1062 2719 1115 eis
2744 1060 2790 1091 ⁸⁸
2820 1079 2833 1113 :
2864 1069 2919 1113 et
2952 1075 3048 1126 per
3070 1060 3186 1113 haec
3214 1075 3331 1115 om-

1757 1167 1841 1204 nia
1900 1152 2228 1206 illustrando
2276 1150 2641 1205 ministerium
2695 1150 3034 1221 apostolatus
3087 1152 3206 1216 sui,
3273 1154 3328 1206 in

1754 1242 2153 1297 inmutationem
2204 1243 2325 1298 fidei
2360 1249 2414 1297 et
2465 1243 2639 1296 zelum
2693 1244 2846 1296 bona:
2898 1245 3334 1300 conversationis

1755 1332 2055 1387 adducebat
2077 1350 2297 1389 carnem
2324 1349 2477 1389 suam
2505 1334 2647 1403 (65),
2685 1334 2740 1388 id
2764 1344 2868 1398 est,
2892 1336 3191 1390 secundum
3218 1352 3334 1390 car-

1756 1439 1878 1479 nem
1909 1435 2207 1491 cognatos;
2241 1436 2299 1479 ut
2330 1426 2372 1480 si
2414 1440 2518 1478 non
2544 1440 2758 1487 omnes,
2783 1424 2995 1494 aliquos
3018 1436 3197 1479 tamen
3222 1427 3332 1480 sal-

1754 1529 1849 1569 vos
1877 1512 2085 1569 faceret
2115 1530 2180 1569 ex
2211 1516 2336 1571 illis.
2377 1517 2468 1570 Sic
2490 1531 2622 1585 ergo
2647 1518 2772 1569 dum
2800 1517 3111 1584 pervigilem
3136 1532 3324 1571 curam

1752 1613 1807 1659 et
1842 1592 2031 1675 jugem
2085 1606 2505 1661 sollicitudinem
2554 1623 2683 1677 erga
2736 1609 3037 1662 doctrinam
3085 1610 3326 1679 gentium

1754 1699 1915 1767 gerit,
1949 1707 2003 1752 et
2028 1703 2494 1754 conversationem
2518 1715 2705 1754 eorum
2740 1717 2804 1755 ac
2833 1702 2996 1754 vitam
3028 1702 3184 1755 valde
3207 1716 3329 1770 pro-

75 1788 220 1853 bilis,
250 1789 507 1857 vigilans,
537 1787 793 1857 prudens,
816 1795 1069 1850 ornatus,
1108 1784 1412 1853 hospitalis,
1442 1785 1649 1848 doctor,
1685 1768 1728 1824 Β
1754 1788 1983 1842 habiletn
2014 1788 2167 1854 facit,
2203 1790 2449 1847 videntes
2489 1791 2602 1845 haec
2626 1791 2897 1847 lsraclitas
2920 1791 3031 1863 (66)
3055 1794 3144 1862 qui
3170 1768 3329 1846 erant

76 1894 182 1932 non
207 1879 540 1946 vinolentus,
574 1892 682 1933 non
720 1890 1026 1946 percussor,
1079 1875 1174 1930 sed
1203 1875 1506 1938 modestus;
1539 1890 1647 1928 nou

76 1967 368 2034 litigiosus,
403 1984 507 2022 non
535 1983 753 2033 avarus,
788 1968 1006 2022 domum
1051 1980 1204 2021 suam
1248 1966 1386 2020 bene
1437 1980 1647 2035 regens,

77 2059 215 2113 ﬁlios
240 2059 455 2114 habens
486 2058 537 2111 in
570 2058 834 2127 obsequio
880 2072 1002 2111 cum
1034 2057 1181 2111 omni
1218 2057 1510 2127 gravitate,
1537 2073 1648 2111 non

76 2149 250 2206 elatus
273 2150 553 2220 superbia,
588 2165 655 2204 ne
682 2150 735 2211 in
764 2149 1028 2219 judicium
1060 2148 1265 2202 incidat
1294 2147 1516 2203 diaboli.
1546 2147 1648 2214 Qui

77 2242 200 2297 talis
220 2254 328 2305 εει,
366 2242 603 2296 illustrat
630 2242 993 2295 ministerium
1047 2240 1393 2308 episcopatus
1429 2240 1534 2305 sui,
1582 2252 1643 2294 ut

75 2342 131 2388 et
158 2332 275 2401 ipse
305 2334 494 2387 audiat
519 2349 534 2388 :
557 2351 579 2385 ι
613 2333 777 2403 Euge,
805 2346 963 2387 serve
994 2331 1134 2386 bone
1160 2342 1214 2386 et
1247 2330 1419 2386 fidelis
1443 2348 1458 2398 ;
1485 2347 1649 2400 super

76 2436 248 2490 pauca
282 2422 435 2479 fuisti
460 2423 662 2488 ﬁdelis,
690 2437 851 2491 super
880 2422 1047 2477 multa
1073 2431 1126 2478 te
1157 2422 1483 2478 constituam
1515 2422 1580 2477 ⁸⁸.
1622 2440 1643 2476 ι

79 2516 346 2570 Similiter
376 2525 556 2569 autem
586 2523 641 2570 et
668 2516 828 2570 vidua
851 2515 896 2549 δ’
924 2514 970 2569 si
1001 2523 1318 2584 permaneat
1344 2515 1399 2568 in
1449 2517 1649 2569 oratio-

77 2606 234 2662 nibus
262 2619 320 2663 et
351 2606 821 2663 obsecrationibus
855 2615 1015 2662 nocte
1038 2622 1102 2662 ae
1143 2607 1249 2674 die,
1284 2607 1519 2661 illustrat
1547 2608 1648 2662 mi-

78 2698 358 2752 nisterium
394 2698 676 2754 viduitatis
706 2715 837 2754 suae.
893 2697 952 2753 Si
989 2713 1120 2752 vero
1150 2699 1220 2753 sit
1252 2699 1377 2753 talis
1424 2697 1642 2768 qualem

76 2791 363 2861 Apostolus
391 2801 539 2845 notat
561 2792 634 2856 ‘°,
667 2792 862 2855 otiosa,
888 2801 945 2846 et
980 2791 1227 2858 verbosa,
1252 2804 1306 2848 et
1338 2806 1444 2846 non
1474 2791 1644 2847 solum

78 2882 323 2949 verbosa,
359 2884 454 2940 sed
477 2892 532 2938 et
553 2884 792 2948 curiosa,
822 2884 1047 2954 loquens
1085 2899 1205 2954 qum
1236 2900 1342 2939 non
1396 2893 1640 2954 oportet;

78 2986 171 3031 aut
195 2978 267 3032 sit
310 2978 367 3031 in
398 2975 608 3031 deliciis
635 2977 838 3048 degens
888 2974 1030 3049 (59),
1077 2985 1134 3032 et
1175 2977 1361 3032 vivens
1394 2987 1640 3043 mortua;

76 3068 187 3124 haec
216 3069 599 3132 dehonoravit,
627 3076 681 3122 et
705 3083 810 3122 non
845 3068 1138 3122 illustravit
1163 3068 1529 3123 ministerium
1560 3070 1643 3123 vi-
1674 3112 1699 3132 _.

79 3160 294 3215 diritatis
325 3175 459 3215 suae.
489 3159 693 3214 Eodem
727 3163 887 3213 modo
919 3158 1088 3213 etiam
1121 3158 1275 3227 virgo
1319 3168 1638 3213 consecrata

79 3250 182 3305 Deo
226 3250 465 3306 illustrat
517 3250 876 3304 ministerium
912 3248 1241 3318 virginitatis
1288 3263 1431 3313 suae,
1467 3249 1514 3303 si
1570 3249 1643 3304 sit

78 3350 255 3394 sancta
290 3353 520 3409 corpore
554 3348 610 3393 et
641 3339 855 3407 spiritu,
879 3340 933 3393 et
957 3354 1062 3392 non
1091 3339 1286 3407 cogitet
1314 3352 1434 3407 quae
1460 3337 1639 3392 humi-

76 3446 197 3486 num
230 3444 383 3497 sunt,
414 3433 508 3487 sed
531 3446 648 3501 quas
683 3431 794 3492 Dei,
829 3431 1097 3501 quomodo
1128 3429 1339 3500 placeat
1360 3429 1469 3485 Deo
1490 3427 1555 3484 ⁸¹.
1579 3428 1639 3486 Si

78 3537 198 3577 vero
226 3524 387 3579 aliter
406 3533 547 3591 agat,
579 3538 685 3577 non
718 3523 889 3578 solum
924 3521 1036 3593 (60)
1071 3538 1180 3577 non
1209 3523 1450 3579 illustrat
1474 3522 1639 3578 mini-

83 3613 298 3668 sterium
331 3616 657 3685 virginitatis
704 3630 848 3680 suae,
900 3629 998 3670 nec
1053 3614 1284 3668 illustrat
1331 3614 1633 3684 lampadem

76 3717 244 3771 suam,
288 3708 387 3762 sed
436 3709 744 3763 econtrario
790 3707 971 3762 lumen
1012 3706 1128 3777 ejus
1167 3706 1551 3776 exstinguitur,
1580 3716 1637 3762 et

75 3796 294 3856 elﬁeitur
320 3816 425 3856 una
448 3801 515 3856 de
547 3799 926 3870 insipientibus
955 3798 1271 3870 virginibus.
1295 3797 1421 3853 Haec
1447 3799 1635 3853 eadem

77 3898 127 3941 et
150 3892 586 3963 unusquisquein
614 3891 854 3947 Ecclesia
874 3891 1080 3960 positus
1110 3889 1249 3960 apud
1283 3890 1636 3958 semetipsum

78 3990 297 4047 reputet,
340 3993 396 4036 ut
429 3985 480 4037 in
532 3996 854 4052 quocunque
899 3982 1018 4036 loco
1068 3990 1197 4044 stat,
1233 3979 1349 4033 sive
1382 3980 1437 4034 in
1468 3981 1637 4044 clero,

76 4071 180 4125 sive
207 4076 256 4127 in
287 4074 467 4145 plebe,
498 4073 729 4128 illustret
772 4073 1131 4129 ministerium
1180 4072 1304 4126 lidei
1352 4070 1463 4143 (6|)
1500 4087 1634 4136 sine,

76 4172 128 4215 et
168 4164 299 4220 tales
327 4164 489 4220 faciat
514 4174 671 4220 actus
695 4179 857 4230 suos,
897 4182 916 4215 ι
959 4174 1016 4233 ut
1044 4165 1291 4219 videntes
1330 4182 1352 4216 ι
1388 4164 1638 4219 homines

156 4303 202 4339 "
225 4307 333 4362 Tit.
365 4322 405 4374 ι,
453 4307 486 4360 6
516 4321 632 4374 seq.
729 4309 777 4340 “
807 4306 933 4363 lsat.
980 4322 1064 4369 tu,
1102 4308 1190 4374 14,
1238 4307 1326 4362 15.

78 4456 145 4513 IV,
174 4446 256 4503 I9.
349 4448 397 4480 “
428 4449 587 4502 Rom.
620 4464 695 4512 is,
722 4449 778 4504 3..
850 4448 896 4481 ⁵⁷
1003 4449 1046 4503 ll
1076 4448 1200 4503 Cor.
1232 4465 1283 4514 ν,
1322 4447 1410 4513 19,
1441 4447 1530 4503 20.

140 4563 244 4640 (57)
282 4566 391 4640 Ms.
423 4584 563 4640 unus
612 4567 811 4640 Regius
844 4582 992 4621 num.
1040 4565 1198 4640 ΨΜ,
1244 4583 1263 4616 r
1299 4566 1394 4619 sed
1433 4564 1632 4640 malum
1666 4573 1711 4628 1)

80 4633 170 4713 sibi
193 4633 474 4706 acquirit.»
496 4633 846 4694 Cteteri'vero
871 4653 1022 4701 mss.,
1046 4634 1300 4690 Rabanus
1328 4646 1382 4689 et
1416 4635 1543 4690 editi
1576 4645 1636 4691 ut

78 4718 124 4754 In
154 4715 316 4761 textu.

140 4774 245 4844 (58)
286 4778 389 4837 Ms.
448 4778 648 4847 Regius
683 4793 833 4831 num.
867 4774 1029 4838 1659,
1089 4795 1129 4847 «ν
1166 4776 1217 4828 in
1264 4775 1564 4847 judicium;
1606 4794 1625 4828 ι

79 4848 240 4913 ceteri
271 4864 398 4902 vero
433 4844 588 4913 mss.,
619 4849 876 4902 Rabanus
920 4856 974 4899 et
1005 4846 1159 4907 editi,
1195 4863 1214 4896 ‹
1250 4848 1304 4898 ἰιι
1329 4844 1559 4908 judicio.
1604 4864 1623 4896 ι

80 4912 265 4986 Deinde
314 4919 468 4981 editi,
505 4936 525 4970 ι
559 4912 848 4986 iudicabit,
889 4936 908 4969 ι
944 4925 999 4970 et
1022 4916 1111 4986 ita,
1138 4915 1424 4986 legendum
1459 4915 1630 4986 _vide-

81 4990 176 5062 tur.
197 4984 343 5062 "Mss.
373 4983 760 5044 tamen—nostri
792 5002 982 5042 omnes
1013 4998 1070 5041 et
1098 4985 1354 5040 Rahauus
1383 4983 1625 5052 habent,

83 5067 99 5099 ι
121 5055 461 5119 judicabitur.
493 5076 513 5110 ι

139 5122 242 5195 (59)
286 5128 446 5194 ΕιΙῘιί,
476 5146 496 5178 r
525 5130 620 5183 sed
654 5128 708 5182 in
732 5125 944 5181 deliciis
972 5140 1161 5195 agens.
1195 5142 1214 5174 ι

138 5194 238 5261 (60)
279 5196 519 5251 Illustrat
551 5198 900 5252 ministerium
948 5194 1268 5263 virginitatis
1301 5210 1432 5258 sure,
1469 5194 1515 5247 si
1545 5196 1614 5248 sit

76 5273 239 5319 sancta
256 5283 469 5333 corpore
493 5277 542 5322 et
566 5269 780 5334 spiritu,
805 5277 851 5321 et
882 5281 985 5318 non
1010 5265 1197 5334 cogitet
1213 5280 1330 5334 qua:
1351 5263 1617 5334 hominum

78 5341 203 5410 "fu.
240 5332 487 5407 ssd’quw
535 5332 649 5410 Dei,
698 5338 956 5410 quomodo
983 5332 1193 5410 placeat
1237 5333 1366 5387 Deo.
1401 5332 1462 5388 Si
1497 5344 1619 5387 vero

64 5398 218 5485 viliter
253 5398 397 5485 (ig-at,
426 5425 527 5485 non
560 5398 751 5463 solum.
804 5405 929 5459 Ilaec
981 5398 1225 5485 ine-ditis
1258 5418 1362 5457 non
1392 5418 1615 5472 compa-

82 5482 204 5545 νειμ,
227 5472 709 5545 sedrestitutmtnr
742 5491 806 5530 ex
837 5490 969 5528 mss.
1003 5481 1058 5527 et
1086 5472 1331 5545 Rabano.

140 5541 243 5678 (6|)
282 5541 442 5611 E'diti,
481 5544 873 5599 «ministerium
893 5560 1049 5599 suum
1082 5543 1224 5598 fidei.
1262 5563 1281 5596 ι

140 5610 220 5677 (62
280 5616 442 5678 Editi,
475 5633 494 5668 ι
528 5619 771 5671 inlirmos
797 5619 961 5670 alere.
996 5632 1017 5666 ι

137 5610 240 5678 (62)
280 5610 442 5681 Editi,
475 5633 494 5668 ι
528 5619 771 5671 inlirmos
797 5619 961 5670 alere.
996 5632 1017 5666 ι

116 5681 446 5804 Δξῗίοξάξιί,
531 5696 585 5744 et
618 5685 920 5757 Rabanus,r
950 5684 1286 5758 inabortum
1329 5682 1614 5754 quemdam

81 5761 327 5812 redactos.
362 5775 385 5809 ι

1428 4303 1679 4359 "ITim.
1714 4322 1799 4373 Ill,
1844 4306 1880 4360 9.
1934 4322 2089 4373 seqq.

76 4372 118 4404 ³⁸
146 4375 272 4431 ibid.
327 4372 505 4436 6,15.
579 4372 676 4431 l“I
720 4377 843 4433 Cor.
916 4393 1013 4439 vu,
1071 4372 1297 4443 52,3“.
1374 4379 1419 4410 ⁸⁸
1470 4375 1664 4430 Matth.
1719 4393 1762 4440 v,

1814 4376 1901 4430 16.
1977 4372 2203 4431 “Rom.
2250 4378 2438 4442 xn',‘2.

1757 1882 1972 1948 cognati
2006 1878 2126 1949 ejus
2152 1884 2446 1937 secundum
2470 1898 2686 1937 carnem
2719 1884 2788 1949 ⁸⁸,
2819 1885 2885 1937 ad
2915 1884 3210 1938 imitandos
3231 1898 3327 1937 eos

1751 1972 1842 2039 qui
1872 1972 2162 2040 proﬁciunt
2205 1974 2258 2027 in
2307 1973 2411 2027 lide
2444 1973 2536 2027 Dei
2571 1973 2787 2039 invitat,
2832 1984 2887 2029 et
2926 1985 3187 2043 provocat
3219 1993 3234 2029 :
3271 1983 3328 2029 et

1749 2072 1833 2117 est
1865 2062 2035 2133 gloria
2068 2064 2352 2119 minISIerii
2386 2065 2502 2132 ejus
2532 2080 2652 2118 cum
2682 2082 2748 2119 ex
2779 2067 3087 2121 eruditione
3131 2082 3322 2121 eorum

1750 2153 1914 2207 etiam
1948 2154 2051 2209 illis
2080 2154 2355 2222 profectus
2380 2154 2492 2227 (67)
2516 2158 2832 2212 accesserit.
2858 2177 2877 2208 ι
2901 2156 2958 2211 Si
2981 2159 3123 2211 enim
3156 2158 3329 2211 amis-

1750 2246 1829 2300 sio
1859 2261 2045 2300 eornm
2096 2247 2466 2300 reconciliatio
2490 2260 2574 2302 est
2616 2248 2823 2310 mundi,
2859 2263 2978 2317 quae
3004 2259 3088 2303 est
3113 2264 3322 2303 assum-

1749 2336 1886 2404 ptio,
1919 2336 2021 2389 nisi
2053 2338 2163 2389 vita
2194 2353 2259 2390 ex
2287 2337 2553 2392 mortuis?
2586 2356 2605 2389 ι
2642 2337 2754 2392 Hoc
2790 2339 2921 2392 mihi
2948 2341 3238 2394 ostendere
3267 2340 3323 2395 in

1748 2422 1836 2476 his
1871 2426 2214 2479 sermonibus
2267 2427 2484 2480 videtur
2533 2427 2840 2493 Apostolus,
2905 2429 3048 2498 quod
3107 2427 3323 2496 abjectn
3399 2414 3402 2418 Δ

1748 2514 1936 2582 Israel,
1977 2527 2032 2572 et
2069 2518 2134 2570 ad
2160 2528 2349 2586 gentes
2371 2518 2680 2573 necessario
2724 2520 3105 2588 praedicatione
3138 2530 3317 2574 trans-

1746 2607 1875 2673 lata,
1909 2609 2134 2663 mundus
2165 2609 2291 2680 (hoc
2340 2619 2443 2676 est,
2491 2611 2758 2666 universa:
2794 2623 2983 2680 gentes
3012 2613 3168 2685 [68])
3228 2628 3316 2666 re-

1749 2701 2076 2756 conciliatus
2108 2713 2192 2756 est
2215 2700 2350 2767 Deo,
2385 2702 2679 2756 secundum
2711 2704 2852 2772 quod
2881 2703 3148 2773 scriptum
3179 2712 3263 2758 est
3293 2720 3308 2756 :

1753 2811 1772 2844 ι
1819 2793 1958 2860 Quia
1990 2794 2131 2847 Deus
2180 2803 2301 2848 erat
2332 2794 2384 2848 in
2416 2795 2636 2850 Christo
2669 2796 2926 2849 mundum
2957 2794 3320 2849 reconcilians

1745 2883 1869 2950 sibi,
1904 2896 2008 2935 non
2039 2890 2291 2950 reputans
2320 2883 2426 2938 illis
2455 2883 2651 2937 delicta
2698 2884 2936 2952 ipsorum
2966 2883 3048 2948 '7;
3081 2903 3101 2936 ι
3132 2894 3185 2938 et
3212 2886 3317 2939 iteu

1748 2989 1863 3026 rutn
1898 2973 2040 3026 sicut
2068 2970 2270 3028 Paulus
2293 2973 2428 3027 dicit
2459 2990 2473 3028 :
2515 2991 2533 3024 ι
2566 2973 2668 3038 Qui
2699 2975 2877 3043 posuit
2926 2974 2979 3027 in
3012 2974 3170 3027 nobis
3195 2990 3318 3028 ver-

1702 3115 1714 3134 ,
1748 3063 1871 3116 hum
1910 3062 2401 3129 reconciliationis;
2433 3080 2453 3116 ι
2502 3079 2601 3133 per
2622 3065 2765 3132 quod
2798 3064 3022 3117 verbum
3054 3064 3269 3119 dicebat
3298 3081 3314 3117 :

1753 3172 1771 3205 ε
1802 3154 2077 3225 Rogamus
2124 3169 2223 3224 pro
2273 3154 2516 3220 Christo,
2566 3153 2995 3209 reconciliamini
3041 3154 3166 3209 Deo.
3199 3174 3219 3208 ι
3254 3156 3313 3213 Si

1746 3260 1896 3316 ergo,
1930 3245 2124 3314 inquit,
2154 3243 2463 3300 Israeliticae
2485 3245 2660 3316 gentis
2689 3242 2847 3312 hujus
2868 3244 3101 3310 abjectio
3124 3261 3314 3301 recon-

1746 3337 2072 3391 ciliationem
2100 3337 2354 3405 praestitit
2388 3337 2609 3400 mundo,
2632 3350 2687 3393 et
2702 3337 2744 3392 si
2763 3346 2909 3392 tanta
2930 3338 3168 3410 fuiterga
3183 3353 3318 3408 geu-

1748 3437 1855 3483 tem
1888 3429 2042 3482 istam
2077 3428 2275 3495 gratia,
2308 3444 2428 3498 quae
2448 3427 2659 3483 sublata
2685 3426 2755 3482 ab
2782 3442 2845 3483 ea
2869 3427 2981 3499 (69)
3002 3428 3313 3485 universum

1746 3521 2005 3575 mundum
2038 3521 2146 3574 Deo
2170 3519 2521 3575 reconciliare
2534 3519 2830 3582 sufficeret,
2857 3528 3120 3588 quantum
3152 3531 3314 3589 putas

1742 3620 1870 3666 tunc
1889 3611 2182 3666 merebitur
2205 3612 2454 3673 mundus,
2468 3626 2593 3665 eum
2615 3610 2777 3664 etiam
2799 3624 2933 3679 gens
2949 3611 3050 3664 ista
3070 3611 3318 3665 reconci-

1740 3703 1861 3757 liari
1895 3702 2155 3757 meruerit
2184 3702 2293 3757 Deo
2328 3701 2483 3771 (70)?
2509 3701 2579 3755 Et
2601 3701 2731 3770 quid
2774 3702 2909 3755 illud
2938 3703 3011 3755 sit
3053 3703 3198 3771 quod
3236 3716 3311 3763 ex

1740 3793 1903 3865 637
1935 3792 2374 3849 reconciliatione
2409 3792 2573 3849 Israel
2608 3792 2838 3847 mundus
2872 3791 3139 3862 acquirat,
3172 3793 3298 3847 bre-

1742 3886 1883 3939 viter
1908 3884 2153 3940 ostendit
2179 3885 2423 3953 ,dicens:
2471 3902 2489 3935 ι
2540 3873 2658 3939 Vita
2698 3899 2767 3939 ex
2798 3886 3046 3939 mortuis.
3081 3901 3101 3936 ι
3158 3881 3311 3937 Tunc

1741 3974 1886 4027 enim
1937 3974 2046 4027 erit
2093 3973 2392 4042 assumptio
2424 3970 2612 4037 Israel,
2646 3972 2863 4042 quando
2888 3973 2996 4042 jam
3026 3978 3081 4026 et
3112 3973 3309 4025 mortui

1744 4065 1909 4118 vitam
1959 4064 2246 4134 recipient,
2274 4074 2330 4119 et
2359 4065 2593 4120 mundus
2627 4080 2695 4119 ex
2740 4064 3077 4133 corruptibili
3123 4064 3311 4118 incor~

1742 4157 2014 4228 ruptihilis
2044 4157 2155 4226 fiet,
2195 4167 2251 4213 et
2288 4157 2544 4212 mortales
2575 4156 2986 4213 immortalitate
3018 4156 3308 4213 donabun-

2193 4306 2239 4337 ⁸⁸
2270 4306 2456 4360 Matth.
2506 4322 2635 4370 xxv,
2674 4304 2761 4358 9.5.
2841 4304 2887 4336 "
2921 4303 2939 4357 I
2968 4302 3109 4357 Tim.
3168 4320 3220 4363 v,
3249 4305 3308 4361 5.

2516 4379 2564 4410 ⁸⁸
2596 4377 2615 4429 ι
2662 4376 2790 4432 Cor.
2818 4389 2902 4439 ιιι,
2929 4373 2985 4430 2.
3053 4375 3100 4406 ⁵³
3125 4375 3306 4430 Galat.

1809 4563 1922 4633 (64)
1965 4563 2127 4627 Editi,
2170 4582 2188 4614 ι
2233 4564 2514 4618 formetur.
2554 4583 2573 4615 ι

1811 4629 1923 4702 (65)
1968 4634 2155 4689 Suam.
2192 4635 2349 4689 Deest
2374 4636 2425 4687 in
2454 4634 2606 4688 libris
2629 4641 2785 4686 antea
2820 4629 3003 4686 editis.
3284 4692 3290 4698 ι

1806 4703 2046 4777 (66),Sie
2079 4718 2178 4777 ius.
2208 4704 2405 4777 Regius
2421 4719 2570 4777 num.
2608 4703 2761 4777 I659.
2782 4703 2975 4777 (ἐπι-ιειί
3015 4714 3142 4755 vero
3170 4717 3300 4777 mss.

1733 4785 1787 4829 et
1814 4768 1972 4837 editi,
2014 4791 2032 4823 ι
2064 4768 2315 4828 videntes
2364 4775 2477 4827 lucc
2504 4772 2779 4827 Israelitae.
2808 4790 2827 4822 ι
2857 4768 3138 4836 Rabanus,
3176 4790 3196 4824 ι
3222 4775 3304 4827 vi-

1734 4847 1868 4899 dens
1892 4853 2072 4898 autem
2114 4843 2403 4898 Israelitas.
2446 4861 2465 4893 ι

1802 4914 1915 4985 (67)
1958 4914 2166 4979 Editi,r
2198 4928 2322 4968 cum
2361 4928 2429 4968 ex
2464 4910 2772 4985 eruditione
2802 4911 2964 4965 etiam
2992 4908 3121 4973 illis,
3146 4928 3167 4961 ι
3188 4919 3297 4985 etc,

1727 4980 2008 5048 Rabanus,
2049 5000 2068 5033 ι
2104 4996 2225 5036 cum
2261 4999 2325 5035 ex
2370 4981 2675 5037 eruditione
2705 4981 2902 5035 horum
2952 4994 3139 5047 aequus
3196 4980 3299 5035 illis

1767 5052 2029 5118 refectus,
2064 5072 2082 5105 ι
2116 5061 2223 5106 etc.
2275 5051 2865 5122 Mss.plerique,ccum
2881 5066 2949 5122 ex
2978 5050 3300 5122 eruditionis

1767 5071 2029 5118 reiectus,
2064 5072 2082 5105 ι
2116 5071 2223 5106 etc.
2275 5071 2399 5111 mss.
2435 5071 2949 5122 plerique,-cumex
2978 5071 3295 5105 eruumoms

1722 5071 1931 5178 genere
1961 5124 2124 5177 etiam
2161 5122 2272 5176 illis
2297 5121 2592 5190 profectus,
2628 5140 2646 5172 ›
2675 5134 2784 5175 etc.
2825 5121 2932 5175 Sed
2961 5119 3162 5174 rectius
3192 5135 3295 5175 ms.

1724 5191 1927 5260 Regius
1953 5208 2102 5245 num.
2128 5191 2267 5246 1659
2300 5200 2357 5245 ιιι
2381 5193 2432 5244 in
2463 5204 2651 5245 nostro
2681 5200 2851 5245 textu.

1795 5258 1907 5332 (68)
1947 5261 2063 5316 Hoc
2112 5270 2212 5324 est,
2267 5262 2523 5315 universa:
2564 5270 2764 5330 gentes.
2818 5260 2944 5332 Ilaec
2967 5258 3183 5332 _de_sunt
3239 5259 3293 5311 in

1729 5328 1912 5395 editis,
1940 5341 1996 5386 et
2016 5332 2068 5385 iu
2096 5331 2368 5401 plerisque
2395 5346 2527 5401 mss.
2554 5328 2763 5384 necnon
2795 5329 2950 5401 apud
2966 5328 3244 5401 Rabauum
3270 5344 3285 5390 ;

1723 5402 1816 5456 sed
1855 5398 2211 5455 restituuntur
2227 5398 2298 5455 ei
2328 5416 2429 5455 ms.
2481 5400 2651 5470 Regio
2682 5417 2828 5452 nunt.
2856 5398 3010 5453 1659.

1794 5471 1908 5539 (69)
1952 5472 2114 5535 Editi,
2152 5490 2170 5521 ι
2198 5486 2323 5541 erga
2357 5482 2545 5539 gentes
2565 5464 2672 5524 ista
2705 5470 2896 5537 gratia,
2924 5484 3044 5536 qua:
3078 5464 3291 5522 sublata

1723 5543 1790 5596 ah
1819 5558 1903 5596 (:0.
1950 5562 1968 5592 ι

1799 5609 1914 5680 (70)
1960 5610 2122 5674 Editi,
2153 5609 2544 5680 rgreconciliari
2590 5605 2892 5680 merebitur
2940 5607 3068 5680 Deo.
3101 5624 3120 5656 ι
3152 5602 3285 5680 Mss,

1725 5675 1933 5748 Regius
1964 5696 2111 5736 num.
2145 5678 2303 5739 I659,
2338 5696 2356 5728 ι
2390 5677 2736 5736 reconciliata
2760 5675 2921 5734 fuerit
2962 5678 3088 5743 Deo.
3129 5694 3148 5725 ι
3179 5676 3287 5730 Sed

1727 5747 1908 5807 ceteri
1947 5765 2077 5822 mss.
2106 5758 2158 5822 et
2182 5747 2440 5817 Rabanus
2472 5758 2529 5802 ut
2552 5747 2613 5817 in,
2640 5754 2810 5805 textu.
