3692 6138
352 276 375 330 ί
392 275 489 330 179
1805 267 2127 328 ORIGENIS
3438 273 3551 329 H80

349 404 477 445 tiam
526 395 739 460 peccat,
769 387 1015 458 ingratus
1047 388 1106 443 lit
1135 388 1183 444 ei
1237 389 1326 458 qui
1389 390 1644 460 praestitit
1670 392 1919 461 gratiam.
1951 401 2000 457 Α
2026 390 2199 461 pturis
2226 389 2444 458 divinis,
2476 389 2522 444 si
2562 387 2833 445 invenerit
2870 387 3201 445 manifestet.
3236 388 3367 448 Puto
3401 401 3550 451 tamen

346 483 404 537 Si
438 490 619 536 autem
656 495 764 535 non
796 482 1015 535 inanem
1056 480 1256 537 feceris
1284 484 1515 552 gratiam
1540 522 1556 548 ,
1588 483 1916 553 multiplica-
2026 482 2128 539 hoc
2155 482 2314 537 modo
2348 482 2552 537 dixisse
2579 481 2894 552 Apostolum
2926 500 2942 537 :
2977 500 2996 533 ι
3025 480 3220 538 Caeteri
3258 498 3381 539 vero
3404 489 3552 541 excre-

341 574 495 628 bitur
520 572 617 627 tibi
644 574 844 643 gratia,
871 582 927 627 et
964 583 1222 642 tanquam
1247 574 1552 629 mercedem
1585 575 1709 629 boni
1736 577 1916 645 operis
2023 575 2131 629 cati
2161 582 2321 638 sunt;
2360 583 2417 628 et
2443 574 2586 627 sicut
2612 572 2874 642 scriptum
2909 581 2993 628 est
3017 574 3084 627 de
3120 573 3202 628 eis
3231 587 3247 626 :
3284 573 3434 629 Dedit
3466 577 3555 631 illis

343 667 642 735 gratiarum
680 664 1078 719 multitudinem
1112 666 1487 734 consequeris,
1520 666 1666 721 sicut
1713 679 1769 722 et
1800 668 1915 738 ipse
2023 665 2168 719 Deus
2199 665 2447 732 spiritum
2493 663 2963 732 compunctionis;
2996 683 3016 716 ι
3053 675 3115 719 ιιι
3151 664 3263 719 suis
3294 667 3461 720 verbis
3488 668 3555 721 di-

344 758 556 823 scribit,
598 768 653 813 et
687 757 884 813 Petrus
936 758 988 811 in
1045 757 1287 827 Epistola
1331 774 1429 813 sua
1464 760 1641 815 dicit:
1681 777 1700 811 ι
1728 758 1914 815 Gratia
2022 770 2150 812 cere
2173 758 2420 811 videatur
2459 756 2675 812 dedisse
2714 755 2795 811 eis
2846 756 3015 812 Deum
3044 756 3122 827 (2)
3153 757 3399 827 spiritum
3429 773 3555 813 com-

343 852 499 905 vobis
538 859 594 904 et
650 864 753 918 pax
812 848 1208 915 multiplicetur
1258 848 1370 921 (94)
1436 850 1489 904 in
1543 851 1916 920 recognitione
2022 847 2351 917 punctionis,
2381 847 2677 902 secundum
2701 862 2764 903 ea
2792 862 2912 917 qua:
2935 848 3001 902 de
3023 849 3262 903 ezecitate
3281 847 3557 916 oculorum,

346 944 438 997 Dei
471 942 544 1007 ";
584 960 603 994 ι
635 951 690 996 et
732 940 928 995 iterum
961 940 1090 994 alibi
1124 957 1140 994 :
1172 958 1192 992 ι
1226 939 1298 995 Ut
1338 941 1465 996 boni
1515 941 1914 1013 dispensatores
2022 950 2077 994 et
2109 940 2295 994 auditu
2328 940 2539 994 aurium
2563 956 2661 1010 per
2688 940 2882 995 Isaiam
2911 941 3056 995 dicta
3079 947 3221 995 sunt.
3249 940 3414 997 Isaias
3436 942 3556 997 enim

343 1031 661 1101 multiplicis
701 1031 891 1100 gratiae
926 1029 1020 1083 Dei
1041 1028 1109 1083 ".
1133 1048 1151 1081 ι
2022 1031 2095 1085 ita
2129 1031 2259 1086 dicit
2287 1048 2302 1085 :
2339 1049 2358 1082 ι
2390 1031 2561 1098 Vade,
2604 1039 2659 1085 et
2689 1031 2775 1088 dic
2820 1032 3017 1102 popqu
3048 1034 3175 1086 huic
3205 1051 3230 1086 ε·
3251 1032 3446 1087 Auditu
3476 1048 3558 1087 au-

413 1128 466 1180 8.
506 1144 524 1176 ι
548 1125 686 1192 Quid
735 1139 863 1194 ergo
899 1123 1024 1178 est?
1068 1122 1222 1189 Quod
1270 1124 1554 1193 quasrebat
1582 1123 1778 1192 Israel,
1810 1125 1914 1180 hoc
2022 1124 2205 1187 dietis,
2239 1134 2295 1178 et
2322 1138 2426 1178 non
2471 1123 2825 1194 intelligetis:
2854 1134 2908 1179 et
2937 1124 3181 1180 videntes
3229 1126 3492 1190 videbitis,
3508 1137 3557 1181 et

345 1232 451 1272 non
483 1227 566 1272 est
606 1225 928 1270 consecutus
961 1232 975 1269 :
1015 1215 1211 1270 electio
1255 1225 1437 1272 autem
1469 1229 1759 1273 consecuta
1786 1227 1911 1273 est:
2022 1229 2128 1268 non
2156 1213 2428 1269 videbitis.
2460 1215 2822 1269 lnerassatum
2857 1224 2942 1271 est
2964 1216 3111 1270 enim
3138 1232 3236 1271 cor
3263 1217 3435 1287 populi
3471 1219 3557 1272 hu—

343 1311 529 1366 easleri
554 1325 681 1365 vero
707 1309 962 1365 excaecati
997 1317 1152 1374 sunt;
1187 1309 1330 1364 sicut
1358 1310 1618 1381 scriptum
1649 1320 1735 1366 est
1765 1329 1779 1365 :
1811 1310 1915 1366 De—
2015 1305 2126 1373 jUS.
2157 1316 2212 1359 el
2241 1305 2464 1360 auribus
2512 1305 2625 1360 suis
2666 1306 2907 1375 graviter
2958 1307 3286 1361 audierunt:
3325 1316 3380 1361 et
3400 1308 3559 1365 oculos

343 1404 426 1456 dit
464 1402 572 1455 illis
604 1402 746 1456 Deus
788 1401 1041 1471 spiritum
1085 1402 1521 1470 compunctionis
1549 1401 1695 1472 (95);
1728 1404 1913 1458 oculos
1945 1471 1957 1481 θ
2021 1411 2148 1450 suos
2183 1396 2517 1459 clauserunt,
2542 1412 2611 1451 ne
2636 1397 2777 1452 forte
2802 1397 3023 1452 videant
3055 1398 3245 1462 oculis,
3283 1408 3341 1453 et
3365 1399 3560 1454 auribus

343 1507 533 1550 utnon
568 1496 805 1560 videant,
831 1503 885 1549 et
929 1509 1108 1548 aures
1135 1504 1193 1548 ut
1227 1509 1333 1548 non
1383 1495 1631 1561 audiant,
1655 1510 1825 1565 usque
1858 1498 1911 1551 in
2021 1489 2265 1552 audiant,
2315 1497 2372 1542 ct
2404 1490 2572 1544 corde
2626 1488 2949 1559 intelligant,
3001 1498 3057 1543 et
3098 1499 3493 1557 convertantur,
3518 1500 3563 1545 et

343 1588 658 1641 hodiernum
687 1587 847 1641 diem.
873 1585 937 1640 Et
964 1586 1130 1639 David
1164 1588 1334 1641 dicit:
1369 1586 1492 1641 Fiat
1517 1603 1702 1643 mensa
1726 1603 1911 1644 eorum
2020 1596 2207 1635 Sauem
2239 1594 2333 1634 eos
2362 1580 2431 1634 ’⁸ο
2459 1598 2478 1632 ι
2510 1580 2659 1634 Nunc
2688 1595 2819 1650 ergo
2851 1578 2927 1651 (ὗ)
2949 1594 3169 1635 sensum
3197 1580 3350 1635 Isaia!
3377 1581 3564 1637 videtur

342 1677 397 1731 in
432 1677 704 1745 laqueum,
735 1688 789 1730 et
821 1678 871 1730 in
905 1679 1235 1745 captionem,
1277 1688 1331 1730 et
1362 1678 1414 1731 in
1466 1678 1810 1748 scandalum,
1859 1692 1915 1736 et
2021 1671 2316 1742 Αιιοειοιιιε
2346 1673 2461 1726 suis
2500 1671 2718 1741 quidem
2750 1673 3094 1728 sermonibus
3138 1672 3459 1742 PI'OWiiSSe;
3482 1677 3562 1728 θεά

343 1768 396 1820 in
432 1769 840 1820 retributionem
874 1766 1001 1820 illis.
1035 1766 1412 1821 Obscurentur
1442 1767 1585 1822 oculi
1624 1783 1811 1822 eorum
1843 1784 1909 1825 ne
1943 1765 1985 1820 Β
2014 1764 2138 1834 quia
2184 1764 2462 1833 propheta:
2500 1777 2720 1819 sensum
2762 1764 2998 1829 dicebat,
3030 1764 3308 1819 addidisse
3337 1782 3352 1820 :
3380 1783 3400 1816 ι
3429 1765 3564 1820 Sicut

339 1860 585 1923 videant,
638 1868 691 1913 et
729 1861 950 1913 dorsum
986 1858 1202 1912 illorum
1252 1873 1469 1928 semper
1523 1860 1746 1914 incurva
1782 1860 1850 1915 “.
1889 1879 1908 1914 ι
2014 1857 2284 1924 scriptum
2314 1865 2419 1910 est.
2454 1875 2474 1908 ι
2513 1855 2782 1911 Similiter
2805 1867 2986 1911 autem
3018 1865 3074 1912 et
3102 1856 3285 1912 dehis
3312 1855 3442 1912 facit
3460 1871 3565 1926 qua:

342 1951 403 2006 In
438 1952 523 2006 his
544 1952 830 2020 Apostolus
854 1951 1016 2005 Israel
1045 1951 1098 2005 in
1134 1951 1270 2007 duas
1296 1951 1491 2006 dividit
1520 1961 1702 2021 partes
1737 1970 1751 2008 :
1779 1968 1916 2022 qua-
2014 1964 2112 2019 per
2146 1947 2310 2004 David
2340 1949 2484 2003 dicta
2507 1962 2632 2004 esse
2659 1949 2995 2017 pronuntiat.
3026 1949 3116 2003 Ait
3136 1949 3285 2004 enim
3315 1948 3390 2020 (4)
3418 1968 3431 2003 :
3465 1968 3483 2000 ι
3507 1947 3567 2004 Et

344 2056 465 2094 rum
528 2056 688 2094 tinam
739 2041 1059 2095 electionem
1107 2049 1289 2106 vocat,
1326 2054 1447 2110 qua:
1499 2052 1791 2109 consecuta
1843 2043 1918 2098 sit
2015 2041 2183 2097 David
2220 2042 2356 2097 dicit
2386 2055 2402 2092 ς
2435 2040 2557 2096 Fiat
2601 2056 2787 2097 mensa
2823 2056 3013 2096 eorum
3050 2042 3103 2096 in
3134 2042 3412 2111 laqueum,
3446 2042 3565 2097 etin

339 2129 486 2200 quod
515 2132 830 2200 quaarebat;
863 2131 1023 2184 aliam
1050 2142 1278 2186 caeteros
1303 2132 1536 2200 appellat
1558 2134 1649 2203 qui
1685 2149 1791 2188 non
1819 2149 1909 2189 so-
2013 2136 2340 2203 captionem,
2377 2143 2432 2188 et
2490 2139 2544 2187 in
2586 2133 2925 2199 scandalum,
2972 2144 3029 2190 et
3068 2135 3121 2190 in
3168 2134 3566 2189 retributionem

342 2224 452 2277 lum
475 2223 756 2278 consecuti
788 2237 895 2277 non
924 2232 1048 2278 sunt
1076 2225 1219 2293 quod
1247 2225 1582 2293 qumrebant,
1613 2226 1708 2280 sed
1737 2241 1911 2281 excae-
2014 2227 2142 2282 illis.
2169 2225 2550 2281 Obscurentur
2581 2224 2723 2279 oculi
2752 2240 2945 2281 eorum
2985 2241 3056 2281 ne
3094 2226 3343 2290 videant,
3380 2234 3433 2280 et
3462 2226 3569 2279 dor-

341 2313 451 2366 t-ati
511 2321 639 2366 sunt
699 2312 894 2382 spiritu
962 2316 1417 2383 compunctionis.
1484 2316 1694 2382 Quibus
1748 2316 1913 2371 etiam
2013 2329 2131 2368 sum
2165 2314 2379 2368 illorum
2430 2327 2644 2383 semper
2687 2315 2932 2370 incurva.
2966 2334 2984 2367 ι
3038 2316 3191 2381 Quod
3222 2317 3373 2370 enim
3410 2316 3566 2369 dicit:

342 2406 512 2459 Βειιιιι
542 2406 754 2459 dedisse
778 2405 911 2459 dicit
944 2424 963 2457 ι
992 2406 1200 2474 oculos,
1234 2416 1294 2462 ιιι
1326 2424 1432 2462 non
1462 2409 1704 2474 videant,
1742 2419 1798 2463 et
1819 2425 1915 2462 au-
2018 2424 2037 2457 ι
2069 2405 2189 2460 Fiat
2213 2421 2402 2461 mensa
2437 2421 2626 2461 eorum
2675 2407 2729 2461 in
2773 2407 3049 2476 laqueum,
3080 2418 3136 2462 et
3174 2409 3227 2461 in
3260 2409 3571 2478 captionem,

341 2513 431 2551 res
475 2506 534 2549 ιιι
573 2512 675 2549 non
706 2497 967 2562 audiant,
1002 2513 1175 2568 ttsque
1217 2500 1270 2552 in
1318 2500 1634 2556 hodiernum
1686 2501 1852 2564 diem,
1889 2520 1908 2553 ι
2013 2508 2068 2552 et
2098 2498 2150 2550 in
2185 2498 2533 2562 scandalum;
2577 2518 2595 2550 ι
2630 2499 2687 2552 in
2730 2499 3027 2569 captionem
3072 2500 3125 2553 in
3164 2499 3382 2554 Psalmo
3406 2501 3449 2533 "
3479 2516 3580 2555 non.

340 2587 447 2643 hoc
495 2597 598 2652 est,
648 2603 820 2656 usque
871 2589 936 2642 ad
988 2591 1513 2647 consummationem
1564 2593 1770 2647 saeculi.
1806 2591 1914 2647 Sed
2014 2586 2246 2641 habetur
2272 2589 2554 2658 scriptum,
2580 2591 2757 2657 neque
2791 2590 2846 2643 in
2877 2590 3083 2644 nostris
3116 2589 3473 2659 Septuaginta
3493 2588 3571 2643 ln-

340 2680 568 2749 quaastio
594 2680 749 2735 nobis
779 2689 1024 2735 movetur
1057 2683 1334 2751 quomodo
1361 2684 1428 2738 de
1453 2683 1595 2738 bono
1624 2687 1732 2741 Deo
1753 2685 1914 2753 digne
2016 2685 2309 2747 terpretum
2341 2678 2767 2749 exemplaribus,
2798 2693 2975 2749 neque
3020 2681 3076 2734 in
3105 2681 3481 2738 Hebraeorum.
3517 2681 3580 2737 Et

341 2774 544 2825 uictum
563 2771 1225 2845 videatur(96)quodipse
1242 2775 1449 2837 dederit
1495 2776 1681 2830 oculos
1699 2776 1914 2832 residuo
2015 2787 2229 2826 rursum
2260 2772 2314 2825 iti
2364 2771 2580 2826 Psalmo
2633 2771 2864 2827 habetur
2899 2789 2915 2828 :
2956 2790 2977 2823 ι
3002 2771 3123 2827 Fiat
3169 2789 3364 2830 mensa
3403 2790 3579 2829 eorum

340 2861 503 2916 Israel
526 2862 721 2931 quibus
742 2878 846 2917 non
874 2864 1072 2928 videat,
1099 2874 1155 2919 et
1176 2879 1335 2920 aures
1355 2865 1555 2934 quibus
1578 2878 1681 2919 non
1706 2865 1913 2921 audiat.
2014 2879 2202 2919 coram
2235 2865 2367 2935 ipsis
2394 2866 2446 2919 in
2471 2865 2722 2934 laqueum
2751 2882 2811 2922 ς»
2837 2865 3131 2935 Apostolus
3151 2878 3341 2923 autem
3364 2883 3465 2923 nea
3489 2883 3575 2937 po—

339 2950 408 3010 Et
431 2957 553 3011 vide
587 2970 653 3010 ne
673 2953 813 3010 forte
845 2955 963 3010 haec
998 2956 1168 3027 magis
1197 2956 1489 3012 retributio
1519 2959 1591 3011 sit
1626 2967 1682 3011 et
1707 2972 1915 3013 merces
2013 2955 2126 3009 suit
2150 2971 2332 3009 coram
2357 2955 2506 3024 ipsis.
2559 2955 2686 3011 Haec
2715 2956 2783 3010 de
2815 2970 3126 3012 sermonum
3174 2957 3375 3014 ordine
3413 2967 3465 3013 et
3493 2973 3574 3011 as-

343 3046 1069 3112 ineredulitatis,secundum
1084 3062 1144 3101 ea
1160 3048 1345 3117 quatin
1363 3049 1733 3117 superioribus
1748 3065 1914 3119 espo-
1957 3117 1979 3119 _7
2016 3054 2358 3114 sumptorum
2388 3045 2824 3100 testimoniorum
2846 3045 3112 3115 qualitate
3144 3049 3576 3115 ηιθιηοηνῖηιυδν

339 3140 669 3204 snimus,ubi
687 3138 1178 3210 dicitur(97),quia
1198 3157 1217 3190 ι
1241 3156 1345 3195 non
1364 3117 1912 3210 probaveruutDeum
1940 3117 1983 3176 θ
2018 3143 2074 3188 υι
2102 3136 2459 3189 οειθηάεηιιυε
2483 3149 2578 3203 Per
2608 3136 2847 3206 Sillsulai
2865 3140 3011 3208 (ιιιθά
3044 3139 3351 3194 auctoritas
3376 3152 3573 3209 aposto-

342 3232 542 3285 liabere
570 3229 622 3283 in
671 3230 941 3297 notitiam,
977 3229 1200 3284 tradidit
1240 3243 1335 3285 eos
1365 3230 1508 3285 Deus
1536 3232 1589 3285 in
1625 3235 1912 3301 reprobum
2016 3226 2119 3283 lica
2173 3242 2512 3297 nequaquam
2554 3227 2901 3284 Hebraeorum
2964 3232 3373 3302 exemplaribus
3428 3233 3570 3287 Iidem

339 3337 557 3376 sensum
581 3322 650 3376 ".
676 3341 695 3376 ι
723 3322 792 3377 Ει
818 3322 905 3377 hic
927 3323 1072 3377 enim
1092 3321 1281 3377 oculos
1298 3332 1354 3377 et
1381 3339 1543 3380 aures
1572 3326 1775 3387 cordis,

2116 3322 2167 3384 it,
2199 3332 2301 3373 nec
2331 3318 2510 3373 verbis
2538 3333 2755 3389 semper
2780 3319 3135 3390 interpretum
3164 3324 3340 3376 servit
3364 3322 3461 3392 (5),
3491 3323 3574 3377 sed

343 3413 591 3482 corporis
638 3414 789 3479 dicit,
834 3415 1032 3484 quibus
1072 3414 1331 3469 excaecati
1367 3425 1493 3468 sunt
1545 3416 1654 3487 (98)
1707 3427 1761 3472 et
1807 3434 1912 3472 non
2017 3409 2424 3477 Scripturarum
2461 3424 2681 3465 sensum
2716 3411 2895 3467 verbis
2945 3414 3141 3481 quibus
3184 3416 3453 3482 competit
3486 3429 3574 3466 ex-

338 3505 566 3559 audiunt
594 3506 646 3560 hi
676 3507 859 3577 utique
884 3508 978 3575 qui
999 3508 1274 3562 Chrismm
1301 3509 1547 3562 videntes
1580 3512 1631 3562 iu
1659 3524 1796 3580 corpi

2116 3513 2202 3555 :at.
2237 3500 2389 3557 Nunc
2419 3517 2549 3574 ergo
2571 3504 2853 3558 videamus
2875 3505 3152 3572 quomodo
3177 3505 3452 3573 propositi
3488 3520 3574 3559 ca-

338 3607 392 3649 et
437 3598 712 3653 audientes
764 3600 1062 3653 doctrinam
1108 3598 1226 3667 ejus
1272 3598 1410 3669 (99),
1460 3614 1635 3669 neque
1686 3603 1912 3658 credere
2015 3592 2168 3661 pituli
2224 3606 2415 3647 sensus
2443 3594 2637 3648 debeat
2672 3594 2974 3663 explanari.
3026 3592 3347 3649 Caecitatem
3387 3595 3575 3658 cordis,

336 3690 592 3758 operibus
616 3705 737 3760 quae
761 3692 1235 3761 videbant,neque
1255 3692 1421 3744 verbo
1445 3694 1587 3759 quod
1620 3692 1794 3746 audicl

2118 3732 2119 3735 η
2156 3683 2395 3754 reliquus
2435 3684 2624 3749 Israel,
2661 3686 2761 3740 hoc
2792 3696 2898 3749 est,
2930 3687 3020 3756 qui
3063 3702 3169 3741 non
3208 3688 3471 3752 credidit,
3490 3700 3576 3740 ex-

337 3782 562 3836 obedire
613 3782 922 3838 voluerunt.
965 3783 1162 3840 Verqu
1214 3786 1281 3837 de
1312 3783 1416 3837 hac
1450 3783 1564 3851 ipsa
1609 3786 1795 3852 quaesti

2115 3784 2245 3830 :atus
2266 3785 2374 3841 est,
2397 3776 2609 3831 duobus
2642 3777 2975 3847 propheticis
3005 3778 3346 3835 testimoniis
3372 3778 3573 3850 probat,

338 3872 673 3931 sumcienter
700 3891 730 3930 a
766 3877 923 3931 nobis
960 3878 1013 3932 in
1045 3878 1235 3948 primis
1268 3878 1427 3947 hujus
1454 3876 1710 3947 Epistolas
1737 3878 1910 3947 parti-
2010 3866 2095 3922 vel
2133 3867 2279 3936 quod
2311 3883 2379 3924 ex
2404 3868 2565 3939 ‘Saiai
2596 3871 2684 3925 νει
2709 3871 2851 3940 Ψιοά
2874 3885 2944 3924 εκ
2983 3871 3152 3925 θθνίίί
3174 3870 3400 3927 ﬁdem"
3423 3870 3579 3944 632

335 3964 439 4016 bus
486 3964 688 4018 dictum
735 3973 840 4021 est.
895 3964 995 4020 Ubi
1050 3975 1231 4020 tamen
1270 3965 1348 4037 (I)
1396 3966 1654 4034 scriptum
1704 3963 1774 4017 sit
1810 3964 1910 4019 hoc
2010 3971 2384 4031 assumptum;
2415 3964 2551 4018 etin
2586 3973 2819 4032 utroque
2847 3978 2992 4019 unus
3027 3964 3438 4033 quodammodo
3458 3981 3574 4019 sen-

337 4055 513 4121 ipsum
545 4055 688 4123 quod
716 4054 847 4108 dicit
875 4054 1169 4124 Apostolus
1199 4072 1213 4108 :
1255 4074 1273 4106 ι
1304 4054 1458 4109 Sicut
1491 4055 1750 4123 scriptum
1778 4064 1862 4109 est
1889 4071 1904 4108 :
2007 4070 2103 4109 sus
2127 4056 2417 4126 exponitur
2445 4055 2544 4127 (6).
2564 4056 2697 4111 Nam
2717 4066 2775 4112 et
2790 4058 2877 4113 hic
2901 4057 3103 4113 oculi”
3129 4057 3214 4112 eis
3234 4058 3439 4113 dantur
3464 4057 3577 4129 qui-

335 4145 494 4201 Dedit
522 4146 628 4200 illis
656 4146 796 4201 Deus
826 4147 1075 4216 spiritum
1126 4147 1582 4218 compnnetionis,
1611 4146 1798 4201 oculos
1848 4155 1906 4201 ut
2007 4147 2109 4202 bus
2142 4163 2248 4202 non
2276 4148 2517 4215 videant,
2548 4159 2601 4204 et
2646 4163 2807 4204 aures
2857 4150 3056 4220 quibus
3084 4164 3192 4203 non
3240 4151 3497 4215 audiant;
3527 4157 3577 4203 et

338 4254 447 4292 non
480 4238 723 4305 videant,
744 4249 801 4293 et
830 4255 989 4295 aures
1022 4249 1080 4294 ut
1103 4255 1208 4294 non
1236 4241 1484 4304 audiant,
1522 4254 1693 4308 usque
1722 4240 1778 4294 in
1808 4239 1907 4295 ho-
2006 4236 2120 4292 illic
2141 4239 2187 4271 "
2219 4247 2437 4308 optatur
2465 4251 2526 4294 ut
2558 4255 2745 4295 coram
2774 4241 2906 4310 ipsis
2949 4256 3134 4296 mensa
3167 4256 3365 4297 eorum
3408 4244 3499 4297 liat
3527 4243 3573 4295 in

337 4332 586 4384 diernum
621 4330 801 4391 diem;
829 4349 849 4382 ι
883 4344 982 4401 ego
1010 4330 1272 4387 hactenus
1316 4332 1562 4386 invenire
1596 4346 1701 4386 non
1730 4332 1901 4401 pomi.
2006 4327 2279 4398 laqueum,
2302 4340 2359 4384 et
2383 4331 2434 4385 in
2464 4332 2793 4401 captionem,
2815 4343 2871 4387 et
2900 4333 2952 4387 in
2980 4332 3431 4403 retributionem,
3452 4346 3504 4389 et
3527 4337 3572 4387 in

335 4421 393 4477 Si
427 4422 549 4491 quis
587 4436 720 4477 vero
741 4421 1055 4494 diligentius
1084 4437 1248 4493 quam
1278 4436 1377 4477 nos
1414 4421 1647 4477 intendit
1676 4422 1728 4477 in
1757 4421 1906 4477 Scri-
1932 4457 1986 4517 υ
2010 4422 2358 4491 scandalum;
2384 4435 2437 4477 et
2476 4432 2537 4478 ut
2569 4424 2931 4480 obscurentur
2970 4425 3115 4481 oeuli
3160 4442 3355 4480 eorum
3400 4443 3466 4482 ne
3503 4429 3576 4480 vi-

404 4558 529 4634 ἰιι
565 4558 718 4634 Pet};
743 4573 781 4623 ι,
809 4557 864 4617 2.
939 4557 1029 4634 '3]
1060 4556 1204 4634 Patr.
1231 4574 1303 4625 tv,
1487 4558 1715 4634 ’fARom.
1743 4574 1819 4621 XI,
1850 4559 2022 4634 7‘sq.A
2091 4560 2150 4634 ξε
2180 4560 2337 4616 Rom.
2368 4577 2405 4626 ι,
2429 4563 2519 4620 28.
2595 4564 2640 4596 "
2669 4562 2771 4619 Isa.
2807 4580 2881 4629 vr,
2903 4563 2955 4632 9,
2987 4563 3071 4618 I0.
3147 4564 3193 4596 ⁸⁷
3225 4563 3372 4620 Psal.
3397 4582 3571 4634 uvm,

333 4622 423 4693 23,
452 4629 542 4683 24.
619 4629 663 4662 ⁸³
683 4628 841 4684 Rom.
878 4644 956 4694 ιι,
988 4631 1053 4695 8;
1088 4630 1210 4684 lsai.
1240 4622 1316 4696 vt,
1342 4631 1428 4684 10.
1518 4630 1563 4660 ³⁸
1599 4628 1791 4684 Ront.:

1240 4622 1316 4696 vt,
1342 4631 1428 4684 10.
1518 4630 1563 4660 ³⁸
1599 4628 1757 4684 Rom.
1782 4646 1859 4695 χι,
1885 4630 1937 4696 9,
1958 4622 2056 4699 'IO;
2090 4630 2232 4686 Psal.
2257 4622 2447 4697 vaut,
2482 4634 2572 4702 25,
2608 4634 2697 4689 24.

405 4763 513 4837 K95)
544 4763 704 4837 Editi,
743 4782 762 4815 ι
788 4763 1262 4837 multiplicabitur.
1287 4784 1304 4817 ι
1730 4835 1737 4837 ξ
2083 4765 2194 4837 (99)
2228 4765 2385 4836 Ejus.
2419 4768 2581 4823 Deest
2612 4770 2663 4823 in
2695 4769 2877 4825 editis.

401 4832 514 4905 (95)
567 4832 724 4887 Dedit
777 4834 886 4889 illis
941 4832 1082 4905 Deus
1145 4838 1386 4904 spiritum
1442 4835 1882 4903 compnnetionis,
2079 4832 2354 4905 (I)'Editi,
2390 4838 2530 4893 «Ubi
2562 4855 2761 4893 vero.»

331 4912 669 4979 et'c.,_usque
689 4906 778 4979 ad,
811 4915 889 4979 τε(
925 4904 1139 4979 dorsum
1183 4907 1391 4979 illorum
1426 4921 1627 4979 semper
1650 4907 1896 4979 incurva,
2008 4975 2037 4979 _
2186 4904 2376 4962 Deum.
2424 4909 2479 4962 lu
2518 4911 2678 4964 editis
2726 4909 3179 4979 praetermittitur.
3214 4910 3432 4966 Deinde
3476 4925 3571 4966 ms.

334 4975 717 5051 desiderantur
741 4975 792 5027 in
830 4972 983 5029 libris
1013 4989 1173 5030 antea
1204 4978 1387 5039 editis,
1417 4976 1510 5030 sed
1536 4977 1897 5029 restituuntur
2005 4972 2207 5047 Regius
2238 4995 2386 5032 num.
2411 4980 2565 5044 I659,
2599 4999 2617 5031 ι
2642 4972 2891 5035 Secunda
2911 4998 2972 5035 ea
2997 4983 3216 5051 quidem
3241 4984 3314 5037 de
3334 4982 3572 5037 caecitate

330 5055 395 5096 ex
421 5045 672 5115 munibus
702 5059 830 5115 mss.
2003 5045 2304 5115 oculorum,
2329 5069 2347 5101 ι
2390 5060 2495 5103 etc.
2531 5051 2634 5104 Sed
2665 5054 2849 5107 easteri
2882 5045 3032 5108 mss.-
3057 5052 3323 5107 Rabanus
3366 5063 3422 5108 et
3452 5053 3573 5107 editi

403 5115 515 5183 (96)
551 5114 623 5166 Ita
653 5130 755 5168 ms.
783 5114 982 5172 Regius
1005 5131 1153 5169 num.
1187 5115 1345 5181 1659,
1381 5114 1634 5169 Rabanus
1662 5125 1715 5169 et
1739 5115 1891 5183 editi,
2004 5129 2062 5172 ut
2095 5118 2149 5171 in
2194 5114 2378 5173 nostro
2419 5129 2589 5174 textu.

330 5185 524 5261 Ctetrri
555 5198 681 5239 vero
713 5199 920 5261 mss.”
947 5184 1075 5261 Sed.
1095 5189 1323 5261 quaestio
1359 5188 1515 5261 nobis
1561 5186 1773 5261 videtur
1802 5202 1894 5239 ex-
2075 5188 2151 5260 (5)
2185 5190 2276 5245 Sic
2315 5206 2448 5261 mss.
2486 5191 2731 5261 plerique
2768 5202 2822 5248 et
2869 5191 3145 5247 Rabanus.
3179 5191 3333 5248 Editi
3364 5207 3494 5248 vero
3522 5200 3574 5244 et

328 5255 760 5334 oriri-quomodo
783 5255 849 5308 de
880 5254 1331 5334 bononpeodigne
1354 5258 1552 5334 dictum
1584 5256 1887 5334 videatur,»
2002 5254 2290 5334 tns'._'ttit_tts_
2317 5254 2550 5334 Regius,
2588 5281 2606 5313 ι
2636 5254 2789 5319 Ilunc
2822 5278 2972 5334 ergo,
2995 5282 3013 5315 ι
3044 5274 3151 5318 etc.

328 5335 436 5403 etc.
457 5325 556 5403 Itis.
578 5326 776 5403 Regius
795 5340 946 5378 num.
972 5324 1177 5403 1639.et
1192 5324 1604 5403 editiomittunt
1631 5326 1887 5403 rdigne.»
2071 5330 2148 5400 (4)
2200 5331 2338 5384 Editi
2375 5324 2658 5403 omittunt,
2723 5352 2741 5384 ι
2768 5336 2857 5388 Ait
2885 5324 3069 5390 venint.
3095 5353 3114 5386 ι
3161 5332 3301 5387 Mss.
3358 5332 3571 5403 quidam

330 5396 537 5470 Deinde
575 5397 794 5470 editiet
820 5410 950 5450 mss.
985 5396 1207 5470 quidam
1246 5398 1468 5462 habent,
1509 5413 1528 5446 ι
1558 5397 1755 5466 quibus
1785 5411 1891 5451 non
2003 5396 2285 5470 omittunt,
2323 5421 2340 5451 ι
2374 5401 2442 5455 Ει
2478 5404 2647 5459 David
2679 5406 2832 5459 dicit.
2855 5424 2874 5456 ι

330 5466 621 5545 νῑιξεὶὲιιιᾙ
647 5464 855 5545 quibus
872 5467 1289 5545 nun-audiant.)
1331 5537 1343 5545 _
1575 5464 1581 5466 ⁷
2073 5470 2151 5540 (5)
2188 5464 2352 5536 Editi,
2388 5490 2405 5521 ι
2428 5487 2526 5526 nec
2552 5475 2732 5530 verbis
2763 5489 2976 5544 seraper
2998 5474 3427 5545 interpretatum
3459 5487 3576 5527 sera

399 5534 528 5607 (97)Δ
555 5534 778 5591 Dicitur.
815 5534 1096 5607 Omittitur
1124 5536 1179 5589 in
1211 5537 1487 5607 plerisque
1518 5550 1651 5591 mss.
1680 5549 1890 5592 necnon
2001 5534 2154 5603 vet,»
2185 5552 2261 5602 et,
2296 5560 2315 5592 ι
2340 5534 2544 5598 Servat.
2576 5563 2595 5596 ι

328 5605 469 5688 apud
503 5605 878 5688 Rabann_in,_et
903 5607 955 5660 in
988 5606 1179 5671 editis;
1212 5605 1315 5662 sed
1343 5605 1653 5664 restituitur
1674 5621 1741 5663 ex
1787 5623 1888 5665 ms.
2072 5610 2152 5681 (6)
2187 5613 2348 5688 Editi,
2385 5632 2403 5664 ι
2428 5616 2558 5671 etin
2594 5625 2823 5687 utroque
2851 5613 3255 5688 quodammodo
3285 5615 3432 5672 idem
3456 5629 3579 5669 scus

326 5666 497 5739 “Hgio
532 5691 681 5728 nutu.
717 5666 876 5731 1639.

2001 5696 2092 5737 sus
2117 5683 2420 5755 exponitur.
2445 5703 2463 5737 ι

392 5745 505 5807 (93)
532 5744 695 5805 Edili.
728 5765 744 5797 ι
778 5752 904 5808 quia
932 5749 1187 5806 excaecati
1218 5758 1369 5805 sunt.
1394 5767 1415 5801 ι
