3692 6138
56 286 169 345 HS!

953 288 1310 346 COMMENT.
1351 290 1420 345 IN
1460 289 1680 347 EPIST.
1719 292 1811 346 AD
1846 292 2010 347 ROM.
2053 292 2179 346 LIB.
2223 293 2359 349 Vill.

3124 299 3269 354 H82

53 417 213 463 deant.
268 407 335 462 Et
378 407 655 476 quomodo
698 406 814 462 haec
859 406 1020 479 digne
1042 409 1335 465 credantur
1385 410 1518 477 dici',
1547 420 1602 465 et
1629 416 1675 472 Α
1704 410 1838 476 lum,
1863 412 1996 465 etin
2032 410 2442 465 retributionem
2469 411 2591 466 eis»
2635 410 2752 466 ﬁeri
2788 411 2987 468 dicitur
3003 413 3046 477 ⁸,
3077 414 3264 469 videa-

54 502 262 555 maxime
285 514 349 552 ex
383 514 618 567 persona
658 499 857 554 Christi
890 501 943 556 in
972 502 1201 571 psalmo,
1227 518 1334 557 non
1363 503 1596 557 otiosum

55 594 243 646 videtur
270 592 563 646 ostendere
594 592 693 663 (7).
725 591 861 646 \‘ide
903 609 1036 663 ergo
1074 596 1118 648 si
1154 596 1257 650 hoc
1294 596 1451 650 modo
1475 611 1598 664 pos-

55 699 216 738 sumus
241 683 524 750 explicare
550 684 693 752 quod
718 684 1007 752 quaeritur.
1029 687 1182 740 Sicut
1214 687 1387 742 oculis
1411 702 1602 754 corpo-

57 778 147 829 reis
193 776 362 828 utitur
413 775 790 843 unusquisque
837 777 904 830 ad
956 777 1245 832 videndum
1286 778 1399 833 sive
1440 781 1598 842 bona,

59 870 156 922 sive
184 867 345 929 mala,
379 876 437 919 et
469 868 524 919 in
563 877 830 936 potestate
859 869 1021 923 habet
1054 868 1136 924 vel
1169 868 1383 925 elevare
1413 869 1603 924 oculos

57 959 112 1010 ad
146 956 355 1018 caelum,
387 966 445 1010 et
479 972 577 1025 per
609 958 661 1012 id
712 958 859 1027 Quod
914 959 1084 1024 videt,
1130 961 1457 1014 conditorem
1488 959 1602 1027 ejus

58 1061 349 1118 agnoscere,
371 1058 425 1101 et
457 1049 767 1103 collaudare
789 1057 1116 1117 creatorem,
1149 1050 1232 1105 vel
1250 1049 1500 1105 conferre
1531 1051 1599 1105 ad

59 1139 340 1209 spectacula
374 1141 536 1202 circi.
577 1141 661 1195 vel
696 1142 920 1204 theatri,
967 1143 1050 1196 vel
1096 1144 1464 1210 quarumlibet
1487 1159 1606 1199 sor-

59 1236 279 1288 didarum
343 1231 752 1287 oblectamenta
800 1234 1092 1298 visionum,
1144 1234 1340 1302 quibus
1391 1243 1485 1288 aut
1536 1234 1602 1287 ad

59 1324 332 1382 libidinem.
374 1332 488 1393 .aut
546 1324 614 1377 ad
676 1325 1050 1393 rapacitatem,
1089 1325 1174 1381 vel
1220 1326 1325 1381 alia
1377 1341 1607 1395 qumque

58 1417 170 1470 vitia
216 1416 434 1469 animus
476 1415 840 1471 inﬂammetur
877 1430 892 1470 :
942 1417 1017 1471 ita
1067 1418 1196 1471 mihi
1245 1418 1481 1488 intellige
1527 1418 1603 1490 (8)

62 1508 202 1560 etiam
227 1506 420 1560 animzc
447 1506 662 1571 oculos,
693 1509 890 1577 quibus
922 1509 1011 1561 alii
1049 1517 1278 1563 utuntur
1302 1510 1519 1581 quidem
1547 1520 1605 1566 ut

62 1600 255 1653 verbum
290 1596 383 1651 Dei
426 1609 486 1653 et
536 1600 841 1653 doctrinam
888 1601 1135 1655 veritatis
1182 1610 1500 1671 agnoscant,
1543 1618 1609 1659 ac

64 1688 312 1756 sapientiae
335 1686 458 1755 ejus
479 1689 726 1755 quotidie
748 1690 965 1757 capiant
989 1689 1288 1758 profectum
1313 1709 1327 1755 ;
1364 1691 1453 1745 alii
1479 1708 1609 1746 vero

63 1788 257 1833 utuntur
282 1778 366 1832 bis
394 1780 574 1833 oculis
596 1780 648 1832 in
669 1782 1027 1846 contrarium,
1050 1794 1369 1837 exercentes
1395 1784 1605 1838 scilicet
1634 1755 1679 1819 Β

64 1870 354 1939 semetipsos
398 1870 670 1937 quotidie,
722 1877 778 1922 et
829 1869 1165 1939 inquirentes
1217 1871 1295 1940 (9)
1337 1874 1606 1940 quomodo

65 1962 285 2030 dogmata
317 1962 571 2015 veritatis
597 1961 920 2032 iul'ringant,
947 1972 1000 2017 et
1025 1961 1181 2016 [idem
1206 1962 1407 2017 Christi
1437 1979 1608 2032 quan-

68 2065 158 2105 tum
206 2052 332 2119 ipsis
382 2052 599 2106 videtur
654 2052 986 2123 impuguent.
1028 2050 1301 2107 Ponamus
1341 2068 1472 2123 ergo
1504 2054 1605 2107 ali-

65 2158 198 2211 quem
220 2157 375 2198 orare
397 2158 499 2211 pro
528 2143 612 2199 his
640 2144 730 2213 qui
764 2143 1102 2213 perspicaces
1141 2152 1197 2197 et
1239 2145 1606 2212 argumentosi

67 2243 172 2287 sunt
197 2235 244 2288 in
269 2232 401 2289 falsa
428 2233 755 2297 scientia,et
773 2235 954 2289 dicere
979 2252 994 2289 :
1020 2235 1121 2289 Det
1145 2234 1249 2290 illis
1268 2234 1407 2290 Deus
1434 2254 1454 2287 ‹
1477 2251 1610 2290 ncu-

66 2326 133 2379 los
158 2336 214 2380 ut
248 2341 351 2379 non
376 2327 603 2380 videant
629 2344 649 2378 ι
683 2327 919 2395 perversi
959 2341 1154 2380 sensus
1190 2327 1465 2391 acumina,
1498 2343 1519 2377 ι
1553 2337 1610 2380 et

68 2432 205 2471 aures
231 2427 287 2470 ut
311 2432 418 2471 non
444 2418 674 2470 audiant
699 2436 718 2469 ι
753 2416 1019 2472 mendacii
1051 2417 1263 2472 scilicet
1295 2416 1606 2487 magistros,

66 2518 112 2564 et
144 2527 161 2561 ι
188 2511 545 2565 obscurentur
598 2509 739 2563 oculi
789 2524 977 2564 eorum
1031 2524 1099 2565 ne
1138 2510 1389 2577 videant;
1426 2530 1447 2562 ι
1502 2526 1607 2564 non

71 2603 149 2657 tibi
170 2602 376 2657 videtur
402 2603 819 2672 amplectendus
853 2603 898 2657 is
929 2602 1020 2671 qui
1070 2603 1185 2659 hare
1219 2612 1371 2673 optat
1404 2604 1484 2659 eis
1513 2620 1609 2674 per

68 2707 168 2762 qua:
200 2706 380 2747 eorum
412 2701 641 2762 peccata
673 2691 1022 2746 minuantur?
1050 2692 1217 2748 Multo
1240 2693 1383 2747 enim
1414 2695 1610 2751 melius

69 2794 137 2839 est
157 2800 252 2840 non
304 2799 528 2853 sapere,
577 2800 739 2854 quam
782 2784 923 2839 male
956 2799 1165 2855 sapere.
1193 2783 1335 2850 Non,
1366 2785 1604 2856 inquam.

72 2873 148 2926 tibi
167 2874 367 2929 videtur
393 2874 545 2944 quod
576 2873 838 2941 Marcion,
872 2874 962 2942 qui
995 2875 1282 2930 adversum
1306 2885 1609 2931 creatorem

72 2964 211 3019 Deum
249 2966 564 3037 blasphema
595 2966 797 3036 scripta
827 2967 1157 3036 composuit,
1188 2967 1272 3020 vel
1322 2967 1605 3035 Basilides,

72 3056 141 3109 vel
166 3056 494 3117 Valentinus,
525 3055 610 3110 vel
641 3055 823 3109 caueri
873 3068 1127 3109 auctores
1169 3056 1279 3124 (10)
1318 3072 1603 3124 pravorum

73 3149 366 3216 dogmatum,
386 3150 534 3204 beati
571 3149 822 3207 fuissent,
852 3149 897 3202 si
931 3163 1035 3201 non
1078 3149 1218 3214 illos,
1249 3150 1444 3216 quibus
1470 3149 1608 3202 male

78 3246 353 3301 mpuerunt,
380 3238 571 3292 cordis
606 3238 795 3291 oculos
841 3238 1200 3292 habuissent?
1232 3240 1306 3293 De
1346 3239 1429 3294 his
1464 3240 1606 3292 enim

76 3327 167 3395 (ll)
184 3326 336 3383 Isaias
359 3332 494 3385 dicit
525 3350 538 3384 :
566 3331 689 3384 «ναξ
713 3331 1100 3385 scribentibus!
1129 3331 1443 3387 Scribentes
1461 3333 1607 3386 enim

76 3423 328 3487 nequitiam
366 3423 680 3477 scribuut’.
715 3443 733 3475 ι
781 3422 1046 3478 Similiter
1079 3435 1263 3478 autem
1295 3433 1350 3478 et
1388 3440 1487 3494 pro
1524 3425 1609 3478 his

77 3512 147 3576 qui
180 3514 304 3569 male
334 3516 552 3575 docent,
592 3527 647 3569 et
669 3515 806 3569 male
840 3515 1157 3583 loquuntur,
1185 3526 1304 3569 orat
1353 3517 1520 3573 David
1552 3518 1603 3571 in

77 3600 291 3671 Psalmis,
322 3618 377 3662 et
408 3608 547 3662 dicit
568 3609 587 3638 ²
616 3627 629 3663 :
668 3626 686 3659 ι
711 3608 854 3663 Muta
883 3608 1189 3663 eiliciantur
1219 3608 1359 3663 labia
1400 3610 1608 3677 iniqua,

77 3712 173 3762 qum
192 3698 480 3768 loquuntur
505 3705 768 3755 adversus
805 3701 1038 3767 justum.
1071 3701 1251 3754 scelus
1272 3701 1323 3755 in
1354 3703 1609 3772 superbia

77 3799 117 3840 et
139 3801 449 3860 contemptu.
486 3812 509 3845 ι
538 3793 628 3847 Sic
649 3808 777 3863 ergo
794 3803 848 3848 et
872 3793 939 3847 de
958 3793 1119 3848 lsrael
1148 3794 1347 3848 dicitur
1373 3812 1388 3849 :
1425 3813 1443 3845 ι
1470 3792 1610 3850 Obs-

79 3890 304 3933 curentur
341 3881 491 3935 oculi
527 3896 713 3936 eorum
756 3896 827 3936 ne
875 3882 1095 3937 videant
1121 3881 1202 3944 ³,»
1248 3893 1325 3950 et,
1368 3882 1470 3939 Det
1528 3885 1611 3941 eis

82 3967 195 4024 licus
227 3988 246 4022 ι
273 3973 458 4028 oculos
514 3983 577 4028 ut
621 3988 732 4029 non
779 3973 996 4029 videant
1024 3974 1069 4027 ⁸.
1101 3989 1122 4026 ι
1158 3973 1317 4043 llaec,
1345 3986 1607 4045 quantum

79 4061 133 4112 ad
161 4063 424 4121 oculorum
464 4068 766 4122 caecitatem
794 4067 1035 4137 pertinet
1079 4082 1201 4137 qua:
1232 4067 1372 4122 male
1405 4069 1607 4123 videnti

81 4153 320 4212 incredula
343 4158 517 4214 Israel
543 4168 802 4230 tanquam
830 4175 930 4231 pro
958 4159 1202 4216 remedio
1227 4160 1461 4229 quodam
1488 4162 1607 4216 dari

81 4256 104 4292 ει
125 4241 216 4299 Deo
246 4247 453 4303 videtur
488 4248 626 4320 (£2),
647 4248 793 4304 dicta
822 4249 952 4306 sint.
975 4248 1134 4304 Nunc
1147 4249 1315 4304 etiam
1342 4252 1407 4307 de
1423 4266 1610 4307 mensa

1701 516 1839 556 mus.
1878 502 1984 556 Sed
2013 502 2186 571 primo
2224 503 2292 555 ad
2322 516 2416 555 eos
2443 515 2615 571 pauca
2650 502 2876 556 dicenda
2903 510 3028 557 sunt
3056 504 3147 573 qui
3179 505 3264 557 al-

1701 592 1935 664 legorias
1963 594 2014 646 in
2048 592 2344 662 Scripturis
2370 593 2565 648 divinis
2593 592 2852 657 refutant,
2885 603 2936 648 et
2967 595 3147 649 ridere
3175 610 3264 648 so—

1700 682 1813 738 lent
1839 684 1951 754 (15)
1985 697 2079 737 eos
2106 682 2199 751 qui
2228 697 2336 736 non
2369 683 2421 735 in
2453 682 2703 736 omnibus
2724 693 3024 751 sequuntur
3046 683 3269 737 histori-

1702 792 1822 830 cum
1859 791 2097 830 sensmn.
2128 774 2315 828 Dicant
2353 788 2481 842 ergo
2523 773 2676 826 nobis
2706 773 2749 826 si
2788 788 3028 827 mensam
3057 774 3147 828 hic
3168 772 3268 828 Ju-

1702 869 1940 922 dzeorum
1984 867 2129 920 illam
2159 866 2290 920 dicit
2340 865 2606 932 Propheta
2641 867 2692 918 in
2745 871 2847 934 ’qua
2884 864 3148 934 prandere
3183 866 3262 919 vel

1704 950 1926 1013 camare
1950 958 2148 1021 solent,
2179 966 2237 1011 ut
2269 958 2384 1027 ipsa
2411 959 2493 1011 eis
2526 957 2619 1009 fiat
2649 958 2699 1010 in
2728 956 2972 1026 laqueum
3008 967 3065 1011 ut
3089 958 3267 1027 capiat

1702 1066 1836 1106 eos:
1869 1051 1954 1104 vel
1990 1050 2033 1103 si
2068 1051 2179 1117 ipsa
2218 1064 2403 1104 mensa
2449 1047 2708 1103 efﬁciatur
2748 1050 2827 1102 eis
2863 1050 2913 1103 in
2955 1050 3267 1103 retributio-

1706 1158 1852 1205 nem.
1885 1151 1944 1196 ut
1976 1142 2044 1197 ab
2080 1143 2191 1209 ipsa
2215 1155 2312 1211 pro
2345 1142 2431 1196 his
2469 1155 2586 1211 quae
2633 1140 2972 1208 deliquerunt
3002 1142 3268 1209 recipiant

1706 1232 1962 1288 ultionem
1990 1253 2003 1287 :
2033 1233 2116 1287 vel
2144 1233 2415 1301 quomodo
2449 1234 2530 1286 eis
2560 1232 2615 1285 in
2648 1230 2960 1286 scandalum
3002 1231 3072 1285 sit
3102 1246 3271 1302 expc.

1707 1334 1857 1378 nant.
1891 1324 2041 1390 Quod
2073 1324 2117 1377 si
2153 1325 2219 1378 de
2264 1325 2347 1379 his
2373 1323 2598 1392 singulis
2627 1323 2902 1390 explicare
2937 1338 2996 1378 se
3026 1338 3130 1378 non
3175 1339 3270 1376 va-

1707 1414 1814 1469 lent
1845 1415 1983 1485 (H),
2024 1423 2078 1469 et
2111 1415 2278 1468 risqu
2312 1430 2470 1468 suum
2523 1414 2576 1467 in
2625 1414 2997 1468 confusionem
3034 1415 3270 1470 viderint

1709 1522 1947 1570 versum,
1984 1516 2111 1560 tunc
2151 1504 2435 1559 nobiscum
2482 1503 2688 1573 pariter
2718 1505 2959 1567 veniant,
3002 1516 3055 1557 et
3089 1503 3268 1573 rt-qui-

1709 1607 1833 1651 rant
1859 1598 1924 1651 de
1950 1596 2251 1665 Scripturis
2270 1596 2468 1649 divinis
2486 1594 2727 1663 qualiter
2758 1610 2939 1649 mensa
2965 1596 3075 1649 hanc
3105 1593 3270 1649 Israel

1711 1688 1878 1754 possit
1917 1688 2167 1757 intelligi.
2195 1686 2359 1742 Nobis
2390 1688 2556 1757 igitur
2572 1702 2669 1755 pro
2701 1696 2858 1755 captu
2882 1702 3069 1742 sensus
3091 1687 3270 1742 nostri

1708 1784 1782 1833 ita
1812 1780 2047 1845 videtur,
2065 1780 2206 1849 quod
2229 1794 2420 1834 omnes
2444 1779 2742 1848 Scriptura:
2771 1796 2888 1848 qu:e
2919 1792 3045 1833 aute
3067 1781 3270 1834 adven-

1709 1880 1821 1926 tum
1874 1872 2089 1925 Domini
2136 1881 2292 1925 erant
2346 1871 2486 1939 apud
2527 1870 2691 1925 Israel
2752 1869 2809 1942 (ι
2840 1871 3029 1940 primis
3057 1890 3075 1920 ι
3122 1872 3266 1925 enim

1710 1981 1730 2013 ι
1757 1963 1865 2018 illis
1905 1963 2109 2017 credita
2144 1973 2272 2015 sunt
2309 1962 2521 2030 eloquia
2560 1962 2652 2017 Dei
2679 1960 2742 2014 ⁸»
2765 1962 2809 2033 ),
2844 1971 2897 2016 et
2928 1976 3088 2016 omne
3125 1962 3269 2030 quod

1706 2053 2009 2125 appellatur
2039 2052 2204 2106 Vetus
2234 2052 2678 2118 Testamentum,
2727 2067 2911 2105 mensa
2945 2060 3030 2106 est
3067 2050 3224 2105 Israel
3253 2071 3275 2106 εΔ

1708 2146 1758 2200 in
1809 2160 1914 2212 qua
1957 2159 2139 2199 mensa
2177 2144 2220 2199 si
2260 2145 2383 2214 quis
2422 2143 2641 2198 volebat
2687 2145 2849 2198 edere
2892 2145 3112 2197 verbum
3150 2144 3269 2205 Dei,

1707 2237 1964 2307 appositis
1990 2237 2095 2292 sibi
2126 2236 2261 2307 legis
2283 2246 2338 2291 et
2356 2236 2620 2306 propheta
2631 2251 2745 2288 rum
2776 2234 3123 2290 sermonibus
3148 2249 3274 2302 pas-

1707 2328 1953 2384 cebatur.
1987 2328 2051 2382 Et
2102 2328 2242 2383 banc
2285 2336 2417 2397 puto
2453 2342 2577 2382 esse
2616 2340 2856 2381 mensam
2896 2326 2961 2380 de
3002 2340 3105 2395 qua
3140 2325 3275 2379 dicit

1708 2419 1962 2475 Salomon
1994 2437 2007 2473 :
2047 2437 2066 2470 ι
2095 2419 2163 2483 Si,
2186 2419 2390 2475 sederis
2422 2433 2640 2475 ctenare
2660 2418 2726 2473 ad
2749 2431 2990 2472 mensam
3013 2415 3272 2486 potentis,

1710 2510 2124 2581 iutelligibiliter
2181 2510 2423 2582 intellige
2448 2510 2564 2583 (l5)
2595 2526 2714 2580 quae
2759 2518 3101 2579 apponuntur
3150 2507 3270 2572 tibi,

1708 2611 1763 2658 et
1794 2603 1945 2657 mitte
1985 2618 2202 2658 manum
2240 2612 2411 2666 tuam,
2447 2605 2628 2658 sciens
2663 2603 2789 2672 quia
2831 2602 2957 2656 talia
2992 2610 3043 2657 te
3076 2615 3274 2669 parare

1706 2698 1920 2759 oportet
1941 2690 1981 2743 ⁷.
2011 2709 2031 2743 ι
2065 2690 2172 2746 Sed
2200 2700 2256 2745 et
2286 2691 2538 2745 Salvator
2562 2691 2652 2745 ubi
2678 2690 2846 2747 dicit:
2889 2708 2909 2742 ι
2932 2689 3067 2745 Cum
3110 2704 3271 2743 man-

1708 2782 2040 2838 ducaveritis
2065 2793 2121 2837 et
2146 2783 2394 2838 biberitis
2417 2785 2483 2837 ad
2518 2799 2761 2838 mensam
2794 2799 2965 2838 meam
2994 2782 3056 2849 ⁶;
3089 2802 3109 2837 ι
3141 2784 3273 2852 quid

1708 2872 1849 2926 aliud
1882 2888 2123 2929 mensam
2174 2873 2291 2941 ejus
2326 2872 2711 2941 intelligimus,
2758 2872 2861 2926 nisi
2907 2871 2995 2926 ubi
3046 2871 3159 2940 (16)
3189 2870 3283 2926 di--

1708 2980 1865 3035 gnos,
1898 2976 1950 3021 et
1978 2980 2071 3020 eos
2101 2965 2191 3033 qui
2223 2979 2418 3034 capere
2454 2976 2679 3033 possunt
2714 2964 2935 3017 verbum
2968 2963 3271 3033 sapientia},

1707 3067 1762 3112 et
1792 3073 1968 3111 rerum
2013 3058 2320 3123 scientiam,
2348 3058 2507 3111 docet
2531 3055 2692 3125 (l7)?
2723 3055 2834 3109 Hoc
2868 3064 2917 3109 et
2958 3056 3010 3108 in
3043 3053 3272 3108 Prover-

1706 3154 1810 3210 biis
1856 3155 2111 3208 Salomon
2172 3155 2240 3207 de
2300 3153 2574 3221 Sapientia
2645 3160 2978 3222 protestatur
3041 3151 3270 3205 dicens:

1710 3266 1729 3299 ι
1762 3248 2035 3316 Sapientia
2059 3246 2351 3300 aedificavit
2372 3246 2472 3300 sibi
2500 3246 2743 3308 domum,
2761 3255 2816 3299 et
2840 3243 3121 3314 supposuit
3147 3257 3274 3311 sep-

1707 3350 1813 3393 tem
1840 3340 2155 3394 columnas:
2194 3337 2494 3392 immolavit
2526 3336 2776 3390 victimas
2797 3349 2946 3397 suas,
2973 3333 3190 3388 miscuit
3217 3333 3270 3387 in

1705 3441 1919 3486 cratere
1956 3430 2142 3484 vinum
2173 3444 2352 3495 suum,
2381 3437 2436 3483 et
2471 3427 2684 3497 paravit
2713 3440 2956 3481 mensam
2996 3439 3150 3480 suam
3173 3422 3216 3477 ’.
3247 3442 3279 3476 ιο

1704 3522 1898 3578 Omnis
1927 3536 2056 3588 ergo
2115 3520 2394 3590 Scriptura
2448 3533 2632 3574 mensa
2674 3527 2759 3572 est
2800 3516 3116 3586 Sapientiae.
3164 3512 3272 3569 Sed

1706 3615 1986 3668 videamus
2029 3612 2299 3683 quomodo
2342 3611 2484 3668 hanc
2524 3625 2765 3665 mensam
2802 3619 2922 3664 orat
2954 3607 3121 3663 David
3153 3606 3277 3662 ﬁeri

1704 3704 1963 3759 Israelitis
2021 3702 2183 3776 (18)
2243 3702 2533 3757 incredulis
2592 3703 2645 3755 in
2725 3713 3019 3770 conspectu
3082 3713 3286 3753 eorum

1713 3796 1876 3869 633
1908 3799 1959 3850 in
1991 3796 2264 3866 laqueum,
2300 3804 2356 3850 et
2399 3795 2453 3849 in
2489 3794 2813 3863 captionem,
2855 3800 2910 3847 et
2943 3793 2994 3846 iu
3038 3795 3277 3847 scandae

1706 3888 1839 3953 lum,
1874 3896 1929 3943 et
1970 3887 2028 3959 _in
2064 3886 2477 3942 retributionem
2521 3885 2586 3941 ".
2634 3904 2653 3936 ι
2705 3884 2793 3939 Fit
2830 3886 2909 3939 eis
2939 3885 2992 3938 in
3024 3885 3274 3953 laqueum

1713 3980 1996 4048 Scriptura
2035 3977 2240 4044 divina,
2275 3991 2401 4031 cum
2443 3975 2627 4045 legunt
2674 3990 2737 4028 ea
2779 3989 2898 4043 qum
2949 3975 3013 4029 de
3057 3974 3276 4028 Christo

1713 4069 2034 4141 prophetata
2068 4076 2233 4123 sunt:
2271 4084 2289 4117 ι
2322 4064 2421 4120 Hic
2452 4063 2744 4120 aediﬁcabit
2767 4064 3042 4118 civitatem
3073 4078 3274 4127 meam,

1712 4170 1768 4215 et
1795 4158 2169 4227 captivitatem
2197 4156 2381 4226 populi
2408 4157 2510 4211 mei
2539 4163 2822 4209 convertet
2843 4155 2887 4185 ³⁸³
2913 4173 2926 4207 :
2962 4172 2979 4205 ι
3014 4163 3067 4207 et
3094 4153 3277 4208 dicunt

1714 4268 1820 4306 nou
1846 4265 1967 4305 esse
1993 4251 2109 4304 haec
2137 4248 2239 4302 sub
2264 4247 2388 4302 Jesu
2416 4250 2680 4317 completa
2719 4248 2855 4316 (19).
2908 4246 3091 4315 Neque
3130 4245 3276 4299 enim

81 4346 177 4400 quae
210 4353 230 4388 ι
257 4337 309 4393 in
352 4338 626 4409 laqueum,
653 4349 710 4396 et
733 4342 788 4397 in
827 4342 1162 4411 captionem,
1201 4354 1256 4400 et
1287 4345 1340 4400 in
1377 4346 1610 4400 scanda-
1638 4333 1687 4392 ι)
1713 4342 2023 4409 :editicavit,
2052 4341 2228 4403 aiunt.
2257 4341 2535 4395 civitatem
2567 4341 2683 4405 Dei,
2709 4355 2883 4410 neque
2904 4337 3276 4409 captivitatem

139 4493 268 4567 flsa.
298 4513 354 4567 x,
408 4500 464 4554 1.

541 4491 887 4564 ’PsaLxxx,
946 4503 1031 4558 19.
1105 4498 1299 4558 'Psal.
1354 4519 1542 4565 vaut.
1569 4503 1659 4560 21.
1734 4502 1945 4558 ‘Rom.
2005 4518 2082 4566 χι,
2126 4500 2179 4558 8.
2255 4501 2445 4555 'Psal.
2491 4516 2679 4561 vam.
2728 4501 2831 4561 ‘25;
2890 4500 3045 4555 Rom.
3111 4517 3190 4563 xt,
3219 4500 3275 4556 9.

83 4561 98 4590 ‘
122 4561 256 4621 Rom.
278 4561 357 4633 nt,
385 4569 441 4625 2.
516 4571 538 4602 "
566 4570 729 4629 Prov.
760 4561 917 4638 unt,
951 4572 1074 4639 1,2.
1147 4573 1168 4605 ⁸
1202 4574 1330 4629 Luc.
1353 4588 1494 4642 xm,
1515 4561 1606 4636 30.
1680 4574 1875 4630 ῬΙ-ον.
1900 4591 1975 4640 nt,
2000 4575 2050 4642 1,
2070 4561 2132 4627 ’2.
2198 4574 2241 4606 ⁸*
2267 4572 2411 4627 Psal.
2443 4588 2629 4638 vam,
2658 4573 2747 4626 9⁸5.
2825 4572 2868 4604 ³⁸
2898 4570 2997 4625 lsa.
3032 4561 3270 4636 xxv-15.

142 4728 207 4797 (7)
252 4731 347 4808 Lis.
382 4734 586 4808 Regius
629 4751 778 4790 num.
821 4736 979 4800 1659,
1041 4735 1296 4803 Rabanus
1352 4749 1408 4795 et
1450 4741 1607 4808 editi,

94 4807 411 4876 «ostendere.
443 4826 461 4856 ι
498 4804 692 4859 Caeteri
721 4820 876 4867 mss.,
906 4824 925 4857 ι
948 4824 1241 4876 exponere.
1268 4820 1289 4862 ι

144 4869 388 4949 _(8)__Editi,
418 4894 437 4926 ι
459 4876 656 4949 quibus
679 4886 771 4930 aut
793 4869 1094 4949 libidinem,
1120 4892 1213 4933 aut
1234 4881 1607 4949 rapacitatem,

87 4941 274 5020 vel‘alia
298 4941 674 5020 qumquevitia
705 4961 895 5020 amans
919 4965 949 5020 »ί
972 4941 1092 5018 (aL,
1123 4969 1143 5001 ‹
1171 4941 1379 5020 amens)
1404 4941 1610 5005 inﬂant;

89 5018 273 5090 utetur:
306 5016 377 5090 ita
411 5017 543 5090 mihi
589 5016 829 5090 intelligo
866 5035 888 5067 ι
931 5016 1047 5090 (ει,
1096 5036 1117 5071 ι
1146 5016 1405 5089 intelligi:
1446 5039 1465 5071 ι
1501 5021 1629 5075 Ra-'

87 5075 245 5200 inponas,
271 5084 606 5155 «intelligere
626 5085 708 5157 i);
732 5075 834 5141 ms.
864 5075 1069 5157 un‘usﬁ
1095 5091 1167 5144 ita
1193 5091 1280 5143 hic
1299 5075 1554 5159 ibtellige,
1585 5111 1606 5144 ι

142 5217 204 5298 (9)
245 5220 403 5288 Editi,
447 5243 467 5277 ι
505 5228 861 5298 semetipsos,
906 5229 1151 5302 quotidie
1202 5229 1562 5300 inquirentes,
1588 5251 1608 5284 ι

89 5298 256 5344 onttsso
289 5311 306 5343 ι
328 5304 400 5347 et.
430 5314 449 5346 ι

144 5357 239 5437 (1.0)
287 5362 447 5437 Editi.
501 5385 521 5417 ί
551 5368 860 5426 ἀπίοι-εδ.»
904 5369 1111 5425 Deinde
1163 5370 1345 5437 iidem,
1378 5380 1432 5425 et
1476 5387 1608 5426 mss.

91 5428 297 5509 quidanm,
327 5451 346 5484 ι
376 5436 419 5487 si
464 5438 640 5509 nullos
675 5441 871 5508 quibus
900 5440 1037 5494 male
1085 5428 1356 5509 sapientes
1378 5451 1557 5505 erant,
1585 5461 1605 5494 ι

90 5500 300 5619 ἓξῖυὸεά
331 5519 431 5559 ms.
463 5504 666 5575 Regius
691 5500 840 5565 num.
870 5510 1008 5566 1659
1034 5500 1236 5566 rectius
1267 5520 1324 5565 ut
1348 5513 1403 5566 in
1422 5500 1610 5567 nostro

480 5645 718 5721 Deestin
757 5651 938 5708 editis.

142 5705 245 5781 112),
285 5711 445 5782 Editi,
477 5705 1228 5788 tpertinent...:_viventi....
1263 5722 1536 5792 videntur,
1575 5745 1593 5777 ι

1729 4740 1872 4794 nale.

1712 4757 1901 4883 ᾤῖῗέ)
1943 4806 2044 4865 Ms.
2083 4808 2290 4880 Regius
2324 4825 2472 4864 num.
2509 4809 2668 4883 1659.
2702 4807 2859 4883 «ﬁed
2891 4808 3064 4883 primo
3107 4824 3276 4877 pauca

1711 4878 1937 5004 {licenda
1966 4890 2093 4935 sunt
2114 4878 2307 4936 contra
2325 4890 2422 4935 eds
2453 4882 2619 4952 qui...
2654 4878 2952 4934 refutantes
2981 4878 3164 4934 ridere
3184 4895 3274 4934 so-

1728 4960 1842 5004 ent.
1872 4970 1892 5003 ι
1922 4960 2028 5004 etc.

1728 4960 1842 5015 ent,
1872 4970 1892 5003 ι
1922 4960 2028 5006 etc.
2840 5010 2843 5015 _

1811 5022 1897 5089 14)
1923 5021 2088 5086 Editi,
2121 5038 2141 5071 ‹
2165 5020 2438 5089 explicare
2460 5036 2566 5077 non
2589 5019 2826 5075 valeant.
2855 5038 2874 5071 ι

1810 5089 1897 5146 15)
1933 5092 2024 5146 Sic
2060 5105 2249 5145 omnes
2298 5108 2429 5146 mss.
2483 5092 2649 5146 uosui
2695 5099 2750 5143 et
2803 5089 3078 5145 Rabanus.
3130 5089 3272 5144 Editi

1716 5161 1921 5222 verm.
1945 5161 2230 5232 diligenter
2265 5162 2522 5232 intellige,
2556 5181 2575 5214 ι
2618 5171 2725 5232 etc.

1785 5232 1911 5356 $162)
1942 5250 1960 5282 ‹
1985 5227 2087 5286 Ubi
2117 5250 2136 5282 ›
2174 5232 2327 5286 deest
2369 5232 2422 5286 in
2441 5227 2656 5286 'editis.
2698 5230 2896 5285 Deinde
2939 5243 3067 5284 mss.
3094 5228 3274 5308 plures

1845 5319 1872 5355 a
1915 5317 2072 5356 anus.
2097 5321 2115 5350 ι
2141 5302 2396 5356 Verbum.
2427 5302 2769 5356 sapientiam.
2792 5311 2847 5355 et
2877 5314 3055 5352 rerum
3095 5314 3271 5352 scren-

1710 5311 1762 5355 et
1796 5302 2072 5368 Rabanus,
2097 5321 2115 5350 ι
2141 5302 2396 5364 Verbum,
2427 5302 2769 5371 sapientiam,
2792 5311 2847 5355 et
2877 5314 3055 5352 rerum
3095 5302 3271 5352 scien-

1711 5375 1861 5433 tiam,
1896 5372 2073 5426 docet.
2097 5389 2116 5422 ι
2154 5371 2258 5427 Sed
2275 5388 2380 5427 ms.
2405 5370 2607 5441 Regius
2641 5388 2791 5426 num.
2826 5369 2962 5424 1659
2990 5369 3189 5423 rectius
3212 5378 3273 5423 ut

1710 5444 1762 5497 in
1798 5453 1986 5497 nostro
2023 5450 2189 5495 textu.

1781 5513 1892 5581 (17)
1929 5512 2092 5577 Editi,
2128 5528 2147 5561 α
2172 5512 2389 5580 docere,
2416 5530 2437 5564 ›
2476 5511 2633 5568 male.

1778 5583 1891 5650 (18)
1920 5584 2089 5650 Alias,
2119 5600 2137 5633 ι
2163 5582 2490 5638 lsraeliticis.
2516 5601 2535 5634 ι

1745 5647 1894 5779 I(:39)
1954 5647 2083 5711 Ms.'
2116 5652 2316 5726 Regius
2373 5669 2521 5710 num.
2582 5650 2752 5720 1659,
2790 5668 2810 5702 ι
2858 5663 2888 5705 a
2927 5647 3053 5706 Jesu
3111 5661 3281 5706 conte

1763 5743 1790 5779 e
1852 5761 1867 5779 .
1905 5743 1933 5779 ι.

1709 5734 1867 5781 uleta.
1905 5743 1933 5779 ι.

2243 5856 2271 5870 ρ
