3692 6138
398 280 538 335 1185
1883 278 2217 336 οῐίΙΟΕΝΙΒὶ
3491 287 3603 344 “si

397 396 582 468 populi
637 398 936 450 revocavit.
974 396 1082 451 Sed
1125 398 1242 452 haec
1273 397 1486 460 dicunt,
1543 397 1670 466 quia
1721 400 1974 469 sedentes
2002 405 2052 460 Α
2077 400 2369 457 immundis
2406 400 2476 455 et'
2509 400 2744 456 sordidis
2770 401 3129 466 vestimentis,
3175 402 3228 456 id
3268 412 3372 471 est,
3408 420 3601 477 corpore

396 490 464 543 ad
503 502 745 543 mensam
785 490 1026 558 potentis
1053 505 1162 544 non
1201 488 1412 544 faciunt
1444 490 1577 545 illud
1605 492 1750 561 quod
1779 493 1972 548 admo-
2081 502 2175 548 aut
2209 493 2377 548 corde
2401 490 2513 563 (26)
2546 490 2755 562 polluto
2783 494 2849 545 ad
2887 506 3127 546 mensam
3163 493 3434 561 sapientiae
3458 500 3604 552 consi-

396 581 517 635 nuit
553 579 665 652 (-20)
698 581 952 637 Salomon
997 583 1064 645 ¹¹,
1105 590 1165 636 ut
1207 581 1628 652 intelligibiliter
1667 584 1973 656 intelligant
2080 584 2344 649 deamus;
2383 583 2479 638 sed
2527 582 2765 651 speciem
2798 583 2965 636 futuri
2998 583 3051 636 in
3087 582 3242 638 costis
3270 585 3489 639 convivii
3515 588 3603 655 jam

396 687 517 738 quae
547 675 791 743 apposita
831 685 962 730 sunt
1007 676 1113 731 eis.
1161 676 1279 732 Non
1318 679 1466 732 enim
1510 679 1800 734 visibiliter
1832 679 1970 746 haec,
2080 691 2226 731 nunc
2252 677 2604 740 meditantes,
2629 689 2726 744 per
2760 676 3178 729 conversionem
3198 684 3252 729 et
3269 677 3603 742 paenitentiam

398 766 493 819 sed
548 767 979 837 intelligibiliter,
1032 772 1136 825 hoc
1189 781 1300 834 est,
1352 771 1677 840 spiritaliter
1728 771 1974 827 facturus
2083 767 2395 821 indumenta
2430 766 2674 834 quotidie
2717 766 3000 819 mundiora
3042 775 3097 819 et
3152 765 3407 833 nuptialia
3438 782 3606 837 praep»

398 855 759 923 prophetatus
785 870 869 912 est
899 860 1157 916 Christus
1183 860 1322 929 (21).
1357 860 1492 914 Nam
1524 861 1812 916 aediﬁcavit
1844 876 1975 916 vere

2114 867 2282 913 emus,
2316 852 2513 921 quibus
2539 862 2774 917 utentes,
2808 852 2985 905 aulam
3036 852 3337 920 sapientiae,
3382 863 3435 909 et
3470 857 3607 912 thala-

398 943 676 998 civitatem
704 946 822 1013 Dei,
846 948 940 1001 sed
967 964 1033 1002 ex
1059 948 1329 1017 lapidibus
1354 951 1518 1014 vivis,
1541 966 1609 1006 ex
1634 952 1834 1019 quibus
1858 951 1972 1024 (22)
2081 954 2200 994 mos
2234 940 2328 994 ﬁlii
2364 941 2507 1011 regis
2538 940 2745 996 inlrare
2772 957 3083 995 mereamur
3106 942 3173 995 "-

402 1035 694 1091 suscitavit
723 1037 1142 1104 ﬁliosAbrahic,
1174 1051 1230 1094 et
1275 1057 1341 1096 ex
1376 1042 1510 1112 ipsis
1548 1044 1836 1098 aedificavit
1867 1044 1974 1098 Ec-
2152 1030 2207 1086 9-
2252 1049 2273 1084 ι
2315 1030 2447 1085 Dico
2470 1047 2640 1102 ergo:
2679 1030 2936 1101 Nunquid
2972 1032 3054 1087 sic
3087 1031 3428 1089 olfendewm
3455 1044 3506 1090 ιιι
3530 1052 3605 1091 ca-

396 1127 622 1181 ctesi'am
681 1128 779 1184 Dei
827 1146 843 1193 ς
897 1139 951 1185 οι
997 1132 1272 1186 conveni;
1328 1134 1703 1199 captivitatem
1762 1134 1970 1204 populi,
2084 1121 2323 1175 derent?
2352 1121 2531 1176 Absit.
2570 1120 2677 1176 Sed
2710 1123 2923 1177 illorum
2961 1123 3158 1179 delicto
3196 1125 3347 1180 salus
3374 1127 3605 1196 gentibus,

398 1233 591 1273 eorum
626 1234 764 1289 quos
803 1222 855 1275 in
898 1223 1135 1292 peccatis
1164 1234 1357 1292 ρεριοε
1382 1226 1632 1282 diabolus
1671 1226 1971 1282 deﬂuebat,
2083 1225 2141 1267 ut
2170 1212 2295 1268 illos
2325 1213 2673 1268 mandentur.
2705 1214 2861 1280 Quod
2888 1215 2932 1269 si
2966 1215 3224 1270 delictum
3265 1215 3472 1270 illorum
3500 1218 3609 1272 divi-

401 1309 513 1365 ]tlis
537 1327 669 1382 ergo
698 1330 805 1368 non
838 1315 911 1369 ita
946 1315 1392 1384 intelligentibus,
1433 1334 1623 1374 mensa
1663 1319 1778 1374 (ηερ
1823 1318 1974 1375 εει-ί.
2084 1306 2171 1360 tia:
2220 1306 2425 1368 mundi,
2470 1315 2526 1360 et
2572 1304 2863 1361 diminutio
2910 1322 3099 1362 eorum
3145 1308 3349 1362 divitiae
3373 1310 3605 1379 gentium:

400 1414 576 1471 ptnra:
606 1405 800 1460 divinae
826 1405 966 1460 facta
1011 1415 1096 1461 est
1136 1425 1155 1459 ι
1187 1409 1240 1462 in
1274 1409 1544 1478 laquemn,
1577 1420 1633 1464 et
1672 1411 1727 1466 in
1762 1411 1971 1481 captio-

2123 1405 2291 1449 nanto
2341 1397 2513 1465 magis
2549 1397 2831 1464 plenitudo
2868 1414 3056 1452 eorum
3101 1398 3198 1452 ‘3?
3245 1418 3267 1451 ι
3317 1399 3446 1454 Cum
3478 1416 3613 1458 exuo-

402 1511 543 1549 πω,
576 1515 594 1549 ι
629 1496 815 1552 potest
859 1507 1042 1552 autem
1086 1509 1143 1553 et
1187 1500 1274 1555 illa
1322 1503 1502 1570 capuo
1548 1515 1750 1558 mensa
1809 1484 1974 1571 huius
2081 1489 2283 1544 suisset
2308 1489 2598 1559 Apostolus
2628 1490 2771 1543 eain
2802 1490 2998 1558 quibus
3025 1492 3341 1560 repudiatus
3361 1504 3440 1547 est
3457 1493 3611 1559 lsrael,

401 1587 594 1651 videri,
645 1603 749 1656 qua
802 1590 1061 1645 Dominus
1089 1604 1184 1644 eos
1214 1592 1358 1660 cepit
1388 1605 1511 1646 cum
1543 1594 1682 1648 dixit
1724 1594 1790 1648 ad
1831 1609 1927 1649 eos
1958 1615 1970 1650 :

2117 1581 2493 1635 tintroductze
2519 1591 2650 1635 sunt
2686 1593 2878 1651 gentes
2922 1598 2940 1647 ;
2981 1593 3037 1637 et
3082 1594 3450 1638 enumerasset
3480 1587 3612 1640 etiam

404 1697 428 1730 ς
456 1679 597 1746 Quid
624 1682 780 1736 vobis
812 1683 1026 1738 videtur
1055 1685 1122 1740 de
1150 1686 1413 1741 Christo?
1438 1686 1608 1755 Cujus
1646 1688 1817 1742 Filius
1845 1697 1930 1743 est
1951 1687 1976 1739 ι
2083 1675 2401 1745 ιποριιθιῖυθ
2430 1690 2548 1743 quin
2577 1675 2644 1728 de
2670 1676 2918 1730 caecitate
2956 1677 3224 1744 ipsorum.
3259 1686 3318 1731 ει
3349 1677 3539 1745 latium.
3573 1689 3613 1733 et

400 1771 471 1824 At
503 1772 577 1826 illi
607 1775 1010 1841 responderunt
1053 1794 1069 1832 :
1120 1778 1307 1835 David.
1363 1779 1430 1833 Et
1478 1780 1736 1834 Dominus
1776 1799 1790 1833 :
1830 1780 1982 1847 Quo-

2114 1767 2465 1831 etributione,
2520 1766 2889 1834 scandaloquc
2941 1767 3308 1837 praedixerant
3357 1767 3514 1841 (27):
3562 1786 3612 1824 ne

400 1863 563 1916 modo
595 1878 726 1934 ergo
756 1865 895 1937 (25)⁹
931 1868 1131 1937 inquit,
1183 1869 1351 1925 David
1406 1871 1689 1925 Dominum
1719 1885 1843 1925 eum
1879 1885 1977 1925 νο.
2007 1856 2047 1863 ”
2081 1874 2296 1911 rursum
2329 1857 2582 1927 gentibus
2612 1856 2909 1911 iusultandi
2940 1871 3135 1912 caus:is
3169 1867 3227 1911 et
3256 1859 3495 1912 elationis
3525 1876 3613 1912 nia-

398 1965 511 2021 cat,
546 1957 734 2013 dicens
764 1977 779 2012 ς
812 1959 957 2015 Dixi;
987 1962 1247 2018 Dominus
1274 1964 1504 2019 Domino
1537 1978 1700 2019 meo;
1755 1962 1897 2019 sede
1944 1980 1977 2019 α
2081 1949 2274 2001 teriam
2309 1947 2598 2016 praeberet,
2632 1946 2808 2015 ipsum
2845 1945 3063 1999 lsraelis
3092 1946 3304 2015 lapsum
3339 1948 3613 2001 dicittaletn

400 2048 610 2103 dextris
639 2051 775 2103 meis
803 2051 916 2122 (ει)
941 2053 964 2107 7
992 2054 1060 2108 Ει
1109 2072 1214 2111 "on
1259 2065 1518 2126 ροιθνηηι
1550 2056 1599 2109 ei
1645 2056 1978 2123 respondere
2080 2037 2273 2102 fuisse,
2308 2053 2414 2091 non
2449 2045 2508 2090 ut
2533 2037 2607 2091 illi
2636 2037 2927 2099 caderent,
2974 2036 3066 2091 sed
3107 2047 3166 2089 ut
3194 2037 3395 2091 delicto
3423 2053 3509 2092 suo
3543 2054 3613 2091 sa-

402 2142 624 2193 verbum
660 2142 726 2195 ιι,
756 2160 775 2193 ι
811 2142 900 2196 Fit
931 2156 1115 2199 autem
1145 2157 1200 2199 ει
1242 2165 1262 2198 ι
1300 2149 1353 2200 in
1390 2149 1803 2203 rell-mulionem
1842 2168 1861 2200 ι
1898 2149 1978 2205 eis
2079 2131 2248 2184 lutetn
2274 2131 2528 2197 gentibus
2556 2130 2789 2183 darent:
2828 2141 2884 2183 et
2916 2128 3035 2184 ait:
3072 2147 3090 2180 ‹
3126 2127 3261 2182 Dico
3288 2143 3454 2200 ergo:
3493 2129 3608 2182 Nun-

402 2231 519 2284 haec
555 2245 764 2296 mensa,
804 2246 863 2287 ut
902 2237 1137 2292 breviter
1167 2240 1367 2302 dicam,
1402 2240 1699 2293 secundum
1748 2242 1975 2295 verbum

2119 2223 2208 2276 uid
2239 2222 2319 2276 sic
2357 2219 2702 2274 oll‘enderuut
2734 2231 2792 2274 ut
2818 2219 3125 2274 caderent?
3153 2219 3332 2276 Absit.
3387 2219 3486 2273 Sed
3513 2218 3610 2273 illo-

406 2319 620 2375 Domini
650 2338 758 2391 quo
789 2325 907 2379 ait:
964 2345 984 2378 ι
1025 2326 1238 2385 Putatis
1281 2331 1407 2394 quia
1448 2346 1550 2401 ego
1594 2347 1848 2386 accusem
1878 2349 1977 2387 vos
2081 2330 2204 2369 rum
2235 2314 2461 2378 delicto,
2496 2314 2643 2367 salus
2679 2312 2952 2383 gentibus.
2981 2330 3001 2365 ι
3041 2311 3106 2366 Ει
3136 2313 3407 2380 quomodo
3437 2327 3498 2364 ex
3522 2311 3616 2364 illo-

406 2414 548 2479 apud
575 2412 790 2470 Patrem
811 2417 837 2470 ζ)
870 2417 963 2471 Εει
996 2420 1087 2484 (μή
1121 2436 1216 2474 vos
1246 2431 1461 2475 accuset
1495 2420 1706 2493 Moyses
1730 2422 1815 2486 ta;
1863 2442 1883 2474 ,
1922 2432 1978 2476 ει
2080 2423 2200 2463 runt
2248 2405 2451 2459 delicto
2501 2404 2648 2459 salus
2699 2403 2948 2473 gentibus
2984 2403 3166 2468 detur,
3207 2403 3446 2458 ostendit
3474 2421 3486 2457 ε
3516 2421 3532 2453 ι
3565 2401 3615 2457 Ut

401 2506 698 2559 Secundum
734 2508 859 2560 illud
896 2512 1040 2576 quod
1071 2512 1358 2581 Apostolus
1396 2513 1532 2567 dicit
1577 2531 1591 2568 :
1646 2532 1665 2565 ι
1702 2514 1980 2583 Quotquot

2114 2503 2225 2566 llos,
2258 2519 2277 2551 ι
2300 2500 2499 2569 inquit,
2533 2516 2552 2548 ι
2581 2496 2907 2553 aemulentur
2928 2494 3043 2565 (28)
3068 2513 3082 2549 :
3116 2515 3135 2546 ι
3167 2500 3274 2550 ltoc
3302 2504 3406 2560 est,
3433 2507 3487 2547 ut
3510 2508 3617 2547 con-

407 2608 507 2660 per
538 2593 709 2663 legem
739 2597 853 2667 (25)
885 2612 1266 2668 peccaverunt,
1299 2617 1393 2672 per
1419 2603 1591 2671 legem
1635 2602 1971 2672 judicabun-
2080 2594 2389 2649 versionem
2427 2592 2670 2663 gentium
2704 2590 2975 2652 videntes,
3010 2598 3068 2642 et
3115 2597 3488 2642 testamentum
3523 2586 3615 2652 Dei,

402 2694 512 2741 tur.
545 2704 565 2739 ι
599 2687 687 2741 Fit
714 2700 894 2745 autem
924 2701 980 2746 et
1006 2713 1026 2745 ι
1056 2695 1107 2747 ἰιι
1140 2695 1453 2750 scandalum
1479 2714 1498 2747 ι
1536 2698 1616 2752 eis
1646 2714 1831 2754 mensa
1865 2699 1980 2754 haec
2081 2688 2227 2758 (111οά
2274 2687 2375 2757 iPSi
2425 2685 2580 2755 Prius
2640 2690 2989 2751 acceperam:
3035 2680 3142 2735 “"5
3173 2680 3453 2742 ιτδιίίίωηι
3495 2689 3540 2733 οι
3565 2678 3619 2733 ιε·

406 2775 510 2829 hoc
555 2780 733 2834 modo.
775 2781 854 2835 Ex
902 2782 1204 2853 Scripturis
1253 2785 1562 2841 didicerant
1603 2787 1798 2854 Judaei,
1849 2790 1977 2859 quia
2084 2796 2207 2852 88m
2237 2795 2303 2834 ac
2329 2778 2625 2849 Prophetas
2652 2776 2796 2843 apud
2826 2788 2921 2827 303
2948 2771 3150 2839 majore
3186 2777 3246 2826 ει
3283 2771 3515 2840 ιιίεηίοτθ
3544 2771 3615 2824 ha‘

404 2886 427 2918 1
456 2867 711 2927 Christus
746 2872 798 2926 in
826 2885 1087 2929 internum
1123 2888 1305 2932 manet
1336 2880 1416 2946 ης
1453 2898 1472 2932 ι
1514 2880 1699 2936 Jesum
1738 2897 1869 2937 vero
1898 2883 1980 2935 vi-
2082 2872 2200 2927 beri
2229 2869 2598 2932 observantia,
2631 2867 2810 2921 zelum
2843 2867 3063 2935 capiant
3095 2865 3266 2919 etiam
3323 2863 3424 2931 ipsi
3454 2863 3503 2917 in
3541 2877 3617 2915 no-

402 2962 593 3017 deules
622 2964 675 3017 iu
709 2979 895 3031 Carne,
932 2975 987 3022 et
1012 2983 1118 3022 non
1151 2970 1329 3024 solum
1368 2970 1422 3025 in
1465 2988 1654 3038 came,
1701 2976 1796 3029 sed
1828 2985 1884 3029 ει
1920 2975 1975 3029 in
2083 2964 2325 3020 vissimis
2350 2962 2545 3017 saltem
2575 2958 2912 3027 temporibus
2954 2975 2969 3012 :
3000 2968 3054 3011 et
3099 2956 3247 3012 sicut
3277 2970 3417 3010 nunc
3443 2954 3616 3009 illorum

403 3063 601 3120 niorte,
637 3065 690 3110 et
722 3068 898 3113 morte
939 3060 1140 3126 crucis,
1180 3064 1701 3121 scandalizabantur
1745 3067 1800 3121 in
1852 3083 1977 3122 eum
2083 3056 2270 3129 lapsus
2313 3055 2546 3109 εθίυιθιιι
2582 3051 2837 3120 Βθηιίυυε
2885 3049 3057 3116 dedit:
3114 3049 3188 3102 ila
3237 3048 3471 3119 Βθ¹ηίι¹¹¹³
3517 3046 3618 3098 ﬁdes

409 3148 721 3202 nescientes
768 3150 893 3217 quia
945 3168 965 3202 ι
1011 3154 1114 3207 etsi
1167 3169 1357 3220 passus
1386 3165 1470 3211 est
1502 3171 1569 3211 ex
1599 3158 1915 3214 inﬁrmitate
1955 3180 1976 3213 ι
2006 3147 2050 3206 C
2083 3160 2140 3204 et
2197 3144 2546 3202 conversatio
2586 3138 2779 3198 lsraeli
2823 3139 3230 3194 aemulationem
3290 3136 3621 3194 conversionis

399 3240 605 3305 carnis,
662 3257 682 3291 ι
733 3242 826 3295 sed
882 3242 1015 3297 vivit
1050 3260 1114 3298 ex
1146 3247 1349 3302 virtute
1403 3248 1497 3303 Dei
1530 3249 1596 3305 ".
1632 3268 1651 3301 ι
1689 3250 1814 3306 Haec
1845 3267 1980 3318 ergo
2083 3241 2339 3296 conferat
2364 3247 2420 3292 et
2447 3235 2664 3291 salutis.
2697 3232 3114 3289 Observandum
3161 3240 3345 3285 tamen
3381 3240 3477 3296 est,
3500 3230 3617 3298 quod

402 3330 613 3400 singula
667 3333 790 3401 quia
845 3349 949 3388 non
987 3336 1406 3408 intelligibiliter
1455 3353 1821 3410 acceperunt,
1860 3360 1980 3413 qua;
2085 3334 2233 3391 aliud
2265 3333 2416 3404 ponit
2445 3328 2643 3384 Paulus
2674 3328 2788 3400 (29)
2826 3325 3102 3389 offendere
3128 3340 3194 3379 ac
3229 3324 3549 3393 delinquere,
3579 3330 3622 3373 et

405 3424 647 3490 apposita
703 3435 832 3479 sunt
866 3428 947 3481 eis
988 3430 1054 3482 ad
1105 3445 1348 3484 mensam
1395 3435 1657 3501 potentis,
1696 3435 1978 3489 scandali-
2084 3427 2229 3483 aliud
2272 3428 2467 3480 cadere
2506 3441 2521 3477 :
2561 3430 2616 3477 et
2660 3419 2949 3476 olfensioni
2981 3418 3198 3487 quidem
3247 3417 3334 3471 vel
3361 3415 3537 3471 delicto
3557 3427 3622 3467 re-

402 3511 514 3565 zati
565 3522 715 3577 sunt,
751 3522 805 3569 et
836 3516 951 3586 ipsa
989 3534 1173 3574 mensa
1210 3522 1623 3590 Scripturarum
1665 3526 1978 3582 divinarum

2114 3519 2329 3573 aedium
2384 3515 2537 3586 ponit
2562 3534 2576 3569 ε
2605 3512 2872 3568 cecidisse
2923 3520 3105 3564 autem
3135 3524 3254 3575 eos,
3288 3508 3437 3578 quasi
3469 3505 3623 3573 despe-

403 3600 547 3657 facta
579 3615 662 3659 est
701 3607 861 3661 eisin
893 3612 1237 3677 scandalum,
1269 3625 1326 3668 et
1356 3616 1641 3671 obscurati
1669 3630 1797 3671 sunt
1837 3620 1979 3675 oculi
2086 3615 2226 3668 ratio
2262 3613 2315 3665 in
2353 3611 2456 3665 hoc
2505 3609 2577 3663 sit
2631 3607 2836 3675 aliqua,
2892 3620 2997 3658 non
3051 3604 3271 3674 recipit.
3319 3602 3454 3657 Dicit
3490 3595 3624 3671 634

405 3709 592 3749 eorum
629 3699 926 3752 secundum
954 3715 1017 3755 ea
1043 3717 1162 3770 quae
1193 3719 1356 3772 supra
1380 3706 1640 3769 diximus,
1671 3718 1727 3761 et
1754 3710 1979 3763 dorsum
2083 3708 2229 3760 enim
2277 3724 2291 3760 :
2343 3721 2362 3754 ι
2396 3701 2648 3771 Nunquid
2698 3701 2778 3755 sic
2829 3696 3197 3763 oﬂ'enderunt,
3264 3706 3323 3750 ut
3371 3690 3623 3748 caderent?

404 3802 592 3842 eorum
630 3802 914 3845 curvatum
950 3804 1035 3847 est
1068 3810 1283 3863 semper
1311 3796 1373 3849 ¹⁶.
1411 3796 1596 3865 Neque
1633 3800 1777 3853 enim
1807 3801 1981 3854 debe-
2084 3799 2260 3854 Absit.
2294 3796 2401 3850 Sed
2436 3794 2648 3847 illorum
2690 3791 2887 3845 delicto
2914 3789 3061 3844 salus
3094 3789 3369 3858 gentibus.
3402 3805 3420 3837 ι
3468 3784 3525 3838 Et
3560 3791 3623 3836 est

409 3886 531 3932 rent
560 3879 701 3933 ultra
736 3882 932 3936 cteium
963 3885 1231 3953 aspicere,
1280 3887 1376 3960 qui
1422 3888 1477 3943 in
1504 3898 1811 3945 creatorem
1854 3891 1977 3945 εωιί
2088 3893 2284 3944 mirqu
2319 3892 2590 3960 quomodo
2621 3887 2674 3940 in
2704 3893 2785 3940 t0t
2813 3892 2868 3937 ct
2896 3882 3102 3938 talibus
3136 3897 3260 3952 qua“:
3289 3885 3353 3936 de
3374 3880 3451 3935 eis
3476 3878 3622 3932 omnis

409 3982 791 4036 peccaverunt,
838 3987 894 4027 et
939 3976 989 4028 in
1038 3976 1326 4032 Dominum
1378 3980 1706 4050 majestatis.
1772 3981 1877 4037 Sed
1929 3993 1985 4038 et
2087 3981 2343 4048 Epistula:
2376 3988 2555 4032 textus
2598 3976 2843 4045 exponit,
2872 3975 3139 4029 cecidisse
3172 3984 3354 4026 tamen
3382 3985 3469 4024 eos
3497 3976 3623 4036 neget

411 4060 707 4130 unicuique
737 4072 983 4117 nostrum
1013 4068 1312 4121 verendum
1355 4079 1437 4124 est
1472 4084 1541 4123 ne
1567 4070 1708 4126 forte
1734 4072 1849 4127 haec
1897 4074 1983 4127 di-
2085 4066 2404 4135 Apostolus.
2448 4066 2555 4120 Sed
2605 4063 2825 4117 videtur
2873 4062 3005 4115 tnihi
3042 4061 3187 4131 quod
3210 4060 3411 4116 Paulus
3435 4057 3622 4114 cadendi

404 4150 659 4204 vinorum
695 4155 984 4208 verborum
1015 4170 1224 4216 mensa.
1258 4160 1324 4212 ad
1357 4175 1520 4229 quam
1557 4162 1805 4216 videmur
1847 4179 1975 4218 con.
2086 4159 2424 4214 tlili'erentias
2484 4159 2624 4213 bene
2671 4158 2906 4222 noverit,
2951 4166 3008 4211 et
3057 4154 3205 4209 aliud
3255 4155 3393 4209 sciat
3420 4164 3528 4206 esse
3553 4163 3622 4202 ca-

407 4240 621 4296 sedisse
651 4252 712 4296 ut
740 4245 926 4298 cibum
958 4246 1108 4302 verbi
1139 4247 1234 4303 Dei
1268 4266 1367 4319 pro
1402 4252 1765 4321 possibilitate
1792 4268 1981 4311 sutna-
2085 4253 2236 4315 dere,
2283 4251 2583 4306 secundum
2613 4251 2746 4306 illud
2780 4250 2924 4319 quod
2952 4250 3220 4317 scriptum
3245 4257 3368 4302 est:
3404 4264 3422 4297 ι
3450 4243 3622 4311 Septies

414 4346 553 4398 ntus,
591 4332 685 4387 ﬁat
714 4336 768 4389 in
798 4335 1069 4405 laqueum.
1107 4342 1189 4395 vel
1217 4343 1273 4396 in
1308 4344 1749 4413 retributionem,
1808 4348 1890 4401 vel
1930 4350 1980 4403 in
2086 4342 2468 4411 cadetjustus,
2504 4353 2560 4398 et
2599 4353 2848 4414 resurget.
2891 4346 3039 4407 ¹Μ⁰ς
3071 4365 3090 4396 ι
3116 4351 3171 4398 et
3196 4340 3397 4395 iterum
3427 4358 3440 4394 :
3487 4356 3504 4389 ι
3531 4334 3620 4389 Noli

411 4427 756 4494 scandalum,
786 4430 831 4484 si
865 4448 970 4485 non
1001 4433 1430 4506 intelligibiliter,
1456 4447 1512 4492 et
1538 4448 1596 4491 ut
1626 4438 1848 4508 dignum
1877 4451 1981 4509 est,
2019 4500 2052 4509 _
2090 4438 2224 4490 mihi
2257 4437 2545 4502 insultare,
2576 4436 2794 4491 inimica
2821 4451 2964 4501 mea,
2995 4435 3122 4505 quia
3154 4433 3330 4489 cecidi
3357 4449 3372 4486 :
3400 4439 3452 4485 et
3482 4440 3623 4482 resnr-

416 4518 651 4574 mundos
674 4535 741 4574 ex
780 4536 866 4587 ea,
894 4535 951 4578 et
986 4542 1149 4594 puros
1178 4543 1240 4581 ac
1273 4529 1549 4597 Spiritales
1570 4530 1722 4586 cibos
1764 4533 1983 4601 sapien-
2019 4500 2061 4555 θ
2093 4548 2216 4601 gam
2240 4533 2282 4563 ’ί
2313 4549 2328 4597 ;
2364 4550 2383 4584 ι
2420 4533 2784 4588 etsecundum
2810 4532 2955 4601 quod
2980 4528 3252 4583 Jeremias
3275 4525 3400 4581 dicit
3425 4542 3439 4579 :
3465 4542 3483 4574 ι
3508 4520 3620 4575 Nun-

414 4608 506 4662 tiae
539 4614 820 4680 capiamus
852 4628 869 4667 :
913 4616 1077 4670 etiam
1109 4618 1237 4673 illud
1270 4622 1479 4689 pariter
1518 4622 1872 4677 observantes
1915 4638 1985 4677 ne
2093 4623 2223 4692 quid
2259 4624 2356 4694 qui
2390 4626 2557 4689 cadit,
2592 4638 2698 4678 non
2734 4622 2956 4693 adjiciet
3004 4630 3061 4674 ut
3114 4618 3408 4689 resurgat?
3446 4623 3527 4668 aut
3550 4607 3619 4681 qui

483 4741 525 4773 “
556 4742 714 4823 Prov.
739 4748 1024 4823 x‘x_ttt,_i_.__
1053 4751 1094 4781 "
1116 4749 1314 4823 Matth.
1356 4768 1495 4818 χχιι,
1520 4753 1590 4806 42
1617 4769 1740 4823 sqq.
1822 4755 1866 4786 "
1909 4752 1986 4809 Jo:

2114 4772 2147 4821 ι,
2179 4756 2268 4810 45.
2348 4755 2392 4787 ’⁵
2417 4752 2572 4811 Joan.
2596 4770 2694 4813 χιι,
2720 4754 2811 4807 54.
2890 4754 2934 4823 ‘7'
2964 4752 3145 4823 lI_Cor.
3168 4765 3288 4817 χιιι,
3316 4749 3369 4803 4.
3441 4748 3480 4779 ³⁸
3505 4742 3617 4799 Psal.

407 4828 600 4879 vam,
626 4815 721 4881 25,
755 4818 844 4873 24.
911 4819 953 4849 ¹⁷
978 4819 1167 4876 Matth.
1198 4838 1330 4888 xxn,
1368 4824 1452 4876 12.
1484 4815 1490 4818 ⁷
1522 4824 1564 4856 ³⁸
1589 4815 1747 4879 Boni.
1769 4827 1956 4892 xt,ii,

2135 4815 2268 4859 ἰν.ιο
2298 4823 2456 4880 Prov.
2488 4840 2638 4890 xxtv,
2670 4827 2756 4879 16.
2830 4824 2872 4854 ¹¹
2903 4821 3063 4876 Mich.
3090 4838 3184 4885 ιιι,
3210 4829 3259 4879 8-

479 4930 592 4999 (20)
620 4933 790 5013 Alias,
829 4938 1234 5013 «commonuit,
1261 4955 1280 4985 ι
1310 4938 1429 5005 (a|.,
1466 4957 1485 4990 ι
1528 4941 1795 5013 monuit);
1826 4942 1984 5001 Salo-
2076 4938 2407 5013 ⁸(ξιΩεᾼΙὶξιβ⁹
2448 4957 2468 4989 ι
2505 4937 2830 5013 Ουρευιιηιιθ
2858 4951 2955 5006 βοΐ
2988 4936 3383 5013 [ἶιξθῇηινηθηφᾴ

412 5017 539 5073 mon
571 5006 716 5069 quod
747 5005 1178 5073 intelligibiliter,
1223 5027 1242 5059 ι
1276 5019 1383 5063 etc.

481 5071 593 5149 (21)
640 5074 804 5138 Editi,
850 5094 870 5126 ι
926 5071 1027 5149 hoc
1074 5087 1195 5141 est,
1245 5079 1561 5149 spiritaliter
1611 5079 1851 5136 facturus
1894 5092 1983 5139 est

408 5142 679 5215 Cltrist_us,
717 5147 1145 5215 etpropltetatus
1163 5158 1248 5202 est
1275 5142 1555 5204 Christus.
1594 5168 1613 5202 ι
1652 5152 1853 5207 Deinde
1880 5169 1982 5208 ins.

411 5229 564 5290 unus
579 5212 960 5283 Regius—num.
992 5216 1151 5283 1659,
1177 5233 1482 5290 perperam,
1524 5240 1543 5273 ί
1572 5221 1674 5288 Qui
1710 5237 1818 5278 non
1851 5224 1987 5279 aedi-

412 5284 593 5338 licavit
620 5300 767 5348 vere,
813 5305 831 5335 ι
871 5296 976 5341 etc.

482 5353 594 5432 (22)
626 5355 722 5409 Ms.
744 5356 944 5432 Regius
974 5375 1122 5432 num.
1144 5358 1305 5427 1659,
1325 5361 1529 5415 omittit
1558 5379 1578 5412 ι
1612 5376 1680 5417 ex
1709 5363 1929 5432 quibus.
1964 5384 1984 5417 ι

2076 5011 2081 5017 ’
2165 5009 2278 5079 (26)
2315 5001 2407 5064 Sic
2442 5001 2546 5079 ms;
2572 5001 2776 5077 Regius
2807 5001 2957 5061 num.
2983 5005 3143 5079 1639.
3179 5001 3321 5059 Editi
3359 5013 3497 5059 vero,
3527 5014 3543 5079 ι
3569 5009 3618 5048 ac

2092 5071 2276 5152 corde,
2303 5098 2326 5152 ρ
2360 5071 2874 5152 ᾳιίιίΜεεηᾷιιίιΙιιιιι
2901 5086 2957 5152 et
2983 5076 3260 5138 Rabahus,
3295 5089 3315 5124 ι
3344 5081 3397 5152 et
3424 5071 3614 5152 corde...»

2089 5160 2198 5207 etc.
2220 5137 2425 5203 Deinde
2449 5149 2609 5202 iidem
2637 5137 2858 5213 habent,
2885 5147 3046 5212 alius,
3076 5164 3095 5197 ι
3124 5156 3218 5201 aut
3242 5137 3513 5214 Speciem.
3529 5137 3615 5199 alii,

2095 5240 2114 5274 ι
2156 5231 2210 5274 et
2236 5220 2500 5289 speciem,
2515 5228 2646 5274 ietc.
2674 5218 2831 5274 Male.

2157 5278 2280 5361 (27)’
2305 5278 2767 5365 Sicomnesmss.
2800 5288 2992 5365 nostri.
3016 5286 3158 5342 Editi
3177 5300 3323 5351 vero,
3370 5303 3390 5337 ι
3414 5278 3619 5365 _i_’rop_ltej

2092 5356 2175 5416 tas
2238 5356 2329 5427 qui
2388 5360 2456 5415 de
2508 5360 2752 5414 caecitate
2815 5359 3126 5428 ipsorum...
3187 5367 3241 5413 et
3303 5356 3615 5411 retributione

416 5426 555 5479 l-lditi
609 5440 739 5480 vero
777 5429 1000 5504 habent,
1051 5449 1069 5480 ‹
1110 5431 1161 5483 in
1194 5426 1413 5499 quibus;
1456 5450 1477 5484 ι
1530 5442 1586 5487 et
1625 5426 1835 5504 postea,
1867 5452 1889 5488 ι
1933 5446 1993 5491 ιιι
2093 5426 2816 5504 scandalipraﬁdixeranl._i

417 5505 697 5566 convertat
722 5498 1117 5566 captivitatem,
1160 5519 1179 5550 ι
1211 5498 1320 5556 etc.

624 5563 804 5635 Ergo;
819 5568 978 5623 Deest
1002 5571 1052 5623 in
1078 5570 1261 5625 editis.

482 5587 596 5706 (24)
631 5636 768 5691 Sede
814 5654 848 5692 α
900 5640 1100 5694 dextris
1150 5645 1261 5702 mei;

482 5648 596 5706 (24)
631 5648 768 5691 Sede

413 5717 574 5758 antea
602 5707 784 5763 editis.

484 5773 599 5847 (25)
640 5774 738 5834 Ms.
758 5777 962 5851 Regius
988 5796 1138 5842 nunt.
1168 5781 1329 5854 1669,
1368 5802 1388 5838 ι
1420 5785 1698 5854 Quotquot
1720 5784 1773 5843 in
1799 5786 1939 5848 lese.
1968 5803 1991 5840 ι

631 5636 768 5724 Sede
814 5654 848 5692 α
900 5640 1100 5694 dextris
1150 5645 1302 5703 meis.
1334 5642 1462 5699 Haec
1503 5642 1892 5724 desiderantur
1938 5645 1992 5700 in

2165 5500 2277 5573 (:8)
2324 5488 2393 5555 U't
2424 5500 2584 5573 illos,
2629 5499 2820 5570 inquit,
2859 5496 3190 5573 mulcatur.
3208 5496 3357 5573 _H:_ec
3382 5495 3551 5549 desunt
3572 5488 3612 5573 in

2094 5554 2279 5635 editis,
2315 5554 2368 5627 et
2396 5573 2450 5626 in
2484 5554 2756 5639 plerisque
2784 5554 2913 5626 mss.
2936 5579 2993 5622 et
3020 5570 3161 5637 apud
3207 5567 3472 5623 Rabanum
3500 5577 3513 5614 :
3539 5554 3615 5613 sed

2100 5645 2463 5697 restituuntur
2493 5657 2560 5695 ex
2583 5657 2687 5698 ms.
2715 5640 2881 5710 Regio
2914 5653 3064 5693 num.
3093 5639 3255 5710 i659.

2172 5712 2284 5787 (29)
2317 5712 2549 5770 Paulus.
2576 5711 2740 5768 Deest
2775 5708 2831 5766 in
2861 5718 3022 5765 antea
3048 5708 3230 5765 editis.
