3692 6138
406 273 548 331 1187

1871 271 2192 332 ORIGENIS

3511 280 3621 338 I188

409 407 510 449 nes
537 392 717 447 mundi
742 392 1028 463 appellatio
1051 391 1288 447 refertur
1319 408 1333 444 :
1370 379 1574 447 idcirco
1606 392 1800 461 repetit
1828 392 1970 462 Apo-
2007 401 2051 456 Α
2079 394 2176 448 bus
2202 395 2560 459 crediderant,
2588 397 2750 452 dicit:
2775 415 2793 448 ‹
2819 394 2984 453 Vobis
3006 395 3149 452 enim
3180 396 3311 453 dico
3340 397 3616 469 gentibus.

409 484 601 551 stolas,
631 495 685 540 et
710 484 1054 540 manifestius
1084 486 1137 538 in
1173 499 1282 554 quo
1312 484 1512 538 dixerit
1543 483 1801 539 mundum
1830 485 1977 539 desi-

407 587 559 648 gnat.
580 578 672 631 Ait
701 577 843 631 enim
872 593 884 627 :
923 595 941 628 ι
973 576 1041 630 Ει
1065 575 1353 630 diminutio
1382 575 1493 646 (47)
1524 591 1711 631 eorum
1731 616 1746 640 ,
1774 577 1977 630 divitiae

407 669 671 736 gentium.
719 686 738 720 ι
774 667 926 734 Quod
974 667 1120 721 enim
1154 666 1258 719 illis
1296 667 1384 736 qui
1419 666 1762 723 offenderunt
1812 668 1975 722 diuti-

409 767 597 811 nutum
624 768 708 812 est
732 767 786 812 et
806 758 1067 825 ablatum,
1099 758 1165 810 ad
1193 757 1415 813 divitias
1449 760 1687 828 gentium
1719 758 1977 813 collatum

408 858 512 912 est,
544 850 635 917 qui
663 864 759 919 per
783 849 937 904 fidem
954 865 1080 919 pars
1106 851 1315 906 Domini
1333 860 1388 905 et
1419 852 1702 905 haereditas
1726 852 1845 920 ejus
1867 851 1977 920 (48)

415 935 593 991 eﬂ‘ecti
621 949 768 993 sunt.
798 938 944 994 Bene
984 949 1164 994 autem
1199 940 1264 994 ad
1299 941 1713 995 diminutionem
1747 941 1980 996 reddidit

406 1028 817 1097 plenitudinem.
864 1039 915 1083 et
949 1045 1053 1084 non
1083 1033 1202 1086 sine
1243 1032 1509 1100 profundo
1539 1034 1775 1102 quodam
1816 1048 1976 1087 sensu

409 1128 662 1195 populum
706 1127 870 1182 Israel
904 1128 1102 1184 Paulus
1141 1128 1529 1197 plenitudinem
1565 1136 1739 1179 vocat.
1770 1123 1826 1177 In
1871 1140 1978 1193 quo

407 1234 508 1290 ego
539 1237 637 1290 pro
676 1220 885 1274 viribus
927 1220 1062 1274 meis
1102 1219 1208 1273 tale
1248 1218 1451 1287 aliquid
1493 1215 1778 1285 intelligo:
1822 1214 1978 1268 Nunc

408 1312 628 1378 quidem
671 1311 842 1365 donec
876 1326 1068 1365 omnes
1106 1319 1293 1380 gentes
1346 1310 1571 1363 veniunt
1619 1308 1686 1361 ad
1722 1306 1977 1370 salutem,

409 1413 815 1472 congregantur
841 1402 1041 1456 divitiae
1075 1403 1166 1457 Dei
1198 1418 1262 1456 ex
1298 1400 1635 1455 credentium
1674 1397 1979 1452 multitudi-

409 1508 477 1548 ne
512 1510 528 1545 :
565 1494 657 1546 sed
680 1494 848 1546 donec
874 1492 1038 1547 Israel
1067 1495 1118 1547 in
1149 1493 1527 1547 incredulitate
1557 1489 1819 1559 persiStit,
1846 1503 1979 1541 non—

405 1585 535 1641 .dum
571 1585 847 1652 plenitudo
882 1586 1147 1653 portionis
1198 1585 1409 1639 Domini
1453 1585 1663 1638 dicetur
1705 1580 1816 1653 (I9)
1858 1596 1979 1636 esse

408 1676 697 1745 completa.
741 1675 897 1728 Deest
921 1677 1065 1728 enim
1113 1679 1178 1729 ad
1218 1678 1484 1745 integrum
1517 1674 1750 1743 populus
1787 1670 1973 1726 Israel.

2077 483 2215 548 Quid
2238 499 2369 555 ergo
2408 487 2555 541 dicat
2603 489 2852 557 gentibus
2883 486 3481 553 vidcantus.rQuandiu
3527 495 3622 557 qui-

2079 574 2198 627 dem
2231 589 2329 641 cgo
2375 591 2516 640 sum,
2554 577 2752 645 inquit,
2790 577 3067 645 apostolus
3104 576 3381 642 gentium,
3414 577 3623 631 ministe-

2080 665 2219 718 rium
2260 681 2437 719 meum
2462 668 2830 733 illustrabo,si
2849 683 2957 736 quo
2990 667 3145 721 modo
3180 668 3236 719 in
3267 666 3620 722 aemulationem

2081 752 2367 807 immittam
2410 770 2629 810 carnem
2663 771 2861 820 meam,
2912 764 2965 810 et
2993 756 3181 809 salvos
3212 753 3417 807 faciam
3450 757 3624 824 aliquos

2079 861 2141 898 ex
2179 846 2307 900 illis.
2346 866 2364 896 ι
2410 848 2559 902 Dicet
2592 848 2835 915 aliquis:
2870 848 3024 914 Quod
3052 848 3150 909 ait,
3197 866 3217 898 ι
3260 846 3507 913 Quandiu
3545 864 3623 918 ego

2083 953 2200 989 sum
2255 940 2530 1004 apostolus
2584 941 2847 1008 gentium,
2888 958 2906 991 ι
2939 940 3041 993 hoc
3073 940 3302 993 videtur
3349 940 3622 1001 ostendere,

2083 1029 2226 1095 quod
2255 1044 2358 1081 non
2390 1044 2602 1097 semper
2631 1030 2737 1083 erit
2770 1031 3043 1099 apostolus
3063 1030 3314 1099 gentium
3342 1046 3356 1092 ;
3394 1029 3483 1082 sed
3507 1044 3625 1082 cont-

2079 1119 2220 1184 pleto
2246 1119 2568 1183 ministerio,
2612 1120 2840 1173 aliorum
2874 1120 3250 1189 quorumlibet
3290 1118 3551 1186 apostolus
3570 1121 3625 1172 sit

2080 1208 2310 1263 futurus.
2347 1210 2453 1264 Sed
2482 1221 2741 1279 quantum
2794 1220 2849 1264 et
2890 1226 2959 1264 ex
2994 1211 3165 1280 ipsius
3197 1210 3557 1275 sermonibus,
3582 1218 3624 1263 et

2078 1315 2142 1354 es
2193 1315 2371 1356 rerum
2425 1315 2701 1371 gesmrum
2752 1304 2964 1357 ratione
2989 1302 3552 1370 colIigitur,quandiu
3582 1304 3620 1354 in

2080 1394 2182 1448 hoc
2237 1394 2436 1448 mundo
2487 1393 2609 1458 fuit,
2665 1395 3031 1461 permansisse
3089 1393 3141 1446 in
3195 1394 3311 1445 fide
3344 1402 3401 1446 et
3434 1391 3622 1445 veritate

2079 1484 2358 1552 apostolus
2394 1484 2636 1553 gentium
2682 1487 3088 1552 comprobatur.
3143 1482 3293 1550 Quid
3339 1496 3465 1552 ergo
3507 1484 3617 1536 dice-

2080 1573 2239 1626 mus?
2259 1572 2657 1642 Nunquiduam,
2695 1584 2946 1642 tanquam
2970 1588 3162 1629 servus
3185 1574 3366 1628 bonus
3389 1582 3443 1627 et
3463 1573 3623 1636 fidelis,

2080 1665 2169 1732 qui
2221 1665 2273 1717 in
2326 1666 2516 1734 paucis
2562 1665 2740 1719 fuerat
2782 1665 2956 1721 ﬁdelis
3002 1665 3069 1732 ⁸ο,
3123 1665 3341 1721 sciebat
3391 1679 3447 1718 se
3491 1679 3622 1733 super

408 1768 540 1822 Cum
560 1782 685 1822 vero
698 1767 968 1835 plenitudo
991 1768 1228 1837 gentium
1246 1766 1641 1823 subintraverit
1658 1765 1725 1822 ³⁸.
1746 1775 1800 1819 et
1821 1764 1966 1818 lsrae.

2089 1754 2248 1808 multa
2284 1757 2724 1811 constituendum
2744 1798 2760 1820 ,
2787 1767 2841 1811 et
2871 1758 3176 1825 apostolum
3207 1755 3458 1809 futurum
3487 1757 3619 1809 etiam

412 1858 466 1912 in
485 1858 780 1913 novissimo
808 1867 1049 1928 tempore
1077 1875 1172 1929 per
1197 1858 1354 1913 fidem
1394 1856 1599 1911 venerit
1628 1856 1694 1910 ad
1723 1855 1978 1918 salutem,

407 1950 525 2018 ipse
552 1950 655 2004 erit
681 1949 910 2018 populus
949 1951 1038 2020 qui
1072 1950 1222 2019 prior
1251 1949 1472 2019 quidem
1504 1946 1717 2012 fuerat;
1756 1945 1849 2000 sed
1879 1959 1980 2000 no-

406 2043 665 2097 vissimus
687 2042 910 2097 veniens
939 2041 1109 2111 ipsam
1137 2038 1537 2110 quodammodo
1565 2036 1898 2095 hereditatis
1924 2043 1980 2088 et

406 2134 677 2204 portionis
714 2132 925 2188 Domini
977 2129 1367 2201 plenitudinem
1400 2128 1697 2198 complebit
1743 2125 1878 2199 (50).
1912 2126 1979 2180 Et

410 2225 533 2277 ideo
559 2241 579 2275 ε
612 2223 890 2292 plenitudo
912 2240 939 2275 ο
971 2221 1307 2290 appellatur,
1355 2220 1480 2289 quia
1512 2219 1656 2288 quod
1702 2217 1890 2273 deerat
1923 2217 1976 2270 in

409 2312 657 2381 portione
693 2310 806 2376 Dei,
847 2311 897 2363 in
932 2310 1242 2364 novissimis
1282 2310 1398 2377 ipse
1432 2307 1731 2377 complebit
1763 2325 1776 2359 :
1820 2317 1877 2360 et
1904 2306 1978 2360 ita

406 2402 794 2472 omnipotentis
809 2412 865 2458 et
891 2401 1017 2456 boni
1047 2401 1137 2454 Dei
1167 2402 1501 2470 diSpensatio
1531 2400 1723 2454 delicta
1749 2399 1976 2452 aliorum

405 2492 681 2553 fructuosa
712 2493 831 2546 aliis
851 2492 1032 2555 efﬁcit,
1061 2492 1202 2546 sicut
1231 2492 1281 2545 in
1308 2491 1562 2561 praesenti
1593 2491 1785 2545 delicta
1811 2489 1977 2547 IsraeI

407 2584 631 2641 divitias
678 2584 861 2639 mundi
898 2584 1043 2647 facit,
1080 2592 1136 2637 et
1171 2583 1581 2637 diminutionem
1615 2599 1804 2639 eorum
1838 2583 1978 2638 divi-

410 2677 513 2730 tias
552 2676 813 2746 gentium.
859 2673 976 2729 Jam
1021 2690 1150 2728 sane
1189 2674 1232 2727 si
1266 2685 1321 2728 et
1368 2690 1432 2729 ex
1471 2675 1714 2745 gentium
1766 2675 1978 2728 delictis

407 2781 529 2834 quae
573 2770 883 2822 necessario
913 2767 1252 2837 delinquunt,
1290 2768 1395 2821 tale
1427 2766 1629 2835 aliquid
1666 2766 1828 2821 faciat
1856 2783 1975 2820 ont-

405 2859 554 2912 nium
568 2860 929 2929 dispensator,
950 2871 1004 2913 et
1022 2858 1296 2927 aliquibus
1310 2874 1375 2918 ex
1392 2859 1696 2912 eisdivitias
1711 2858 1974 2924 conferat,

406 2963 475 3003 ne
503 2950 603 3005 hoc
647 2954 800 3019 quasi
833 2951 1064 3021 speciale
1088 2950 1459 3005 soliustrael
1492 2949 1660 3004 fuisse
1692 2949 1972 3022 videatur,

405 3039 500 3093 sed
544 3041 769 3109 a'qttitas
811 3042 949 3109 apud
992 3039 1197 3107 justum
1241 3048 1296 3093 et
1340 3038 1540 3093 bonum
1594 3039 1762 3093 Deum
1815 3055 1976 3109 super

406 3127 658 3185 omnibus
699 3132 982 3194 habeatur,
1015 3130 1180 3185 etiam
1230 3140 1285 3184 tu
1329 3131 1469 3200 apud
1493 3132 1846 3200 ,temetipsum
1886 3132 1980 3201 qui

405 3222 562 3294 legis,
597 3225 860 3292 requirite
889 3223 1024 3296 (5|).

478 3316 566 3369 I0.
603 3334 623 3365 ι
659 3316 817 3370 Vobis
845 3317 987 3367 enim
1017 3314 1137 3368 dico
1168 3314 1419 3384 gentibus
1449 3330 1461 3365 :
1491 3313 1737 3381 Quandiu
1762 3315 1977 3384 quidem

405 3422 508 3477 ego
533 3423 650 3461 sum
688 3406 958 3477 apostolus
985 3406 1241 3476 gentium,
1282 3407 1641 3460 ministerium
1696 3422 1871 3461 memn
1912 3408 1979 3459 il-

411 3496 676 3562 Iustrabo,
702 3498 744 3552 si
762 3512 866 3566 quo
918 3499 1076 3550 modo
1098 3497 1148 3548 in
1163 3496 1976 3568 wittulationemimmittam(52)

406 3606 624 3645 carnem
657 3607 853 3656 meam,
886 3601 942 3644 et
963 3592 1141 3643 salvos
1171 3588 1371 3642 faciam
1400 3588 1616 3658 aliquos
1643 3605 1709 3642 ex
1743 3589 1867 3643 illis.
1915 3588 1973 3643 Si

405 3685 552 3737 enim
580 3684 802 3738 amissio
842 3697 1027 3736 eorum
1074 3680 1449 3735 reconciliatio
1493 3692 1574 3735 est
1613 3683 1816 3744 mundi,
1855 3698 1977 3751 qua:

407 3785 490 3830 est
522 3775 842 3844 assmnptio,
885 3774 987 3828 ιιίδί
1022 3773 1130 3833 vita
1157 3789 1223 3826 ex
1263 3772 1581 3829 mortuis"?
1609 3792 1627 3825 ι
1653 3773 1805 3827 Sicut
1835 3790 1977 3842 saepe

407 3869 813 3922 observavimus
865 3868 917 3920 in
967 3868 1070 3921 hac
1124 3865 1361 3936 Epistola
1418 3866 1640 3923 Paulum
1683 3867 1974 3935 aliquando

408 3975 507 4029 pro
535 3959 751 4023 Judzeis,
780 3958 1068 4027 aliquando
1109 3972 1209 4026 pro
1242 3957 1518 4025 gentibus,
1550 3958 1818 4010 interdum
1848 3972 1974 4009 vero

408 4052 473 4105 ad
508 4052 733 4104 alterum
771 4049 982 4109 horum,
1021 4048 1105 4102 vel
1141 4047 1209 4104 ad
1236 4059 1524 4116 utrumque
1560 4047 1738 4101 facere
1766 4063 1974 4103 sermo-

408 4154 549 4202 nem,
588 4140 726 4193 sicut
747 4153 870 4193 cum
896 4138 1136 4201 dicebat,
1162 4155 1181 4189 ι
1221 4137 1277 4191 Si
1308 4150 1487 4192 autem
1544 4148 1597 4191 tu
1626 4137 1848 4192 Iudaeus
1879 4154 1972 4192 co-

407 4231 741 4300 gnominaris
769 4230 837 4295 ‘3,
869 4249 886 4280 ι
928 4229 1084 4296 quasi
1115 4229 1181 4281 ad
1216 4228 1459 4283 Judwum
1501 4229 1754 4297 loquens:
1786 4239 1841 4282 et
1873 4229 1972 4281 ite-

409 4338 549 4386 rum,
579 4341 598 4373 ε
633 4320 816 4375 Judteo
848 4322 1104 4390 primunt,
1144 4332 1199 4377 et
1227 4320 1419 4376 Grazco
1439 4323 1506 4387 ⁸³,
1546 4341 1564 4375 ι
1609 4325 1830 4391 loquens
1856 4320 1969 4391 (53)

2079 1855 2201 1916 post
2223 1847 2426 1900 exitum
2457 1861 2614 1901 suum
2645 1863 2749 1901 non
2770 1847 2944 1902 solum
2975 1848 3244 1919 gentium,
3264 1850 3360 1900 sed
3380 1858 3431 1900 et
3452 1846 3621 1900 Israeli-

2081 1949 2279 2001 tarum,
2311 1946 2366 1992 et
2396 1938 2626 1993 aliorum
2657 1938 2905 1993 fortassis
2936 1940 3316 2005 invisibilinm,
3346 1939 3416 1992 ibi
3444 1939 3522 1992 ubi
3549 1939 3619 1992 be-

2079 2032 2336 2085 nedicunt
2368 2033 2600 2100 spiritus
2632 2042 2685 2085 et
2712 2032 2905 2087 anima:
2947 2033 3225 2102 justorum
3280 2032 3549 2086 Dominum
3566 2032 3617 2093 “,

2079 2121 2339 2192 hymnum
2371 2122 2579 2187 dicunt,
2628 2131 2681 2175 et
2720 2123 3129 2192 superexaltant
3169 2138 3301 2176 eum
3341 2125 3395 2176 in
3425 2122 3621 2177 saeuis?

2078 2214 2160 2266 An
2181 2213 2359 2280 potius
2381 2214 2703 2282 simpliciter
2729 2216 2931 2268 dictum
2958 2213 3069 2286 (δι)
3088 2214 3356 2269 debemus
3383 2216 3617 2283 accipere,

2085 2323 2103 2355 ι
2139 2305 2386 2372 Quandiu
2418 2320 2518 2373 ego
2567 2320 2684 2359 sum
2742 2306 3020 2374 apostolus
3074 2307 3356 2374 gentium,
3390 2324 3407 2356 ι
3436 2305 3558 2359 sicut
3580 2316 3621 2358 et

2080 2398 2337 2452 Dominus
2364 2399 2429 2452 ad
2458 2398 2733 2466 apostolos
2755 2399 2919 2452 dicit:
2949 2419 2967 2450 ‹
3002 2398 3065 2452 Et
3095 2386 3225 2454 ecce
3248 2414 3350 2467 ego
3377 2399 3617 2452 vobiscum

2078 2508 2198 2547 sum
2216 2492 2464 2546 omnibtts
2480 2492 2690 2557 diebus,
2722 2508 2889 2561 usque
2908 2493 2972 2546 ad
2995 2491 3514 2546 consummationem
3537 2506 3617 2543 sa:-

2078 2585 2183 2640 culi
2211 2585 2295 2639 “?
2325 2604 2343 2635 ι
2379 2600 2486 2639 non
2514 2586 2656 2655 quod
2706 2586 2852 2639 dicat
2873 2600 2931 2639 se
2969 2592 3091 2653 post
3120 2582 3613 2637 consummationem

2077 2677 2257 2732 saeculi
2302 2692 2408 2732 non
2436 2677 2675 2732 futurum
2705 2693 2825 2731 cum
2854 2677 2955 2739 eis,
2986 2677 3080 2731 sed
3114 2686 3173 2730 ut
3228 2676 3529 2729 ostenderet
3571 2690 3615 2727 se

2078 2785 2353 2839 nunquam
2382 2771 2451 2825 ab
2492 2773 2574 2826 eis
2621 2771 3013 2835 discessurum,
3043 2789 3061 2821 ι
3105 2785 3285 2839 usque
3316 2768 3379 2821 ad
3406 2782 3613 2821 consum~

2082 2863 2377 2919 mationem
2410 2863 2591 2917 saeculi
2629 2882 2648 2915 ι
2677 2863 2850 2928 dixit;
2880 2863 2952 2916 ita
2984 2873 3041 2917 et
3079 2861 3393 2929 Apostolus,
3425 2879 3443 2911 ι
3475 2860 3621 2923 Quatt-

2078 2953 2168 3008 diu
2194 2969 2294 3022 ego
2321 2969 2441 3013 sum
2468 2955 2767 3023 apostolus,
2811 2973 2829 3007 ›
2862 2954 3064 3009 dixisse
3105 2953 3222 3024 (55)
3247 2968 3346 3021 pro
3375 2967 3552 3019 semper
3570 2960 3611 3002 et

2079 3047 2190 3103 sine
2215 3047 2337 3115 ﬁne.
2382 3048 2511 3119 Quae
2542 3056 2723 3125 autem
2759 3064 2826 3102 ex
2871 3059 3100 3116 utraque
3129 3048 3300 3114 recipi
3333 3046 3513 3099 debeat
3536 3059 3610 3096 et-

2083 3140 2293 3208 positio,
2334 3140 2694 3209 relinquimus
2722 3140 2947 3207 legentis
2985 3139 3236 3193 arbitrio.
3285 3135 3447 3207 Igitur
3473 3151 3610 3203 quatt-

2082 3232 2171 3283 diu
2199 3231 2477 3299 apostolus
2501 3243 2585 3284 est
2613 3231 2851 3300 gentium
2885 3230 3082 3283 Paulus
3113 3228 3607 3282 ministeriumsunm

2082 3320 2358 3374 illustrare
2394 3337 2454 3376 se
2487 3322 2618 3375 dicit
2657 3337 2673 3376 :
2716 3332 2770 3375 et
2802 3322 2936 3390 quid
2978 3333 3084 3374 tam
3118 3322 3364 3391 dignum,
3400 3332 3542 3387 quam
3562 3323 3608 3367 ut

2079 3413 2448 3482 unusquisque
2479 3413 2835 3468 ministerium
2862 3427 3017 3466 suum
3047 3412 3180 3482 (56),
3211 3411 3355 3479 quod
3396 3422 3486 3478 per
3530 3406 3603 3459 Dei

2080 3504 2473 3572 providentiam
2509 3505 2749 3572 suscipit,
2788 3503 3051 3557 exornet?
3086 3501 3333 3555 Exornat
3383 3507 3540 3552 autem
3562 3501 3605 3546 et

2080 3591 2316 3645 iIIuStrat
2343 3592 2703 3646 ministerium
2754 3607 2930 3656 suum,
2987 3592 3079 3661 qui
3141 3593 3282 3645 bene
3339 3587 3605 3645 ministrat,

2078 3684 2216 3737 sicut
2248 3684 2558 3737 econtrario
2607 3685 2926 3738 dehonestat
2979 3683 3345 3737 ministerium
3376 3691 3532 3740 suum,
3563 3684 3605 3728 et

2077 3776 2313 3829 notabile
2336 3775 2484 3839 facit,
2519 3775 2684 3851 636
2706 3777 2794 3843 qui
2822 3775 3156 3846 negligenter
3183 3784 3242 3829 et
3275 3773 3480 3841 indigne
3519 3768 3601 3820 nti-

2077 3869 2413 3924 nistraverit.
2469 3867 2626 3923 Verbi
2679 3883 2863 3933 causa,
2915 3870 2969 3923 in
3026 3867 3335 3922 ministerio
3384 3860 3603 3918 Ecclesia

2080 3979 2099 4010 ι
2129 3961 2412 4025 diaconus,
2448 3960 2646 4029 inquit,
2680 3960 2773 4029 qui
2821 3961 2957 4016 bene
2988 3957 3400 4020 ministraverit,
3437 3953 3599 4010 bonum

2075 4047 2305 4116 gradum
2355 4047 2457 4101 sibi
2491 4048 2746 4117 acquirit,
2796 4058 2853 4106 et
2896 4047 3116 4103 multam
3171 4046 3416 4102 Iiduciam
3443 4043 3489 4098 in
3521 4040 3600 4093 fide

2073 4134 2201 4191 Jesu
2234 4138 2435 4192 (lbi-isti
2459 4138 2524 4193 ‘3.
2563 4157 2582 4191 ι
2623 4138 2678 4193 Si
2711 4154 2838 4193 vero
2863 4156 2971 4194 non
3020 4142 3158 4194 bene
3208 4134 3596 4195 ministraverit;

2074 4230 2178 4283 hoc
2211 4239 2316 4293 est,
2349 4232 2393 4284 si
2417 4246 2521 4285 non
2538 4246 2597 4285 se
2621 4231 2780 4285 talem
2814 4232 3121 4285 exhibuerit
3141 4231 3355 4301 qualem
3383 4222 3597 4282 describit

2070 4321 2360 4389 Apostolus
2391 4321 2459 4387 ⁸⁵,
2513 4337 2758 4393 gravem,
2814 4339 2916 4378 non
2958 4323 3281 4393 bilinguem,
3329 4334 3427 4373 non
3463 4315 3595 4369 ntqu

407 4414 560 4479 quasi
585 4415 650 4467 ad
675 4425 991 4482 utrumque;
1027 4415 1098 4466 ita
1130 4428 1271 4467 nunc
1295 4428 1421 4468 vero
1447 4402 1635 4482 aperte
1671 4417 1735 4466 ad
1760 4422 1969 4481 gentes,
2002 4431 2046 4485 ι)
2078 4413 2208 4466 vino
2257 4413 2531 4480 deditum,
2571 4432 2677 4469 non
2727 4418 2897 4484 turpis
2933 4416 3065 4471 lucri
3097 4416 3473 4484 appetitorem,
3521 4405 3593 4460 sed

409 4501 511 4555 hoc
536 4513 618 4556 est
643 4504 709 4557 ad
740 4518 834 4558 eos
866 4505 1099 4557 maxime
1122 4505 1213 4572 qui
1253 4504 1306 4557 Ill
1337 4506 1470 4557 urbe
1503 4504 1673 4557 Roma
1701 4520 1763 4557 ex
1799 4502 1974 4572 genti-

477 4665 521 4695 ³⁸
548 4665 702 4718 Rom.
735 4680 811 4725 XI,
846 4665 934 4722 25.
1010 4667 1051 4697 ³⁷
1089 4667 1218 4719 ἰΙιίεΙ.
1247 4667 1311 4720 I5
1339 4681 1488 4734 seqq.

409 4736 452 4767 "
486 4736 672 4789 Matth.
703 4750 893 4800 sxvm,
921 4735 1021 4790 20.
1098 4737 1143 4768 ’⁵³
1173 4738 1189 4790 l
1215 4736 1355 4792 Tim.
1397 4736 1478 4798 ni,
1508 4736 1592 4789 15.
1655 4736 1847 4787 “ibid.
1880 4736 1933 4788 8.

480 4891 590 4969 (47)
633 4893 725 4949 Sic
759 4913 861 4951 ms.
895 4898 1093 4969 Regius
1122 4916 1270 4953 num.
1292 4899 1446 4954 I659.
1469 4890 1659 4951 Caneri
1682 4902 1809 4945 vero
1828 4905 1983 4955 mssa

409 4965 661 5019 Rabanus
695 4977 748 5019 et
768 4969 918 5031 editi,
949 4965 1136 5025 {Haec
1167 4971 1470 5033 diminutio,
1505 4990 1523 5021 ι
1557 4980 1659 5023 etc.

478 5034 809 5110 ‘48)_Edi_li,
846 5057 864 5089 ι
908 5056 1047 5107 quat,
1089 5060 1106 5091 ι
1145 5050 1217 5102 et,
1264 5060 1281 5090 ι
1329 5041 1418 5108 qui
1478 5056 1574 5108 per
1624 5039 1785 5094 Iidem
1842 5054 1970 5110 pars

410 5105 624 5181 Domini
645 5105 854 5181 eII'ecta
884 5105 1007 5181 sunt
1040 5110 1325 5165 luereditas
1348 5105 1491 5181 ejus.
1526 5130 1544 5162 ι

479 5175 589 5244 (49)
629 5176 798 5239 Alias,
831 5196 851 5228 ι
891 5180 1107 5233 dicitur.
1136 5199 1155 5231 ι

478 5246 587 5317 (ξο)
623 5245 759 5317 Editi
785 5259 837 5301 et
867 5246 1146 5312 Rabanns,
1180 5268 1198 5301 ι
1233 5249 1519 5317 compleat,
1554 5268 1574 5302 ι
1602 5252 1765 5306 male.

481 5312 589 5390 (51)
625 5312 873 5390 Ita‘mss.
897 5320 1036 5373 Editi
1073 5336 1219 5384 vero,
1253 5337 1270 5390 ς
1312 5312 1429 5390 is...
1465 5312 1595 5374 sane
1625 5321 1713 5375 Iiet
1741 5337 1808 5375 ex
1835 5337 1968 5390 gen—

407 5383 763 5461 tium‘delictis
780 5383 1227 5461 quaenecessario
1243 5389 1581 5457 delinquunt,
1600 5392 1708 5444 tale
1725 5383 1926 5460 aliquid
1950 5408 1964 5444 :

406 5455 642 5527 nuntium
677 5455 821 5527 enim
856 5459 1221 5527 dispensator,
1254 5472 1308 5513 et
1349 5455 1630 5526 aliquibus
1660 5475 1727 5514 ex
1761 5455 1840 5515 eis
1880 5461 1963 5514 di-

406 5526 563 5598 vitias
597 5525 1062 5598 confertrrne‘hoc
1091 5529 1243 5597 quasi
1264 5525 1502 5598 spiritale
1518 5531 1685 5586 solius
1708 5530 1962 5585 Israel....

407 5596 507 5647 Ista
532 5594 792 5672 require...
813 5594 1125 5672 MsaRegins
1145 5594 1306 5672 num.
1324 5599 1459 5672 I659
1480 5614 1762 5672 perperam
1782 5601 1961 5666 habet,

400 5683 443 5741 ι’
469 5677 572 5717 non
612 5670 751 5739 quia
785 5670 1035 5736 specialis
1083 5671 1220 5727 alius
1272 5670 1435 5726 Israel
1469 5670 1638 5727 fuisse
1676 5672 1955 5734 videatur;

1587 4664 1632 4696 ⁸⁸
1654 4664 1811 4717 Rom.
1852 4680 1911 4725 ll,
1952 4665 2037 4725 I7.

2080 4504 2364 4558 habentem
2407 4507 2721 4576 mySterium
2750 4508 2872 4561 tidei
2919 4509 2972 4562 in
2997 4508 3328 4562 conscientia
3351 4512 3590 4575 purazmt"

2116 4666 2159 4698 ³³
2186 4665 2339 4720 Rom.
2381 4683 2417 4730 l,
2444 4667 2530 4720 I6.
2605 4667 2650 4698 "°
2677 4668 2999 4733 Mattlmtxv,
3023 4666 3112 4722 95.
3207 4667 3253 4698 “
3283 4668 3407 4720 Dan.
3436 4655 3587 4721 ut.86r

2071 4897 2202 4963 sed;
2238 4915 2259 4949 ›
2291 4904 2484 4950 czetera
2520 4910 2647 4949 vero
2676 4904 2731 4947 ut
2763 4895 2816 4947 in
2851 4901 3023 4949 textu.

2151 4958 2263 5038 (δὲ.)
2308 4967 2470 5030 Editi,
2499 4985 2519 5017 ‹
2556 4964 2948 5030 honorificabo,
2976 4964 3021 5017 si
3052 4976 3160 5032 quo
3185 4963 3342 5016 modo
3369 4958 3428 5011 ad
3458 4966 3585 5007 a’muo

2083 5039 2301 5092 landum
2333 5051 2638 5105 provocem,
2676 5054 2694 5087 ι
2723 5044 2828 5087 etc.

2147 5090 2259 5178 (55)
2303 5090 2562 5178 Εοᾳιιεηε,
2605 5090 2705 5178 nec
2747 5119 2861 5178 non
2913 5111 2967 5157 et
3017 5100 3176 5171 paulo
3230 5108 3348 5170 post
3396 5098 3479 5159 ita,
3518 5090 3583 5146 de-

2074 5174 2202 5234 sunt
2236 5174 2288 5230 in
2329 5177 2508 5236 editis,
2541 5186 2596 5230 et
2625 5176 2677 5228 in
2706 5174 2985 5242 plerisque
3017 5188 3149 5226 mss.

2148 5248 2258 5319 (54)
2300 5247 2531 5319 Dictum.
2570 5241 2915 5319 Desideratur
2939 5245 2993 5297 in
3018 5253 3177 5319 antea
3206 5241 3378 5294 editis.
3422 5301 3527 5319 “ﬂ?

2143 5304 2255 5390 (55)
2295 5318 2571 5390 SicAmssn
2595 5325 2649 5370 et
2674 5315 2842 5390 editio
2870 5311 3090 5368 Veneta.
3114 5310 3404 5390 his-tamen

2074 5375 2249 5443 nu‘m.’
2285 5386 2422 5441 I659
2475 5388 2636 5440 habet
2668 5403 2687 5436 ι
2724 5384 2863 5437 dixit
2888 5401 2906 5434 ι
2944 5398 3041 5450 pro
3079 5400 3098 5433 ι
3130 5383 3347 5435 dixisse.
3378 5398 3394 5428 ι
3423 5375 3575 5428 Cat-teri

2069 5475 2198 5513 vero
2229 5459 2383 5521 editi,
2420 5477 2439 5509 ί
2478 5455 2660 5511 saeculi
2687 5470 2702 5506 :
2734 5455 2947 5508 dicatur
2976 5453 3049 5507 ita
3080 5462 3137 5507 et
3175 5450 3460 5521 Apostolus.
3485 5484 3498 5499 .
3524 5476 3572 5493 .-

2068 5532 2351 5599 dixisse,_t
2380 5539 2485 5582 etc.
2533 5595 2559 5599 _
2743 5594 2753 5599 Α
2958 5592 2971 5599 _
3414 5584 3460 5599 ..

2139 5598 2251 5671 (se)
2280 5583 2478 5654 'suum.
2533 5595 2693 5653 Deest
2741 5594 2797 5650 in
2849 5592 3004 5650 libris
3038 5603 3196 5651 antea
3244 5589 3387 5649 editis
3414 5584 3488 5642 hic
3532 5583 3569 5635 et

2068 5671 2227 5726 infra.
2659 5685 2662 5689 '
