3692 6138
128 298 271 365 1180

1054 312 1410 371 COMMENT.
1454 315 1522 370 IN
1562 313 1782 372 EPIST.
1819 315 1913 370 AD
1951 315 2124 374 ROM.
2160 316 2290 375 LIB.
2326 315 2467 371 VIII.

3237 314 3378 373 “90

118 428 234 500 iam
280 430 485 486 bonum
517 430 769 501 gradum,
804 431 900 486 sed
932 432 1126 487 malam
1169 435 1270 489 sibi
1302 448 1522 504 poenam
1573 450 1707 490 con-
1733 444 1780 497 Α
1815 454 1835 487 ‹
1863 450 2025 503 opera
2067 453 2087 486 ι
2117 435 2233 504 ejus
2260 452 2279 485 ι
2309 434 2472 495 bona,
2528 428 2872 500 magnificent
2919 428 3142 485 Patrem
3196 432 3288 500 qui
3322 433 3378 487 in

121 522 301 590 quirit
322 519 459 591 (57),
492 529 746 590 tanquam
774 522 867 591 qui
888 523 1269 578 contumeliam
1292 524 1483 580 fecerit
1511 527 1697 581 divino

128 611 462 666 ministerio.
495 609 756 666 Similiter
782 619 962 667 autem
996 620 1049 665 et
1094 613 1185 681 qui
1217 614 1536 684 presbyterii
1570 630 1699 683 gra-

126 703 259 755 dum
293 704 520 771 suscipit
548 707 602 758 in
637 703 903 769 Ecclesia,
929 704 1066 758 satis
1089 713 1214 773 agat
1241 705 1516 759 illustrare
1550 707 1700 761 mini-

122 796 357 847 sterium
395 796 739 866 presbyterii.
775 796 854 850 Ad
892 797 1066 865 ipsum
1119 796 1263 850 enim
1319 796 1597 864 pertinent
1644 806 1700 853 et

128 884 220 936 il-Ia
253 900 374 952 qua:
417 886 483 941 de
519 887 851 958 presbyteris
897 888 964 942 ad
1006 886 1185 942 Titum
1236 890 1428 944 scribit
1465 891 1698 957 Aposto-

132 974 215 1029 lus
240 974 292 1008 ⁸⁸
329 993 341 1028 :
382 985 437 1030 et
465 992 525 1031 ea
557 993 675 1045 qua:
703 976 873 1032 Isaias
925 980 1137 1046 scribit,
1168 994 1289 1033 cum
1321 979 1490 1034 dicit:
1532 997 1551 1031 ι
1580 980 1700 1050 Ipse

130 1067 394 1121 Dominus
424 1069 476 1122 in
496 1068 704 1138 judicio
735 1066 849 1138 (58)
870 1070 1050 1123 veniet
1079 1085 1199 1123 cum
1242 1071 1577 1139 presbyteris
1602 1085 1701 1139 po-

130 1161 265 1228 puli,
299 1171 351 1214 et
373 1177 496 1216 cum
523 1161 849 1230 principibus
867 1163 980 1232 ejus
1003 1161 1364 1228 iudicabitur;
1394 1181 1412 1215 ι
1445 1162 1693 1229 etaddit;

136 1271 159 1303 ‹
188 1251 298 1306 Vos
330 1264 508 1306 autem
552 1255 741 1322 utquid
781 1254 1109 1309 succenditis
1168 1254 1381 1307 vineam
1413 1267 1609 1316 meam,
1643 1269 1699 1307 et

131 1346 366 1413 direptio
397 1360 689 1414 pauperum
715 1346 766 1399 in
801 1345 1049 1400 domibus
1092 1346 1288 1399 vestris
1322 1345 1438 1399 est?
1468 1342 1535 1399 Ut
1569 1343 1697 1414 quid

129 1436 385 1504 iniuriam
421 1435 598 1489 facitis
627 1434 819 1504 populo
849 1449 995 1501 meo,
1024 1443 1079 1488 et
1105 1449 1365 1502 personas
1398 1448 1696 1504 pauperum

130 1529 466 1585 confunditis
492 1529 572 1582 "‘2
608 1547 626 1580 ι
652 1527 959 1583 Secundum
992 1527 1109 1582 haec
1129 1537 1310 1581 autem
1334 1537 1382 1582 et
1408 1528 1697 1594 episcOpus

130 1622 369 1676 illustrat
396 1620 758 1675 ministerium
797 1633 955 1673 suum
986 1617 1042 1672 in
1067 1618 1404 1688 episcopatu,
1441 1618 1486 1672 si
1517 1618 1586 1671 sit
1611 1632 1693 1670 se-

128 1714 366 1768 cundum
416 1712 556 1782 quod
592 1710 855 1767 describit
881 1709 1171 1778 Apostolus
1198 1709 1265 1775 ‘7,
1306 1708 1695 1778 irreprebensi-

126 1805 273 1869 bilis,
304 1805 552 1873 vigilans,
582 1802 836 1872 prudens,
860 1809 1114 1865 ornatus,
1153 1798 1457 1868 hospitalis,
1486 1799 1692 1861 doctor,

126 1911 235 1949 non
261 1895 585 1961 vinolentus,
619 1907 726 1948 non
764 1905 1070 1962 percussor,
1123 1889 1218 1945 sed
1247 1888 1550 1952 modestus;
1584 1903 1690 1941 non

125 1984 415 2051 litigiosus,
449 1999 553 2037 non
580 1998 798 2048 avarus,
833 1982 1050 2036 domum
1095 1994 1248 2036 suam
1292 1980 1431 2034 bene
1482 1994 1691 2049 regens,

127 2075 267 2130 ﬁlios
291 2076 500 2130 habens
532 2074 583 2127 in
616 2073 878 2142 obsequio
925 2087 1047 2126 cum
1079 2071 1226 2126 omni
1263 2071 1555 2141 gravitate,
1582 2086 1692 2124 non

125 2166 301 2221 elatus
323 2166 600 2236 superbia,
634 2180 701 2220 ne
728 2165 780 2219 in
809 2164 1074 2234 judicium
1105 2162 1310 2217 incidat
1340 2161 1561 2215 diaboli.
1590 2161 1693 2228 Qui

126 2259 251 2314 talis
270 2270 377 2321 est,
412 2258 649 2312 illustrat
676 2257 1039 2310 ministerium
1093 2255 1438 2323 episcopatus
1474 2254 1579 2318 sui,
1627 2264 1688 2307 ut

123 2359 180 2405 et
208 2350 325 2418 ipse
354 2350 540 2403 audiat
564 2365 581 2404 :
604 2366 624 2401 ι
659 2349 824 2418 Euge,
851 2361 1009 2402 serve
1040 2346 1179 2400 bone
1205 2356 1260 2400 et
1293 2343 1464 2399 fidelis
1489 2361 1504 2411 ;
1530 2360 1694 2413 stiper

123 2454 296 2509 pauca
332 2439 481 2495 fuisti
506 2439 709 2503 ﬁdelis,
736 2451 898 2507 super
926 2436 1093 2492 multa
1119 2446 1172 2492 te
1203 2436 1528 2493 constituam
1561 2435 1625 2490 ⁸⁸.
1668 2454 1688 2489 ι

126 2533 394 2587 Similiter
423 2540 602 2585 autem
632 2539 688 2585 et
715 2532 874 2585 vidua
898 2530 942 2563 ⁸⁸
971 2529 1016 2584 si
1048 2538 1364 2598 permaneat
1391 2529 1445 2583 in
1494 2530 1695 2583 oratio-

124 2624 284 2679 nibus
312 2635 370 2679 et
399 2621 868 2678 obsecrationibus
904 2630 1062 2677 nocte
1085 2637 1149 2676 ac
1189 2621 1294 2688 die,
1330 2620 1565 2676 illustrat
1593 2622 1695 2675 mi-

122 2715 407 2770 nisterium
441 2714 723 2770 viduitatis
753 2730 884 2769 suae.
940 2712 999 2768 Si
1036 2728 1167 2767 vero
1197 2714 1267 2767 sit
1298 2713 1423 2767 talis
1471 2711 1688 2781 qualem

119 2807 412 2880 Apostolus
438 2817 586 2861 notat
608 2808 680 2873 ⁸ο,
715 2806 909 2871 otiosa,
936 2816 992 2860 et
1026 2805 1273 2873 verbosa,
1298 2818 1353 2862 et
1385 2820 1490 2860 non
1520 2805 1691 2860 solum

118 2900 373 2965 verbosa,
408 2900 501 2956 sed
524 2908 579 2954 et
600 2900 841 2963 curiosa,
869 2899 1094 2968 loquens
1131 2913 1252 2968 quin
1283 2913 1390 2952 non
1443 2906 1687 2967 oportet;

119 3005 217 3050 aut
242 2995 319 3049 sit
362 2995 416 3048 in
445 2992 655 3048 deliciis
683 2993 885 3063 degens
935 2989 1077 3063 (59),
1125 3000 1182 3046 et
1223 2991 1409 3046 vivens
1441 3001 1687 3056 mortua;

117 3087 235 3143 haec
266 3086 647 3149 deliunoravit,
674 3093 729 3138 et
752 3098 858 3137 non
892 3083 1186 3137 illustravit
1210 3083 1576 3137 ministerium
1608 3084 1690 3136 vi-
1719 3125 1747 3149 ,.

119 3178 346 3233 diritatis
376 3192 507 3232 sure.
538 3175 741 3230 Eodem
775 3178 934 3229 modo
966 3173 1135 3228 etiam
1168 3172 1323 3241 virgo
1367 3182 1685 3227 consecrata

119 3270 230 3324 Deo
276 3267 515 3323 illustrat
564 3266 924 3321 ministerium
959 3263 1288 3332 virginitatis
1336 3277 1478 3327 suae,
1515 3262 1562 3317 si
1618 3263 1691 3317 sit

116 3368 307 3412 sancta
342 3369 569 3425 corpore
602 3365 658 3409 et
688 3355 903 3423 spiritu,
927 3356 1111 3407 etnon
1139 3353 1333 3421 cogitet
1363 3366 1482 3421 quae
1508 3351 1687 3406 homi-

113 3467 245 3507 num
280 3460 431 3514 sunt,
463 3450 556 3503 sed
579 3463 696 3517 quae
730 3447 842 3507 Dei,
877 3445 1145 3516 quomodo
1176 3444 1387 3514 placeat
1408 3443 1516 3499 Deo
1538 3441 1603 3498 ⁸¹.
1628 3441 1688 3501 Si

116 3556 246 3596 vero
277 3541 436 3596 aliter
454 3549 596 3608 agat,
628 3554 732 3593 non
766 3538 938 3593 solum
972 3535 1085 3609 (60)
1120 3552 1228 3592 non
1258 3537 1498 3592 illustrat
1522 3536 1687 3591 mini-

121 3631 350 3687 sterium
383 3631 706 3701 virginitatis
753 3645 897 3696 suae,
949 3644 1047 3685 nec
1101 3629 1333 3683 illustrat
1380 3628 1682 3697 lampadem

112 3739 295 3788 suam,
340 3724 435 3779 sed
486 3723 794 3778 econtrario
840 3722 1020 3777 lumen
1061 3722 1178 3792 ejus
1217 3721 1600 3790 exstinguitur,
1630 3729 1686 3775 et

110 3816 347 3873 elﬁcitur
373 3832 474 3872 una
497 3817 564 3872 de
596 3814 974 3885 insipientibus
1005 3814 1320 3885 virginibus.
1344 3812 1469 3867 Haec
1496 3813 1686 3867 eadem

112 3918 169 3963 et
194 3908 565 3979 unusquisque
583 3908 636 3962 in
664 3906 904 3963 Ecclesia
924 3906 1129 3975 positus
1160 3904 1300 3975 apud
1332 3903 1686 3972 semetipsum

114 4008 349 4067 reputet,
388 4009 445 4052 ut
478 4001 531 4053 in
582 4011 904 4068 quocunque
949 3997 1068 4051 loco
1119 4005 1248 4059 stat,
1283 3993 1399 4047 sive
1431 3994 1486 4047 in
1517 3995 1687 4057 clero,

108 4094 226 4147 sive
255 4094 307 4145 in
339 4090 517 4161 plebe,
548 4089 780 4144 illustret
823 4088 1182 4144 ministerium
1230 4086 1353 4141 fidei
1402 4084 1512 4157 (6i)
1550 4100 1684 4149 Siue,

110 4195 168 4239 et
212 4181 351 4237 tales
377 4181 540 4237 faciat
565 4191 722 4236 actus
747 4195 908 4247 suos,
947 4197 966 4231 ι
1010 4190 1067 4247 ut
1096 4180 1342 4233 videntes
1380 4196 1401 4230 ι
1437 4177 1688 4232 homines

197 4324 250 4359 "
275 4324 383 4379 Tit.
416 4339 455 4390 ι,
504 4323 537 4377 6
567 4338 683 4391 seq.
780 4325 829 4356 ‘°
859 4322 984 4379 Isat.
1031 4338 1115 4384 ιιι,
1154 4322 1241 4387 14,
1289 4320 1375 4375 l5.

1054 4464 1097 4517 ll
1127 4463 1251 4517 Cor.
1283 4479 1333 4527 v,
1373 4460 1460 4526 I9,
1491 4460 1581 4516 20.

109 4480 185 4536 tv,
215 4465 308 4522 19.
399 4465 446 4496 ⁸⁸
479 4466 639 4519 Itum.
672 4480 747 4528 ιι,
774 4465 829 4520 5.
901 4464 947 4497 ⁵⁷

162 4584 295 4657 157)
336 4583 443 4657 his.
474 4600 615 4657 unus
664 4583 863 4657 Regius
896 4597 1044 4635 num.
1090 4579 1250 4657 L641,
1295 4598 1314 4630 ι
1350 4579 1444 4633 sed
1483 4577 1682 4657 malum
1717 4585 1763 4641 ι)

112 4656 213 4709 sibi
239 4648 526 4723 acquirit.»
548 4648 897 4710 Cisteri'vero
921 4668 1074 4716 mss.,
1096 4648 1351 4705 Rabanus
1378 4660 1433 4703 et
1466 4649 1595 4703 editi
1628 4658 1687 4703 ut

111 4727 160 4779 in
193 4736 368 4779 textu.

178 4795 296 4865 (58)
339 4794 441 4854 Ms.
500 4795 700 4863 Regius
735 4808 885 4847 num.
919 4790 1081 4853 1659,
1111 4810 1188 4865 με,
1218 4790 1270 4843 in
1304 4789 1616 4865 judicium;
1658 4808 1677 4839 ι

110 4858 290 4919 caeteri
322 4880 451 4919 vero
484 4858 640 4928 ιιιεεῖ,
672 4865 928 4918 Rabanus
972 4871 1026 4913 et
1057 4861 1212 4922 editi.
1247 4878 1266 4910 ι
1302 4862 1355 4912 in
1380 4858 1610 4922 judicio.
1655 4877 1675 4910 ι

110 4936 317 4989 Deinde
367 4936 521 4998 editi,
558 4953 577 4986 ‹
612 4934 901 5003 iudicabit,
941 4951 960 4984 ι
996 4940 1051 4985 et
1074 4929 1476 5003 ita_le_gendut_n
1511 4928 1683 5003 _vide-

112 5015 219 5058 tur.
259 5004 391 5061 Mss.
425 4997 812 5060 tamen'nostri
844 5016 1035 5057 omnes
1066 5013 1123 5056 et
1152 4999 1406 5054 Rabanus
1435 4997 1677 5066 habent,

114 5093 133 5124 ι
157 5075 514 5144 indicabitur.
547 5092 566 5126 ι

176 5145 293 5213 (59)
339 5145 499 5215 Editi,
528 5162 548 5195 c
578 5145 673 5215 sed
706 5143 760 5215 in
785 5140 997 5215 deliciis
1025 5154 1214 5215 agens.
1248 5156 1294 5215 ι.
1557 5207 1567 5215 _

332 5207 571 5268 Illustrat
604 5213 954 5268 ministerium
1001 5207 1321 5285 virginitatis
1355 5223 1484 5285 stite,
1522 5207 1567 5285 si
1598 5209 1666 5261 sit

109 5276 289 5339 sancto
307 5300 521 5350 corpore
546 5293 595 5337 et
619 5285 832 5350 spiritu.
858 5291 905 5336 et
935 5295 1039 5334 non
1063 5276 1250 5348 cogitet
1266 5294 1384 5350 qua:
1405 5276 1670 5350 hominum

109 5363 249 5415 sunt,
290 5355 383 5407 sed
398 5346 541 5423 'quaz
588 5346 703 5413 Dei.
751 5353 1010 5423 quomodo
1037 5346 1246 5423 placent
1291 5347 1420 5401 Deo.
1454 5346 1516 5401 Si
1550 5362 1668 5400 vero

93 5424 265 5514 (aliter
302 5418 450 5514 aget,
479 5440 580 5504 non
613 5418 805 5514 satum.
857 5420 983 5473 Ilaec
1035 5418 1279 5514 inflglit‘i‘s
1311 5432 1416 5471 non
1446 5431 1669 5485 compa-

114 5504 248 5565 rent,
275 5486 763 5565 88:4.._I:eSlIlllll_lll‘lll‘
796 5507 860 5565 ex
890 5504 1024 5543 mss.
1058 5496 1112 5541 et
1140 5486 1385 5565 Babano.

177 5564 293 5698 (6|;
333 5557 496 5627 Editi,
535 5560 928 5615 «ministerium
947 5575 1103 5614 suum
1136 5557 1278 5612 tidei.
1316 5576 1335 5609 ι

177 5633 267 5698 (62
332 5632 496 5697 Editi,
530 5649 549 5684 ι
582 5635 825 5686 infirmos
852 5634 1016 5685 alere.
1051 5647 1071 5681 ι

174 5632 289 5699 (62)
332 5632 496 5697 Editi,
530 5649 549 5684 ι
582 5635 825 5686 infirmos
852 5634 1016 5685 alere.
1051 5647 1071 5681 ι

200 5695 290 5772 63)
329 5695 501 5770 Editi,
585 5712 639 5760 et
672 5701 974 5771 Rabanus,t
1004 5699 1061 5754 in
1090 5700 1341 5753 abortum
1383 5695 1669 5768 quemdam

112 5783 381 5830 redactos.
417 5790 440 5825 υ

1478 4319 1522 4351 ⁸⁷
1547 4317 1565 4371 I
1592 4317 1730 4372 Tim.
1764 4335 1849 4385 tu,
1894 4319 1930 4372 2
1985 4334 2139 4385 seqq.
2171 4358 2173 4361 .

109 4396 154 4427 ⁸⁸
186 4397 324 4450 ibid.
378 4388 557 4453 6.613.
631 4388 727 4447 InI
772 4394 896 4449 Cor.
967 4407 1064 4455 vn,
1121 4392 1211 4456 5‘2,
1259 4391 1347 4446 31.
1424 4392 1469 4423 ⁵⁸
1520 4388 1714 4443 Matth.
1770 4405 1802 4444 v

1864 4388 1951 4443 16.
2028 4390 2074 4420 ⁵³
2099 4390 2254 4444 Ilom.
2301 4404 2411 4454 xw,
2435 4389 2489 4441 ‘2.

1801 526 1954 582 cmlis
1981 535 2065 580 est
2094 526 2163 578 ".
2201 544 2220 577 ι
2256 525 2370 579 Hoc
2393 524 2537 580 enim
2572 521 2876 577 faciebatet
2894 520 3097 576 Paulus
3125 521 3379 578 docendo

1798 624 2009 684 gentes,
2043 631 2275 683 quorum
2303 624 2424 670 erat
2453 613 2750 683 apostolus,
2783 621 2838 665 et
2890 610 3229 674 instruendo.
3289 614 3374 666 in-

1802 709 1990 763 firmos
2015 704 2367 777 "olere|(62),
2402 704 2652 776 parvulos
2669 703 3008 772 lacteialendo
3042 703 3110 769 ⁸⁸,
3140 705 3377 761 robustis

1798 798 2081 854 fortiorem
2099 798 2250 853 verbi
2275 797 2454 852 cibum
2474 795 2780 866 praebendo,
2811 806 3083 862 errantes,
3109 796 3240 851 etin
3268 797 3374 851 fide

1800 889 2121 954 titubantes,
2159 904 2223 944 ac
2254 888 2400 943 velut
2432 887 2486 941 in
2552 886 2852 941 abortivum
2905 888 3176 954 quoddam
3210 887 3374 941 reda-

1796 993 1915 1037 ctos
1936 982 2049 1052 (65)
2080 991 2327 1037 materno
2348 979 2545 1034 affectu
2570 993 2783 1032 rursum
2808 978 3177 1045 parturiendo,
3201 978 3372 1032 donec

1796 1073 2046 1130 Christus
2079 1074 2411 1127 formaretnr
2446 1070 2557 1140 (6i)
2596 1071 2647 1124 in
2678 1072 2760 1126 eis
2785 1070 2831 1102 "
2862 1089 2874 1123 :
2906 1079 2961 1123 et
2993 1085 3088 1136 per
3112 1070 3226 1123 haec
3254 1085 3371 1124 om-

1799 1180 1883 1217 nia
1942 1164 2269 1218 illustrando
2317 1161 2683 1216 ministerium
2736 1160 3074 1231 apostolatus
3129 1162 3247 1225 sui,
3314 1163 3369 1215 in

1796 1255 2195 1309 aemulationem
2247 1255 2368 1308 fidei
2403 1261 2456 1309 et
2507 1254 2681 1307 zelum
2735 1254 2888 1306 bonae
2940 1254 3375 1310 conversationis

1797 1345 2096 1400 adducebat
2120 1361 2340 1400 carnem
2367 1361 2520 1400 suam
2548 1344 2689 1414 (65),
2728 1344 2782 1398 id
2806 1355 2910 1408 est,
2934 1346 3234 1399 secundum
3259 1361 3375 1399 car-

1798 1452 1921 1492 nem
1951 1447 2251 1503 cognatos;
2284 1447 2342 1490 ut
2373 1437 2416 1491 si
2457 1452 2560 1489 non
2587 1450 2800 1497 omnes,
2825 1434 3037 1504 aliquos
3061 1444 3239 1488 tamen
3263 1436 3374 1488 sal—

1796 1542 1893 1582 vos
1920 1525 2128 1582 faceret
2158 1542 2223 1580 ex
2254 1528 2379 1583 illis.
2421 1529 2511 1581 Sic
2533 1541 2664 1595 ergo
2689 1528 2815 1579 dum
2843 1526 3153 1593 pervigilem
3179 1541 3366 1579 curam

1794 1626 1850 1672 et
1885 1606 2074 1687 'jngem
2128 1617 2549 1673 sollicitudinem
2596 1634 2726 1687 erga
2779 1618 3081 1671 doctrinam
3128 1618 3369 1687 gentium

1798 1712 1957 1779 gerit,
1992 1719 2047 1764 et
2071 1715 2538 1766 conversationem
2562 1726 2749 1764 eorum
2783 1727 2848 1764 ac
2877 1712 3040 1763 vitam
3070 1711 3227 1763 valde
3250 1725 3371 1779 pro-

1728 1781 1771 1836 B
1797 1799 2027 1855 habilem
2059 1800 2211 1865 facit,
2248 1801 2493 1856 videntes
2532 1802 2646 1856 haec
2671 1801 2941 1857 lsraelitas
2964 1800 3074 1873 (66)
3099 1802 3188 1871 qui
3213 1810 3373 1855 erant

1800 1894 2016 1961 cognati
2050 1890 2170 1961 ejus
2196 1895 2491 1949 secundum
2513 1908 2730 1948 carnem
2763 1894 2832 1958 ⁵⁸,
2863 1894 2929 1947 ad
2958 1894 3255 1947 imitandos
3274 1907 3370 1946 eos

1794 1984 1886 2051 qui
1917 1983 2206 2053 proficiunt
2249 1985 2303 2038 in
2351 1984 2455 2038 lide
2488 1984 2580 2038 Dei
2615 1984 2832 2049 invitat,
2876 1994 2931 2039 et
2971 1994 3231 2053 provocat
3264 2002 3277 2038 :
3314 1992 3372 2037 et

1793 2086 1877 2131 est
1909 2075 2079 2146 gloria
2112 2075 2397 2131 ministerii
2431 2076 2546 2143 ejus
2576 2090 2697 2128 cum
2726 2092 2792 2129 ex
2823 2076 3132 2130 eruditione
3176 2091 3365 2130 eorum

1795 2166 1959 2220 etiam
1993 2167 2096 2221 illis
2125 2167 2400 2234 profectus
2425 2166 2536 2238 (67)
2561 2167 2877 2223 accesserit.
2904 2186 2921 2217 ι
2945 2165 3002 2221 Si
3026 2169 3168 2219 enim
3201 2167 3374 2219 amis-

1794 2259 1875 2313 sio
1904 2274 2090 2313 corum
2141 2258 2510 2312 reconciliatio
2535 2270 2619 2313 est
2662 2258 2869 2321 mundi,
2904 2273 3023 2327 qua:
3049 2268 3134 2312 est
3158 2273 3367 2312 assum-

1794 2349 1931 2417 ptio,
1965 2349 2066 2401 nisi
2098 2350 2209 2401 vita
2239 2364 2303 2402 ex
2333 2348 2598 2404 mortuis?
2631 2366 2650 2399 ι
2687 2347 2799 2402 Hoc
2835 2349 2966 2402 milii
2994 2350 3283 2403 ostendere
3312 2349 3368 2403 in

1794 2435 1881 2489 bis
1916 2438 2259 2491 sermonibus
2312 2438 2530 2492 videtur
2578 2437 2886 2503 Apostolus,
2950 2439 3094 2507 quod
3153 2437 3368 2506 abjectn

1794 2527 1982 2595 Israel,
2023 2539 2077 2583 et
2114 2530 2180 2583 ad
2206 2539 2394 2598 gentes
2417 2529 2725 2584 necessario
2770 2530 3151 2598 praedicatione
3184 2540 3363 2583 trans-

1793 2620 1922 2684 lata,
1954 2622 2180 2675 mundus
2210 2620 2337 2692 (hoc
2386 2631 2489 2687 est,
2537 2622 2803 2677 universae
2840 2632 3028 2689 gentes
3059 2622 3215 2695 [68])
3274 2637 3362 2674 re-

1796 2714 2123 2768 conciliatus
2153 2724 2237 2767 est
2261 2712 2396 2779 Deo,
2431 2713 2725 2767 secundum
2757 2714 2899 2783 quod
2927 2713 3195 2783 scriptum
3226 2721 3309 2767 est
3339 2729 3354 2764 :

1801 2824 1819 2857 ι
1866 2805 2004 2872 Quia
2036 2806 2176 2860 Deus
2227 2814 2347 2860 erat
2378 2805 2430 2859 in
2462 2806 2682 2862 Christo
2714 2806 2973 2859 mundum
3003 2804 3367 2858 reconcilians

1793 2896 1917 2962 sibi,
1951 2909 2055 2947 non
2085 2902 2338 2962 reputans
2366 2895 2472 2950 illis
2501 2894 2697 2948 delicta
2744 2894 2983 2962 ipsorum
3013 2894 3095 2958 '7;
3128 2912 3148 2945 ι
3179 2903 3232 2948 et
3259 2895 3363 2948 itev

1795 3002 1911 3039 rum
1944 2985 2088 3039 sicut
2115 2982 2316 3040 Paulus
2340 2984 2475 3039 dicit
2505 3002 2520 3039 :
2561 3002 2580 3035 ι
2612 2983 2714 3049 Qui
2746 2985 2923 3054 posuit
2974 2984 3026 3037 in
3059 2983 3217 3036 nobis
3242 2998 3365 3038 vcr-

1795 3076 1918 3129 bum
1957 3074 2449 3140 reconciliationis;
2480 3091 2500 3126 ι
2549 3090 2647 3144 per
2669 3075 2812 3143 quod
2842 3074 3069 3127 verbum
3102 3073 3316 3128 dicebat
3345 3090 3362 3125 :

1801 3185 1819 3218 ι
1851 3166 2124 3237 Rogamus
2172 3181 2271 3236 pro
2320 3165 2563 3231 Christo,
2614 3163 3042 3220 reconcilianiini
3089 3164 3214 3218 Deo.
3247 3183 3267 3217 ι
3302 3166 3361 3221 Si

1795 3273 1944 3329 ergo,
1979 3257 2172 3326 inquit,
2201 3255 2510 3312 Israeliticae
2532 3255 2707 3327 gentis
2736 3252 2894 3323 bujus
2915 3254 3149 3321 abjectio
3171 3270 3362 3310 recon-

1794 3351 2120 3404 ciliatiouem
2148 3348 2401 3417 praestitit
2436 3347 2656 3410 mundo,
2680 3347 2792 3403 etsi
2810 3356 2957 3402 tanta
2978 3347 3216 3420 fuiterga
3231 3362 3367 3417 gen~

1797 3451 1903 3496 tem
1936 3441 2091 3495 istam
2126 3440 2322 3507 gratia,
2357 3454 2475 3509 qua:
2496 3437 2707 3494 sublata
2732 3437 2803 3492 ab
2829 3452 2892 3492 ea
2917 3437 3029 3508 (69)
3051 3438 3362 3493 universum

1795 3533 2054 3588 mundum
2086 3533 2195 3586 Deo
2218 3530 2569 3587 reconciliare
2582 3529 2878 3592 sufficeret,
2905 3537 3168 3597 quantum
3201 3540 3363 3599 putas

1791 3634 1919 3679 tunc
1936 3623 2231 3679 merebitur
2254 3623 2502 3684 mundus,
2517 3636 2581 3676 cu
2592 3637 2641 3675 ιιι
2662 3621 2825 3675 etiam
2847 3633 2982 3689 gens
2998 3621 3100 3674 ista
3120 3621 3367 3674 reconci-

1790 3716 1909 3770 liari
1944 3714 2205 3769 meruerit
2233 3714 2341 3769 Deo
2377 3712 2532 3782 (70)?
2558 3711 2627 3766 Et
2649 3712 2779 3781 quid
2823 3712 2957 3765 illud
2987 3712 3060 3764 sit
3103 3712 3248 3781 quod
3286 3725 3361 3772 ex

1789 3806 1953 3878 637
1984 3804 2423 3861 reconciliatione
2459 3803 2623 3860 Israel
2657 3802 2887 3858 mundus
2921 3801 3189 3871 acquirat,
3222 3802 3348 3856 bre-

1791 3898 1933 3951 viter
1958 3896 2202 3952 ostendit
2228 3896 2472 3963 ,dicens:
2519 3913 2538 3946 ι
2588 3884 2707 3950 Vita
2747 3909 2815 3948 ex
2846 3895 3096 3948 mortuis.
3131 3910 3151 3944 ι
3208 3890 3361 3945 Tunc

1791 3986 1936 4040 enim
1986 3986 2095 4039 erit
2142 3984 2442 4054 assumptio
2475 3982 2662 4047 Israel,
2695 3982 2912 4052 quando
2937 3982 3046 4051 jam
3076 3987 3132 4035 et
3162 3981 3359 4034 mortui

1792 4077 1959 4130 vitam
2008 4076 2296 4146 recipient,
2324 4086 2380 4131 et
2410 4076 2642 4130 mundus
2676 4090 2745 4129 ex
2789 4073 3128 4143 corruptibili
3173 4072 3362 4127 incor~

1793 4169 2064 4240 ruptibilis
2094 4169 2205 4237 lict,
2245 4178 2301 4224 et
2338 4168 2594 4223 mortales
2624 4167 3036 4223 immortalitate
3069 4166 3359 4221 donabun-

2243 4318 2289 4349 “
2320 4317 2507 4371 Matth.
2555 4333 2684 4380 xxv,
2725 4315 2813 4369 9.3.
2891 4315 2937 4346 ’⁸⁸
2971 4314 2988 4367 I
3019 4312 3160 4367 Tim.
3218 4329 3270 4372 v.
3301 4314 3359 4370 5.

2567 4390 2614 4421 ⁸⁵
2646 4388 2664 4440 I
2712 4387 2841 4442 Cor.
2869 4400 2952 4449 ιιι,
2979 4383 3036 4439 2.
3104 4384 3151 4416 ⁵⁵
3176 4384 3358 4439 Galat.

1860 4576 1973 4648 (64)
2015 4575 2177 4648 Editi,
2221 4576 2565 4648 «formetur.
2606 4592 2624 4648 ι

1862 4577 1953 4648 (6.1
2015 4577 2177 4639 Editi,
2221 4594 2239 4625 ι
2284 4577 2565 4629 formetur.
2606 4592 2624 4626 ι

1862 4577 1975 4718 (65)
2014 4646 2206 4718 Suam.
2242 4646 2401 4718 Qecst
2425 4646 2475 4698 in
2506 4639 3055 4718 librisanteaueditis.
3337 4702 3343 4708 ~

1858 4712 2097 4790 (66)Sic
2131 4729 2229 4790 nis.
2260 4715 2621 4790 Reginsnum.
2660 4713 2813 4790 I669.
2835 4712 3027 4790 Galeri
3066 4724 3194 4764 vero
3222 4727 3352 4790 mss.

1785 4798 1839 4843 et
1865 4779 2024 4849 edi'ti,
2065 4803 2083 4835 ι
2115 4779 2367 4840 videntes
2415 4787 2528 4838 haec
2556 4783 2831 4839 Israelitze.
2860 4801 2879 4833 ι
2910 4779 3191 4846 Rabanus,
3227 4799 3248 4834 ι
3274 4785 3357 4837 vi-

1786 4860 1919 4912 dens
1944 4864 2123 4911 autem
2165 4854 2455 4909 Israelitas.
2499 4872 2518 4905 ι

1876 4928 1967 4997 67)
2010 4926 2217 4991 Editi,«
2249 4939 2374 4979 cum
2413 4940 2480 4979 ex
2516 4921 2825 4997 eruditione
2854 4921 3017 4975 etiam
3045 4919 3173 4983 illis,
3198 4937 3219 4971 ι
3240 4928 3351 4997 etc,

1779 4990 2060 5060 Rabanus,
2100 5012 2119 5045 ι
2156 4990 2277 5047 cum
2313 5010 2377 5047 ex
2422 4993 2727 5048 eruditione
2758 4992 2955 5047 horum
3006 5004 3192 5056 aequus
3248 4990 3352 5044 illis

1820 5059 2081 5130 refectus,
2116 5084 2134 5117 ι
2168 5073 2275 5117 etc.
2329 5063 3001 5133 Mss.plerique,acumes
3032 5059 3354 5133 eruditionis

1820 5084 2081 5130 reiectus,
2116 5084 2134 5117 ι
2168 5084 2275 5117 eu}.
2329 5084 2451 5122 MSS.
2488 5084 3001 5133 ptertquegcumex
3032 5084 3349 5114 cruumuma

1775 5084 1983 5191 Ronore
2013 5136 2176 5190 etiam
2212 5134 2324 5187 illis
2349 5132 2645 5201 profectus,
2680 5152 2699 5183 ›
2728 5144 2838 5185 etc.
2879 5131 2984 5185 Sed
3014 5128 3215 5183 rectius
3245 5144 3349 5184 ms.

1778 5204 1980 5273 Regius
2006 5220 2154 5257 num.
2180 5203 2319 5258 1659
2352 5211 2410 5256 ιιι
2434 5204 2485 5256 in
2516 5215 2704 5256 nostro
2734 5211 2904 5273 textu.

1848 5268 1959 5346 (68)
2000 5273 2116 5346 Hoc
2165 5282 2281 5346 est.
2319 5273 2576 5327 universa:
2617 5281 2817 5341 gentes.
2871 5270 2997 5346 Ilaec
3019 5268 3237 5346 “desunt
3293 5268 3347 5320 in

1782 5338 1965 5407 editis,
1993 5354 2048 5398 et
2069 5344 2121 5397 in
2149 5343 2422 5412 plerisque
2448 5358 2580 5412 mss.
2607 5338 2816 5394 necnon
2848 5339 3004 5412 apud
3017 5338 3298 5412 Babauum
3324 5354 3340 5400 ;

1776 5415 1869 5468 sed
1908 5408 2264 5467 reSIitunntur
2279 5408 2351 5467 ei
2382 5428 2483 5466 ms.
2535 5411 2704 5482 Regio
2736 5408 3064 5482 num.l659.

1849 5483 1961 5550 (69)
2005 5484 2167 5547 Editi,
2206 5501 2223 5532 ι
2251 5497 2377 5553 erga
2410 5493 2599 5551 gentes
2620 5475 2726 5535 ista
2759 5480 2949 5548 gratia,
2977 5493 3097 5547 quae
3132 5475 3345 5534 sublata

1776 5555 1844 5608 ab
1874 5570 1957 5608 (:0.
2004 5574 2021 5604 ι

1852 5620 1968 5691 (70)
2013 5623 2176 5685 Editi,
2208 5621 2598 5691 [reconciliari
2643 5616 2947 5691 merebitur
2994 5617 3124 5691 lico.
3156 5636 3175 5668 ι
3206 5614 3340 5691 Mss.

1779 5686 1988 5760 Regius
2017 5708 2165 5748 num.
2198 5690 2357 5760 1.659,
2391 5708 2410 5739 ι
2444 5689 2791 5760 reconciliata
2815 5686 2977 5745 fuerit
3017 5689 3144 5755 Deo.
3185 5706 3204 5738 ι
3235 5687 3343 5742 Sed

1781 5759 1963 5819 cancri
2001 5777 2131 5818 mss.
2160 5769 2212 5834 et
2236 5759 2494 5830 Rabanus
2527 5770 2583 5813 ut
2606 5759 2669 5828 in.
2695 5766 2866 5817 textu,
