3692 6138
341 316 364 363 t
383 316 476 364 ιω
1811 307 2136 364 OtthEle
3475 306 3607 360 tta:

344 438 455 483 tur.
489 424 795 480 Absurdum
828 435 1068 492 namque
1104 422 1383 479 videretur
1428 424 1475 480 si
1526 439 1648 481 cum
1699 426 1931 482 oﬂ'ensio
1962 433 2005 490 Α
2035 439 2143 480 tem
2187 426 2414 495 etcgcrit
2460 425 2642 491 bona;
2679 432 2776 478 aut
2822 425 2964 478 mala
3015 424 3254 490 dicatur,
3289 425 3334 480 si
3386 425 3608 495 elegerit

346 518 462 589 (71)
511 519 751 584 ipsorum
808 515 1316 570 reconciliationem
1369 520 1572 573 mundo
1618 519 1929 584 donaverit,
2037 516 2176 571 tnala
2206 532 2220 569 :
2254 526 2310 570 et
2352 517 2431 571 sic
2473 515 2849 585 unusquisque
2878 516 3178 570 secundum
3229 519 3493 587 propositi
3525 523 3607 574 sui

348 608 647 679 assumptio
693 608 933 678 ipsorum
985 624 1093 664 non
1152 610 1330 680 majus
1385 610 1591 681 aliquid
1631 613 1835 667 mundo
1874 623 1930 668 et
2036 617 2212 661 motus
2244 605 2356 678 (76)
2387 616 2473 660 aut
2510 607 2649 661 bona
2680 605 2845 672 oliva,
2879 609 2925 662 si
2958 610 3063 662 iter
3109 608 3331 661 virtutis
3374 609 3607 676 incedat,

344 701 690 772 prmstantius
724 699 1036 780 largiretur.
2034 707 2127 750 aut
2148 698 2192 751 si
2216 697 2493 752 contraria
2526 706 2784 763 sectetur,
2821 697 3058 753 oleaster
3079 699 3465 755 nominabitur.
3485 700 3609 755 Inde

415 793 501 846 11,
545 810 565 844 ι
598 790 751 858 Quod
780 790 826 844 si
859 790 1117 845 delibatio
1154 800 1344 847 sancta
1378 803 1485 857 est,
1521 804 1577 848 et
1607 809 1834 850 massa:
1872 804 1929 851 et
2034 788 2266 857 denique
2296 797 2351 842 et
2397 787 2660 842 Dominus
2705 789 2756 841 in
2809 789 3099 860 Evangelia
3151 792 3401 846 dicebat:
3440 809 3465 843 ε
3503 796 3609 847 Aut

342 884 386 938 si
423 884 577 938 radix
609 891 824 948 sancta,
852 892 908 936 et
939 884 1100 937 rami.
1156 884 1311 951 Quod
1353 885 1399 940 si
1443 886 1610 956 aliqui
1658 903 1725 942 ex
1761 890 1928 943 ramis
2035 882 2197 938 facile
2231 884 2485 937 arborem
2527 884 2747 946 lienam,
2789 892 2844 936 et
2875 882 3086 936 fructus
3118 884 3233 949 ejus
3275 883 3482 943 bonos:
3521 896 3611 938 aut

340 977 496 1031 fracti
530 986 680 1040 sunt,
720 985 775 1029 tu
816 986 996 1029 autem
1049 991 1172 1029 cum
1204 992 1352 1032 esses
1387 979 1645 1044 oleaster,
1680 980 1926 1035 insertus
2036 974 2196 1028 facile
2227 978 2485 1028 arborem
2521 976 2740 1037 malum.
2773 986 2829 1029 et
2867 973 3074 1030 fructus
3112 977 3230 1045 eius
3274 978 3441 1033 tnalos
3465 978 3551 1045 ⁸⁹;
3590 997 3605 1028 ι

340 1083 400 1122 es
428 1069 479 1122 itt
511 1067 639 1132 illis,
670 1076 726 1122 et
749 1068 929 1122 socius
955 1067 1128 1120 factus
1153 1082 1212 1122 es
1259 1069 1458 1125 radicis
1484 1080 1541 1124 et
1580 1070 1927 1140 pinguedinis
2035 1076 2086 1119 III
2125 1067 2434 1120 ostendere!
2460 1066 2710 1118 arborem
2736 1066 2931 1119 bonam
2958 1066 3042 1140 Ve!
3075 1067 3271 1121 milia!“
3300 1083 3403 1121 ηοη
3426 1071 3607 1132 ηειδεῖ.

338 1161 511 1226 oliv:e,
549 1160 656 1214 noli
685 1159 906 1230 gloriari
934 1159 1196 1212 adversus
1226 1174 1430 1214 ramos.
1459 1138 1610 1225 Quod
1646 1138 1701 1214 si
1724 1161 1927 1231 gloria-
2033 1158 2127 1212 sed
2171 1157 2308 1210 ﬁeri.
2347 1155 2466 1211 lam
2498 1172 2625 1209 vero
2660 1157 2704 1210 si
2759 1157 2984 1212 accedat
3007 1138 3123 1227 ('77)
3151 1157 3354 1227 aliquid
3398 1159 3471 1214 ad
3516 1173 3609 1211 ar-

339 1252 437 1315 ris,
473 1266 580 1304 non
610 1258 662 1302 ttt
687 1250 922 1303 radicem
950 1257 1158 1318 portas,
1180 1247 1274 1301 sed
1302 1249 1455 1302 radix
1488 1261 1559 1303 te.
1580 1248 1727 1304 Dicis
1758 1266 1922 1319 ergo:
2032 1253 2180 1307 bitrii
2205 1253 2540 1317 libertatem,
2567 1249 2708 1320 quod
2739 1250 3082 1304 extrinsecus
3114 1250 3196 1303 vel
3223 1252 3290 1303 ad
3315 1251 3455 1304 mala
3480 1265 3609 1318 pro-

338 1342 522 1396 Ἐνυοιὶ
571 1352 695 1395 sum
741 1341 903 1404 rami,
953 1349 1011 1394 ιιι
1049 1355 1151 1411 ego
1203 1342 1434 1395 inserar.
1483 1341 1666 1395 Bene:
1703 1352 1924 1412 propter
2031 1355 2212 1412 vocet,
2245 1345 2328 1401 vel
2363 1347 2607 1399 hortetur
2635 1343 2701 1397 ad
2731 1341 2869 1396 bona
2896 1357 2990 1412 per
3016 1341 3310 1403 iueii‘abiles
3334 1346 3605 1413 quasdam

338 1434 771 1490 incredulitatem
801 1433 958 1489 fracti
994 1443 1139 1487 sunt.
1175 1432 1254 1486 Tu
1293 1442 1471 1487 autem
1510 1433 1614 1488 fide
1645 1442 1798 1492 stas:
1825 1450 1923 1489 no-
2032 1437 2228 1491 divina:
2248 1434 2611 1492 Providentia:
2640 1433 3092 1503 dispensationes,
3130 1434 3184 1491 in
3217 1435 3366 1488 nullo
3402 1450 3606 1490 conse-
3688 1470 3692 1475 ‹

338 1529 375 1584 li
411 1529 642 1596 superbe
669 1541 857 1596 sapere
888 1526 1023 1598 (72),
1046 1527 1140 1581 sed
1189 1528 1336 1580 time.
1382 1526 1438 1580 Si
1470 1527 1615 1581 enim
1653 1527 1793 1581 Dens
1819 1541 1917 1579 na-
2030 1529 2309 1598 quentiam
2369 1531 2663 1602 propositae
2716 1527 3072 1583 absolutionis
3114 1526 3354 1587 oﬂeudit.
3425 1527 3609 1581 liabet

341 1620 606 1676 turalibns
641 1617 808 1672 ramis
837 1633 940 1671 non
975 1617 1237 1688 pepercit,
1268 1632 1368 1671 nec
1409 1619 1503 1672 tibi
1535 1629 1752 1687 parcet.
1787 1619 1919 1674 Vide
2026 1622 2173 1676 enim
2204 1622 2258 1674 in
2286 1621 2573 1690 semetipsa
2603 1621 2714 1692 (78)
2743 1632 2935 1676 natura
2967 1619 3298 1675 rationabilis
3332 1621 3604 1690 vigentem

338 1726 470 1781 ergo
498 1710 791 1764 bonitatem
822 1720 878 1763 et
908 1710 1258 1763 severitatem
1312 1707 1405 1763 Dei
1431 1727 1444 1763 :
1490 1709 1544 1764 in
1575 1724 1671 1765 eos
1698 1711 1915 1778 quidem
2025 1724 2083 1769 et
2114 1715 2182 1768 ad
2213 1714 2330 1769 hmc
2363 1714 2581 1768 arbitrii
2623 1713 2951 1778 libertatem,
2999 1728 3104 1784 qua
3148 1712 3233 1767 vel
3276 1713 3525 1779 obedire,
3556 1714 3604 1767 si

337 1804 428 1872 qui
463 1802 798 1867 ceciderunt,
832 1802 1181 1856 severitatem
1203 1816 1219 1864 ;
1240 1802 1291 1854 in
1318 1810 1369 1855 te
1391 1810 1571 1855 autem
1603 1801 1920 1868 bonitatem,
1956 1797 1998 1852 Β
2037 1807 2190 1871 velit,
2224 1806 2559 1875 provocanti,
2592 1806 2695 1868 vel,
2726 1807 2769 1860 si
2798 1806 2956 1872 nolit,
2986 1820 3247 1874 spernere
3278 1809 3449 1876 possit
3472 1806 3607 1863 hor-

339 1897 384 1950 si
415 1895 781 1965 permanseris
817 1895 869 1947 in
916 1896 1183 1947 bonitate.
1226 1892 1481 1961 Alioquin
1514 1903 1571 1948 et
1602 1903 1657 1947 tu
1691 1894 1919 1949 excide-
2027 1906 2253 1952 tantem.
2286 1896 2439 1963 Quod
2472 1908 2652 1952 autem
2675 1898 2930 1964 diximus,
2957 1899 3083 1967 quia
3118 1898 3359 1952 materia
3405 1911 3607 1964 corpo-

339 1989 439 2053 ris,
463 1997 519 2041 et
546 1988 643 2051 illi,
669 1987 716 2040 si
751 2002 856 2040 non
883 1986 1285 2056 permanserint
1315 1986 1368 2039 il!
1402 1986 1805 2049 incredulitate,
1840 1986 1923 2038 ill-
2027 1990 2127 2045 nili
2170 1993 2501 2046 accedentes
2525 1991 2873 2047 extrinsecus
2901 1992 3194 2061 qualitates
3223 1990 3448 2046 reddunt,

340 2088 609 2134 serentnr.
647 2078 846 2132 Potens
875 2085 959 2131 est
980 2077 1124 2129 enim
1157 2076 1301 2130 Deus
1334 2078 1528 2130 iterum
1566 2076 1810 2132 inserere
1854 2077 1921 2131 il-
2023 2083 2135 2137 cies
2186 2084 2450 2146 diversas,
2491 2064 2958 2152 aliquas'quidem
3004 2085 3071 2138 ad
3117 2083 3345 2136 multum
3387 2094 3603 2151 tempus

340 2171 443 2227 105-
481 2171 617 2223 Nam
652 2170 695 2224 Si
737 2178 790 2222 ιιι
825 2182 893 2223 ex
940 2166 1174 2221 natura“
1204 2168 1440 2222 Oleasll‘o
1472 2168 1692 2223 excisus
1737 2181 1819 2230 ϐε,
1869 2177 1924 2221 ει
2025 2185 2434 2245 permanentes,
2463 2174 2672 2242 aliquas
2704 2176 2770 2228 ad
2800 2176 2982 2239 breve,
3015 2175 3305 2228 nonnullas
3337 2189 3469 2226 vero
3493 2191 3599 2226 non

340 2273 529 2316 contra
556 2272 803 2314 naturam
823 2259 1059 2314 insertus
1090 2276 1149 2315 es
1184 2264 1237 2315 in
1269 2261 1468 2315 bonam
1499 2260 1720 2326 olivam,
1745 2275 1798 2329 qt

2148 2282 2199 2320 m
2226 2268 2383 2320 annis
2417 2268 2652 2338 exiguis,
2677 2269 2771 2321 sed
2807 2266 3079 2320 interdum
3112 2266 3302 2340 etiam.
3324 2265 3600 2319 mensibus

270 2397 277 2405 .
342 2367 397 2409 to
430 2355 601 2421 magis
625 2353 676 2406 hi
710 2352 1015 2408 secundum
1049 2364 1322 2418 naturam,
1357 2353 1667 2407 inserentur
1694 2365 1728 2406 ει

2147 2360 2340 2415 diebus
2367 2361 2555 2429 paucis
2580 2360 2668 2412 vix
2685 2360 2967 2423 durantes,
2998 2357 3068 2410 ita
3105 2357 3444 2426 intelligitur.
3474 2354 3600 2411 Ver-

339 2462 420 2502 ναξ
439 2449 981 2522 ?tNescioquomode
996 2447 1041 2481 ⁸⁸
1068 2442 1123 2498 hi
1156 2444 1246 2511 qui
1279 2445 1344 2498 de
1367 2443 1552 2501 schola
1576 2442 1846 2499 Valentini
1872 2455 1927 2499 et
2027 2452 2080 2505 hi
2118 2466 2283 2505 causa
2311 2466 2325 2503 :
2360 2450 2574 2519 species
2598 2448 2745 2514 coeli,
2771 2457 2827 2503 et
2857 2448 3009 2510 solis.
3048 2457 3139 2501 aut
3177 2447 3340 2515 lunae,
3380 2447 3463 2502 vel
3514 2464 3601 2501 as-

341 2540 597 2595 Basilidis
644 2541 888 2604 veniunt,
926 2538 1044 2593 hac
1077 2541 1152 2591 ila
1200 2553 1228 2592 ³
1265 2536 1435 2594 Paulo
1486 2538 1633 2593 dicta
1675 2553 1780 2593 ιιοη
1826 2553 1925 2592 all-
2030 2557 2241 2601 trorum
2265 2544 2463 2599 talibus
2487 2544 2807 2612 quibusdam
2836 2543 3079 2597 formatae
3102 2551 3228 2595 sunt
3248 2540 3601 2609 qualitatibus

345 2633 576 2695 dientes,
620 2640 813 2702 putant
842 2644 963 2687 esse
999 2644 1247 2686 naturam
1274 2633 1577 2686 animarum
1617 2646 1737 2699 quae
1784 2646 1803 2686 ε

2140 2658 2147 2694 ε
2181 2653 2352 2708 usque
2380 2639 2447 2692 ad
2483 2637 2665 2693 saeculi
2699 2637 2862 2692 ﬁnem
2889 2637 3183 2705 perdurare
3223 2633 3518 2697 sulliciant,
3549 2644 3598 2685 et

341 2740 441 2794 per
468 2724 615 2779 salva
643 2724 738 2789 sit,
756 2736 810 2779 et
840 2739 1111 2792 nunquam
1131 2732 1339 2792 pereat,
1373 2734 1425 2778 et
1455 2724 1617 2776 aliam
1640 2736 1759 2793 qua:
1784 2736 1928 2776 sem-
2030 2746 2313 2801 usquequo
2347 2730 2652 2784 liberentur
2708 2746 2728 2779 ‹
2769 2742 2798 2781 a
2835 2728 3099 2782 servitute
3133 2726 3506 2794 corruptionis
3548 2725 3597 2777 in

340 2830 441 2885 per
471 2826 679 2885 pereat,
705 2822 761 2869 et
804 2830 1078 2884 nunquam
1116 2815 1394 2869 salvetur:
1426 2830 1547 2868 cum
1580 2822 1766 2883 aperte
1796 2814 1798 2850 ῖ

2136 2828 2340 2873 ςτιειιθιιι
2379 2819 2568 2889 gloria:
2617 2818 2854 2872 ﬁliorum
2904 2816 2997 2870 Dei
3021 2816 3119 2867 ‘°.t
3155 2815 3295 2869 Alia
3323 2829 3453 2869 vero
3476 2827 3594 2867 sunt

340 2908 428 2962 lus
461 2909 605 2962 dicat
654 2908 856 2962 fractos
899 2921 1018 2961 esse
1074 2921 1253 2960 ramos
1313 2907 1465 2959 bonae
1512 2906 1668 2961 olivae
1702 2915 1926 2976 propter
2030 2921 2377 2966 terrenarum
2431 2923 2720 2978 corporum
2771 2908 3086 2977 qualitates,
3140 2917 3196 2960 et
3250 2908 3306 2960 in
3358 2907 3494 2975 ipsis
3518 2916 3596 2959 est

342 3001 776 3055 incredulitatem
812 3015 985 3064 suam,
1021 3009 1077 3054 et
1109 2999 1305 3052 divina:
1331 2997 1644 3052 severitatis
1685 2995 1799 3068 (75)

2134 3007 2198 3057 lta
2252 3001 2580 3059 dill'erentia.
2641 2999 3031 3056 Nonnullorum
3080 2998 3225 3052 enim
3288 2997 3592 3051 animalium

341 3093 579 3164 diguisse
631 3092 910 3146 vindicta:
961 3100 1016 3144 et
1061 3096 1249 3145 rurSus
1286 3090 1503 3145 oleastri
1550 3103 1753 3149 ramos.
1807 3102 1927 3157 qua:
1952 3136 1995 3194 ϐ
2031 3109 2280 3164 corpora,
2310 3093 2394 3148 vel
2418 3091 2701 3158 arborum,
2737 3093 2820 3147 vel
2845 3090 3052 3155 avium,
3078 3090 3264 3144 multis
3312 3090 3594 3144 admodum

342 3185 484 3250 apud
520 3183 642 3237 illos
679 3191 870 3237 natura
903 3184 1116 3252 perdita
1150 3182 1395 3249 ponitur,
1426 3180 1661 3234 insertos
1682 3192 1807 3232 esse
1842 3193 1923 3231 ra-
1955 3179 1994 3194 ν
2026 3193 2254 3257 possunt
2279 3186 2483 3240 durare
2515 3184 2899 3254 temporibus;
2951 3181 3179 3235 altorum
3226 3194 3361 3234 vero
3392 3179 3591 3248 paucis,

340 3279 447 3331 dici
472 3285 525 3331 et
565 3277 877 3347 pinguedini
904 3277 1079 3330 oliva}.
1119 3275 1223 3329 Sed
1255 3276 1361 3329 illis
1395 3275 1614 3345 quidem
1660 3287 1758 3341 Per
1806 3271 1923 3325 hac
2026 3286 2122 3334 aut
2167 3278 2320 3332 valde
2371 3276 2604 3345 exiguis.
2638 3274 2791 3341 Quod
2824 3273 2872 3327 si
2924 3272 3037 3326 hac
3078 3271 3216 3325 bene
3269 3271 3593 3331 intellexisti,

342 3367 503 3425 facile
530 3384 846 3437 responsum
878 3370 950 3424 sit
980 3368 1116 3441 (74).
1152 3368 1515 3422 Nihilominus
1537 3374 1721 3418 autem
1753 3365 1920 3417 etiam
2026 3380 2370 3427 transeamus
2395 3383 2541 3422 nuttc
2560 3367 2628 3420 ab
2654 3365 2916 3434 exemplis
2944 3377 3216 3432 corporea
3229 3362 3506 3432 qualitatis
3527 3366 3592 3413 ad

346 3457 618 3525 nobisqui
661 3475 823 3512 uuam
855 3473 978 3513 esse
1010 3468 1261 3510 naturam
1314 3456 1558 3509 omnium
1616 3452 1922 3515 hominum,
2026 3473 2238 3516 natura;
2271 3457 2610 3513 rationabilis
2660 3456 2978 3524 qualitatem
3013 3471 3026 3506 :
3073 3462 3130 3509 et
3174 3454 3302 3509 vide
3329 3454 3594 3522 quomodo

342 3552 457 3605 imo
486 3550 599 3623 (75)
640 3551 880 3606 Omnium
915 3549 1319 3603 rationabilillm
1355 3548 1606 3609 diCimIIS.
1649 3553 1704 3599 θι
1734 3542 1802 3597 ad
1832 3557 1923 3597 ω’
2026 3550 2147 3605 alite
2204 3551 2426 3619 quidem
2483 3548 2535 3601 in
2580 3547 2950 3616 qualitatibus
3008 3544 3360 3599 beatitudinis
3405 3543 3591 3597 smcnla

344 3647 509 3699 lntem
553 3645 840 3713 aequaliter
887 3642 1144 3710 habilem,
1179 3651 1236 3697 et
1264 3642 1329 3695 ad
1365 3639 1722 3708 perditionem
1746 3637 1789 3689 si
1828 3648 1925 3689 ne-
2026 3642 2191 3696 multa
2227 3647 2524 3713 perdurant
2553 3654 2568 3692 :
2601 3649 2656 3694 et
2693 3640 2811 3693 alite
2844 3639 2897 3692 in
2926 3637 3192 3706 qualitate
3223 3636 3446 3689 malitia:
3482 3635 3589 3705 ('79)

338 3738 531 3807 ειῖεει.
556 3737 773 3792 occurri
807 3745 987 3806 Ροῐεεῑ
1010 3744 1063 3790 ει
1087 3735 1194 3789 diei
1220 3752 1235 3788 τ
1261 3731 1541 3800 Ουοιηθάο
1573 3743 1702 3799 erg“
1721 3726 1925 3782 Paulus
2026 3734 2380 3789 nihilominus
2417 3732 2586 3804 638
2629 3731 2825 3788 smcula
2866 3729 3034 3784 multa
3085 3738 3446 3791 consumunt;
3480 3727 3592 3780 aliae

340 3821 541 3884 olivam
586 3830 783 3884 bonam
818 3838 872 3884 et
923 3828 1219 3883 oleastrum
1266 3827 1436 3897 p0llil,
1475 3838 1597 3877 cum
1640 3823 1830 3890 utique
1879 3821 1924 3874 Si
2025 3842 2091 3883 ex
2116 3829 2248 3897 ipsis
2272 3841 2439 3896 parvo
2468 3839 2712 3894 tempore
2737 3824 2817 3879 vel
2861 3824 2915 3877 in
2940 3823 3252 3883 virtutibus,
3282 3820 3367 3875 vel
3397 3821 3447 3873 in
3484 3835 3593 3872 ma-

342 3938 506 3976 unam
542 3924 710 3977 sciret
743 3936 865 3976 esse
895 3933 1147 3975 naturam
1179 3919 1444 3982 omnium,
1474 3915 1679 3969 diversi
1710 3911 1925 3985 generis
2028 3919 2160 3974 litiis
2189 3929 2410 3973 manent
2436 3934 2453 3983 ς
2488 3918 2607 3971 alite
2631 3916 2947 3986 perexiguo,
2974 3912 3094 3967 alia:
3114 3912 3403 3966 admodum
3427 3907 3589 3965 brevi.

346 4014 603 4069 arborum
653 4030 758 4066 non
806 4014 1201 4066 introduxisset
1247 4007 1597 4079 exemplum?
1631 4006 1924 4062 DiCendum
2026 4009 2267 4077 Quorutn
2299 4024 2395 4077 per
2425 4006 2634 4077 singula
2665 4006 2913 4059 notitiam
2945 4018 3041 4057 nos
3072 4002 3291 4070 quidem
3326 3999 3588 4057 homines,

343 4120 480 4175 ergo
510 4108 575 4158 ad
619 4106 771 4158 haec:
803 4102 959 4157 Sicut
993 4103 1171 4157 onmis
1194 4101 1420 4155 materia
1452 4099 1772 4168 corporalis,
1803 4112 1923 4151 cum
2027 4110 2212 4170 utpote
2239 4097 2612 4167 corruptibilis
2643 4095 2888 4164 corporis
2920 4094 3030 4165 (80)
3080 4094 3319 4161 pondere
3359 4102 3589 4159 praegra-

354 4198 474 4252 sine
513 4197 677 4250 dnbio
705 4196 866 4249 unius
914 4203 1125 4249 naturae
1170 4194 1260 4258 sit,
1310 4208 1407 4262 per
1455 4192 1768 4246 accidentes
1819 4188 1924 4245 sibi
2026 4193 2157 4257 vati,
2197 4191 2567 4261 perexiguam,
2604 4189 2891 4241 autetiam
2940 4186 3139 4240 tmllam
3186 4198 3383 4253 capere
3410 4194 3589 4250 possa-

353 4287 646 4359 qualitates
691 4290 939 4344 diversas
983 4289 1195 4358 species
1234 4285 1439 4356 profert
1487 4284 1572 4338 vel
1612 4296 1921 4350 corporum,
2028 4298 2166 4338 mus.
2200 4281 2305 4350 Qui
2342 4296 2471 4334 vero
2500 4290 2781 4334 scrutatur
2815 4279 3017 4341 omnia,
3052 4278 3219 4330 etiam
3262 4273 3372 4326 alta
3408 4272 3495 4325 Dei
3522 4268 3583 4328 ⁶¹,

347 4382 432 4435 vel
461 4382 738 4446 arborum,
761 4381 844 4435 vel
880 4380 1207 4434 herbarum:
1237 4382 1309 4431 ita
1343 4388 1397 4429 et
1422 4392 1541 4431 cum
1571 4375 1813 4429 omnium
1840 4389 1928 4426 ra-
2029 4372 2267 4442 Spiritus
2298 4381 2522 4425 sanetns
2553 4371 2806 4424 universa
2838 4368 3006 4428 novit,
3058 4376 3115 4420 et
3157 4373 3285 4418 nota
3339 4362 3468 4416 facit
3509 4359 3584 4411 cui

350 4473 683 4527 tionabilium
728 4488 831 4526 una
886 4484 1078 4527 natura
1120 4473 1212 4536 sit,
1262 4470 1473 4524 arbitrii
1510 4468 1712 4537 proprii
1744 4481 1930 4534 tequa-
1961 4480 2003 4534 ι)
2037 4466 2152 4533 ipse
2182 4463 2420 4516 voluerit
2464 4462 2727 4515 revelare.
2755 4461 2812 4515 ln
2845 4459 2930 4513 his
2962 4456 3163 4512 etenim
3218 4454 3506 4524 praecipue,
3537 4450 3582 4502 id

349 4562 474 4617 liter
506 4564 754 4619 libertate
779 4566 999 4629 donata,
1030 4563 1459 4630 uniuscujusque
1509 4559 1712 4629 proprii
1746 4567 1924 4611 motus
2026 4565 2129 4615 est,
2161 4554 2214 4607 itt
2261 4554 2667 4623 dispensatione
2721 4549 3062 4606 rationabilis
3095 4556 3309 4602 naturae
3344 4542 3585 4614 apostoli-

348 4671 415 4709 ex
447 4655 655 4710 arbitrii
684 4667 954 4726 potestate
984 4657 1205 4727 prolati,
1238 4654 1319 4706 vel
1341 4654 1406 4707 ad
1436 4653 1715 4715 virtutem,
1743 4648 1827 4704 vel
1856 4651 1922 4702 ad
2025 4660 2147 4698 cum
2183 4643 2311 4697 illttd
2335 4645 2622 4698 dicendum
2654 4652 2738 4699 est
2763 4664 2777 4698 :
2812 4661 2832 4695 t
2861 4642 2905 4699 Ο
2928 4639 3158 4695 altitudo
3182 4638 3494 4695 divitiarum
3514 4650 3585 4688 sa-

349 4748 628 4807 libidinom
661 4751 961 4818 subiectam
1001 4750 1101 4805 sibi
1135 4749 1374 4802 animam
1402 4745 1795 4815 perducentes,
1838 4740 1925 4795 vel
2027 4738 2270 4808 pientiae,
2309 4746 2364 4790 et
2398 4736 2643 4791 scicntizc
2680 4737 2794 4802 Dei,
2847 4748 3007 4803 quam
3063 4729 3443 4787 inscrutabilia
3471 4735 3585 4783 sunt

349 4840 403 4892 itt
426 4841 578 4894 bonae
606 4855 749 4905 eam,
769 4842 853 4895 vel
874 4843 925 4895 in
953 4841 1108 4895 mala:
1135 4840 1352 4893 arboris
1381 4837 1617 4906 speciem
1652 4835 1921 4889 formant:
2022 4828 2229 4899 judicia
2256 4829 2398 4898 ejus,
2429 4838 2484 4884 et
2510 4826 2911 4897 investigabiles
2942 4826 3044 4877 vite
3071 4824 3189 4892 ejus
3213 4824 3296 4876 "l
3328 4840 3346 4873 ι
3382 4821 3473 4876 Sic
3511 4834 3587 4874 er-

349 4940 408 4986 ut
440 4941 534 4985 aut
567 4933 706 4986 bona
742 4937 904 4985 arbor
952 4934 1185 4994 dicatur,
1221 4930 1265 4982 si
1299 4942 1397 4997 per
1427 4926 1638 4980 arbitrii
1681 4933 1921 4993 potesta-
2025 4935 2093 4992 go
2120 4920 2494 4988 unusquisque
2512 4936 2579 4974 ex
2605 4917 2817 4972 arbitrii
2837 4927 3105 4987 potestate
3133 4924 3228 4970 aut
3256 4915 3401 4971 bona
3430 4913 3580 4975 oliva,

418 5024 466 5056 ⁸⁸
497 5023 655 5079 Rom.
687 5040 763 5091 xt,
803 5025 870 5079 16
900 5039 1018 5092 sqq.
1096 5022 1142 5055 ⁵³
1172 5019 1546 5083 Mattlt.x1,55.
1621 5017 1666 5049 ⁶⁰
1711 5016 1992 5082 Rom.vnt,
2028 5014 2118 5069 2!.
2193 5012 2274 5066 “l
2304 5011 2432 5065 Cor.
2467 5026 2529 5075 ll,
2567 5009 2650 5064 10.
2729 5010 2775 5041 ⁸³
2798 5009 2955 5063 Rom.
2985 5024 3063 5074 xt,
3092 5009 3183 5065 '55.

421 5115 543 5187 (7i)
571 5117 709 5171 Editi
731 5157 747 5183 ,
785 5134 803 5167 t
833 5117 973 5187 sicut
1010 5114 1258 5177 oii’ensio,
1298 5133 1317 5163 ι
1356 5121 1488 5187 etc._
1548 5180 1560 5187 _
1720 5177 1758 5187 ﬁ
1840 5176 1852 5187 .
2027 5115 2168 5187 tunt,
2201 5103 2810 5187 «omniumhominum,
2837 5104 2963 5182 into.
2985 5119 3004 5152 ι
3029 5100 3222 5187 ςξειεῇ
3248 5113 3380 5154 mss.
3405 5095 3584 5149 habent

421 5172 537 5256 (72)
573 5172 746 5250 Editi,
774 5204 792 5236 t
823 5186 929 5241 noli
961 5187 1128 5239 altum
1154 5172 1366 5253 sapere.
1400 5200 1420 5233 ι
1458 5180 1563 5235 Sed
1595 5193 1698 5236 ms.
1720 5176 1925 5248 Regius
2031 5194 2049 5227 ι
2084 5177 2210 5256 imo,
2236 5193 2272 5256 3‘
2414 5174 2671 5256 omittunt
2711 5191 2729 5224 t
2762 5172 3001 5256 omnium
3042 5172 3346 5256 hominum.
3377 5186 3398 5219 ι
3463 5250 3485 5256 Δ
3520 5235 3531 5256 ε

349 5242 673 5311 nu‘m.'1639
702 5242 759 5312 ut
782 5257 836 5309 in
868 5264 1039 5309 texto.
1220 5242 1235 5253 ’
1806 5242 1831 5248 ⁷
2096 5245 2208 5316 (76)
2234 5244 2398 5305 Editi,
2433 5259 2451 5291 ε
2489 5252 2545 5296 et
2577 5243 2950 5314 unusquisque
2980 5242 3280 5295 secundum
3323 5242 3580 5308 pr0posita

424 5327 536 5398 (75)
571 5332 663 5382 Sic
689 5336 833 5382 recte
860 5342 960 5379 ms.
1000 5323 1198 5398 Regius
1222 5336 1373 5398 num.
1404 5319 1562 5398 1659.
1595 5318 1921 5398 Editi-vero,
2025 5317 2348 5398 suil_t_not_n|s,
2382 5332 2402 5365 ι
2439 5320 2545 5393 εκ)ἶ
2588 5396 2598 5398 Δ
2909 5380 2949 5398 7‘
3115 5379 3130 5393 .
3237 5378 3349 5398 un

357 5415 376 5446 ς
407 5378 465 5450 et
486 5378 557 5453 ibi
582 5378 964 5459 severitatis,»
997 5378 1110 5452 etc:
1142 5392 1274 5447 Mss.
1312 5393 1577 5462 plerique,
1614 5406 1636 5440 ι
1668 5400 1724 5443 et
1746 5388 1822 5442 ibi
1851 5401 1920 5441 tte
2096 5385 2209 5462 (77)
2241 5384 2408 5462 alias,
2447 5401 2466 5433 ι
2503 5384 2544 5462 si
2581 5380 2809 5462 accidit}
2848 5399 2868 5432 ι
2901 5380 2997 5445 al.,
3020 5398 3054 5462 ἐ
3088 5379 3131 5462 si
3163 5378 3394 5462 accedit:
3419 5395 3437 5428 ι

353 5443 919 5530 έεῖνξεξιῖίλῖὧξῖ
943 5443 960 5450 ⁷
1001 5443 1104 5452 ’⁷⁷⁷
1143 5443 1272 5447 ww
1312 5443 1504 5530 rvi"
1538 5443 1577 5457 θ’
1682 5529 1692 5530 7
1843 5524 1861 5530 Δ
2098 5443 2211 5526 (78)
2239 5443 2419 5530 Alias,
2469 5471 2487 5503 t
2522 5443 2921 5530 in_s_en_t_eli_pso.
2957 5443 2989 5503 ί
3018 5450 3221 5504 Deinde
3268 5450 3418 5530 editi,
3468 5443 3577 5494 «νῖ-

426 5519 537 5605 (74)
560 5519 734 5602 iEdiii,
764 5519 783 5588 ἆ
810 5519 1025 5606 pinguis
1056 5534 1231 5606 olivae.
1260 5531 1364 5606 sed
1402 5529 1506 5583 illis
1551 5545 1648 5606 per
1680 5524 1917 5606 hmc__fa-
2025 5519 2236 5606 gentem
2270 5525 2344 5594 (et
2384 5526 2495 5577 hare
2519 5521 2752 5606 arbitrii)
2788 5523 3112 5606 libertatem,
3141 5519 3452 5606 quaeve!“
3481 5526 3573 5568 etc.

357 5593 475 5660 cilis
522 5593 824 5674 responsio-
858 5593 951 5661 sii.
986 5623 1004 5656 ο
1062 5605 1189 5658 Mss.
1233 5602 1456 5674 quidam
1474 5593 1807 5674 ,t'pingued

1874 5598 1919 5651 is
2024 5593 2328 5674 Et'postea,
2373 5611 2391 5643 ε
2433 5593 2737 5674 accidentes
2770 5595 3126 5674 extrinsecus,
3158 5609 3178 5642 ι
3212 5598 3325 5674 etc;

354 5659 541 5747 olivaei
565 5659 678 5732 {ei
695 5659 877 5747 paulo
897 5685 1016 5743 post
1036 5659 1295 5730 Olliilllllil
1323 5688 1341 5720 ι
1373 5659 1614 5737 quidem,
1640 5659 1785 5732 {sed
1812 5682 1916 5722 ms.
2027 5733 2052 5747 ﬁ
2081 5659 2208 5747 _(79)
2243 5663 2332 5747 sic
2367 5680 2495 5747 IlI-ss.
2545 5664 2684 5747 Editi
2725 5676 2871 5724 vero,
2910 5678 2928 5711 ι
2959 5672 3013 5716 et
3051 5661 3169 5715 alia:
3184 5659 3435 5730 qualitate
3460 5666 3571 5724 per-

358 5733 557 5816 liegius
585 5733 732 5801 num'.
768 5733 909 5802 165‘).
946 5755 1006 5799 ut
1037 5748 1089 5799 in
1122 5733 1531 5816 ttostt'o_|eilll._
1564 5733 1608 5816 ς
1857 5805 1891 5816 __
2022 5733 2581 5816 “inﬁniti-{mamma
2615 5741 2724 5785 θιυο
2999 5800 3033 5816 η
3334 5799 3346 5809 _

428 5800 548 5889 ('75)?
583 5800 675 5873 Sic
702 5832 803 5872 ms.
830 5800 1031 5889 Regius
1060 5832 1210 5872 nunt.
1243 5810 1399 5868 1659.
1437 5809 1580 5868 Editi
1607 5823 1737 5865 vero
1764 5805 1926 5864 omit-
2101 5803 2212 5876 (80)
2248 5804 2407 5869 Editi,
2449 5822 2467 5855 t
2503 5813 2689 5873 utpote
2715 5800 3100 5874 corruptibiles
3135 5800 3397 5870 corporis,
3425 5800 3565 5889 rete.
