3692 6138
143 303 296 356 1195

1065 308 1419 366 COMMENT.
1461 309 1528 364 ΙΝ
1567 307 1762 365 EPIST
1799 309 1890 365 AD
1927 311 2091 368 ROM.
2127 312 2254 369 LIB.
2295 311 2413 368 Vill

3242 309 3378 363 ita.

133 437 241 483 aut
270 430 510 485 oleaster
533 427 790 495 edicitur,
816 437 909 484 aut
933 428 1221 484 lsraelitici
1249 430 1485 501 generis,
1519 439 1614 483 aut
1640 430 1719 484 al-
1745 435 1792 492 Α
1819 431 1976 487 docet
2005 447 2102 488 nos
2135 431 2426 501 Apostolus
2458 445 2562 485 non
2593 429 2779 485 extolli
2807 429 3067 486 adversus
3115 426 3383 492 radicem,

137 519 324 576 terius
358 520 646 591 culpabilis
694 522 896 591 gentis,
943 529 1002 576 ut
1051 522 1267 577 dicatur
1322 523 1388 576 de
1436 536 1500 577 eo
1531 539 1544 574 :
1579 521 1719 588 Quia

140 630 163 664 ι
189 612 418 666 alienati
459 623 586 667 sunt
613 619 927 680 peccatores
951 612 1017 666 ab
1056 623 1210 666 utero
1237 612 1369 682 (8l),
1401 623 1721 666 erraverunt

135 721 168 760 a
203 716 442 761 ventre:
484 706 648 760 locuti
686 715 814 760 sunt
856 704 992 759 falsa
1018 706 1094 758 ⁸³ξ
1133 724 1151 756 ι
1204 706 1273 758 ita
1317 716 1374 758 ut
1404 705 1512 759 sint
1561 722 1718 773 pere-

135 801 289 868 grini
345 813 832 867 testamentorum,
890 811 947 856 et
996 803 1241 870 hospites
1300 803 1717 872 promissionum

136 893 238 947 Dei
264 892 328 947 ⁸⁵.
359 893 426 948 Ει
453 895 540 948 alii
562 895 612 948 in
639 895 805 949 Deum
830 893 1113 963 jactantur
1133 909 1198 950 ex
1227 905 1403 959 utero,
1423 906 1477 949 et
1500 895 1717 950 dicunt:

142 1003 163 1036 t
201 984 263 1037 In
300 993 351 1038 te
375 985 612 1054 jactatus
633 1001 749 1040 sum
777 1001 844 1038 cx
869 997 1050 1048 utero,
1076 986 1140 1040 de
1163 996 1349 1040 ventre
1378 987 1569 1040 matris
1592 1002 1721 1039 mea:

139 1075 289 1130 Deus
338 1092 492 1130 meus
533 1091 592 1131 es
635 1091 688 1129 tu
717 1077 782 1131 ".
818 1096 837 1128 ι
881 1077 986 1131 Set!
1022 1079 1306 1144 quoniam,
1354 1087 1413 1130 ιιι
1463 1079 1718 1140 diximus,

135 1174 437 1234 permanet
487 1179 702 1233 sem-per
761 1175 972 1218 natura:
1035 1165 1159 1219 huic
1210 1165 1433 1218 libertas
1484 1165 1718 1228 arbitrii,

137 1254 414 1322 possibile
443 1265 527 1309 est
556 1266 614 1308 ut
638 1271 760 1309 cum
790 1257 859 1309 sit
892 1257 1016 1325 quis
1063 1256 1374 1310 Israelitica:
1418 1257 1617 1326 gentis,
1667 1264 1723 1310 et

137 1348 300 1401 home
335 1349 492 1402 oliva:
527 1365 731 1415 ramus,
775 1351 991 1403 decidat
1051 1350 1102 1402 in
1159 1349 1617 1413 incredulitatem,
1669 1359 1723 1403 et

139 1437 470 1506 frangatur:
504 1448 559 1493 et
589 1455 776 1494 rursus
811 1440 949 1493 alius
979 1441 1072 1508 qui
1106 1440 1349 1508 elegerat
1385 1439 1562 1507 gentis
1601 1454 1722 1493 esse

137 1531 434 1597 culpabilis
487 1531 596 1602 (89.)
647 1543 700 1586 et
736 1533 1074 1600 peccatricis,
1135 1544 1189 1587 et
1245 1549 1340 1602 per
1389 1534 1487 1586 hoc
1539 1548 1720 1587 ramus

137 1621 373 1676 oleastri
404 1623 707 1688 dicebatur,
753 1624 798 1679 si
837 1635 1188 1679 convertatur
1223 1627 1288 1680 ad
1330 1627 1486 1680 [idem
1536 1626 1721 1697 (habet

137 1715 288 1768 enim
325 1716 375 1769 in
408 1731 466 1770 se
490 1715 702 1770 arbitrii
732 1715 814 1769 sui
849 1714 962 1787 (83)
990 1716 1315 1780 libertatem,
1343 1732 1448 1785 qua
1473 1716 1717 1771 converti

1820 524 1902 578 vel
1937 524 2143 581 fractos
2176 539 2354 579 ramos
2386 523 2676 590 lsraelitas,
2723 535 2901 592 neque
2940 522 3202 578 insultare
3253 518 3379 573 eis:

1819 617 1947 686 quia
2002 633 2107 672 non
2161 632 2259 673 nos
2302 619 2538 672 radicem
2588 627 2886 686 portamus,
2930 617 3024 673 sed
3067 618 3224 674 radix
3255 632 3375 672 nos.

1819 708 1936 763 Non
1975 711 2117 764 enim
2170 711 2429 764 habemus
2468 710 2581 780 (89)
2612 709 2752 778 quod
2789 724 2892 763 non
2939 711 3272 780 accepimus.
3321 708 3379 764 Si

1819 813 1996 854 autem
2027 804 2356 866 accepimus,
2383 803 2512 870 quid
2541 803 2836 870 gloriamur
2878 803 3032 870 quasi
3083 817 3188 856 non
3221 817 3381 857 acce-

1819 895 2056 963 perimus
2080 894 2173 946 “’?
2223 893 2356 946 Tum
2412 893 2603 948 deinde
2633 896 2789 962 quasi
2827 895 3149 963 quibusdam
3203 894 3384 963 impu-

1820 983 2033 1038 dentius
2062 985 2440 1038 insultantibus
2462 994 2516 1038 et
2543 985 2847 1038 dicentibus
2875 1000 2888 1035 :
2922 983 2978 1038 Si
3007 1002 3025 1034 ι
3065 984 3224 1037 fracti
3256 993 3385 1036 sunt

1823 1076 1954 1128 rami
2019 1075 2181 1147 (90):
2255 1079 2427 1134 bene:
2460 1085 2682 1146 propter
2733 1076 3172 1130 incredulitatem
3224 1075 3383 1128 fracti

1821 1175 1965 1229 sunt,
2002 1175 2060 1218 ut
2090 1181 2189 1234 ego
2233 1167 2506 1221 insererer
2539 1185 2556 1216 ι
2614 1165 2703 1235 qui
2738 1166 3068 1219 credebam:
3107 1165 3207 1219 hos
3254 1178 3386 1230 ergo

1821 1258 2121 1325 reprimens
2167 1258 2454 1325 Apostolus
2505 1258 2634 1312 dicit
2664 1275 2677 1310 :
2730 1257 2806 1310 Illi
2837 1257 3052 1324 quidem
3086 1272 3184 1326 per
3210 1256 3386 1310 incre-

1820 1347 2096 1400 dulitatem
2126 1346 2283 1400 fracti
2317 1356 2464 1409 sunt,
2512 1354 2564 1400 et
2605 1355 2659 1400 tu
2697 1348 2935 1400 insertus
2964 1359 3023 1398 es
3060 1360 3155 1413 per
3199 1344 3383 1409 ﬁdem,

1819 1448 1871 1492 et
1899 1439 1949 1491 iu
1981 1441 2081 1492 Iide
2113 1449 2226 1493 stas
2253 1456 2264 1490 :
2299 1441 2392 1494 sed
2423 1449 2692 1492 memento
2722 1439 2849 1506 quia
2908 1454 2926 1487 ι
2963 1437 3141 1490 omnis
3184 1436 3277 1505 qui
3323 1449 3385 1490 se

1819 1530 2019 1584 exaltat
2063 1531 2433 1585 humiliabitur
2476 1531 2566 1592 7°;
2605 1549 2627 1584 ι
2685 1539 2740 1582 et
2784 1529 2904 1582 ideo
2953 1544 2972 1578 t
3008 1526 3116 1582 noli
3152 1527 3385 1596 superbe

1820 1633 2014 1687 sapere
2039 1618 2173 1688 (9|),
2212 1638 2230 1668 ι
2270 1618 2378 1674 noli
2428 1618 2535 1672 alta
2565 1627 2619 1672 et
2649 1617 2788 1672 elata
2820 1617 3086 1686 proloqui.
3124 1616 3384 1683 Quamvis

1821 1711 1964 1778 enim
2005 1710 2057 1763 in
2092 1711 2272 1764 radice
2302 1721 2434 1775 stes,
2468 1723 2522 1764 et
2552 1712 2686 1764 bene
2711 1721 2844 1778 stes,
2879 1710 3065 1764 timeto
3099 1718 3279 1764 tamen
3309 1709 3386 1764 vi-

139 1808 320 1874 possit
348 1808 411 1860 ad
443 1809 640 1862 bonum
674 1802 786 1876 [84]
815 1781 1142 1874 ),'inseritur
1169 1810 1324 1864 bonae
1351 1781 1506 1863 olivae
1542 1824 1636 1878 per
1657 1808 1718 1861 ﬁ-
1755 1781 1796 1837 Β
1824 1801 1957 1854 dens
1994 1803 2119 1870 quia
2153 1810 2207 1854 et
2235 1802 2321 1854 alii
2350 1802 2545 1870 quibus
2569 1801 2790 1856 insultas
2815 1802 2888 1856 ibi
2917 1810 3185 1856 steterunt
3212 1801 3303 1855 ubi
3329 1807 3386 1856 et

138 1900 292 1964 dem,
325 1910 380 1952 et
407 1899 636 1955 ellicitur
682 1900 865 1956 socius
897 1900 1118 1964 radicis,
1154 1910 1209 1955 et
1242 1901 1582 1970 pinguedinis
1621 1901 1721 1956 oli-

139 2003 225 2042 vae
255 1989 328 2044 ⁸⁸.
375 1989 630 2044 Radicem
665 2005 795 2045 vero
826 1991 968 2046 hanc
996 1992 1085 2045 alii
1116 1991 1385 2046 Abraham
1417 1991 1718 2058 nominant,

140 2079 234 2132 alii
272 2077 433 2145 Seth,
472 2079 563 2134 alii
591 2080 828 2149 aliquem
864 2098 1030 2136 unum
1060 2097 1124 2136 ex
1155 2082 1402 2151 patribus
1435 2083 1573 2137 bene
1603 2098 1714 2138 me-

139 2171 269 2224 ritis
311 2180 519 2238 ponunt
569 2171 702 2242 (85).
737 2173 852 2243 Ego
883 2183 1064 2228 autem
1111 2174 1344 2227 radicem
1398 2173 1558 2228 aliam
1603 2190 1723 2244 quae

139 2271 337 2315 sancta
367 2262 457 2326 sit,
489 2273 544 2316 et
563 2273 780 2318 sanctas
802 2265 1070 2334 primitias
1099 2264 1282 2321 nescio
1307 2265 1409 2320 nisi
1438 2265 1721 2321 Dominum

141 2363 401 2406 nostrum
435 2352 547 2422 (86)
599 2354 782 2410 Jesum
816 2353 1115 2410 Christum.
1147 2357 1266 2425 Ipse
1292 2365 1375 2411 est
1416 2359 1562 2411 enim
1607 2359 1723 2426 pri-

139 2446 322 2500 mitias
350 2447 613 2514 omnium,
645 2447 730 2502 vel
763 2465 782 2499 ‹
820 2448 1103 2513 delibatio,
1139 2467 1159 2500 ι
1198 2458 1257 2502 ιιι
1282 2449 1335 2502 in
1365 2449 1620 2518 prtesenti
1645 2449 1724 2504 lo-

142 2549 210 2590 co
241 2537 510 2592 habemus
538 2539 809 2608 Apostoli,
843 2541 1137 2595 secundum
1165 2539 1217 2594 id
1243 2541 1384 2607 quod
1419 2541 1546 2596 alibi
1575 2542 1640 2595 de
1658 2556 1724 2594 eo

143 2625 350 2680 dicitur
375 2643 388 2679 :
427 2647 446 2680 t
471 2627 571 2695 Qui
601 2641 683 2684 est
710 2631 1102 2702 primogenitus
1128 2631 1307 2684 omnis
1336 2641 1602 2686 creaturae
1616 2631 1717 2684 ".n

145 2719 294 2774 Huic
336 2734 568 2788 namque
612 2723 778 2775 radici
810 2723 988 2777 onmis
1026 2721 1118 2790 qui
1153 2721 1395 2776 salvatur
1432 2723 1720 2787 inseritur,

144 2817 202 2862 et
240 2823 314 2864 ex
342 2809 446 2863 hac
475 2809 804 2864 delibatione
837 2820 1030 2869 sancta
1055 2812 1240 2866 omnis
1287 2825 1466 2865 massa
1495 2811 1720 2866 humani

144 2901 369 2971 generis
415 2902 837 2958 sanctiﬁcatur:
883 2910 937 2955 et
976 2916 1102 2956 vere
1152 2902 1294 2956 sicut
1330 2902 1483 2956 radix
1533 2912 1724 2956 sancta

147 2993 506 3048 manentibus
552 2994 605 3048 in
655 3009 712 3049 se
767 2993 932 3047 ramis
982 2993 1293 3049 sanctitatis
1341 2993 1720 3064 pinguedinem

147 3085 378 3152 praebet,
411 3086 534 3138 dum
569 3101 663 3154 per
689 3084 950 3154 Spiritum
983 3098 1138 3137 suum
1169 3093 1414 3139 sanctum
1441 3085 1722 3139 aihaeren-
1748 3115 1792 3172 ε

147 3183 230 3228 tes
264 3174 372 3228 sibi
413 3174 672 3242 viviﬁcal,
701 3178 866 3231 verbo
917 3177 1141 3242 excolit,
1187 3176 1452 3244 sapientia
1503 3174 1723 3229 ﬂoridos

146 3267 351 3331 reddit,
380 3273 436 3320 et
465 3268 516 3321 in
548 3268 793 3321 omnium
848 3268 1104 3322 virtutum
1155 3267 1489 3338 plenitudine
1530 3262 1724 3319 aﬂ'erre

145 3357 362 3413 {ructus
391 3359 585 3413 uberes
617 3359 743 3412 facit
786 3375 800 3411 :
849 3359 921 3412 ita
967 3369 1026 3414 ut
1063 3369 1119 3413 et
1150 3360 1268 3428 ipsa
1317 3360 1464 3413 dicat
1500 3361 1565 3413 de
1597 3361 1719 3414 eis:

161 3465 182 3499 ι
223 3449 343 3517 Ego
378 3459 560 3504 autem
593 3452 736 3505 sicut
759 3450 900 3505 oliva
925 3449 1205 3506 fructifera
1235 3452 1287 3506 in
1313 3451 1472 3506 domo
1498 3452 1590 3506 Dei
1619 3454 1717 3506 ⁸³.»

145 3539 366 3594 Etenim
387 3543 429 3595 si
446 3543 576 3595 rami
593 3543 683 3612 qui
701 3542 856 3597 fracti
879 3551 1027 3607 sunt,
1046 3553 1264 3614 propter
1291 3545 1720 3600 incredulitatem

141 3629 304 3685 fracti
324 3642 528 3695 sunt,et
546 3636 810 3702 quistant,
838 3634 1124 3688 ﬁdestant:
1146 3636 1266 3704 quis
1281 3635 1531 3690 aliuserit
1547 3639 1596 3690 in
1617 3652 1723 3705 quo

144 3733 297 3778 Stant
319 3725 423 3778 nisi
447 3723 604 3779 Jesus
622 3724 917 3780 Christus?
945 3736 998 3778 et
1025 3727 1147 3795 quis
1169 3727 1408 3781 cstalius
1435 3745 1464 3779 a
1497 3744 1602 3796 quo
1627 3745 1724 3798 per

146 3815 586 3869 incredulitatem
616 3816 773 3870 fracti
800 3828 944 3884 sunt,
975 3819 1073 3872 nisi
1101 3819 1217 3886 ipse
1244 3819 1452 3871 cuinon
1477 3819 1724 3874 credide—

145 3910 320 3960 runt“!
355 3907 581 3976 Semper
643 3922 775 3977 ergo
803 3909 1108 3980 quicunque
1157 3912 1378 3964 advena:
1418 3911 1485 3964 ad
1538 3910 1718 3974 (idem,

141 3998 228 4052 vel
258 3997 326 4050 ad
361 4000 829 4054 conversationem
864 3999 1028 4054 Israel
1065 4000 1177 4071 (87)
1206 4001 1517 4065 veniebant,
1563 4000 1721 4055 Chri-

143 4098 231 4144 sto
292 4091 386 4159 qui
427 4101 544 4143 erat
585 4105 744 4145 verus
789 4089 952 4145 Israel
997 4093 1393 4148 inserebantur.
1447 4093 1720 4162 Praecipue

145 4190 334 4235 tamen
393 4196 460 4236 ex
511 4193 751 4251 tempore
799 4183 1064 4238 adventus
1097 4185 1212 4251 ejus
1255 4188 1452 4238 multus
1486 4187 1720 4240 oleaster

143 4275 412 4328 inseritur
441 4273 552 4347 (88)
579 4277 705 4329 huic
737 4277 929 4340 radici,
963 4277 1049 4331 vel
1094 4277 1259 4331 ramis
1283 4277 1423 4346 ejus,
1455 4278 1718 4346 apostolis

142 4365 359 4419 scilicet
399 4375 457 4420 et
507 4350 786 4435 prophetis
835 4369 964 4422 Dei:
1008 4378 1065 4421 ut
1128 4368 1220 4436 qui
1273 4369 1582 4422 inseruntur
1615 4370 1714 4434 eis,

1824 1905 1878 1948 tu
1920 1904 2068 1948 stas:
2103 1903 2154 1948 et
2184 1904 2233 1948 tu
2258 1909 2377 1948 cum
2405 1894 2474 1948 ibi
2507 1909 2610 1948 non
2641 1908 2811 1960 esses,
2839 1895 2906 1949 ad
2938 1895 3093 1949 oliva:
3138 1892 3252 1965 (99.)
3283 1895 3386 1948 hu-

1815 1986 1903 2056 jus
1941 1987 2173 2041 radicem
2206 1987 2427 2040 aliunde
2457 1988 2749 2042 translatus
2786 2002 2864 2052 es,
2898 1995 2952 2041 et
2998 1986 3260 2057 possibile
3303 1994 3388 2041 est

1815 2081 1985 2136 etiam
2027 2088 2078 2134 te
2118 2094 2366 2148 peccare.
2396 2078 2532 2133 Nam
2576 2087 2632 2132 et
2674 2079 2776 2132 hoc
2819 2079 2934 2147 ipso
2963 2077 3108 2147 quod
3134 2077 3386 2146 superbis

1823 2183 1876 2224 et
1897 2171 2173 2236 exaltaris,
2197 2170 2308 2239 jam
2333 2185 2562 2239 peccas:
2597 2179 2653 2225 et
2673 2170 2806 2224 scito
2835 2170 3091 2239 quoniam
3122 2187 3143 2221 ι
3174 2169 3218 2223 si
3245 2169 3390 2224 Deus

1824 2261 2157 2317 naturalibus
2209 2263 2372 2316 ramis
2426 2278 2530 2317 non
2581 2264 2841 2332 pepercit,
2886 2278 2986 2318 nec
3021 2262 3114 2317 tibi
3143 2269 3383 2332 parcet.»

1823 2351 1954 2406 Post
1991 2354 2102 2407 haec
2142 2368 2269 2409 vero
2322 2355 2427 2408 iste
2461 2353 2573 2426 (95)
2619 2354 2711 2424 qui
2766 2355 3011 2424 superbit
3055 2362 3111 2409 et
3166 2354 3392 2410 insultat

1824 2444 2012 2514 lapsis,
2052 2447 2334 2502 altioribus
2375 2446 2444 2500 ah
2480 2445 2736 2515 Apostoio
2777 2445 3024 2500 sensibus
3067 2445 3390 2500 humilitatis

1826 2536 2127 2601 imbuitur;
2165 2545 2218 2590 et
2261 2537 2464 2591 dicitur
2515 2536 2582 2590 ad
2626 2551 2791 2590 eum:
2825 2535 2904 2590 Tu
2936 2538 3028 2606 qui
3071 2537 3184 2591 inec
3229 2537 3387 2598 dicis,

1827 2644 1848 2678 ι
1887 2627 2007 2682 vide
2041 2628 2336 2682 bonitatem
2365 2637 2420 2682 et
2449 2629 2794 2683 severitatem
2827 2628 2918 2681 Dei
2949 2647 2962 2682 :
2995 2645 3014 2679 ι
3051 2637 3105 2682 et
3138 2643 3256 2681 cum
3306 2630 3390 2681 vi-

1825 2720 1918 2774 des
1948 2720 2291 2774 severitatem
2332 2720 2449 2790 ejus
2495 2735 2618 2791 erga
2656 2719 2930 2775 detractos
2955 2735 3156 2785 ramos,
3210 2705 3387 2775 metu-

1822 2809 2016 2864 endum
2049 2811 2141 2864 tibi
2175 2819 2350 2864 estne
2375 2810 2514 2865 forte
2565 2819 2619 2864 et
2668 2819 2726 2866 tu
2755 2810 2883 2865 dum
2928 2811 3183 2880 superbis
3217 2821 3271 2865 et
3300 2811 3388 2864 iu-

1823 2903 1992 2956 sultas
2016 2902 2197 2969 lapsis,
2227 2903 2572 2958 severitatem
2607 2904 2699 2958 Dei
2753 2919 2875 2973 qua:
2919 2915 3232 2972 peccatores
3264 2919 3389 2974 per-

1828 3005 2005 3063 urget,
2063 2994 2312 3047 incurras
2341 2994 2456 3063 ipse
2505 2995 2802 3064 peccando.
2836 2994 3062 3048 Bonitas
3098 2996 3238 3048 enim
3273 2994 3389 3061 ejus

1825 3092 2107 3154 permanet
2134 3084 2184 3136 in
2206 3085 2288 3136 his
2304 3085 2393 3152 qui
2416 3086 2467 3138 in
2495 3085 2731 3140 bonitate
2760 3088 3174 3158 permanserint.
3203 3109 3220 3140 ι
3244 3089 3387 3142 Alio-

1822 3173 1952 3241 quin
1975 3192 1992 3224 ι
2009 3174 2196 3227 eodem
2211 3174 2397 3227 ordine
2417 3193 2435 3225 ι
2455 3184 2508 3228 et
2525 3175 2684 3237 ιιι,ιεί
2708 3175 2759 3228 in
2780 3177 3016 3232 bonitate
3029 3193 3132 3233 non
3147 3193 3391 3248 perman-

1822 3263 2336 3326 seris,texcideris:
2373 3263 2527 3316 etilli
2555 3263 2599 3317 si
2635 3267 2686 3315 in
2724 3264 3100 3319 incredulitate
3137 3281 3241 3319 non
3264 3281 3390 3335 per-

1824 3357 2138 3423 manserint,
2155 3356 2480 3411 inserentur.
2497 3377 2514 3409 ι
2543 3358 2652 3412 Deo
2675 3361 2819 3413 enim
2851 3377 2954 3415 non
2974 3372 3056 3415 est
3079 3360 3389 3430 impossibi-

1822 3447 1871 3501 le
1892 3467 1910 3498 ι
1936 3450 2128 3503 iterum
2148 3447 2388 3502 inserere
2410 3447 2529 3504 illos
2548 3468 2566 3499 ι
2586 3449 2631 3504 si
2652 3452 2908 3505 recedant
2923 3453 2990 3507 ab
3011 3453 3388 3508 incredulitate

1819 3539 1984 3610 639
2001 3553 2097 3608 per
2125 3554 2282 3606 quam
2317 3539 2470 3594 fraeti
2497 3551 2622 3595 sunt
2657 3561 2670 3594 :
2713 3544 3147 3613 quandoquidem
3176 3544 3389 3600 facilius

1821 3633 2034 3685 videtur
2060 3633 2290 3700 proprize
2315 3633 2526 3686 arboris
2567 3648 2749 3686 ramos
2782 3635 2948 3686 radici
2980 3648 3090 3687 suae
3135 3634 3384 3698 reddere,

1821 3739 1980 3793 quam
2000 3723 2238 3778 inserere
2253 3723 2475 3778 alienos.
2492 3723 2642 3790 Quod
2661 3732 2838 3778 autem
2867 3725 3051 3788 dixit,t
3074 3739 3139 3778 ex
3155 3726 3387 3781 naturali

1820 3817 2075 3884 oleastro,
2111 3830 2198 3868 net
2221 3815 2461 3869 iterumzt
2481 3815 2775 3870 secundum
2808 3828 3052 3869 naturam
3083 3817 3387 3871 inserentur

1820 3922 1930 3961 sua:
1943 3907 2118 3972 olivae,
2143 3925 2162 3958 ι
2190 3916 2436 3961 naturam
2452 3907 2608 3960 oliva:
2637 3906 2718 3959 vel
2735 3906 2951 3960 oleastri
2975 3909 3266 3962 secundum
3288 3909 3386 3962 hoc

1820 4003 2075 4054 debemus
2096 3999 2340 4067 accipere
2364 4000 2504 4066 quod
2525 4012 2685 4064 supra
2713 3999 3080 4066 exposuimus,
3101 4001 3240 4070 quod
3275 4000 3386 4070 (94)

1817 4089 2026 4142 arbitrii
2061 4089 2283 4143 libertas
2315 4098 2563 4140 naturam
2589 4087 2778 4141 fecerit
2809 4090 3099 4158 unicuique
3128 4090 3210 4144 vel
3240 4092 3388 4144 olea-

1817 4181 1937 4246 stri,
1968 4180 2048 4233 vel
2107 4179 2258 4233 bona:
2287 4180 2466 4234 olivae.
2512 4177 2920 4234 Observandum
2956 4195 3085 4234 sane
3129 4192 3210 4235 est
3242 4185 3385 4251 quod

1820 4273 1872 4327 hi
1902 4273 2114 4342 quidem
2138 4274 2228 4342 qui
2261 4288 2326 4325 ex
2351 4273 2570 4342 prOpria
2597 4273 2736 4325 oliva
2758 4272 3098 4337 deciderunt,
3121 4270 3274 4325 fracti
3306 4274 3387 4325 di-

1817 4375 2014 4420 cuntur
2045 4381 2060 4430 ;
2089 4366 2139 4416 hi
2172 4378 2298 4417 vero
2332 4365 2422 4432 qui
2459 4379 2526 4418 ex
2567 4363 2806 4418 oleastro
2841 4363 3173 4426 inseruntur,
3208 4363 3250 4416 si
3290 4363 3388 4416 ite-

141 4457 279 4512 socii
313 4456 446 4512 nant
473 4459 670 4512 radicis
693 4468 747 4514 et
770 4460 1115 4530 pinguedinis
1146 4461 1376 4516 Christi.
1433 4459 1564 4515 Post
1595 4462 1708 4517 haec
1744 4456 1787 4510 D
1816 4473 1932 4512 rum
1959 4456 2322 4526 peccaverint,
2367 4469 2472 4509 non
2499 4454 2808 4524 frangendi.
2843 4453 2985 4524 quod
3027 4454 3213 4523 utique
3242 4463 3386 4508 esset

213 4596 261 4627 ⁸³
288 4594 432 4651 Psal.
453 4614 556 4651 Lvtt
575 4639 590 4664 ,
619 4598 673 4650 4.

141 4665 222 4720 "1
252 4666 378 4721 Cor.
408 4684 478 4733 Iv,
515 4670 564 4722 7.
639 4669 684 4700 "°
704 4669 835 4723 Luc.
868 4665 1017 4734 ivttt,
1047 4671 1134 4723 M.

238 4778 330 4847 81)
365 4778 532 4844 Editi,
563 4798 582 4830 t
612 4796 640 4834 a
674 4782 850 4845 vulva,
874 4790 1191 4834 erraverunt
1221 4780 1288 4834 ab
1319 4793 1500 4846 utero,
1533 4801 1553 4833 ι
1602 4793 1706 4844 etc.

237 4850 328 4916 82)
363 4850 579 4920 Editi,}
611 4866 775 4919 genus
798 4866 917 4904 esse
950 4851 1252 4920 culpabilis,
1282 4869 1300 4901 ι
1333 4863 1440 4904 etc.

232 4919 328 4982 B3)
369 4919 487 4971 Sui.
522 4919 683 4974 Deest
714 4923 763 4973 in
796 4923 975 4975 editis.
1040 4919 1051 4920 ί
1469 4935 1471 4937 ’

237 4988 328 5056 84)
363 4989 526 5051 Editi,
562 5010 579 5040 ι
611 4993 676 5043 ad
713 4992 868 5044 [idem
901 4992 1042 5044 boni.
1077 5011 1096 5043 ι

212 5060 329 5129 (85)
364 5059 525 5115 Editi.
557 5077 575 5109 ι
611 5062 760 5114 home
786 5063 981 5114 tuentis
1013 5069 1234 5129 ponunt.
1272 5081 1289 5113 ι
1328 5060 1420 5114 Ms.
1447 5078 1581 5115 unus
1603 5062 1708 5115 Re-

136 5130 254 5197 gius
283 5145 432 5201 num.
461 5129 617 5201 1659,
648 5149 666 5180 ι
699 5132 821 5184 boni
850 5133 1024 5184 meriti
1055 5141 1277 5201 ponunt.
1314 5150 1333 5182 ι
1355 5133 1544 5185 Caeteri
1578 5147 1708 5186 vero

140 5216 272 5254 mss.
313 5210 369 5252 et
411 5199 666 5253 [tabanus
699 5210 756 5252 ιιι
787 5202 836 5253 in
869 5211 1041 5255 textu.

209 5269 325 5338 (86)
354 5271 447 5323 Sic
476 5269 605 5323 editi
635 5281 689 5323 et
721 5273 990 5325 itabanus.
1013 5271 1107 5326 Ms.
1141 5271 1341 5340 Regius
1371 5286 1519 5324 num.
1553 5269 1710 5333 l659,

146 5355 163 5386 ι
203 5355 404 5393 meum.
440 5359 459 5390 ι
513 5341 709 5396 Caneri
757 5356 888 5394 mss.
933 5345 1191 5397 omittunt
1234 5342 1319 5394 vel
1366 5360 1383 5392 ι
1414 5351 1653 5395 nOstrum
1689 5361 1710 5393 ι

141 5410 218 5461 vel
265 5429 284 5459 ‹
318 5426 514 5462 uncum.
548 5428 566 5460 ι

213 5478 326 5547 (8‘7)
357 5479 484 5535 Mss.
515 5483 620 5532 duo
645 5481 865 5547 habent,
895 5499 915 5532 ι
943 5481 1010 5536 ad
1041 5483 1454 5537 conversionem
1485 5481 1706 5536 Israel.»

209 5553 322 5619 (88)
362 5550 524 5612 Editi,
556 5569 575 5601 ι
599 5552 856 5606 insertus.
885 5571 906 5605 ι

209 5621 322 5690 (89)
348 5621 449 5674 Ms.
500 5622 697 5691 ltegius
744 5637 890 5691 num.
942 5621 1100 5687 1639,
1160 5639 1178 5673 t
1212 5621 1340 5677 Post
1381 5621 1574 5676 edocet
1611 5636 1711 5675 nos

142 5691 434 5759 Apostolus
473 5690 596 5745 non,
619 5690 803 5746 extolli
839 5693 1125 5747 adversum
1160 5708 1342 5746 ramos
1379 5694 1600 5752 tractos,
1655 5693 1706 5744 id

143 5772 228 5817 est
270 5762 609 5818 lsraelitas...
643 5762 786 5816 Nihil
816 5765 960 5816 enim
985 5765 1265 5831 habemus,
1289 5782 1307 5816 ι
1342 5773 1449 5820 etc.
1473 5761 1579 5820 Sed
1601 5776 1706 5819 cae-

382 5856 656 5918 Pn'aor"
721 5853 840 5916 Gn.
897 5853 1063 5918 XIV.

749 4600 794 4630 “
837 4599 1029 4667 Ephes.
1068 4615 1130 4662 ll,
1166 4599 1252 4655 12.
1329 4601 1372 4631 ⁸⁸
1388 4599 1528 4656 Psal.
1557 4616 1677 4668 χχι,
1707 4603 1792 4655 ll.

1867 4594 1912 4626 ⁸⁸
1938 4594 2090 4647 Rom.
2121 4607 2201 4656 x1,
2231 4591 2316 4646 17.
2392 4590 2434 4621 θ’
2477 4589 2683 4645 Coloss.
2723 4605 2758 4652 I,
2797 4587 2883 4641 15.
2961 4587 3004 4618 ³⁸
3028 4585 3166 4640 Psal.
3197 4601 3270 4649 LI,
3299 4585 3386 4640 10.

1816 4782 1914 4834 teri
1949 4793 2102 4841 mss.,
2132 4775 2390 4828 Rabanus
2413 4783 2466 4827 et
2496 4782 2623 4826 editi
2653 4781 2708 4824 ut
2735 4773 2785 4825 in
2823 4781 3011 4824 nostro
3065 4780 3237 4832 textu,
3281 4773 3384 4826 nisi

1812 4851 1954 4920 quod
1985 4849 2112 4920 editi
2142 4845 2397 4899 omittant
2423 4862 2440 4894 ι
2468 4843 2568 4904 vel,
2600 4861 2619 4892 ι
2643 4853 2699 4896 et
2726 4843 2973 4896 ltabanus
3009 4842 3202 4895 haheat
3235 4859 3253 4891 ι
3283 4853 3336 4896 et
3361 4861 3382 4895 ο

1813 4918 2190 5061 ντῗθδῖἕὶίιῖἰ,
2231 5003 2249 5034 ι
2283 4982 2757 5053 impudentibus...
2785 4983 2893 5037 Sed
2929 4980 3085 5036 fracti
3121 4990 3249 5036 sunt
3296 4995 3383 5034 ra-

1812 5067 1906 5121 mi,
1939 5079 1956 5110 »
1994 5067 2098 5111 etc.

1883 5126 1990 5201 (9t)
2022 5125 2189 5201 I_:2_diti,_
2219 5145 2237 5174 ι
2271 5124 2497 5201 superba
2523 5137 2732 5201 sapere.
2764 5140 2783 5172 ι
2900 5199 2908 5201 Δ
3145 5190 3176 5201 __
3202 5189 3214 5201 .

1887 5191 1999 5269 (92')
2033 5198 2131 5249 Ms.
2160 5195 2360 5269 ltegius
2383 5210 2530 5269 nurn.
2565 5193 2724 5269 1859,
2757 5209 2777 5242 ‹
2811 5199 2957 5269 et_‘tu_
2983 5205 3105 5244 cum
3144 5191 3216 5269 ibi
3243 5202 3380 5269 Stes,

1818 5261 2084 5328 ad‘oli'vm,
2119 5284 2137 5316 ι
2165 5261 2272 5319 ειᾱ.
2312 5265 2417 5318 Sed
2444 5264 2628 5318 caeteri
2676 5278 2831 5326 mss.,
2864 5261 3116 5314 Babanus
3156 5268 3212 5313 et
3254 5261 3377 5313 editi

1823 5347 2170 5478 m(|;5;elxsllue..
2201 5404 2482 5460 Omittitur
2508 5405 2561 5459 in
2590 5403 2786 5469 editis;
2828 5402 2920 5471 qui
2954 5409 3137 5471 postea
3163 5399 3382 5462 habent,

1825 5500 1846 5534 ιι
1874 5477 1929 5535 et
1953 5479 2081 5532 dicit
2101 5477 2167 5528 ad
2196 5491 2338 5530 eum.
2388 5494 2407 5526 ι

1889 5549 1999 5622 (94)
2046 5547 2260 5622 t__Quod
2300 5564 2316 5594 ι
2348 5544 2619 5622 omittitur
2649 5547 2699 5598 in
2741 5542 2916 5622 editis,
2950 5539 3382 5622 sed‘restituitut'

1816 5614 2030 5676 ex‘ms.
2083 5617 2251 5684 Regio
2289 5630 2436 5668 num.
2472 5615 2606 5669 1659
2651 5623 2705 5667 et
2751 5615 2990 5666 liabano.
3022 5614 3216 5666 Caneri
3261 5628 3380 5664 vero

1817 5707 1951 5749 mss.
1984 5689 2185 5745 habent
2213 5709 2233 5743 ι
2271 5695 2328 5741 ιιι
2357 5704 2377 5737 ι
2404 5701 2504 5754 pro
2533 5703 2552 5737 ι
2593 5685 2755 5753 quod.
2798 5702 2817 5734 ι

3059 5841 3138 5900 38
