3692 6138
343 322 481 377 1195

1817 318 2137 376 ORIGENIS

3436 323 3556 380 I196

340 441 537 504 levius,
572 439 664 494 sed
694 436 973 492 excidendi
1013 435 1369 505 appellantur.
1402 433 1457 488 In
1486 449 1595 502 quo
1617 436 1907 489 vehemcn—
1935 438 1979 492 Α
2009 448 2131 495 suo.
2156 431 2409 503 possibile
2447 448 2549 487 non
2594 442 2716 488 erat
2743 449 2863 499 nos,
2893 434 2983 502 qui
3027 449 3247 488 eramus
3267 444 3470 504 gentes,
3494 439 3558 492 in-

338 532 446 588 tior
467 532 712 602 profecto
749 530 838 584 Dei
867 528 1131 584 severitas
1153 527 1443 589 indicatur,
1473 526 1518 580 si
1548 535 1902 596 posteaquam

338 621 606 691 qnis(95),
633 635 752 674 cum
777 627 923 675 esset
948 619 1201 686 oleaster,
1225 631 1280 675 et
1311 635 1374 674 ex
1399 625 1742 687 peccatorum
1770 616 1903 669 silva

336 713 617 778 collectus,
664 711 730 766 ad
759 709 1009 797 radicemk
1043 710 1164 764 ﬁdei
1199 725 1266 765 ac
1309 709 1612 765 sanctitatis
1642 709 1907 764 adductus

337 814 440 865 est,
470 818 659 858 rursus
694 817 910 858 amaros
947 802 1167 857 malitiae
1192 802 1434 873 proferat
1462 816 1674 857 succos.
1701 799 1808 856 Sed
1840 813 1908 853 ne

340 900 439 952 hoc
467 898 683 966 quidem
725 897 886 950 lateat
934 911 1033 949 nos
1084 895 1137 950 in
1195 895 1299 950 hoc
1328 894 1469 960 loco,
1505 895 1649 963 quod
1686 907 1793 948 non
1838 905 1906 945 eo

337 989 527 1043 ordine
570 987 862 1058 Apostolus
898 986 1076 1053 olivae,
1127 995 1182 1041 et
1229 986 1451 1041 oleastri
1497 984 1905 1040 similitudinem

336 1080 542 1149 posuit,
571 1079 722 1149 quod
754 1078 893 1148 apud
922 1077 1191 1146 agricolas
1217 1077 1470 1132 habetur.
1498 1077 1577 1131 Illi
1603 1076 1748 1131 enim
1791 1088 1905 1128 ma-

338 1177 420 1244 gis
439 1175 637 1229 olivam
667 1174 903 1229 oleastro
929 1175 1189 1240 inserere,
1221 1184 1278 1229 et
1296 1189 1402 1229 non
1431 1174 1588 1229 olivae
1609 1174 1904 1229 oleastrum

338 1266 518 1321 solent
554 1264 795 1319 :Paulus
824 1280 957 1317 vero
994 1264 1290 1333 apostolica
1347 1267 1669 1321 auctoritate
1716 1266 1907 1320 ordine

337 1367 668 1411 commutato
720 1371 808 1410 res
855 1356 1023 1426 magis
1063 1357 1262 1421 causis,
1298 1371 1460 1426 quam
1505 1372 1697 1411 causas
1745 1359 1908 1411 rebus

337 1450 542 1518 aptavit
562 1448 699 1517 (96).

411 1541 497 1594 1‘2.
531 1559 550 1591 ι
587 1540 722 1594 Nolo
767 1539 911 1594 cnim
948 1540 1061 1609 (97)
1092 1555 1188 1594 vos
1230 1539 1504 1610 ignorare,
1543 1544 1759 1601 fratres,
1791 1554 1908 1610 my-

340 1635 559 1688 sterium
594 1634 716 1696 hoc,
754 1642 815 1686 ut
843 1647 948 1686 non
990 1633 1108 1687 sitis
1142 1633 1283 1701 apud
1317 1633 1668 1701 vosmetipsos
1696 1632 1910 1701 sapien-

337 1734 416 1780 tes
454 1744 469 1780 :
504 1727 625 1795 quia
653 1726 869 1781 caecitas
903 1741 970 1777 ex
998 1734 1150 1793 parte
1171 1724 1399 1794 contigit
1436 1725 1488 1778 in
1522 1723 1705 1785 Israel,
1737 1725 1908 1778 donec

2015 528 2181 580 troire
2210 526 2262 580 in
2312 525 2680 580 btet-editatem
2716 525 2834 589 Dei,
2871 534 2927 579 et
2969 526 3023 578 in
3070 526 3270 596 sceptri
3318 525 3436 596 eius
3455 528 3557 595 jura

2013 622 2323 675 succedere.
2368 620 2574 675 Idcirco
2622 621 2785 689 igitur
2846 621 3050 688 patitur
3092 620 3235 676 Deus
3282 636 3350 676 ex
3388 635 3559 691 parte,

2014 715 2066 768 id
2116 724 2198 767 est
2242 729 2345 769 non
2394 714 2673 778 omnibus,
2705 714 2800 769 sed
2839 713 3109 783 aliquibus
3149 728 3216 768 ex
3261 713 3426 769 Israel
3464 715 3562 772 ﬁeri

2011 811 2329 870 caecitatem,
2362 809 2430 861 ab
2463 807 2569 861 illis
2613 806 2731 861 sine
2759 806 2925 860 dubio
2955 806 3165 876 angelis
3194 805 3417 861 obtentu
3443 809 3565 861 invi-

2011 897 2093 951 da:
2123 896 2477 952 :emnlationis
2509 897 2710 951 illatam
2742 895 2950 966 (3),qni
2995 905 3314 951 czcterarum
3344 897 3564 964 gentium

2012 989 2191 1044 sortiti
2226 990 2433 1044 fuerant
2476 988 2862 1057 principatum.
2893 985 3092 1041 Passus
3136 994 3222 1040 est
3250 1001 3386 1053 ergo
3420 985 3565 1050 Dens,

2014 1090 2212 1137 etcum
2249 1090 2430 1151 posset
2452 1079 2765 1150 prohibere,
2794 1079 2988 1140 noluit,
3013 1089 3072 1132 ut
3098 1066 3198 1148 pro
3236 1079 3326 1132 his
3351 1078 3442 1146 qui
3473 1092 3567 1132 ca!-

2012 1176 2174 1229 citate
2204 1175 2431 1243 decepti,
2455 1175 2506 1226 id
2536 1182 2621 1226 est
2645 1171 2826 1226 cordis
2861 1171 3147 1225 obtusione
3170 1169 3407 1239 prolapsi
3435 1179 3565 1231 sunt.

2014 1268 2251 1333 ipsorum
2279 1264 2370 1334 qui
2422 1265 2557 1318 istos
2587 1264 2913 1333 deceperant
2940 1263 3217 1330 portiones
3242 1276 3400 1315 suam
3442 1260 3567 1315 Dens

2015 1356 2219 1409 faceret
2266 1355 2600 1424 portionem,
2629 1363 2690 1407 ut
2732 1351 3132 1422 quodammodo
3159 1350 3211 1403 in
3248 1363 3317 1403 eo
3345 1348 3421 1417 (4)
3466 1350 3569 1418 ipso

2013 1461 2121 1516 quo
2138 1452 2411 1515 ceperant.
2433 1453 2780 1514 caperentur.
2803 1443 3130 1497 Avertentes
3146 1441 3293 1495 enim
3319 1441 3391 1495 ad
3412 1455 3569 1511 seper

2014 1537 2216 1603 peccati
2252 1534 2326 1608 (.5)
2364 1535 2646 1589 illecebras
2699 1533 2794 1587 Dei
2847 1532 3078 1601 plebem,
3116 1532 3299 1586 locum
3339 1531 3570 1587 fecenxnt

2014 1626 2266 1697 gentibus
2293 1625 2626 1694 ingrediendi
2662 1625 2714 1677 in
2756 1624 3125 1678 hereditatem
3158 1622 3276 1687 Dei,
3310 1621 3423 1676 Deo
3459 1637 3567 1676 cum

2016 1718 2148 1787 ipsis
2174 1716 2447 1771 communi
2473 1716 2708 1787 quodam
2741 1725 2797 1769 et
2835 1714 3146 1784 aequissimo
3187 1713 3316 1782 jure
3349 1714 3568 1768 habente

336 1818 609 1888 plenitudo
637 1817 875 1887 gentium
911 1817 1249 1870 subintraret
1279 1833 1294 1869 :
1326 1826 1382 1869 et
1419 1815 1496 1869 sic
1533 1816 1710 1869 omnis
1740 1813 1903 1868 Israel
1938 1803 1979 1857 Β
2004 1810 2286 1877 judicium,
2314 1819 2373 1862 ut
2408 1809 2580 1863 donec
2615 1807 2689 1861 illi
2737 1806 2948 1878 plebem
2984 1807 3078 1862 Dei
3116 1807 3170 1861 in
3211 1806 3477 1862 ctecitatis
3500 1805 3565 1875 (ti)

335 1910 514 1964 salvus
560 1910 735 1972 ﬁeret,
782 1908 923 1962 sicut
969 1908 1231 1977 scriptum
1268 1917 1395 1961 est:
1441 1905 1637 1960 Veniet
1662 1921 1729 1960 ex
1776 1906 1907 1961 Sion

2010 1903 2320 1972 captivitate
2344 1903 2671 1967 detinerent,
2708 1902 2864 1970 quasi
2889 1902 2956 1957 ad
2984 1903 3157 1958 vicem
3189 1916 3405 1967 eorum,
3442 1914 3566 1969 quos

334 2001 426 2068 qui
471 1999 666 2055 liberet
701 2009 755 2053 et
793 2009 1003 2052 avertat
1052 1997 1359 2066 impietates
1393 1998 1460 2053 ab
1495 1999 1698 2054 Iacob:
1729 2000 1911 2054 ethoc
2008 1998 2079 2050 ab
2104 1997 2260 2050 initio
2290 2010 2353 2050 ex
2401 1996 2646 2065 portione
2688 1995 2777 2049 Dei
2802 2006 2857 2049 et
2884 2007 3166 2064 segregata
3204 1994 3330 2064 ejus
3356 1992 3567 2048 heredi-

335 2087 443 2143 illis
473 2104 501 2141 a
539 2104 622 2142 me
654 2097 1057 2149 testamentum,
1085 2102 1206 2141 cum
1256 2088 1532 2144 abstulero
1560 2098 1778 2156 peccata
1822 2104 1909 2145 eo-

334 2195 456 2235 rum
484 2181 552 2232 ".
587 2199 606 2231 ι
634 2180 823 2235 Adhuc
848 2181 912 2234 ad
937 2195 1033 2234 eos
1055 2181 1146 2248 qui
1174 2194 1240 2234 ex
1264 2180 1512 2250 gentibus
1542 2182 1905 2248 crediderant,

335 2271 488 2340 quasi
537 2271 710 2325 elatos
753 2280 809 2326 et
858 2273 1232 2340 superbientes
1264 2273 1551 2327 adversum
1599 2288 1780 2328 ramos
1814 2275 1907 2342 qni

336 2360 489 2415 fracti
544 2370 709 2425 sunt,
747 2374 803 2415 et
852 2371 1105 2432 putantes
1139 2364 1284 2432 quod
1336 2365 1438 2418 hoc
1473 2379 1578 2418 non
1630 2365 1719 2419 Dei
1754 2365 1908 2421 boni-

335 2461 446 2507 tate
473 2453 582 2523 (98)
617 2462 671 2507 et
713 2452 967 2508 ineffabili
1001 2455 1406 2523 dispensatione
1445 2456 1722 2524 sapientiae
1763 2457 1903 2526 eius,

333 2544 427 2597 sed
454 2543 565 2597 suis
585 2544 794 2598 meritis
817 2546 1093 2601 consecuti
1122 2554 1269 2609 sunt,
1284 2555 1341 2601 ut
1370 2546 1474 2602 illis
1497 2547 1752 2602 defractis
1769 2593 1783 2614 ,
1802 2550 1904 2619 ipsi

333 2650 456 2689 cum
483 2646 666 2690 essent
695 2636 939 2701 oleastri,
969 2638 1345 2692 insererentur
1376 2640 1428 2693 in
1460 2639 1656 2694 bonam
1680 2641 1902 2706 olivam,

332 2728 461 2783 dicit
494 2745 509 2784 :
538 2748 558 2780 ι
592 2728 730 2783 Nolo
758 2745 853 2784 vos
876 2731 1149 2801 ignorare,
1184 2732 1402 2798 fratres,
1430 2733 1749 2803 mysterium
1778 2733 1899 2799 hoc,

332 2829 394 2875 ut
416 2836 521 2874 non
552 2822 671 2875 sitis
699 2823 838 2889 apud
862 2826 1220 2892 vosmetipsos
1259 2825 1561 2892 sapientes;
1597 2844 1616 2878 ι
1650 2826 1776 2895 quia
1819 2826 1903 2880 in-

332 2911 536 2966 sultare
586 2912 776 2979 lapsis.
807 2923 862 2967 et
894 2914 1111 2982 gloriari
1155 2915 1414 2969 adversus
1452 2931 1633 2971 ramos
1666 2916 1757 2987 qui
1792 2915 1900 2970 fra-

333 3003 403 3056 cti
439 3010 582 3065 sunt,
605 3018 717 3055 non
765 3005 823 3055 ﬁt
870 3018 968 3072 per
1019 3004 1108 3057 Dei
1155 3005 1497 3073 sapientiam,
1540 3006 1631 3060 sed
1664 3021 1759 3074 per
1793 3007 1897 3060 hu-

331 3112 551 3150 manam
597 3096 885 3151 nota-bilem
927 3097 1063 3167 (99),
1103 3109 1158 3152 et
1193 3099 1529 3166 ignorantem
1582 3100 1894 3168 mysterium

330 3186 448 3241 Dei.
484 3188 584 3254 Qui
610 3189 752 3242 enim
795 3191 1090 3243 secundum
1145 3190 1312 3244 Deum
1344 3191 1508 3259 sapit.
1539 3191 1592 3244 in
1618 3191 1896 3248 beneﬁcus

328 3279 427 3333 Dei
482 3295 585 3333 non
633 3281 852 3334 insultat
886 3280 1133 3348 abiectis,
1170 3282 1262 3334 sed
1308 3298 1429 3334 cum
1475 3282 1668 3335 timore
1693 3284 1897 3351 gratias

329 3372 440 3440 agit
490 3371 874 3426 misericordiae
917 3370 1213 3440 largientis.
1250 3370 1346 3426 Est
1400 3388 1530 3442 ergo
1579 3374 1895 3442 mySIerium

328 3467 471 3535 quod
506 3467 855 3535 ignorabatur
880 3464 947 3518 ab
969 3466 1035 3520 iis
1053 3467 1143 3535 qui
1175 3466 1526 3529 insultabant,
1553 3466 1894 3535 hujusmodi;

328 3560 601 3629 quomodo
628 3560 681 3612 in
717 3559 1055 3627 dispersione
1092 3559 1322 3612 ﬁliorum
1351 3559 1519 3613 Adam
1545 3562 1754 3614 caeteris
1780 3562 1900 3629 qui-

327 3650 533 3720 busque
549 3652 795 3721 gentibus
814 3652 1107 3707 secundum
1138 3651 1450 3719 angelorum
1481 3668 1763 3706 numerum
1788 3656 1899 3706 dis-

326 3744 578 3808 tributis,
632 3746 852 3823 proprja
905 3746 1148 3814 quaedam
1198 3761 1325 3813 pars
1375 3745 1464 3798 Dei
1501 3745 1595 3818 (I)
1638 3745 1776 3801 facta
1825 3747 1896 3799 sit

326 3833 490 3890 Israel
519 3839 584 3901 τ’,
613 3838 751 3891 sicut
770 3845 825 3889 et
850 3839 902 3890 in
943 3838 1063 3891 aliis
1085 3838 1174 3891 tibi
1211 3839 1472 3905 Oportuit,
1493 3849 1549 3891 et
1578 3838 1630 3891 in
1658 3838 1740 3891 bis
1762 3838 1892 3907 ipsis

325 3927 487 3995 paulo
515 3930 759 3997 superius
793 3929 1232 3989 memoravimus,
1254 3931 1318 3981 ad
1352 3945 1487 3998 quos
1523 3940 1578 3982 et
1600 3934 1892 4000 repromis-

325 4020 509 4073 siones
552 4020 838 4082 bonorum,
876 4031 932 4075 et
982 4031 1330 4088 testamenta,
1361 4032 1415 4076 et
1461 4024 1727 4094 legislatio
1749 4026 1890 4081 facta

325 4120 410 4166 est
435 4111 500 4165 ".
537 4111 784 4166 Mancine
814 4129 944 4183 ergo
974 4126 1126 4183 parte
1176 4116 1263 4168 illa
1300 4115 1375 4186 (2)
1404 4116 1614 4171 Domini
1659 4118 1712 4171 in
1748 4129 1890 4173 statu

2011 2097 2121 2143 tate
2156 2090 2538 2143 subtraxerant
2565 2129 2580 2149 ,
2611 2088 2847 2158 gentium
2899 2102 3158 2143 numerus
3210 2089 3565 2142 redderetur:

2009 2196 2132 2235 cum
2183 2195 2311 2234 vero
2362 2179 2643 2248 plenitudo
2692 2178 2928 2247 gentium
2989 2178 3181 2233 fuisset
3235 2178 3475 2246 expleta,
3519 2188 3569 2234 et

2006 2273 2348 2328 annulatione
2381 2272 2573 2326 salutis
2603 2286 2790 2326 eorum
2817 2272 3074 2340 coepisset
3113 2270 3284 2325 Israel
3309 2271 3569 2326 discutere

2006 2384 2033 2417 a
2063 2365 2356 2433 semetipso
2380 2364 2676 2418 caecitatem
2706 2363 2907 2425 cordis,
2927 2373 2981 2417 et
3010 2362 3236 2417 elevatis
3270 2362 3449 2417 oculis
3469 2363 3569 2416 suis

2003 2456 2278 2511 Christum
2309 2470 2499 2510 verum
2547 2455 2730 2508 lumen
2764 2455 3030 2522 aspicere,
3070 2456 3142 2509 ita
3172 2454 3476 2510 secundum
3499 2454 3566 2525 (7)

2004 2548 2367 2617 praecedentes
2412 2548 2727 2617 prophetias
2779 2547 3006 2601 salutem
3053 2562 3213 2616 quam
3275 2550 3570 2603 obcaacatus

2003 2643 2259 2694 amiserat
2303 2638 2487 2707 Israel,
2521 2649 2792 2708 quaereret
2842 2640 3146 2710 instigatus,
3198 2640 3393 2695 dicens
3440 2639 3568 2709 apud

2001 2731 2352 2800 semetipsum
2376 2729 2506 2783 illud
2530 2730 2897 2798 propheticum
2912 2730 3001 2787 7‘:
3041 2749 3061 2782 ι
3103 2730 3373 2786 Revertar
3409 2732 3476 2784 ad
3504 2729 3572 2783 vi-

2000 2838 2119 2875 rmn
2152 2836 2331 2875 meum
2360 2821 2613 2889 priorem,
2634 2821 2888 2889 quoniam
2912 2821 3101 2876 melius
3123 2821 3251 2876 mihi
3272 2833 3397 2877 erat
3429 2831 3565 2885 ante,

1998 2929 2159 2986 quam
2189 2914 2363 2969 modo.
2397 2933 2416 2965 ι
2444 2912 2594 2980 Quod
2636 2922 2815 2966 autem
2861 2914 2975 2968 haec
3021 2913 3124 2968 illis
3156 2914 3425 2982 promissa
3468 2914 3567 2967 sint

2000 3023 2095 3075 per
2126 3009 2412 3079 prophetas
2433 3048 2448 3071 ,
2496 3007 2549 3060 in
2608 3006 2790 3060 multis
2823 3006 3039 3076 quidem
3077 3007 3412 3074 propheticis
3433 3006 3569 3060 volu-

1999 3100 2234 3154 minibus
2296 3102 2566 3153 invenitur
2596 3115 2611 3153 :
2642 3112 2904 3175 ponemus
2943 3107 3121 3151 tatnen
3153 3101 3298 3165 quod
3346 3096 3567 3152 sufﬁciat

2003 3200 2069 3251 ad
2108 3209 2365 3266 praesens,
2424 3209 2589 3246 unum
2642 3192 2709 3246 de
2750 3189 2983 3245 Jeremia
3029 3188 3567 3260 testimoniume

2004 3289 2073 3343 ita
2106 3288 2390 3343 continens
2422 3308 2436 3343 :
2467 3305 2486 3338 ι
2511 3285 2567 3340 Si
2592 3285 2864 3338 exaltetur
2890 3283 3084 3339 ccelum
3116 3282 3169 3336 in
3209 3283 3567 3342 excelsutn,et

2003 3391 2144 3438 terra
2183 3380 2496 3436 humilietur
2519 3378 2792 3443 deorsum,
2821 3391 2921 3446 ego
2954 3390 3058 3430 non
3086 3377 3388 3445 reprobabo
3409 3388 3566 3446 genus

2002 3470 2167 3526 Israel
2203 3484 2302 3540 pro
2350 3471 2601 3523 oumibus
2630 3483 2749 3536 quae
2783 3471 3028 3523 fecerunt
3058 3466 3127 3522 ⁷⁵.
3167 3486 3186 3518 ι
3221 3464 3278 3520 Si
3313 3481 3448 3535 ergo
3476 3479 3566 3534 pro

2004 3579 2070 3618 co
2107 3572 2164 3616 ut
2187 3562 2439 3616 introiret
2470 3560 2706 3630 gentium
2753 3557 3052 3627 plenitudo,
3079 3560 3295 3614 caecitas
3323 3558 3461 3612 facta
3487 3567 3564 3611 est

2004 3658 2057 3711 in
2093 3654 2253 3710 Israel
2279 3670 2375 3724 pro
2406 3654 2654 3709 omnibus
2680 3669 2797 3722 quae
2833 3656 3091 3717 fecerunt,
3120 3653 3237 3706 sine
3263 3652 3425 3706 dubio
3447 3666 3561 3705 cum

2003 3752 2248 3820 ingressa
2292 3748 2454 3802 fuerit
2482 3749 2719 3817 gentium
2774 3746 3051 3814 plenitudo
3075 3787 3090 3810 ,
3123 3745 3340 3799 caecitas
3385 3757 3561 3798 cessa-

2002 3842 2081 3896 bit
2109 3841 2204 3912 (8).
2242 3839 2394 3907 Quod
2432 3840 2478 3893 si
2524 3841 2638 3902 vis,
2671 3839 2846 3906 inquit
2893 3836 3214 3904 Apostolus,
3247 3836 3389 3889 scire
3435 3849 3563 3904 quo-

2002 3933 2161 3986 modo
2191 3934 2352 3985 etiam
2385 3941 2504 4001 post
2534 3932 2828 3984 caecitatem
2861 3928 3149 3982 salvandus
3168 3929 3240 3982 sit
3266 3927 3451 3989 Israel,
3475 3942 3561 3978 au-

2001 4027 2055 4081 di
2093 4025 2360 4093 qnomodo
2392 4024 2651 4091 scriptum
2684 4031 2766 4075 cst
2794 4036 2809 4075 :
2846 4039 2864 4071 ι
2903 4018 3089 4072 Veniet
3122 4036 3188 4072 ex
3217 4019 3348 4073 Sion
3381 4019 3468 4088 qui
3504 4017 3561 4069 li-

2000 4121 2173 4183 beret,
2201 4129 2256 4173 et
2287 4127 2494 4172 avertat
2530 4115 2858 4184 impietatem
2888 4113 2953 4166 ab
2975 4111 3141 4166 Jacob
3176 4130 3191 4164 :
3221 4121 3276 4166 et
3318 4112 3421 4164 hoc
3462 4109 3558 4163 illis

396 4272 439 4302 τι
474 4271 627 4325 Rom.
664 4287 741 4336 XI,
772 4271 844 4325 25
870 4288 981 4340 seq.
1055 4276 1100 4306 τ’
1136 4273 1285 4327 Dent.
1312 4276 1555 4339 xxxtt,8.
1635 4278 1679 4309 ⁷⁸
1709 4277 1863 4332 Rom.
1886 4294 1960 4342 ιι,
1986 4277 2038 4332 4.
2114 4276 2161 4309 ⁷⁸
2177 4277 2313 4332 Osee
2338 4276 2470 4339 11,7.
2547 4254 3055 4331 "Jercm.ttxxt,37
3080 4286 3096 4334 ;
3120 4268 3435 4332 al.xxxvut,
3471 4275 3552 4328 57.

391 4410 505 4479 (95)
547 4410 620 4463 Ita
650 4410 934 4479 legendum
960 4413 1302 4467 videtur.Ms.
1331 4411 1527 4479 Regius
1551 4426 1700 4468 num.
1731 4409 1886 4471 1659,
1922 4427 1964 4479 ι)
1997 4410 2214 4479 ipsis....
2240 4419 2296 4463 et
2327 4409 2673 4479 repromissio
2708 4411 2989 4470 bonorum,
3023 4427 3042 4459 ι
3080 4418 3214 4471 etc.,
3234 4412 3329 4463 sed
3357 4424 3481 4464 mss.
3503 4422 3553 4461 et

329 4498 350 4550 ς
382 4482 426 4534 si
460 4492 643 4548 postea
675 4483 796 4547 quis
836 4498 1015 4550 quam.
1048 4501 1191 4545 cum,
1229 4503 1247 4533 ι
1284 4495 1390 4536 e:c.
1425 4480 1616 4533 Caneri
1671 4496 1797 4535 mss.
1835 4494 1889 4535 et

324 4549 578 4603 Rabanus
610 4549 866 4605 omittunt
895 4572 915 4601 ς
951 4553 1090 4621 quis.
1134 4573 1153 4604 ι

395 4620 519 4693 (96)
542 4621 631 4693 Sic
668 4637 794 4673 mss.
832 4622 941 4674 l'ere
970 4620 1195 4693 omnes,
1229 4621 1483 4693 Rabanus
1526 4631 1579 4674 et
1609 4621 1759 4675 editi.
1787 4620 1885 4693 Ms.

323 4691 454 4743 vero
492 4691 688 4759 Regius
727 4709 872 4746 num.
914 4692 1068 4753 1656,
1111 4712 1129 4742 ι
1173 4691 1367 4745 Paulus
1417 4705 1544 4743 vero
1589 4691 1887 4756 apostolica

322 4763 650 4814 auctoritate
696 4762 964 4825 Spirituali
1000 4764 1202 4816 hnic‘et
1235 4777 1384 4815 novae
1413 4760 1757 4829 agriculturae
1788 4777 1887 4814 no-

322 4845 448 4885 vum
477 4846 541 4883 ac
566 4830 898 4897 spiritualem
930 4832 1134 4884 colendi
1163 4833 1404 4885 ordinem
1432 4832 1628 4897 posuit.
1663 4850 1682 4882 ι

394 4900 507 4972 (97)
549 4899 754 4972 Ettint._
788 4901 1135 4953 Desideratur
1166 4904 1219 4955 in
1266 4908 1425 4953 antea
1474 4901 1653 4972 editis.
1687 4900 1888 4955 Deinde

321 4967 496 5025 iidem'
515 4971 642 5024 editi
672 4970 871 5022 habent
899 4987 918 5019 ι
949 4972 1176 5025 intraret
1206 4991 1225 5022 ι
1265 4986 1361 5040 pro
1413 4989 1432 5021 ι
1473 4971 1821 5035 subintraret,
1863 4989 1882 5021 ι

320 5049 379 5094 et
408 5058 429 5091 ι
459 5040 657 5105 eripiat
687 5057 704 5088 ι
739 5054 836 5105 pro
871 5059 888 5089 ι
928 5041 1139 5095 liberet.
1173 5061 1192 5092 ι

391 5110 504 5177 (98)
540 5109 703 5172 Editi,
736 5127 755 5160 ι
793 5110 884 5177 qui
938 5108 1092 5163 fracti
1129 5119 1293 5175 sunt,
1325 5120 1575 5179 putantes
1606 5110 1748 5180 quod
1781 5125 1885 5163 non

323 5179 415 5234 Dei
449 5180 708 5243 bonitate,
750 5198 767 5229 ι
799 5190 904 5232 etc.
1346 5242 1351 5249 ε

390 5248 500 5322 (99)
536 5249 696 5322 Editi,
727 5266 746 5298 ι
778 5248 1117 5322 culpabilem.
1151 5269 1170 5301 ι
1203 5248 1457 5304 Rabanus
1482 5258 1537 5304 et
1559 5266 1657 5303 ms.
1690 5249 1886 5317 Regius

321 5318 660 5382 nniu.'1659,
698 5338 715 5369 ι
753 5319 1040 5372 notabilem
1079 5338 1094 5382 ;
1130 5338 1149 5370 ι
1194 5333 1251 5373 et
1303 5334 1445 5374 recte
1473 5322 1685 5387 quidem
1713 5360 1727 5382 ,
1764 5336 1885 5372 nam

322 5409 342 5439 ε
386 5390 636 5441 notabilis
666 5406 684 5439 ι
718 5389 863 5457 apud
911 5389 1296 5453 Quintilianum
1342 5393 1479 5443 idem
1523 5401 1605 5441 est
1649 5406 1711 5444 ac
1746 5408 1764 5440 ι
1804 5406 1888 5442 re-

321 5458 715 5525 prehensibilis.
747 5478 767 5511 ι
804 5457 903 5513 Ms.
939 5459 1136 5525 Regius
1158 5461 1314 5525 alter,
1349 5461 1687 5515 unutabilem
1712 5480 1726 5527 ;
1755 5478 1772 5510 ι
1811 5460 1888 5514 al-

322 5539 404 5581 ter
437 5546 457 5579 ι
498 5528 813 5585 nutabilem.
863 5548 883 5580 ι

387 5600 460 5674 (I)
483 5620 501 5652 ι
526 5602 618 5674 Dei
644 5620 661 5650 ι
680 5599 1020 5674 omittiturin
1042 5598 1311 5674 plerisque
1333 5613 1463 5674 IIlSS.
1483 5608 1537 5652 et
1558 5599 1699 5666 apud
1722 5599 1889 5674 Raba-

311 5667 479 5733 nuin';
502 5671 594 5725 sed
616 5679 790 5724 exstat
807 5671 861 5721 in
886 5668 1064 5731 editis,
1082 5677 1137 5723 et
1160 5668 1212 5720 in
1236 5685 1336 5721 ms.
1360 5667 1528 5738 Regio
1548 5684 1700 5733 num.
1728 5670 1881 5724 I650.

313 5742 519 5798 Deinde
546 5741 695 5806 editi,
735 5760 752 5791 ι
797 5740 937 5796 sicut
963 5739 1020 5795 in
1047 5738 1199 5810 aliis,
1228 5749 1284 5795 et
1311 5739 1452 5796 sicut
1477 5748 1690 5810 oportet
1716 5740 1773 5795 in
1804 5740 1887 5795 his

1998 4481 2249 4534 [tabanus
2280 4488 2339 4532 ut
2395 4483 2446 4531 in
2502 4490 2670 4539 textu,
2720 4481 2822 4533 nisi
2877 4480 3017 4547 quod
3051 4481 3275 4547 quidam
3314 4490 3551 4535 ontttlant

1996 4570 2013 4601 ι
2051 4560 2099 4603 et
2137 4570 2154 4600 ι
2193 4559 2317 4603 ante
2357 4569 2375 4600 ι
2416 4549 2467 4602 ἰιι
2503 4551 2586 4603 his
2613 4550 2760 4618 ipsis.
2801 4569 2821 4601 ι

2063 4620 2137 4685 (2)
2179 4619 2303 4674 Illa.
2336 4619 2620 4674 Omittitur
2656 4623 2706 4673 in
2741 4619 2921 4673 editis.

2061 4693 2134 4757 (5)
2175 4692 2266 4743 Sic
2293 4706 2393 4743 ms.
2414 4690 2611 4755 Regius
2645 4705 2793 4742 num.
2827 4687 2985 4743 I659.
3014 4686 3168 4741 Alter
3204 4704 3338 4742 vero
3364 4688 3547 4758 Regius

1991 4775 2138 4815 nunt.
2170 4760 2307 4813 1640
2333 4769 2385 4812 et
2411 4760 2590 4823 editi,t
2622 4760 2844 4813 obtentu
2881 4760 3094 4811 invidia:
3120 4770 3173 4813 et
3206 4762 3547 4815 aututlationis

1991 4830 2250 4882 illatam.»
2272 4830 2465 4883 Caneri
2496 4845 2623 4883 mss.
2657 4840 2713 4882 et
2738 4828 3051 4895 Rabanus,¢
3088 4831 3316 4883 obtentu
3347 4832 3546 4884 invidae

1989 4901 2351 4953 aamulationis
2383 4899 2611 4952 illatam.
2650 4919 2669 4951 ι

2059 4969 2136 5041 (4)
2181 4970 2342 5033 Editi,
2374 4988 2393 5020 ι
2431 4971 2731 5037 portionem
2787 4985 2940 5024 suam
2985 4971 3125 5024 Deus
3168 4968 3398 5035 faceret,
3426 4985 3545 5041 quo-

1990 5038 2278 5092 daniinodo
2311 5042 2361 5091 in
2394 5056 2482 5101 eo,
2516 5058 2535 5090 ι
2577 5051 2685 5094 etc.

2063 5111 2136 5178 (Β)
2182 5108 2373 5171 Editi,¢
2394 5110 2750 5164 Advertentes
2778 5111 2921 5164 enim
2953 5111 3020 5163 ad
3048 5124 3108 5164 se
3135 5109 3292 5180 (mss.
3313 5109 3538 5180 quidam,

1994 5198 2012 5229 ι
2050 5187 2366 5233 Averlentcs
2386 5182 2530 5232 enim
2563 5197 2591 5231 a
2622 5195 2682 5233 se
2727 5180 2774 5247 ο)
2807 5197 2901 5249 per
2930 5182 3159 5247 peccati,
3201 5197 3219 5230 ι
3249 5194 3359 5239 etc.

2059 5250 2133 5321 (6)
2178 5251 2335 5321 lﬁditi,
2367 5267 2386 5301 ι
2425 5262 2479 5302 ιιι
2511 5249 2673 5303 donet
2703 5251 2806 5304 illis
2837 5251 3001 5321 (al.,t
3028 5250 3106 5301 illi
3138 5250 3183 5320 ι)
3215 5252 3424 5318 plebem
3457 5249 3537 5304 Dei

1988 5319 2150 5388 quam
2169 5320 2512 5389 (Salodianus
2529 5322 2730 5373 omittit
2746 5339 2766 5371 ι
2786 5319 2946 5390 quam
2969 5319 3014 5390 ι)
3031 5324 3083 5373 in
3110 5330 3297 5375 ctectta
3308 5323 3426 5384 tis,»
3441 5335 3534 5375 etc.

2060 5390 2138 5459 (7)
2184 5391 2306 5444 διεδ.
2364 5390 2603 5458 plerique
2636 5401 2691 5443 et
2739 5391 2989 5444 Rabanus
3016 5430 3032 5454 ,
3072 5407 3092 5440 ι
3134 5390 3425 5458 ιιειιὶοθτθι,
3470 5392 3531 5442 ita

1989 5463 2308 5524 secundum,
2355 5479 2374 5511 ι
2428 5470 2533 5512 etc.
2581 5459 2688 5513 Sed
2746 5474 2845 5513 ms.
2886 5461 3081 5527 Regius
3134 5475 3282 5514 num.
3334 5461 3464 5515 I639
3486 5468 3533 5511 et

1989 5531 2137 5593 eniti,
2161 5539 2218 5583 ut
2242 5530 2291 5582 in
2317 5539 2500 5584 nostro
2525 5539 2691 5582 textu.
2717 5530 2919 5583 Deinde
2941 5533 3330 5600 mss.quidam,
3360 5548 3380 5581 ι
3407 5544 3531 5600 qua:-

1991 5616 2109 5653 rere
2136 5601 2421 5668 instigatus
2444 5601 2668 5664 diceret,
2696 5618 2715 5652 ι
2746 5611 2875 5664 etc.,
2902 5599 3058 5653 male.

2060 5670 2134 5739 (8)
2209 5668 2298 5722 Sic
2325 5686 2425 5724 IIIS.
2454 5669 2653 5736 Regius
2685 5668 3214 5728 numJGl59.Caetcri
3240 5685 3366 5728 vero
3389 5681 3529 5735 ωε..

1989 5739 2246 5797 Rabauus
2267 5751 2323 5796 et
2350 5741 2501 5810 editi,
2539 5757 2559 5792 ι
2592 5752 2790 5799 cessat.
2825 5759 2844 5794 ι
