3692 6138
184 328 321 384 “97

1110 334 1470 391 COMMENT.
1512 334 1579 389 IN
1618 332 1834 389 EPIST.
1871 333 1962 386 AD
1992 330 2161 388 ROM.
2192 332 2322 389 LIB.
2367 332 2504 389 VIII.

3299 332 3438 387 1198

188 465 219 504 a
243 464 329 504 me
360 457 768 516 testamentum,
800 467 922 508 cum
974 454 1248 510 abstulero
1279 467 1496 525 peccata
1526 471 1766 512 eorum.»
1799 459 1848 516 Α
1876 469 1979 522 qua
2007 468 2137 508 vero
2176 453 2372 519 tristia,
2416 455 2461 508 si
2510 451 2724 523 quidem
2764 467 2832 507 oe
2866 450 3030 507 Israel
3072 452 3342 519 dicuntur,
3371 455 3441 512 at!

184 539 474 598 Sciendum
504 555 640 596 sane
663 553 763 609 est,
779 543 919 611 quod
942 543 993 597 in
1011 545 1265 615 prepbeta
1287 548 1438 607 Isaia.
1458 551 1600 603 unde
1622 549 1771 604 testi-

181 634 418 688 monium
438 634 587 689 istud
617 632 811 690 Paulus
828 637 1071 702 assumil,
1095 653 1192 705 pro
1220 655 1285 695 eo
1305 641 1447 710 quod
1474 641 1769 711 dixitApo—

181 730 398 789 stolus,t
421 726 606 779 veniet
621 742 685 779 ex
703 725 852 789 Sion,
867 746 885 779 ι
907 728 1165 799 scriptum
1184 739 1290 794 est,
1316 749 1334 782 ς
1361 732 1770 803 venietpropter

182 815 307 871 Sion
323 833 370 881 ς»
386 825 442 870 et
457 818 604 887 quod
625 818 697 871 ait
717 818 851 883 hic,t
870 834 990 872 cum
1007 821 1277 876 abstulero
1292 832 1505 891 peccata
1522 840 1726 886 eorum,
1742 843 1761 876 ι

183 907 251 963 ibi
280 909 508 964 omnino
535 909 794 978 scriptum
826 927 930 965 non
960 921 1076 977 est,
1103 915 1195 968 sed
1224 929 1321 968 nec
1350 917 1486 985 apud
1516 915 1768 972 Hebraeos

180 998 392 1066 quidem
431 1010 448 1055 :
486 1000 731 1068 Apostoli
789 1009 966 1056 tamen
1018 1004 1338 1058 auctoritate
1381 1016 1764 1078 praesumptum

180 1097 278 1144 est.
300 1089 524 1144 Interim
549 1093 769 1147 veniens
792 1091 1046 1148 Dominus
1068 1110 1132 1149 ex
1154 1096 1283 1150 Sion
1309 1096 1518 1165 liberat,
1538 1109 1593 1153 et
1615 1115 1766 1154 aver-

184 1180 246 1234 tit
278 1181 594 1250 impietates
624 1184 692 1237 ah
741 1182 928 1242 Jacob.
977 1187 1188 1241 Avertit
1227 1200 1409 1244 autem
1444 1190 1522 1261 (9)
1574 1190 1767 1260 impie—-

185 1280 321 1328 tates
373 1273 443 1329 ab
492 1289 562 1331 eo
595 1276 892 1331 secundum
940 1279 1068 1332 illud
1107 1282 1250 1349 quod
1277 1284 1536 1351 scriptum
1561 1293 1645 1336 est
1668 1283 1758 1338 ἠε

184 1363 316 1429 Quia
352 1383 373 1416 ι
406 1366 584 1423 diluet
634 1369 888 1425 Dominus
929 1372 1120 1426 sordes
1172 1373 1403 1427 ﬁliorum
1436 1382 1487 1429 et
1530 1375 1759 1429 filiarum

187 1454 335 1517 Sion,
364 1464 419 1510 et
471 1459 790 1528 sanguinem
824 1461 1104 1515 mundahit
1129 1462 1237 1533 (l0)
1267 1463 1532 1519 de'mcdio
1563 1464 1678 1534 ejus
1706 1467 1759 1521 in

183 1551 371 1620 spiritu
392 1550 610 1621 judicii,
651 1561 706 1608 et
734 1555 925 1624 spiritu
963 1557 1191 1611 ustionis
1223 1556 1332 1628 (ll)
1367 1574 1382 1624 ;
1413 1577 1431 1609 ι
1465 1566 1519 1612 et
1559 1560 1663 1614 hoc
1686 1561 1760 1615 ita

185 1641 295 1698 lieri
324 1651 711 1699 testamentum
742 1647 822 1699 eis
840 1658 958 1701 erat
988 1663 1016 1701 a
1048 1648 1177 1715 Deo,
1212 1659 1269 1703 ut
1296 1650 1376 1705 sic
1403 1651 1470 1705 ab
1495 1651 1576 1706 eis
1597 1666 1757 1705 aver-

186 1741 428 1788 terentur
457 1735 768 1804 impietates
791 1777 806 1801 ,
837 1748 890 1792 et
935 1738 1280 1794 anferrentur
1334 1749 1575 1808 peccata.
1626 1741 1757 1807 Quis

1877 545 2007 599 illos
2027 544 2145 600 sine
2177 545 2339 599 dubio
2367 545 2605 613 reliquos
2629 544 2717 613 qui
2755 546 3012 599 exczecati
3041 555 3166 600 sunt
3191 545 3442 604 referun-

1878 647 1967 690 tur
1994 654 2009 692 :
2033 637 2077 691 si
2113 651 2239 691 vero
2264 636 2330 692 de
2362 636 2626 707 gentibus,
2647 636 2763 690 illos
2792 634 3035 705 profecto
3064 639 3156 705 qui
3184 648 3312 694 sunt
3337 656 3438 695 ex-

1876 740 1955 785 tra
1988 730 2377 800 plenitudinem
2410 730 2697 800 Stringunt.
2740 727 2931 783 Omnia
2961 737 3139 785 tamen
3170 731 3291 786 linis
3316 745 3442 800 per-

1873 831 2050 893 urget,
2096 833 2149 876 et
2191 835 2286 876 eos
2331 823 2544 891 quidem
2582 824 2672 893 qui
2722 821 2863 876 beati
2903 832 3049 886 sunt,
3085 823 3200 878 sive
3240 823 3317 877 illi
3368 838 3440 879 ex

1873 912 2066 979 Israel,
2102 912 2217 967 sive
2249 911 2413 966 etiam
2459 926 2522 965 ex
2577 912 2829 982 gentibus
2865 911 3117 976 veniant,
3156 912 3439 976 praesentis

1872 1005 2133 1073 temporis
2164 1004 2182 1061 ί
2191 1003 2276 1074 16)
2310 1002 2636 1071 evangelicae
2657 1003 2919 1058 doctrina
2956 1016 3136 1057 sermo
3166 1003 3436 1072 purilicat,

1871 1106 1926 1151 ut
1959 1096 2067 1151 sint
2096 1097 2230 1152 tales
2257 1099 2397 1153 sicut
2417 1106 2572 1150 erant
2614 1093 2689 1149 illi
2722 1094 2790 1149 ad
2823 1109 2959 1163 quos
2997 1094 3253 1150 Dominus
3287 1095 3438 1151 dice-

1868 1189 1963 1243 bat
1990 1188 2037 1220 ⁸⁸
2067 1205 2080 1239 :
2124 1208 2144 1240 ‹
2178 1190 2315 1244 Ecce
2336 1187 2447 1257 jam
2472 1202 2567 1242 vos
2607 1186 2794 1241 mundi
2827 1185 2961 1240 estis
2988 1197 3205 1256 propter
3230 1202 3441 1244 sermo-

1871 1295 1993 1334 nem
2024 1296 2182 1349 qnem
2210 1280 2420 1336 locutus
2449 1295 2566 1334 sum
2598 1280 2770 1335 vobis.
2804 1300 2824 1333 ι
2860 1280 2961 1348 Qui
3008 1294 3136 1333 vero
3162 1279 3309 1334 verbi
3344 1279 3440 1335 Dei

1867 1381 1920 1426 et
1965 1373 2227 1426 doctrime
2285 1371 2611 1441 evangelicae
2649 1371 3077 1439 puriﬁcationem
3121 1374 3389 1439 spreverit
3417 1410 3435 1436 ,

1869 1463 2114 1518 tristibus
2158 1473 2213 1517 et
2242 1464 2539 1531 pmnalibus
2585 1461 3048 1532 purificationibus
3082 1462 3435 1533 semetipsum

1863 1564 2128 1620 reservat,
2145 1563 2203 1608 ut
2218 1555 2357 1626 ignis
2367 1555 2622 1626 gehennae
2634 1554 2687 1610 in
2701 1555 3035 1611 cruciatibus
3048 1568 3256 1626 purget,
3272 1558 3434 1628 quem

1864 1660 1967 1702 nec
1988 1646 2280 1716 apostolica
2305 1646 2550 1702 doctrina
2582 1659 2682 1700 nec
2706 1645 3049 1715 evangelicus
3099 1661 3281 1702 sermo
3306 1663 3436 1717 pur-

1861 1737 2027 1807 gavit,
2050 1738 2342 1792 secundum
2378 1737 2507 1792 illud
2538 1739 2677 1808 quod
2704 1738 2958 1807 scriptum
2986 1748 3070 1793 est
3094 1739 3136 1771 ⁸¹
3157 1756 3173 1792 :
3192 1758 3213 1792 ί
3251 1739 3317 1794 Et
3339 1756 3439 1810 pu-

184 1834 364 1880 autem
415 1828 491 1882 sit
543 1829 649 1883 iste
696 1829 874 1884 omnis
905 1828 1066 1884 Israel
1100 1831 1190 1900 qui
1235 1832 1420 1886 salvus
1454 1834 1627 1896 fleret,
1675 1833 1758 1887 vel
1792 1816 1835 1872 Β
1864 1827 2089 1883 rillcabo
2115 1839 2169 1882 te
2200 1828 2308 1899 igni
2333 1829 2401 1882 ad
2425 1842 2641 1898 purum.
2682 1847 2701 1880 ι
2730 1826 2927 1882 Verum
2961 1828 3012 1883 in
3041 1829 3143 1884 hac
3165 1829 3281 1899 ipsa
3306 1845 3439 1899 pur-

182 1924 300 1980 qute
329 1912 438 1967 erit
470 1912 574 1966 ista
610 1913 888 1984 plenitudo
936 1916 1099 1971 etiam
1135 1922 1397 1988 gentium,
1433 1919 1578 1976 Dens
1608 1920 1758 1977 solus

184 2006 350 2073 novit,
379 2018 437 2062 et
465 2006 793 2078 Unigenitus
823 2026 977 2078 suus,
1003 2022 1058 2066 et
1096 2013 1140 2068 si
1166 2016 1258 2084 qui
1291 2015 1432 2072 forte
1456 2017 1614 2072 amici
1642 2018 1760 2089 ejus

184 2110 339 2168 sunt;
363 2103 431 2156 ad
464 2117 608 2172 quos
647 2104 857 2159 dicat"
889 2121 905 2159 :
951 2124 971 2156 ‹
1006 2105 1123 2160 Jam
1161 2122 1267 2162 non
1300 2109 1474 2165 dicam
1516 2125 1612 2166 vos
1644 2126 1761 2167 ser-

182 2207 295 2257 vos,
334 2196 431 2250 sed
477 2198 723 2264 amicos;
752 2198 879 2268 quia
931 2208 1054 2253 nota
1104 2201 1259 2255 vobis
1288 2201 1390 2256 feci
1432 2203 1611 2257 omnia
1638 2218 1759 2272 quae

185 2286 359 2341 audivi
409 2303 441 2342 a
490 2289 678 2347 Patre.
719 2309 738 2341 ›
780 2291 892 2345 Iloc
932 2301 1111 2346 tamen
1160 2301 1337 2360 potest
1378 2294 1542 2349 etiam
1571 2306 1757 2350 nostro

185 2380 359 2434 sensui
387 2396 718 2446 occurrere,
751 2383 893 2451 quod
933 2383 1077 2438 sicut
1115 2384 1277 2439 Israel
1301 2427 1317 2452 ,
1348 2386 1587 2454 quandiu
1630 2401 1755 2457 per-

184 2481 361 2527 sonet
385 2474 689 2528 secundum
718 2489 937 2529 carnem
967 2473 1222 2539 Israel,et
1244 2492 1349 2531 non
1376 2478 1538 2531 etiam
1569 2492 1759 2533 secun-

186 2562 307 2619 dum
334 2565 588 2634 spiritum
618 2565 792 2621 factus
814 2565 977 2622 fuerit
998 2568 1240 2624 Israelita
1271 2583 1434 2625 verus
1469 2578 1647 2626 mente
1672 2571 1754 2624 vi-

184 2649 315 2708 dens
339 2652 537 2718 Deum,
555 2656 825 2724 pertinere
851 2657 961 2729 (l2)
992 2673 1096 2713 non
1122 2668 1302 2728 potest
1322 2661 1390 2715 ad
1411 2660 1660 2726 salutem,
1678 2661 1751 2716 ita

185 2758 281 2798 nec
308 2756 501 2814 gentes
527 2743 742 2817 quidem
772 2764 963 2806 omnes
1007 2753 1230 2806 omnino
1281 2750 1479 2808 salvari
1508 2761 1754 2823 possunt,

188 2831 283 2886 nisi
310 2848 432 2901 quae
473 2836 619 2890 intra
661 2838 1050 2906 plenitudinem
1087 2838 1287 2895 fuerint
1319 2851 1568 2911 repertae,
1601 2858 1753 2912 quae-

188 2936 393 2997 cunque
417 2926 519 2981 illa
552 2937 633 2983 est
653 2943 774 2999 qua:
796 2929 867 2985 ab
898 2931 1160 3001 Apostolo
1204 2931 1482 3002 plenitudo
1509 2934 1622 3005 (15)
1654 2950 1754 2990 no-

189 3020 435 3074 minatur.
475 3021 552 3074 lta
581 3038 710 3094 ergo
742 3024 1059 3094 mysterium
1100 3022 1189 3077 Dei
1225 3023 1482 3078 inell‘abili
1514 3025 1750 3094 quadam

188 3109 458 3176 sapientia:
517 3111 633 3179 ejus
686 3113 1092 3181 dispensatione
1144 3122 1442 3179 tractatur,
1474 3124 1531 3169 ut
1583 3117 1746 3171 etiam

189 3213 303 3253 cum
332 3200 443 3256 'sibi
487 3205 667 3257 anima
703 3215 904 3259 sortem
952 3205 1213 3261 malorum
1258 3208 1370 3275 ipsa
1400 3208 1747 3276 consciverit,

187 3290 271 3346 ille
303 3295 392 3363 qui
431 3296 585 3350 novit
626 3296 877 3352 universa
909 3298 1213 3368 disponere,
1248 3298 1604 3366 abjectionem
1635 3300 1752 3371 ejus

189 3394 242 3438 et
273 3401 513 3455 poenam,
551 3387 780 3441 aliorum
817 3387 978 3443 faciat
1014 3389 1264 3445 salutem.
1296 3391 1401 3444 Sed
1433 3399 1489 3444 et
1520 3390 1649 3446 illud
1673 3392 1752 3445 vi.

190 3476 340 3533 detur
364 3480 499 3535 mihi
531 3480 583 3534 in
618 3481 718 3535 hoc.
744 3481 855 3554 (14)
884 3482 1001 3538 loco
1022 3483 1328 3553 diligentius
1352 3485 1714 3540 contuendum
1734 3527 1750 3552 ,

192 3571 323 3637 quod
362 3573 661 3626 caecitatem
703 3573 860 3626 istam
904 3590 1010 3627 non
1050 3575 1180 3628 dicit
1206 3573 1351 3628 omni
1379 3572 1547 3627 Israel
1578 3575 1757 3629 conti-

192 3660 345 3728 gisse,
377 3663 475 3717 sed
509 3681 528 3715 ι
567 3678 633 3717 ex
658 3673 832 3731 parte.
873 3663 1135 3733 Reliquiae
1170 3683 1190 3715 ι
1222 3666 1366 3719 enim
1406 3684 1424 3715 ‹
1459 3665 1751 3718 secundum

193 3749 508 3806 electionem
534 3753 720 3821 gratiae
749 3752 913 3807 salvae
943 3753 1097 3808 facta:
1139 3763 1265 3807 sunt
1291 3753 1357 3807 ⁷⁸.
1398 3772 1417 3805 ι
1452 3754 1526 3807 De
1559 3754 1754 3821 quibus

194 3842 425 3912 reliquiis
461 3854 519 3897 et
543 3845 706 3898 Isaias
734 3845 1151 3913 prophetaverat
1198 3843 1382 3898 dicens
1413 3858 1428 3894 :
1461 3862 1479 3894 ι
1510 3842 1622 3897 Nisi
1652 3843 1757 3896 Do-

194 3936 367 3991 minus
420 3937 662 3991 Sabaoth
716 3936 1021 4006 reliquisset
1070 3936 1225 3992 nobis
1271 3951 1455 3991 semen
1486 3937 1600 3990 ⁷⁹.›
1636 3935 1757 3991 Ista:

194 4045 314 4100 ergo
350 4031 591 4099 reliquia‘.
626 4032 679 4083 in
720 4030 1052 4085 beatitudine
1095 4029 1452 4085 conferuntur
1490 4044 1611 4083 cum
1641 4028 1755 4097 ple-

196 4122 431 4178 nitudine
464 4124 701 4192 gentium
728 4141 741 4175 :
781 4123 960 4178 caeteri
987 4137 1114 4176 vero
1137 4122 1227 4191 qui
1256 4121 1509 4175 cxcazcati
1538 4131 1664 4177 sunt
1689 4136 1755 4175 ex

194 4213 375 4282 Israel,
399 4215 760 4271 conferuntur
787 4215 873 4271 his
907 4216 1158 4288 gentibus
1187 4230 1305 4283 qua:
1333 4229 1436 4267 non
1466 4222 1756 4282 potuerunt

196 4305 255 4358 ad
286 4306 672 4374 plenitudinem
706 4307 1009 4376 pervenire.
1040 4304 1130 4360 Sic
1158 4318 1286 4373 ergo
1309 4302 1421 4376 (15)
1451 4317 1571 4372 quae
1608 4304 1758 4358 inve-

197 4396 407 4453 niuntur
452 4399 505 4453 in
542 4397 883 4453 sermonibus
927 4397 1311 4465 prophetarum
1351 4395 1417 4449 de
1462 4396 1758 4465 repromis-

1862 1920 2078 1989 gatione
2107 1933 2226 1988 quae
2261 1932 2360 1988 per
2401 1932 2618 1987 poenam
2668 1917 2809 1987 ignis
2855 1919 3179 1986 adhibetur,
3215 1919 3439 1987 quantis

1863 2008 2218 2078 temporibus,
2252 2009 2535 2077 quantisve
2581 2008 2795 2064 saeculis
2822 2008 2889 2063 de
2926 2012 3308 2079 peccatoribus
3339 2028 3440 2066 ex-

1861 2101 2041 2169 igatur
2068 2098 2182 2170 (l7)
2207 2101 2504 2165 cruciatus,
2532 2100 2679 2154 solus
2700 2101 2842 2156 scire
2869 2114 3047 2172 potest
3069 2103 3157 2157 ille
3181 2104 3266 2158 cui
3290 2121 3309 2154 ι
3334 2102 3437 2157 Pa-

1862 2198 1950 2247 ter
1983 2206 2146 2247 omne
2168 2191 2431 2260 judicium
2460 2192 2767 2259 tradidit”,
2811 2212 2830 2244 ι
2862 2195 2952 2263 qui
2983 2195 3054 2250 ita
3087 2195 3259 2267 diligit
3282 2211 3438 2253 crea-

1860 2293 2037 2338 turam
2066 2299 2243 2349 suam,
2273 2292 2332 2338 ut
2370 2298 2468 2353 pro
2495 2285 2606 2355 ipsa
2631 2286 2973 2341 evacuaverit
2993 2288 3338 2357 semetipsum
3370 2290 3437 2342 de

1862 2373 1955 2429 Dei
1992 2374 2189 2439 forma,
2228 2385 2284 2429 et
2321 2377 2464 2430 servi
2509 2376 2736 2431 formam
2780 2378 3101 2447 susceperit,
3142 2378 3437 2434 humilians

1857 2467 2207 2537 semetipsum
2260 2483 2430 2537 usque
2465 2468 2531 2522 ad
2578 2479 2802 2523 mortem
2831 2469 2878 2500 ⁸³
2900 2508 2917 2535 ,
2946 2469 3134 2524 volens
3184 2488 3206 2521 ι
3246 2472 3449 2527 omnes'

1855 2562 2103 2617 homines
2128 2562 2306 2617 salvos
2339 2561 2477 2626 lteri,
2507 2569 2562 2616 et
2595 2562 2647 2615 in
2696 2561 3025 2631 agnitionem
3062 2563 3307 2617 veritatis
3338 2578 3435 2618 ve-

1855 2654 1975 2710 nire
1996 2654 2065 2708 ⁸⁸.
2106 2673 2125 2707 ι
2149 2653 2534 2710 Verumtamen
2565 2655 2874 2710 meminisse
2915 2670 3129 2724 semper
3150 2654 3430 2727 debemus,

1856 2745 1997 2814 quod
2029 2755 2351 2815 praesentem
2386 2747 2562 2802 locum
2608 2748 2900 2817 Apostolus
2931 2749 3083 2818 quasi
3118 2751 3433 2821 mysterium

1854 2838 2045 2893 haberi
2069 2839 2232 2893 voluit
2255 2837 2388 2911 (l8),
2429 2855 2537 2910 quo
2565 2840 2774 2896 scilicet
2812 2841 3115 2909 bujnsmodi
3147 2857 3334 2898 sensus
3364 2844 3433 2897 li-

1854 2928 2002 2984 deles
2036 2932 2238 2998 quique
2263 2941 2317 2985 et
2346 2929 2570 2998 perfecti
2610 2931 2752 2985 intra
2798 2934 3119 3019 semetipsos
3147 2934 3432 3009 velutmy-

1852 3019 2077 3074 sterium
2109 3020 2199 3074 Dei
2233 3019 2449 3075 silentio
2479 3029 2700 3090 tegant,
2735 3036 2835 3077 nec
2874 3024 3072 3091 passim
3104 3024 3434 3091 imperfectis

1854 3119 1910 3165 et
1958 3112 2137 3166 minus
2182 3113 2473 3183 capacibus
2520 3113 2817 3182 proferant.
2866 3132 2885 3166 ι
2928 3115 3243 3187 Mysterium
3285 3119 3430 3174 enim

1858 3203 2022 3274 regis,
2051 3222 2070 3256 ι
2109 3204 2185 3258 ait
2213 3205 2494 3275 Scriptura
2521 3206 2592 3271 ⁸⁵,
2631 3226 2651 3258 ‹
2690 3207 2869 3262 celare
2896 3210 3095 3263 bonum
3129 3218 3233 3265 est.
3266 3229 3287 3263 ι

1923 3297 2011 3350 15.
2061 3314 2081 3348 t
2137 3296 2449 3352 Secundum
2522 3298 2872 3370 Evangelinm
2931 3299 3153 3369 quidem
3220 3298 3433 3359 inimici

1845 3391 2078 3454 propter
2100 3398 2197 3438 vos
2224 3399 2237 3435 :
2265 3385 2564 3439 secundum
2586 3385 2905 3440 electionem
2929 3398 3111 3441 autem
3130 3388 3436 3449 charissimi

1857 3482 2084 3546 propter
2129 3485 2333 3546 patres.
2385 3475 2514 3532 Sine
2566 3477 2886 3547 paenitentia
2938 3479 3084 3534 enim
3132 3492 3261 3536 sunt
3296 3481 3439 3537 dona

1845 3568 1915 3667 iet
1951 3570 2165 3625 vocatio
2201 3570 2318 3633 Dei,
2345 3569 2497 3626 Sicut
2532 3573 2679 3627 enim
2715 3588 2812 3628 vos
2847 3572 3138 3644 aliquando
3177 3591 3287 3631 non
3323 3591 3440 3631 cre-

1858 3659 2073 3716 didistis
2110 3661 2242 3723 Deo.
2262 3676 2411 3715 nunc
2449 3672 2629 3717 autem
2658 3662 2818 3734 64],
2852 3663 3274 3720 misericordiam
3305 3682 3438 3722 con-

1850 3740 2035 3808 ‘secuti
2076 3753 2209 3808 estis
2264 3763 2487 3824 propter
2539 3754 2780 3825 ipsorum
2834 3756 3265 3813 incredulitatem
3308 3776 3322 3812 :
3363 3759 3438 3815 ita

1861 3851 1917 3898 et
1954 3843 2044 3899 isti
2082 3860 2229 3899 nunc
2266 3845 2615 3900 crediderunt
2650 3846 2706 3899 in
2744 3847 2910 3903 vestri
2949 3848 3334 3914 misericordia,
3375 3864 3438 3906 ut

1858 3943 1915 3990 et
1978 3935 2080 4006 ipsi
2138 3937 2566 3993 misericordiam
2634 3950 3037 4011 consequantur
3095 3960 3109 3996 :
3170 3942 3437 3999 conclusit

1859 4026 2004 4080 enim
2036 4027 2179 4082 Deus
2214 4044 2405 4085 omnes
2444 4030 2497 4084 in
2538 4030 2933 4098 incredulitate,
2965 4040 3026 4088 ut
3060 4035 3313 4090 omnibus
3339 4037 3439 4091 mi-

1858 4128 2125 4174 sereatur.
2157 4119 2202 4176 Ο
2240 4121 2469 4177 altitudo
2504 4122 2814 4178 divitiarum
2855 4125 3133 4195 sapientiae
3169 4137 3224 4181 et
3261 4126 3427 4182 scien-

1859 4210 1949 4265 tia:
1987 4211 2083 4266 Dei
2125 4229 2138 4265 :
2178 4228 2341 4282 quam
2382 4214 2750 4270 inscrutabilia
2786 4226 2915 4272 sunt
2947 4217 3151 4288 judicia
3189 4218 3339 4288 ejus,
3381 4231 3437 4277 et

1861 4302 2263 4375 investigabiles
2309 4306 2410 4361 vite
2447 4308 2596 4376 eius!
2639 4306 2773 4374 Quis
2819 4310 2964 4364 enim
3018 4312 3268 4381 cognovit
3305 4328 3435 4368 sen-

1862 4408 1980 4448 sum
2018 4391 2264 4445 Domini?
2300 4390 2411 4444 Aut
2440 4392 2562 4460 quis
2608 4392 2685 4446 illi
2735 4391 3081 4448 consiliarius
3122 4392 3267 4448 fuit?
3322 4397 3430 4448 Aut

193 4487 429 4546 sionibus
482 4491 687 4556 scripta
741 4488 1130 4543 beatitudinem
1181 4487 1547 4552 continentia,
1590 4487 1637 4541 si
1688 4488 1755 4542 de
1786 4510 1831 4565 ι)
1861 4485 1984 4552 quis
2014 4484 2162 4553 prior
2201 4482 2350 4537 dedit
2374 4483 2446 4547 ei,
2481 4492 2537 4536 et
2580 4482 2914 4538 retribuetttr
2942 4484 3031 4538 ei?
3060 4483 3326 4550 Quoniam
3361 4501 3431 4541 ex

194 4575 368 4647 Israel,
404 4583 472 4638 ad
509 4581 766 4649 reliquias
805 4581 936 4635 istas
991 4595 1110 4649 quae
1166 4579 1349 4634 electa:
1388 4586 1535 4645 sunt,
1586 4578 1756 4648 perti-

195 4683 316 4727 nent
340 4691 354 4728 :
378 4675 425 4730 si
459 4675 526 4730 de
554 4675 824 4744 gentibus,
858 4673 923 4726 ad
960 4672 1345 4743 plenitudinem
1387 4678 1652 4740 spectant.
1696 4670 1753 4726 Si

291 4810 335 4842 ⁷⁶
365 4810 466 4863 Isa.
493 4824 568 4871 tv,
598 4808 650 4862 4.
749 4808 795 4839 ⁷⁷
824 4806 981 4861 Joan.
1016 4821 1102 4868 xv,
1136 4806 1217 4859 l5.
1313 4805 1357 4836 ⁷⁸
1387 4804 1542 4859 Rom.
1565 4806 1709 4868 x1,5.

1808 4806 1853 4839 7’
1883 4805 1982 4859 Isa.
2018 4823 2056 4865 ι,
2079 4803 2133 4858 9.

1865 4576 2004 4646 ipso,
2039 4583 2095 4628 et
2125 4588 2222 4643 per
2247 4573 2444 4643 ipsum,
2477 4581 2531 4629 et
2561 4572 2615 4627 in
2647 4573 2763 4641 ipso
2789 4583 2913 4627 sunt
2942 4574 3122 4628 omnia
3150 4576 3287 4644 :ipsi
3311 4576 3430 4647 glo-

1865 4671 1943 4723 ria
1963 4668 2018 4721 in
2050 4666 2244 4722 saecula
2271 4666 2613 4722 sazculorum.
2633 4664 2808 4720 Amen
2826 4665 2871 4697 ⁸⁸
2894 4665 3060 4737 (19).»
3086 4665 3285 4722 Eadem
3308 4684 3433 4737 per-

2245 4804 2291 4836 ⁸⁰
2311 4802 2470 4857 Joan.
2501 4817 2593 4866 xv,
2615 4800 2669 4854 3.
2781 4800 2825 4833 ⁸¹
2855 4801 2957 4856 Isa.
2994 4817 3041 4867 ι,
3067 4800 3157 4858 25.
3196 4803 3240 4835 "
3269 4799 3428 4859 Joau.

195 4891 245 4945 v,
271 4879 357 4933 22.
435 4879 482 4911 ⁸³
523 4879 716 4947 Philip.
761 4894 822 4945 ιι,
852 4879 904 4935 7.
977 4877 1067 4930 “l
1108 4876 1246 4930 Tim.
1276 4890 1347 4941 ιι,
1370 4875 1427 4929 4.
1502 4874 1547 4906 ⁸³
1580 4875 1834 4940 Tob.xtt,

1917 4915 1922 4929 .
1998 4876 2043 4907 ⁸⁵
2071 4875 2227 4928 Rom.
2260 4889 2337 4937 XI,
2367 4872 2436 4926 28
2467 4888 2582 4941 seq.

262 4994 335 5065 (9)
373 4994 539 5058 Editi,
574 5012 592 5045 ι
645 4995 858 5057 liberet,
881 5003 938 5047 ct
975 5001 1186 5047 avertat
1226 4990 1530 5060 impietates
1561 4991 1628 5045 ab
1660 4988 1753 5044 Ja-

196 5065 311 5118 cob.
340 5065 544 5118 Avertit
567 5074 767 5126 autem,
806 5083 823 5116 ι
858 5073 964 5117 etc.

264 5133 371 5205 (10)
402 5134 493 5187 Sic
518 5149 617 5187 tns.
642 5132 844 5205 Regius
866 5148 1016 5205 num;
1046 5130 1203 5187 1659.
1222 5128 1414 5205 Caneri
1438 5145 1567 5186 vero
1594 5145 1751 5197 mss.,

199 5200 448 5257 Rabanus
481 5211 536 5258 et
567 5200 764 5265 editi,t
801 5200 1404 5265 delevit....mundavit.
1443 5219 1463 5253 ο

265 5270 377 5343 (ll)
413 5272 581 5338 Editi,
614 5290 634 5323 ι
669 5264 725 5326 et
750 5273 941 5340 spiritu
966 5264 1211 5327 'ultion'ts.
1240 5289 1259 5322 ι

259 5342 365 5416 (l2_)
398 5343 559 5416 Editi,
603 5362 622 5395 ι
659 5346 989 5414 pertingere,
1027 5363 1045 5394 ι
1076 5354 1131 5398 et
1169 5347 1241 5400 ita
1275 5344 1562 5416 legendum
1602 5345 1754 5401 vide-

197 5416 304 5476 tnr;
331 5412 585 5469 [tabanus
626 5412 758 5469 vero
804 5412 865 5469 et
894 5429 1024 5469 mss.
1064 5417 1236 5471 nostri
1281 5412 1501 5482 omnes,
1539 5434 1558 5467 ‹
1590 5416 1757 5487 perti-

197 5493 338 5536 nere.
372 5502 390 5534 ι

264 5553 369 5619 (15)
405 5553 705 5609 Plenitudo.
744 5555 906 5609 Deest
931 5555 984 5609 in
1015 5565 1171 5610 antea
1204 5556 1383 5612 editis.

262 5622 368 5697 (14)
412 5644 430 5677 ‹
486 5624 603 5679 Hoc
655 5643 676 5676 ι
723 5625 879 5680 deest
916 5626 969 5679 in
1018 5626 1214 5697 editis,
1256 5637 1312 5686 et
1348 5626 1653 5686 restituitur
1687 5645 1756 5687 ex

194 5685 393 5749 duObtis
428 5710 558 5749 mss.
1199 5685 1213 5697 ’
1272 5685 1275 5686 ν
1574 5685 1577 5686 ν
1636 5685 1641 5686 ί
1690 5738 1691 5741 η

263 5761 368 5836 (15)
398 5764 563 5835 Editi,
596 5785 616 5821 ι
648 5764 706 5823 Si
738 5780 888 5839 ergo.
923 5785 943 5818 ›

1932 4990 2040 5061 (l6)
2076 4989 2240 5061 Editi,
2270 5005 2289 5038 ι
2324 4986 2438 5040 sive
2471 4994 2524 5061 et
2549 4983 2894 5061 ex_gentibus
2916 4983 3167 5061 veniant,
3189 4995 3429 5051 prasen-

1863 5051 2248 5128 tis‘te'mporis,
2298 5075 2316 5108 a
2349 5054 2578 5110 etc.Ms.
2612 5051 2812 5124 Regius
2849 5070 2997 5108 num.
3035 5051 3192 5117 1659,
3229 5071 3248 5103 ‹
3285 5066 3431 5122 prae-

1859 5132 1997 5186 senti
2036 5141 2300 5198 tempore.
2340 5146 2361 5198 ῃ

1932 5201 2045 5266 (17)
2081 5188 2163 5252 Ita
2191 5212 2290 5251 ms.
2337 5195 2538 5271 Regius
2585 5210 2734 5271 num.
2769 5193 2974 5271 16¹59ρ1
3000 5192 3272 5271 ltabauus.
3309 5188 3427 5271 ρετ

1860 5261 1959 5324 teri
1984 5261 2113 5323 vero
2148 5283 2274 5321 mss.
2307 5261 2530 5340 ere—diti
2554 5304 2570 5328 ,
2610 5284 2643 5340 t_
2667 5266 2733 5318 Et
2781 5263 3073 5340 puriticabo
3125 5270 3176 5340 te
3211 5261 3321 5328 igni
3360 5261 3425 5340 ad

1860 5340 2340 5410 purilicationem.‘
2371 5335 2567 5390 Verum
2631 5336 2745 5410 hate.
2783 5332 2912 5402 ipsa
2961 5332 3428 5410 purgatio..._'._de

1861 5399 2232 5478 peccatoribus
2258 5407 2457 5478 exigat,
2485 5424 2503 5457 ι
2540 5412 2645 5458 etc.
2678 5403 2803 5478 Ilzec
2825 5399 2988 5456 caute
3011 5399 3253 5478 legenda.
3287 5399 3427 5455 Vide

1864 5471 2231 5546 Drigenianor.
2268 5476 2360 5530 lib.
2396 5492 2456 5539 ll,
2488 5475 2793 5546 quarst.gtl,
2838 5486 2987 5525 num.
3020 5471 3106 5524 l6.

1932 5544 2044 5617 (18)
2089 5547 2247 5617 Editi,
2284 5563 2302 5595 t
2334 5546 2533 5600 habere
2557 5544 2805 5617 voluit.)

1944 5611 2056 5689 (19)
2087 5616 2213 5689 Haec
2248 5618 2433 5689 verba,
2488 5613 2797 5689 _tc0nclu_s'tt
2836 5611 2988 5689 enim
3036 5611 3198 5676 Deus,
3220 5627 3261 5689 t_
3291 5616 3424 5689 ειη..

1874 5681 2047 5756 usque
2077 5688 2163 5748 ad,
2208 5685 2300 5737 «in
2341 5685 2533 5756 saecula
2577 5684 2917 5756 saeculorutit,
2962 5683 3156 5745 Amen,
3180 5699 3200 5735 ι
3230 5681 3427 5740 desunt

1873 5761 1928 5816 iu
1953 5750 2134 5828 editis,
2164 5767 2219 5814 et
2244 5754 2602 5812 restituuntur
2623 5768 2691 5810 ex
2716 5750 2972 5811 omnibus
3000 5767 3133 5810 mss.
