3692 6138
238 277 379 337 £199

1673 279 1993 336 OREGEMS

3346 284 3476 337 I200

182 464 185 467 ν
238 405 472 462 sequens
511 391 685 443 ad'mc
722 389 788 444 de
830 386 994 444 Israel
1023 397 1081 444 et
1124 389 1376 456 gentibus
1414 389 1726 459 Apostolus,
1753 400 1805 443 et
1835 398 1875 452 Α
1908 391 2266 461 dispensatio,
2294 392 2457 447 etiam
2510 391 2610 460 ipsi
2659 392 3092 449 misericordiam
3144 408 3476 464 consequen-

241 486 408 540 ramis
455 482 673 537 oleastri
708 480 796 550 qui
831 480 1163 537 insultabant
1196 483 1364 538 ramis
1417 483 1572 538 olivae
1624 483 1801 537 defra-

239 579 344 633 ctis
382 576 494 645 (‘20)
532 576 803 643 imputans
851 575 1014 628 etiam
1067 576 1181 629 haec
1223 575 1372 629 addit
1411 591 1426 629 :
1462 575 1596 642 Quia
1635 576 1800 631 Israel

238 669 535 724 secundum
579 667 925 735 Evangelium
964 667 1180 737 quidem
1226 667 1480 721 inimicus
1520 666 1694 722 factus
1718 677 1803 723 est

238 761 383 827 Deo,
431 761 554 829 quia
604 776 708 814 non
756 761 988 815 credidit
1019 759 1567 827 Christozquantmn
1622 769 1802 814 autem

240 863 450 924 speetat
486 854 554 906 ad
596 852 1067 906 honoriﬁcentiam
1107 859 1345 918 patrum,
1378 850 1584 905 electus
1614 861 1714 913 est,
1750 860 1807 905 et

238 946 591 1001 charissimns
623 944 852 999 habetur
882 943 1020 1013 apud
1062 943 1253 997 Deum.
1283 941 1462 996 Semel
1492 954 1675 996 autem
1709 947 1803 998 do-

238 1048 361 1093 nata
398 1037 665 1092 electione
701 1035 896 1090 semini
941 1042 1186 1103 patrum,
1234 1043 1288 1087 et
1335 1033 1626 1089 dilectione
1673 1049 1804 1088 con-

236 1145 414 1194 cessa,
448 1136 629 1182 servat
668 1126 787 1181 sine
835 1127 999 1179 dubio
1033 1126 1172 1179 Deus
1216 1126 1355 1180 dona
1382 1134 1435 1179 et
1466 1125 1801 1179 vocationem

236 1236 390 1277 suam
432 1236 557 1290 erga
595 1233 777 1274 semen
820 1234 1007 1273 eorum
1055 1232 1283 1286 quorum
1331 1217 1538 1271 meritis
1595 1217 1647 1270 id
1701 1216 1803 1268 ali-

236 1313 454 1380 quando
480 1311 706 1379 largitus
722 1318 840 1363 est:
869 1324 965 1361 nec
989 1308 1269 1374 pmnitudo
1287 1307 1515 1362 incurrit
1538 1307 1588 1360 in
1612 1306 1799 1367 Deum,

236 1403 448 1458 etiamsi
474 1402 651 1455 minus
676 1399 822 1470 digni
849 1399 1136 1453 videantur
1159 1399 1422 1453 exsistere
1441 1398 1491 1450 hi
1517 1413 1644 1466 erga
1669 1411 1803 1465 quos

236 1496 500 1566 promiSsa
542 1493 789 1561 patribus
835 1491 1098 1547 beneﬁcia
1166 1490 1535 1545 conferuntur.
1579 1490 1800 1555 Verum,

237 1599 297 1642 ut
330 1601 473 1656 saepe
499 1584 954 1647 eommonuimus,
985 1586 1148 1653 etiam
1199 1585 1248 1636 in
1284 1583 1535 1650 praesenti
1566 1584 1683 1636 loco
1713 1582 1802 1635 illa

234 1688 318 1734 est
344 1676 679 1732 observanda
728 1675 1032 1738 distinctio,
1071 1676 1213 1743 quod
1244 1673 1408 1727 Israel
1453 1674 1670 1742 quidem
1710 1673 1799 1741 qui

237 1771 492 1823 inimicus
524 1779 609 1821 est
639 1765 769 1834 Deo,
814 1766 904 1821 ille
949 1766 1164 1819 dicatur
1195 1769 1284 1835 qui
1320 1766 1521 1819 clamat
1543 1765 1609 1818 de
1641 1764 1800 1819 Chri-

235 1870 322 1914 sto
351 1878 363 1914 :
389 1876 407 1910 ι
432 1857 602 1925 Tolle,
634 1857 777 1922 tolle,
803 1856 1060 1933 cruciﬁge
1086 1872 1208 1910 eum
1225 1855 1292 1910 ⁸⁷.
1314 1874 1333 1906 ι
1360 1856 1634 1922 Quomodo
1657 1855 1802 1909 enim

238 1968 342 2005 non
391 1952 647 2007 dicantur
698 1950 900 2003 ininiici
954 1948 1044 2003 Dei
1100 1948 1234 2017 (‘21),
1267 1951 1359 2019 qui
1404 1951 1487 2003 vel
1543 1960 1689 2011 tunc,
1719 1948 1803 2002 vel

236 2043 398 2095 etiam
436 2056 579 2095 nunc
609 2040 852 2093 dixerint
887 2042 1006 2101 ista,
1028 2040 1127 2093 «νει
1166 2040 1379 2093 dicant?
1407 2040 1512 2093 Sed
1547 2038 1688 2106 quod
1715 2039 1802 2091 di:

236 2135 333 2199 cit,
363 2152 381 2185 ι
401 2146 616 2203 propter
651 2148 767 2196 vos,
793 2150 811 2182 ι
853 2111 954 2187 hoc
982 2143 1065 2186 est
1094 2132 1230 2200 (Ξὲ),
1255 2149 1483 2200 quorum
1509 2133 1665 2187 saluti
1693 2132 1804 2185 sci-

236 2226 364 2280 licet
383 2224 642 2288 invident,
679 2224 1029 2294 prohibentes
1059 2224 1334 2293 apostolos
1351 2225 1606 2293 gentibus
1634 2224 1798 2294 loqui,

236 2330 292 2374 et
318 2327 706 2387 persequentes
734 2331 828 2370 eos
862 2317 958 2384 qui
1007 2317 1335 2371 aununtiant
1367 2317 1665 2371 Cbrisrum.
1698 2318 1800 2371 Se—

236 2413 469 2466 cumlum
509 2411 763 2479 reliquias
794 2425 922 2464 vero
975 2426 1094 2479 qua:
1128 2412 1396 2465 salvaudie
1447 2410 1720 2475 dicuntur,
1749 2410 1800 2462 in

237 2501 434 2573 quibus
450 2501 643 2556 electio
660 2499 994 2554 credentium
1018 2510 1203 2555 secuta
1222 2511 1304 2554 εει
1322 2515 1387 2554 ex
1416 2500 1600 2566 Israel,
1629 2519 1649 2552 ι
1674 2501 1800 2554 cha-

238 2594 479 2649 rissimii
510 2603 638 2648 sunt
676 2604 934 2664 «propter
983 2605 1202 2663 patres:
1230 2610 1249 2642 ι
1302 2605 1535 2659 quorum
1595 2591 1802 2645 scilicet

238 2686 399 2741 tidem
441 2695 751 2756 sequentes,
787 2686 1014 2740 credunt
1061 2702 1079 2733 ι
1107 2684 1157 2735 in
1183 2698 1305 2736 enni
1369 2685 1459 2750 qui
1519 2684 1803 2736 suscitat-it

235 2778 512 2833 Christum
544 2779 656 2846 (25)
709 2776 891 2831 Jesum
932 2793 963 2831 a
1006 2776 1311 2832 mortuis”.
1342 2795 1360 2828 ι
1396 2778 1458 2830 Et
1502 2777 1799 2831 secundum

238 2873 340 2926 hoc
372 2888 501 2942 erga
550 2869 855 2937 liujusmodi
906 2884 1089 2923 semen
1127 2868 1628 2947 tsiuepceuiteutia
1673 2879 1801 2925 Sunt

237 2964 373 3017 dona
403 2974 457 3016 et
482 2963 690 3016 vocatio
718 2962 830 3015 Dei.
858 2978 876 3010 ι
913 2961 1039 3013 Post
1075 2964 1190 3014 haec
1221 2976 1348 3015 vero
1376 2962 1542 3015 etiam
1574 2961 1690 3032 (Ἃ)
1721 2961 1801 3014 la-

239 3064 413 3108 tentes
451 3063 505 3108 et
551 3052 937 3123 profundiores
972 3052 1369 3107 incredulitatis
1403 3068 1589 3108 eorum
1623 3055 1799 3122 aperit

235 3162 453 3211 caus:is,
486 3155 539 3198 et
573 3147 730 3201 dicit:
774 3145 908 3212 Quia
942 3146 1083 3200 sicut
1134 3162 1226 3200 vos
1276 3158 1471 3215 gentes
1524 3148 1794 3215 quondam

233 3255 344 3294 non
380 3237 686 3292 credebatis
709 3237 837 3303 Deo,
879 3252 979 3291 nec
1028 3247 1207 3291 tamen
1241 3238 1441 3291 ideirco
1465 3238 1680 3306 penitus
1710 3252 1794 3291 re-

236 3331 392 3400 liquit
422 3344 517 3384 vos
550 3330 714 3393 Deus,
745 3329 838 3383 sed
876 3329 1168 3397 aliquando
1196 3330 1263 3383 ad
1300 3329 1548 3384 ultimum
1578 3329 1796 3384 miseri-

236 3424 475 3479 cordiam
500 3423 775 3477 consecuti
802 3423 935 3476 estis
962 3438 976 3472 :
1002 3423 1219 3476 occasio
1247 3430 1425 3476 tamen
1453 3420 1796 3477 conferenda

236 3519 289 3571 in
316 3533 414 3572 vos
452 3516 858 3581 misericordiie,
890 3514 1074 3584 populi
1119 3514 1281 3569 Israel
1319 3514 1673 3569 incredulitas
1700 3530 1797 3569 ex-

240 3611 377 3663 stitit
403 3625 417 3662 :
443 3610 515 3662 ita
556 3608 719 3662 etiam
755 3608 805 3660 hi
858 3607 947 3677 qui
980 3621 1122 3661 nunc
1151 3609 1217 3661 de
1255 3606 1455 3676 popqu
1490 3607 1653 3662 Israel
1684 3623 1793 3662 non

240 3701 598 3764 crediderunt,
632 3711 687 3753 et
709 3715 806 3768 pro
833 3699 1213 3753 incredulitate
1240 3714 1335 3753 sua
1362 3698 1608 3753 derelieti
1643 3710 1793 3764 sunt,

240 3806 295 3848 ut
338 3796 404 3848 ad
445 3810 540 3848 vos
595 3794 684 3847 Dei
739 3793 1114 3848 misericordia
1159 3792 1467 3847 ﬂecteretur
1502 3793 1638 3865 (25),
1685 3808 1794 3848 non

240 3901 619 3956 usquequaque
645 3886 1012 3955 relinquentur
1037 3886 1090 3939 in
1126 3885 1500 3940 incredulitate
1536 3902 1670 3952 sua;
1701 3888 1797 3941 sed

240 3989 587 4048 posteaquam
655 3977 1007 4049 plenitudinis
1065 3979 1301 4047 gentium
1363 3977 1528 4032 fuerit
1578 3978 1796 4046 impleta

340 4121 383 4152 ⁸⁷
411 4119 567 4173 Joau.
609 4134 719 4184 xu,
757 4117 842 4172 15.

308 4234 421 4305 (20)
446 4233 665 4305 Editi,_t
692 4243 747 4284 et
783 4229 1346 4305 ramisejnsoleastri
1373 4230 1472 4305 qui
1502 4229 1798 4285 insultabat

238 4300 352 4375 (ah,
388 4300 813 4375 ritisultaburtta)
845 4301 1011 4354 ramis
1046 4301 1201 4354 olivae
1231 4300 1435 4354 fractis.
1460 4318 1480 4352 ι

305 4373 415 4445 (Ἡ)
450 4372 613 4445 Editi,
649 4391 665 4423 ι
692 4372 818 4445 Deo.
844 4390 862 4423 ι

306 4438 423 4512 (ἓξ)
451 4440 565 4495 Hoc
586 4450 683 4497 est.
716 4441 1037 4495 Itestnnitur
1055 4454 1121 4493 ex
1146 4454 1247 4512 ms.
1272 4438 1441 4509 Regio
1467 4440 1790 4497 numJ659.

238 4511 443 4567 Deinde
461 4514 611 4574 editi,
651 4532 668 4562 ι
697 4512 999 4565 invidentes
1024 4511 1310 4580 prohibent
1340 4512 1661 4579 ttpOSIOlOS,t
1684 4522 1788 4565 etc.

310 4584 425 4653 (25)
457 4580 742 4635 Christum.
776 4580 1059 4635 Omittitur
1099 4581 1152 4633 iit
1200 4580 1381 4646 editis,
1413 4583 1507 4634 sed
1541 4581 1785 4635 restitui-

241 4652 329 4705 tur
356 4668 419 4705 ex
460 4655 710 4704 omnibus
747 4666 876 4704 mss.
1607 4652 1611 4655 “

312 4723 424 4791 (24)
453 4720 651 4775 Etiam.
706 4720 861 4773 Deest
894 4721 945 4773 in
994 4719 1178 4791 editis.
1208 4718 1433 4791 “Deinde
1462 4735 1562 4774 ms.
1592 4718 1794 4791 Regius

240 4788 386 4846 num.
406 4788 575 4854 .4639,
616 4810 632 4841 I
659 4793 872 4843 latentis
903 4800 958 4844 et
986 4788 1373 4859 pml‘nndioris,
1397 4808 1415 4839 ι
1445 4799 1550 4843 etc.

310 4862 423 4932 (25)
447 4863 537 4915 Sic
564 4879 663 4915 ms.
692 4860 890 4930 Regius
916 4876 1062 4914 num.
1095 4860 1251 4932 17659,
1282 4858 1539 4932 Rabanus
1560 4871 1615 4913 et
1636 4860 1791 4914 editi.

239 4929 432 4986 Caeteri
467 4946 595 4986 vero
633 4929 794 4988 mss;
827 4950 845 4980 ι
872 4941 929 4982 ιιι
971 4945 1064 4982 vos
1112 4930 1204 4983 Dei
1256 4929 1630 4983 misericordia
1678 4947 1796 4983 ant-

239 5003 583 5071 plecteretur.
607 5020 625 5052 ι
659 5001 821 5053 Paulo
846 5009 964 5068 p0st
986 4997 1257 5061 Rabanns,
1292 5018 1309 5047 ι
1333 5001 1425 5052 sed
1448 5011 1808 5071 posteaquam

240 5070 513 5139 plenitudo
542 5073 780 5141 gentium
825 5071 1133 5122 intraverit.
1156 5087 1176 5119 ι
1206 5070 1311 5122 Sed
1363 5086 1549 5124 omnes
1581 5086 1711 5124 mss.
1741 5079 1796 5125 et

241 5144 366 5194 editi
392 5153 449 5195 ut
474 5142 527 5194 in
558 5150 726 5195 textu.

312 5211 422 5284 ('26)
451 5212 541 5266 Sic
564 5223 708 5284 recte
741 5225 842 5263 ms.
882 5209 1083 5284 Regius
1105 5223 1258 5284 num.
1297 5207 1456 5284 I65S}.
1477 5207 1616 5284 Editi
1642 5223 1794 5284 vero,

248 5300 266 5330 ι
287 5277 414 5348 quia
445 5280 877 5335 incredulitatem
912 5280 1123 5332 illorum
1152 5277 1376 5348 salutent
1404 5279 1553 5341 facit,
1580 5279 1753 5348 inquit
1777 5298 1791 5333 :

240 5346 515 5406 conclusit
557 5351 697 5404 enim
733 5350 872 5405 Deus
897 5350 1105 5411 omnia,
1129 5367 1159 5417 ιν
1183 5357 1289 5401 etc.
1319 5346 1446 5402 Mss.
1482 5350 1585 5402 duo
1617 5347 1794 5417 Regii,

248 5438 265 5468 ι
286 5422 409 5489 quia
441 5421 870 5475 incredulitatem
902 5419 1062 5473 Israel
1089 5416 1322 5489 aliorum
1360 5418 1583 5472 salutem
1611 5416 1792 5480 facit,»

239 5487 343 5543 etc.
402 5490 676 5554 Rabauns,
716 5491 887 5559 «quia
934 5504 1030 5558 per
1088 5487 1519 5542 incredulitatem
1569 5489 1796 5542 aliorum

239 5562 466 5614 salutem
493 5562 641 5627 facit,
664 5582 682 5612 ι
712 5572 845 5627 ete.,
876 5571 935 5616 ut
974 5560 1027 5611 in
1065 5564 1237 5610 textu.

309 5629 422 5701 (Ξῖ)
456 5632 521 5684 Et
564 5626 682 5701 ipsi.
710 5626 1339 5701 Omittuntur‘ineditis,
1367 5626 1462 5701 sed
1496 5627 1798 5698 restituun-

240 5696 328 5754 tur
350 5696 417 5756 es
445 5716 549 5758 ms.
585 5696 758 5771 Regio
804 5715 953 5756 num.
1003 5696 1164 5755 1659.
1198 5698 1393 5754 Galeri
1427 5711 1553 5753 vero
1581 5696 1713 5754 mss.
1745 5707 1799 5753 et

1892 491 2015 545 _tur.
2043 483 2096 536 In
2125 498 2231 552 quo
2259 483 2439 536 volens
2457 484 2743 552 Apostolus
2775 485 3067 539 bonitatem
3088 486 3187 539 Dei
3219 489 3478 541 ostende-

1911 589 2103 643 rc,qua
2124 575 2497 630 incredulitate
2519 576 2773 644 aliorum,
2800 577 3029 632 aliorum
3057 578 3293 632 salutem
3311 578 3476 636 facit:

1912 668 2250 735 «Conclusit,
2295 667 2485 735 inquit,
2536 668 2677 723 Deus
2719 683 2911 723 omnes
2933 668 3044 741 (26)
3072 669 3127 722 in
3174 669 3480 723 incrednti-

1906 772 2038 829 tate,
2067 771 2128 816 ut
2154 762 2407 816 omnibus
2432 763 2790 826 misereatur;
2825 779 2843 813 ι
2875 775 2980 815 non
3008 775 3114 829 quo
3146 763 3268 832 ipse
3292 763 3374 816 eis
3408 765 3485 816 in-

1900 855 2094 923 jecerit
2142 855 2535 909 incredulitatis
2574 853 2934 922 propositum,
2969 855 3065 909 sed
3111 869 3181 908 ex
3225 853 3478 923 ipsorum

1907 947 2301 1002 incredulitatis
2338 955 2616 1016 preposito
2655 947 2915 1001 credendi
2954 948 3161 1002 aditum
3216 947 3346 1001 aliis
3395 951 3483 1013 qui

1904 1051 1954 1092 ct
1988 1039 2087 1109 ipsi
2114 1037 2226 1110 (27)
2257 1039 2410 1107 prius
2433 1038 2699 1093 increduli
2724 1037 2961 1102 Inerant,
2995 1023 3274 1107 patefecit.
3304 1037 3364 1091 In
3403 1037 3484 1089 bis

1905 1139 2082 1182 autem
2111 1129 2322 1197 positus
2345 1128 2478 1183 locis
2500 1128 2720 1190 Paulus,
2752 1137 2806 1183 et
2835 1129 2999 1184 altius
3036 1129 3254 1184 intuens
3287 1129 3479 1198 hujus-

1907 1221 2046 1274 modi
2078 1235 2293 1286 causas,
2321 1222 2591 1294 quomoth
2613 1221 2751 1276 Deus
2777 1223 2975 1276 malum
3003 1222 3346 1290 propositum
3372 1236 3478 1275 non

1905 1313 2159 1366 continuo
2205 1322 2413 1367 resecet
2464 1322 2517 1367 et
2547 1313 2784 1377 excidat,
2815 1315 2907 1368 sed
2942 1316 3182 1383 patiatur
3211 1324 3270 1368 et
3310 1328 3480 1368 reser-

1903 1412 1992 1458 vet
2013 1405 2127 1473 (28)
2154 1423 2168 1459 :
2198 1405 2537 1474 prospiciens
2580 1408 2706 1475 quia
2750 1408 2952 1476 aliquid
2994 1409 3118 1462 boni
3154 1409 3206 1462 in
3242 1409 3372 1463 aliis
3391 1408 3478 1462 l'u-

1906 1504 2084 1547 turum
2119 1495 2189 1547 sit
2233 1510 2327 1562 per
2363 1494 2587 1549 alterius
2626 1497 2958 1563 propositum
2994 1498 3189 1552 malum
3219 1517 3234 1554 :
3266 1501 3338 1553 ab
3371 1500 3477 1560 his,

1904 1586 2120 1653 opinor,
2145 1586 2211 1637 de
2244 1585 2440 1654 quibus
2490 1586 2831 1655 loquebatur,
2864 1588 3049 1642 retulit
3071 1588 3260 1643 oculos
3293 1591 3476 1644 contis

1905 1676 1986 1729 sui
2025 1678 2089 1729 ad
2126 1676 2295 1744 ipsam
2333 1676 2851 1747 malitiazoriginem,
2888 1681 3029 1748 quod
3058 1696 3179 1734 eam
3217 1681 3363 1736 Deus
3408 1697 3474 1736 ex

1906 1765 2062 1819 initio
2097 1765 2212 1836 (29)
2249 1768 2299 1819 in
2341 1766 2426 1822 his
2454 1767 2657 1836 quibus
2700 1769 2893 1823 oborta
2925 1780 3027 1833 est,
3051 1772 3371 1841 quicunque
3400 1773 3473 1825 illi

1904 1869 2051 1922 sunt,
2085 1858 2457 1927 pullulantem,
2494 1868 2551 1911 et
2580 1859 2797 1915 arbitrii
2848 1862 3097 1918 libertate
3131 1874 3475 1918 crescentem

1905 1950 2034 2005 utile
2078 1966 2183 2004 non
2225 1951 2556 2020 judicaverit
2593 1968 2879 2021 resecare;
2906 1957 3002 2010 sed
3035 1957 3356 2023 permiserit
3385 1972 3480 2011 eos

1905 2044 1979 2109 uti
2006 2044 2280 2111 proposito
2308 2059 2427 2109 suo,
2454 2045 2633 2098 sciens
2651 2054 2706 2098 et
2737 2046 3075 2114 prospiciens
3096 2048 3238 2116 quod
3270 2049 3475 2101 multo-

1906 2149 2024 2188 rum
2052 2133 2167 2204 (30)
2207 2134 2484 2202 profectus
2527 2144 2581 2188 et
2624 2136 2835 2190 utilitas
2882 2151 2951 2191 ex
2992 2138 3215 2192 malitia
3258 2137 3477 2192 illorum

1902 2226 2188 2279 occasione
2216 2233 2527 2295 consurget,
2559 2237 2613 2281 et
2656 2228 2919 2282 intantum
2958 2233 3098 2299 apud
3124 2233 3330 2285 bonum
3360 2230 3478 2303 (51)

1905 2319 2075 2372 Deum
2111 2318 2296 2371 virtuti
2331 2317 2481 2373 locus
2511 2331 2617 2386 est,
2644 2331 2702 2372 nt
2739 2332 2796 2374 et
2831 2321 3051 2378 malitia:
3093 2339 3233 2393 opus
3266 2341 3472 2392 quani-

1903 2407 1984 2460 vis
2014 2407 2086 2459 illi
2120 2407 2424 2474 perniciosa
2469 2409 2539 2462 sit
2591 2410 2658 2462 de
2690 2424 2797 2477 quo
2846 2412 3109 2479 procedit,
3143 2415 3472 2470 beneﬁcium

1905 2513 2080 2556 tamen
2111 2511 2370 2569 praestare
2410 2503 2759 2571 dispensetur
2785 2505 2871 2558 cui
2904 2519 3105 2573 agones
3130 2520 3467 2572 commovet,

1902 2611 2022 2646 eum
2074 2594 2238 2647 fuerit
2287 2604 2562 2662 superata.
2619 2594 2985 2650 Cousiderans
3039 2597 3204 2666 igitur
3243 2611 3476 2656 sanctus

1901 2686 2194 2755 Apostolus
2227 2696 2406 2741 tantas
2437 2701 2560 2742 esse
2588 2688 2844 2743 bonitatis
2875 2689 2967 2744 Dei
2994 2690 3109 2760 (3'2)
3143 2692 3389 2757 divitias,
3424 2703 3478 2746 et

1902 2789 2113 2839 tantum
2156 2780 2355 2833 divinae
2415 2780 2698 2844 sapientia:
2744 2794 2881 2849 opus
2931 2797 3058 2851 erga
3113 2784 3476 2839 rationabiles

1903 2875 1984 2944 agi
2021 2886 2266 2935 naturas,
2306 2882 2361 2926 et
2392 2874 2515 2942 quia
2543 2881 2751 2925 tantum
2790 2889 2809 2922 ι
2839 2871 2979 2925 Deus
3002 2871 3152 2926 dives
3177 2875 3340 2927 estin
3374 2876 3474 2927 iiii-

1903 2968 2288 3030 sericordia”,
2320 2987 2339 3018 ι
2383 2978 2438 3021 et
2471 2966 2666 3020 (dives
2716 2965 2769 3019 in
2821 2979 3012 3019 omnes
3061 2965 3153 3034 qui
3212 2968 3473 3021 invocant

1823 3079 1868 3137 ο
1900 3077 2021 3115 eum
2043 3060 2144 3123 ",3
2179 3071 2232 3113 et
2261 3070 2406 3112 tanta
2439 3068 2521 3112 est
2553 3057 2814 3113 bonitatis
2848 3056 2986 3124 ejus,
3011 3067 3066 3110 et
3091 3058 3390 3126 patientiae,
3420 3069 3474 3113 et

1900 3152 2327 3224 longanimitatis
2355 3149 2518 3221 642
2556 3150 2892 3220 magnitudo,
2940 3161 3164 3218 tepente
3205 3150 3474 3205 interiori-

1901 3245 2004 3299 bus
2024 3259 2115 3299 eas
2142 3244 2321 3298 cordis
2350 3242 2522 3296 oculis
2551 3242 2662 3312 (33)
2680 3243 2915 3308 intuens,
2938 3242 3472 3310 immensitatemque

1905 3352 2090 3393 earum
2132 3334 2485 3404 perspiciens,
2532 3344 2755 3403 stupore
2807 3332 2969 3388 simul
3005 3343 3057 3388 et
3094 3347 3300 3403 pavore
3351 3348 3474 3402 per-

1903 3428 2087 3484 culsus
2132 3428 2403 3482 exclamat
2443 3437 2500 3480 et
2549 3427 2723 3482 dicit:
2755 3444 2773 3478 ι
2803 3426 2848 3481 O
2887 3424 3113 3479 altitudo
3157 3425 3470 3479 divitiarum

1903 3521 2184 3590 sapientia:
2218 3529 2271 3573 et
2301 3519 2545 3574 scientiae
2576 3518 2697 3582 Dei,
2724 3532 2886 3586 quam
2934 3516 3309 3571 inscrutabilia
3342 3526 3472 3572 sunt

1899 3613 2102 3682 judicia
2128 3612 2266 3679 ejus,
2289 3621 2344 3666 et
2370 3610 2776 3680 investigabiles
2803 3611 2900 3663 viae
2962 3609 3113 3676 ejus!
3146 3627 3167 3661 ι
3203 3609 3359 3665 Unde
3384 3619 3470 3664 et—

1904 3706 2050 3760 enim
2083 3706 2331 3758 humanae
2355 3704 2554 3758 mentis
2587 3718 2777 3757 sensus
2802 3702 2903 3756 ista
2928 3711 3111 3769 posset
3150 3701 3386 3770 opinari,
3414 3711 3470 3756 ut

1904 3807 2115 3851 servata
2153 3796 2443 3866 unicuique
2497 3794 2711 3848 arbitrii
2745 3793 3016 3857 libertate,
3055 3793 3280 3847 alterius
3312 3777 3467 3847 mali-

1907 3888 1994 3941 tiae
2036 3901 2174 3955 opus
2207 3896 2510 3941 verteretur
2551 3885 2708 3938 alteri
2738 3884 2805 3938 ad
2838 3884 3068 3938 salutem
3119 3882 3255 3956 (54),
3279 3895 3334 3937 et
3362 3884 3470 3936 vin-

1903 3979 2047 4033 centi
2098 3994 2159 4034 se
2214 3979 2418 4033 malitia
2462 3978 2694 4049 palmam
2730 3980 3170 4047 cont'erret,qu:e
3196 3977 3370 4048 uteuti
3409 3988 3467 4030 se

929 4116 972 4148 ⁸⁸
1001 4116 1155 4168 Rom.
1186 4131 1256 4177 tv,
1288 4115 1377 4168 24.
1450 4114 1497 4145 ⁸⁸
1528 4114 1721 4183 Ephes.
1759 4129 1820 4182 Il,
1855 4116 1909 4170 4.
1955 4116 2002 4147 ’θ
2035 4113 2193 4173 Rom.
2221 4131 2278 4181 Χ,
2312 4115 2398 4170 12.

1905 4230 2157 4285 Rabauus
2188 4233 2388 4286 habent
2417 4249 2437 4284 ι
2458 4232 2582 4287 etsi.
2610 4249 2631 4283 ι
2963 4294 2972 4301 _

1977 4301 2086 4371 (28)
2114 4301 2272 4365 Editi,
2303 4304 2660 4370 «compatitur
2683 4311 2738 4355 et
2768 4297 3026 4356 reservat.
3052 4319 3071 4353 ι
3106 4297 3311 4353 Deinde
3333 4314 3459 4356 mss.

1830 4406 1873 4460 υ
1906 4370 2556 4460 ριςιὶἰιξιιθηῌειὺθιιιιερει
2599 4372 2753 4437 editi,
2776 4372 3167 4460 aprospilciens
3197 4371 3324 4437 quia
3354 4372 3454 4451 ali-
3524 4400 3530 4407 -

1900 4442 2028 4508 quid
2069 4443 2193 4496 boni
2225 4444 2274 4495 ir.
2317 4441 2442 4497 aliis
2469 4441 2712 4496 facturus
2743 4442 2818 4495 sit
2841 4456 2940 4509 per
2969 4441 3194 4495 alterius
3219 4441 3460 4509 proposi-

1892 4519 2005 4592 tum
2038 4513 2235 4592 mali.»
2271 4511 2379 4566 Sed
2428 4515 2633 4568 rectius
2661 4527 2764 4568 ms.
2796 4511 2994 4584 Regius
3046 4526 3196 4565 num.
3233 4509 3374 4564 1659
3403 4518 3460 4564 ιιι

1893 4591 1947 4635 ΙΙΙ
1984 4591 2170 4634 11081.Γο
2196 4591 2368 4635 ιθιιιι.

1962 4650 2077 4722 (‘29)
2109 4649 2208 4722 Ms.
2244 4651 2444 4719 Regius
2473 4666 2625 4722 num.
2657 4650 2820 4722 £659.
2854 4670 2872 4702 ι
2894 4665 3057 4719 quam
3097 4648 3239 4703 Deus
3262 4662 3330 4702 ex
3359 4648 3457 4704 ini-

1893 4720 2024 4800 tio,»
2045 4732 2151 4800 etc.
2171 4721 2366 4775 Caneri
2390 4737 2546 4788 mss.,
2571 4720 2826 4776 Rabanus
2854 4733 2910 4775 et
2931 4722 3085 4785 editi,
3121 4737 3140 4770 ι
3165 4722 3313 4787 quod
3342 4730 3455 4774 eam

1891 4806 1957 4845 ex
1998 4791 2172 4845 initio.
2200 4810 2219 4843 ι
2250 4800 2355 4845 etc.

1940 4829 2219 4929 ῗώὒῖὲἷέ
2237 4829 2355 4913 ﬁt?
2374 4860 2573 4931 Regius
2610 4875 2758 4913 num.
2798 4857 2934 4913 1639
2965 4857 3227 4931 etediti.
3257 4854 3445 4931 Czeteri

1894 4927 2026 5000 mss.
2064 4931 2288 4993 habent,
2321 4946 2340 4979 ι
2362 4927 2521 5000 quam
2570 4932 2880 5000 multorum.
2907 4949 2925 4980 ι
2957 4928 3240 5000 ltabanus,
3280 4944 3299 4976 ι
3321 4927 3439 4994 quia

1896 4998 2210 5053 multorum.
2234 5020 2254 5052 ι
2289 4996 2491 5054 υεῖιιιΙθ
2531 5000 2665 5053 alter
2703 5014 2804 5053 ius.
2836 4996 3039 5069 Regius
3080 4998 3242 5050 habet
3281 5014 3301 5047 ι
3326 5012 3449 5050 con-

1894 5077 2078 5139 surgat
2102 5088 2143 5139 )g
2158 5084 2256 5138 pro
2292 5090 2310 5119 ι
2335 5079 2648 5139 consurget.
2677 5088 2696 5120 ι

1964 5085 2078 5192 rgat
2102 5088 2122 5119 ›
2158 5085 2256 5138 pro
2292 5090 2310 5119 ι
2335 5085 2648 5139 consurget.
2677 5088 2696 5120 ι

1964 5140 1982 5204 (
2028 5138 2077 5198 Il
2113 5137 2337 5193 Bonum.
2372 5140 2718 5193 Desideratur
2751 5139 2803 5192 in
2827 5146 2986 5193 antea
3022 5134 3205 5190 editis.

1989 5206 2079 5279 3'2)
2113 5210 2273 5279 Editi,
2309 5228 2328 5260 ι
2351 5217 2674 5279 tantidesse
2698 5209 2952 5279 bonitatis
2982 5205 3284 5279 Dei,_o_etc.

1992 5271 2082 5348 55)
2113 5278 2207 5347 Sic
2242 5293 2373 5332 mss.
2402 5271 2645 5348 plerique
2672 5287 2726 5331 et
2748 5275 3026 5340 Rabanus,
3059 5274 3161 5329 nisi
3194 5274 3342 5345 quod
3364 5271 3449 5348 ille

1897 5346 2114 5402 oniittat
2145 5366 2165 5398 ι
2189 5346 2520 5416 magnitudo.
2551 5346 2571 5400 ἰ
2606 5346 2748 5401 Editi
2798 5362 2949 5413 vero,
2986 5366 3004 5399 ι
3034 5355 3195 5398 tantae
3239 5352 3328 5399 est
3362 5346 3450 5399 bo-

1898 5419 2105 5481 nitatis,
2173 5429 2228 5471 et
2282 5415 2571 5486 patientiae,
2635 5427 2689 5471 et
2729 5415 3178 5488 longanimitatis2
3237 5424 3448 5488 repente

1900 5488 2248 5541 interioribus
2286 5484 2421 5541 eam
2476 5488 2662 5541 cordis
2720 5484 2953 5553 oeulis,»
2987 5495 3095 5539 etc.
3130 5484 3229 5538 Ms.
3258 5484 3449 5554 Regius

1898 5574 2048 5611 ιιιιιιι.
2076 5557 2235 5620 1639,
2271 5573 2290 5607 ι
2311 5568 2365 5609 et
2399 5568 2560 5612 tanta:
2588 5569 2714 5611 sunt
2741 5559 2941 5612 divitia:
2967 5556 3244 5619 bonitatis,
3266 5573 3286 5606 ι
3322 5565 3443 5618 etc..

1899 5630 2101 5682 Omisso
2128 5628 2510 5694 ('ittagnitudo.
2536 5647 2555 5678 ι

1972 5696 2087 5768 (54)
2119 5698 2209 5751 Sic
2236 5691 2381 5752 recte
2414 5713 2512 5752 nis.
2547 5696 2745 5769 Regius
2771 5712 2921 5754 num.
2951 5693 3107 5752 I659.
3136 5691 3329 5751 Ceteri
3359 5706 3447 5748 ve—
