3692 6138
306 325 330 380 1
339 323 442 379 ἓθδ

1711 291 2032 352 ORlGENlS

3400 271 3520 327 1201

303 444 373 498 ad
396 431 796 496 observantiam
833 426 1126 498 spiritalem
1170 423 1446 494 religionis
1484 433 1696 476 summa
1754 415 1868 484 (46)
1898 418 1947 474 Α
1974 411 2026 464 ἰιι
2058 409 2251 461 librum
2271 400 2494 458 Levitici
2522 399 2702 466 aliqua
2727 391 3309 493 diceremus(53i,'pro
3335 387 3526 491 viribus

308 532 569 587 translata
606 529 700 591 sit,
722 536 777 580 et
800 525 918 578 haec
941 522 1016 575 ita
1040 520 1218 574 futura
1241 514 1572 588 propheticis
1600 509 1870 567 ostendis-

306 635 388 681 set
427 621 649 678 vocibus
698 616 983 685 designata
1024 629 1039 664 :
1075 609 1185 681 jam
1226 622 1369 662 nunc
1413 603 1675 673 spiritalis
1715 599 1873 667 hujus

306 712 681 775 observantiae,
708 710 773 762 ad
800 722 975 777 «quam
1004 704 1181 760 cultus
1217 700 1317 754 Dei
1346 699 1506 753 ritmn
1546 694 1727 750 docuit
1751 705 1873 747 esse

308 807 652 868 translatum,
689 801 999 871 aggreditur
1036 808 1216 850 mores
1252 802 1305 847 et
1339 790 1581 845 instituta
1609 785 1720 854 (47)
1746 798 1873 837 san-

305 899 443 964 cire,
469 905 523 951 et
553 895 631 948 ait
663 911 678 947 :
707 892 935 947 Obsecro
960 890 1138 957 itaque
1160 900 1268 946 vos,
1300 882 1514 951 fratres,
1551 893 1641 946 per
1663 874 1871 927 miseri-

305 993 542 1046 cordiam
584 989 702 1053 Dei,
749 997 801 1041 ut
833 983 1121 1040 exhibeatis
1162 976 1275 1051 (48)
1317 992 1537 1045 corpora
1575 983 1745 1028 vestra
1773 972 1871 1023 ho-

306 1083 463 1136 stiam
496 1082 772 1141 viventem,
797 1085 1055 1137 sanctam,
1097 1070 1207 1124 Deo
1237 1061 1873 1136 placentem,rationabile

308 1174 614 1244 obsequium
645 1180 890 1224 oestrum.
947 1163 1016 1218 Et
1064 1163 1224 1217 nolite
1265 1159 1588 1229 conformari
1618 1155 1736 1208 huic
1770 1168 1873 1207 ste-

308 1243 477 1315 culor:
508 1261 597 1314 sed
661 1255 1023 1327 reformamini
1083 1250 1414 1305 renovatione
1454 1262 1633 1300 sensus
1670 1243 1827 1297 vestri
1849 1254 1874 1296 :

307 1365 365 1407 stt
399 1351 628 1422 probetis
667 1366 785 1419 qua:
828 1350 898 1401 sit
926 1347 1164 1400 roluntas
1208 1341 1326 1403 Dei,
1360 1339 1499 1409 quod
1548 1337 1774 1397 bonum,
1824 1341 1876 1387 et

310 1441 732 1507 beneplacitum,
786 1450 835 1491 et
896 1436 1184 1503 perfectum
1242 1431 1281 1485 ί.
1328 1429 1628 1495 Quoniam,
1674 1424 1872 1495 inquit,

308 1530 647 1586 ostendimus
693 1544 722 1582 a
768 1526 1055 1583 sacriticiis
1107 1521 1420 1577 carnalibus
1477 1517 1874 1579 recedendum,

310 1624 608 1678 secundum
632 1621 776 1691 quod
810 1630 863 1674 et
885 1617 1154 1686 Propheta
1188 1616 1357 1671 dicit:
1390 1613 1609 1667 Hostias
1649 1621 1696 1664 et
1728 1610 1879 1664 obla-

314 1715 510 1768 tionem
538 1712 755 1767 noluisti
778 1751 793 1773 ,
830 1728 921 1764 nec
951 1710 1149 1778 placita
1184 1717 1308 1762 sunt
1350 1708 1442 1760 tibi
1463 1710 1483 1738 ²
1510 1723 1524 1758 :
1556 1720 1719 1768 nunc,
1760 1705 1871 1767 ait,

312 1807 483 1863 doceo
521 1821 616 1860 vos
665 1804 864 1874 quibus
899 1803 1096 1857 hostiis
1140 1800 1438 1855 delectetur
1467 1798 1720 1853 Deuszet
1760 1798 1876 1852 hac

312 1896 480 1950 doceo
519 1910 625 1949 non
651 1894 807 1965 quasi
846 1893 1142 1962 imperans,
1169 1890 1306 1947 nihil
1327 1890 1470 1944 enim
1495 1888 1709 1957 proiicit
1744 1886 1877 1957 legis

312 1986 621 2056 imperium,
646 1987 738 2040 sed
763 1985 921 2055 quasi
946 1984 1037 2053 qui
1072 1983 1304 2038 ollicium
1329 1983 1659 2050 susceperim
1690 1995 1878 2035 recon-

313 2077 526 2133 ciliandi
566 2094 661 2132 vos
704 2077 835 2139 Deo,
878 2077 1087 2130 obsecro
1131 2091 1245 2140 vos,
1285 2072 1508 2141 fratres;
1554 2081 1607 2125 et
1653 2068 1878 2125 obsecro

314 2184 422 2225 non
448 2184 546 2238 per
570 2168 895 2237 potentiam,
918 2168 1010 2222 sed
1036 2182 1128 2235 per
1156 2165 1571 2218 misericordiam
1607 2162 1723 2216 Dei.
1741 2160 1875 2228 Quia

313 2260 483 2321 enim,
519 2260 659 2312 sicut
689 2271 853 2326 supra
890 2254 1097 2309 ostendi
1130 2252 1264 2322 (49),
1286 2265 1475 2305 omnes
1496 2248 1731 2303 conclusi
1755 2254 1880 2301 sunt

313 2353 412 2407 sub
448 2359 668 2416 peccato
718 2350 758 2413 ³,
816 2362 961 2403 nunc
1000 2345 1114 2414 jam
1155 2360 1258 2398 non
1291 2342 1344 2397 in
1380 2342 1624 2405 meritis,
1675 2340 1768 2394 sed
1822 2339 1874 2392 in

313 2442 683 2498 misericordia
707 2441 796 2495 Dei
822 2441 969 2495 salus
987 2439 1220 2493 humana
1244 2435 1511 2492 consistit.
1537 2432 1674 2501 Quid
1699 2440 1877 2486 autem

313 2547 397 2589 est
422 2535 564 2604 quod
589 2549 685 2587 vos
710 2530 970 2588 obsecro?
1005 2527 1074 2583 Ut
1119 2527 1406 2583 exhibeatis
1443 2541 1663 2595 corpora
1708 2533 1879 2578 vestra

312 2625 540 2680 hostiam
578 2627 842 2685 viventem,
881 2631 1142 2684 sanctam,
1181 2618 1293 2672 Deo
1331 2617 1623 2686 placentem
1649 2658 1665 2681 ,
1712 2625 1770 2668 ιιι
1809 2614 1881 2670 sit

316 2717 434 2789 (50)
466 2715 776 2771 rationabile
810 2714 1112 2784 obsequium
1142 2722 1395 2767 vestrum.
1431 2708 1757 2778 Obsequium
1794 2707 1880 2762 hic

320 2810 524 2866 cultum
579 2809 668 2863 Dei
701 2806 856 2862 dicit.
915 2806 1015 2873 Qui
1055 2804 1233 2860 cultus
1279 2803 1533 2874 quoniam
1579 2802 1778 2856 dudum
1826 2803 1879 2855 in

314 2902 587 2970 pecudum
630 2908 901 2954 mutorum
954 2898 1272 2967 corporibus
1308 2893 1677 2959 consistebat,
1713 2909 1877 2960 nunc,

319 2991 534 3059 inquit,
560 2990 612 3044 in
636 3005 866 3059 corpore
894 2988 1234 3043 rationabilis
1254 2986 1492 3040 hominis
1515 2983 1798 3065 offeratur,
1827 2991 1882 3038 et

318 3097 550 3152 corpora
579 3081 748 3150 magis
783 3090 962 3135 vestra
996 3094 1158 3149 quam
1200 3079 1465 3149 pecudum
1507 3078 1638 3133 liaut
1668 3078 1881 3132 sacrill-
1908 3116 1953 3175 Ο

317 3175 462 3228 cium
485 3173 616 3237 Deo,
646 3183 812 3242 atque
845 3175 898 3227 in
928 3172 1100 3227 sacris
1135 3169 1399 3226 altaribus
1418 3169 1770 3225 collocentur.
1810 3169 1876 3224 Hi

316 3268 459 3320 enim
489 3266 580 3334 qui
607 3266 847 3321 membra
876 3279 970 3318 sua
1008 3264 1344 3319 mortiticant
1370 3263 1728 3317 abincentivo
1756 3261 1879 3317 libi-

318 3354 460 3409 dinis
489 3364 545 3409 et
570 3353 797 3418 furoris,
838 3363 892 3407 et
930 3360 1082 3407 actus
1119 3352 1366 3422 corporis
1396 3353 1481 3405 sui
1509 3351 1618 3405 Deo
1653 3351 1881 3420 placitos

304 3447 555 3513 habent,
595 3445 835 3501 'hostiam
880 3445 1174 3511 viventem,
1219 3453 1500 3506 sanctam,
1550 3441 1879 3511 placentem,

318 3538 428 3592 Deo
453 3537 845 3593 rationabiliter
873 3535 1131 3598 oll‘erunt,
1175 3543 1231 3590 et
1269 3533 1443 3606 legem
1485 3532 1879 3588 sacrillciorum

316 3645 437 3700 quae
475 3630 528 3684 in
554 3628 799 3685 Levitico
828 3629 938 3682 lata
979 3636 1062 3683 est
1096 3628 1210 3700 (5|)
1250 3626 1542 3695 secundum
1580 3623 1878 3693 spiritalem

317 3722 734 3794 intelligentiam
780 3720 1073 3790 complent.
1114 3719 1274 3775 Verbi
1306 3730 1505 3781 ‘cauSa,
1554 3726 1612 3769 ut
1651 3715 1722 3770 ibi
1746 3713 1879 3769 offe-

320 3810 513 3867 rebant
550 3813 773 3866 vitulum
817 3812 991 3882 primo
1022 3812 1174 3875 loco,
1209 3810 1295 3864 vel
1352 3809 1590 3864 secundo
1627 3806 1876 3871 arietem,

318 3913 414 3960 aut
441 3905 600 3959 tertio
623 3905 870 3968 hircum,
919 3912 1014 3956 attt
1050 3911 1251 3971 quarto
1283 3908 1559 3962 turtures,
1592 3896 1675 3950 vel
1713 3896 1878 3951 etiam

318 3995 496 4065 pullos
522 3994 921 4057 columharum,
958 4003 1017 4047 ut
1048 3994 1100 4047 in
1137 3992 1222 4047 his
1250 3988 1673 4057 uniuscujusque
1699 3987 1878 4041 anima

317 4086 701 4155 purificaretur
722 4099 819 4155 pro
841 4082 1102 4151 qualitate
1131 4090 1407 4150 gestorum
1441 4094 1457 4143 ;
1491 4078 1605 4131 haec
1648 4090 1788 4130 nunc
1826 4075 1878 4130 in

323 4191 423 4232 suo
457 4191 686 4245 corpore
767 4175 1139 4244 unusquisque
1180 4172 1513 4241 puriﬁcans,
1557 4175 1613 4223 et
1645 4166 1881 4236 spiritali

320 4278 482 4318 sensu
528 4265 884 4329 discernens,
948 4260 1255 4315 rationabili
1301 4258 1564 4327 obsequio
1610 4257 1880 4312 viventem

320 4355 560 4409 hostiam
596 4354 755 4410 oli‘ert
788 4356 907 4427 (δὲ)
938 4354 1068 4409 Deo.
1102 4353 1177 4408 De
1207 4351 1402 4420 quibus
1450 4349 1711 4420 singulis,
1758 4363 1881 4403 cum

393 4450 411 4481 ¹
461 4446 622 4502 item.
691 4463 796 4511 stt,
848 4450 900 4507 1,
940 4447 997 4502 9..

320 4518 411 4576 16.
495 4519 515 4550 "
550 4516 590 4571 ll
633 4519 755 4572 Cor.
803 4534 842 4581 ι,
895 4519 949 4571 '5.
1022 4516 1043 4546 ⁸
1100 4515 1277 4571 Colos.
1325 4528 1400 4575 ιι,
1434 4516 1489 4570 5.

393 4610 508 4679 (46)
545 4610 710 4667 Editi.
758 4610 938 4679 religio
964 4625 1192 4679 summa:

422 4680 509 4749 17)
542 4679 641 4733 Ms.
674 4677 875 4749 Regius
911 4697 1059 4733 num.
1097 4677 1254 4749 1659,
1283 4684 1330 4730 et
1356 4683 1573 4730 statuta.

416 4743 506 4814 48)
547 4750 669 4803 Ηεεε
698 4743 882 4812 νεῖσὺιι,
911 4759 968 4802 ut
998 4748 1304 4807 exlribeatis,
1342 4755 1475 4809 etc.,
1509 4758 1677 4814 usque
1711 4743 1802 4814 ad,
1828 4753 1878 4797 et

323 4812 722 4889 beneplacitum,
753 4829 803 4871 et
827 4819 1110 4888 perfectum
1133 4857 1149 4878 .
1196 4812 1673 4889 desiderantur—in
1724 4812 1878 4870 libris

322 4883 480 4945 antea
514 4883 718 4952 editis,
748 4883 841 4942 sed
874 4883 1233 4941 restituuntur
1268 4902 1333 4939 ex
1363 4883 1613 4940 omnibus
1634 4897 1766 4937 mss.

395 4958 506 5027 (49)
543 4957 642 5027 bis.
665 4973 822 5021 unus,
853 4960 983 5011 sicut
1012 4974 1172 5025 supra
1204 4957 1450 5027 ostendit.

396 5023 506 5099 (50)
544 5025 610 5080 Ut
642 5027 741 5099 sit.
801 5028 924 5099 llagc
964 5023 1127 5099 verba
1186 5027 1380 5079 desunt
1425 5025 1481 5099 _in
1521 5023 1676 5078 libris
1715 5032 1876 5099 antea

326 5092 520 5160 editis;
568 5098 762 5151 deinde
800 5097 955 5167 paulo
1004 5097 1143 5149 intra
1177 5105 1300 5167 post
1350 5094 1572 5160 cultum,
1626 5108 1727 5147 vox
1788 5092 1881 5146 Dei

325 5170 594 5224 omittitur
626 5167 806 5220 itidem
837 5168 889 5220 in
914 5167 1096 5230 editis,
1127 5175 1181 5219 et
1218 5166 1268 5217 in
1298 5167 1567 5233 plerisque
1595 5179 1726 5219 mss.
1754 5180 1882 5218 nec-

325 5257 432 5295 non
473 5238 681 5362 etizggd
713 5234 1012 5299 Rubanum,
1047 5236 1140 5291 sed
1170 5237 1471 5290 restituitur
1489 5248 1557 5287 ex
1583 5249 1685 5287 ms.
1715 5233 1883 5303 Regio

326 5326 474 5362 1111111.
619 5345 629 5359 ι
654 5346 670 5361 ο
1128 5330 1131 5333 “

326 5326 474 5364 ltum.
512 5313 670 5362 1659.
1128 5330 1131 5333 ί

396 5379 509 5447 (51)
549 5380 730 5441 Alias,
763 5376 890 5447 data
913 5385 1010 5436 est,
1040 5376 1111 5431 al.
1147 5376 1339 5429 collata
1367 5385 1466 5429 est.
1507 5373 1708 5447 Deinde
1753 5388 1887 5447 mss.

325 5443 567 5518 quidam,
614 5458 671 5518 ut
713 5448 801 5500 ubi
828 5446 1381 5518 oﬂerebantioitutum
1430 5446 1600 5518 primo
1642 5445 1700 5497 in
1748 5443 1884 5497 loco.

323 5515 430 5600 etc:
479 5519 576 5573 Ms.
605 5517 828 5600 ,Regius
875 5531 1022 5573 num.
1064 5515 1221 5583 1659,
1264 5516 1340 5569 ibi
1388 5516 1700 5584 offerebant,
1753 5524 1883 5579 etc.,

325 5599 526 5641 omisso
558 5599 634 5642 ut.

400 5657 513 5723 (52)
559 5658 684 5713 Mss.
732 5657 993 5726 plerique,
1046 5655 1304 5711 Rabanus
1359 5663 1415 5708 et
1455 5652 1643 5726 editi,‘
1675 5653 1883 5708 obtulit.

329 5724 435 5781 Sed
469 5719 667 5781 rectius
693 5719 792 5783 nis.
826 5719 1027 5796 Regius
1073 5744 1219 5784 nunt.
1252 5727 1412 5791 1659,
1455 5719 1643 5790 υπετιζ

1974 502 2268 572 explanare
2305 494 2632 551 tentavimus
2655 487 2931 558 quomodo
2971 482 3351 551 unusquisque
3375 480 3527 533 ratio-

1973 592 2139 647 nabili
2175 588 2434 656 obsequio
2462 584 2641 640 cultus
2677 580 2773 634 Dei
2799 620 2814 641 ,
2844 579 2890 635 si
2921 576 3231 645 superbiam
3270 572 3388 643 (51)
3425 587 3526 623 cor-

1972 683 2121 753 poris
2162 680 2244 736 sui
2281 680 2497 743 vincat,
2537 673 2780 728 immolet
2810 668 3073 733 vitulum;
3122 665 3168 720 si
3204 662 3530 718 iracundiam

1974 781 2226 844 superet,
2265 770 2489 822 arietem
2535 764 2774 836 jugulet;
2825 760 2867 813 si
2913 758 3189 812 libidinem
3234 756 3441 818 vincat,
3486 753 3530 807 in

1974 867 2343 921 holocaustum
2389 859 2584 913 oﬂ'erat
2645 856 2888 918 hircum;
2927 852 2970 905 si
3018 865 3181 919 vagos
3219 858 3276 903 et
3305 845 3531 899 lubricos

1974 956 2359 1027 cogitationum
2393 957 2605 1004 resecet
2643 945 2873 1008 volatus,
2909 943 3191 997 columbas
3220 951 3281 993 et
3308 946 3533 991 turtures

1974 1047 2219 1103 immolet
2249 1043 2382 1115 (5‘3).
2408 1040 2513 1095 Sed
2541 1041 2676 1105 haec,
2702 1037 2907 1102 utdisi,
2929 1036 2972 1088 si
2998 1034 3121 1104 quis
3148 1033 3296 1087 scire
3328 1030 3533 1100 dignum

1976 1147 2150 1209 putat,
2203 1136 2276 1190 ibi
2321 1134 2479 1188 latius
2537 1132 2769 1185 disserta
2828 1125 3078 1197 reperiet.
3157 1124 3313 1178 Nunc
3366 1129 3535 1174 autem

1977 1229 2172 1285 Paulus
2221 1227 2470 1282 obsecrat
2512 1223 2798 1277 credentes
2833 1220 2887 1272 in
2929 1217 3176 1280 Christo,
3219 1225 3283 1269 ut
3316 1228 3535 1282 corpora

1975 1338 2070 1377 sua
2111 1318 2400 1375 exhibeant
2429 1315 2653 1369 hostium
2694 1314 2978 1372 viventem,
3019 1320 3292 1373 sanctam,
3336 1308 3538 1375 placen-

1978 1426 2080 1469 tem
2112 1413 2240 1466 Deo.
2279 1409 2561 1464 Viventem
2602 1405 3009 1467 dicithostiam,
3042 1416 3162 1470 quae
3190 1401 3361 1453 vitam
3387 1438 3404 1463 ,
3440 1398 3535 1452 hoc

1977 1515 2082 1570 est,
2117 1503 2398 1558 Christum
2433 1502 2485 1554 in
2517 1515 2577 1554 se
2624 1498 2785 1568 gerit,
2843 1506 2898 1550 et
2936 1496 3067 1549 dicit
3100 1512 3114 1548 :
3148 1492 3379 1546 .llortem
3418 1489 3537 1544 Iesu

1976 1601 2035 1652 in
2064 1611 2280 1665 corpore
2308 1601 2485 1646 nostro
2518 1588 2630 1662 (56)
2664 1588 3107 1655 circumferimus,
3132 1596 3186 1638 ut
3212 1595 3259 1637 et
3284 1584 3390 1638 vita
3417 1581 3538 1635 Jcsu

1979 1688 2176 1744 Christi
2230 1688 2285 1740 in
2337 1700 2552 1750 corpore
2589 1692 2769 1736 nostro
2807 1680 3174 1745 manifestetur
3200 1678 3244 1732 ⁸.
3282 1676 3536 1731 Sanctam

1978 1780 2131 1842 dicit,
2168 1778 2219 1831 in
2266 1790 2373 1844 qua
2425 1784 2650 1827 sanctus
2691 1771 2928 1839 Spiritus
2964 1769 3206 1832 habitat,
3250 1767 3537 1821 secundum

1977 1870 2119 1939 quod
2156 1868 2210 1922 in
2250 1867 2355 1920 alio
2384 1865 2499 1920 loco
2526 1863 2660 1916 dixit
2694 1862 2767 1894 ⁸-⁸
2798 1879 2811 1914 :
2843 1860 2923 1913 An
2969 1859 3180 1912 nescitis
3212 1858 3339 1927 quia
3383 1854 3541 1928 644

1980 1960 2229 2029 templum
2286 1958 2377 2011 Dei
2425 1958 2572 2017 estis,
2613 1965 2660 2007 et
2709 1952 2936 2021 Spiritus
2971 1950 3084 2022 (57)
3129 1950 3223 2002 Dei
3259 1950 3459 2001 habitat
3491 1950 3538 2000 in

1977 2051 2160 2106 vobis?
2210 2050 2521 2104 Placentem
2567 2048 2697 2111 Deo,
2738 2055 2920 2113 utpote
2951 2059 2980 2096 a
3019 2041 3256 2111 peccatis
3304 2050 3361 2094 et
3404 2040 3538 2093 vitiis

1977 2151 2305 2212 separatam.
2363 2140 2485 2194 llaec
2535 2149 2714 2192 autem
2766 2136 2950 2190 omnia
2993 2133 3334 2189 rationabilis
3373 2133 3539 2187 cultus

1978 2239 2063 2283 est
2097 2229 2210 2283 Dei.
2249 2228 2433 2283 Potest
2474 2229 2617 2282 enim
2655 2242 2752 2295 pro
2792 2225 2880 2279 tali
2917 2225 3057 2279 cultu
3084 2224 3236 2279 reddi
3281 2225 3459 2287 ratio,
3491 2234 3539 2277 et

1978 2322 2188 2375 ostendi
2227 2322 2354 2391 quia
2393 2322 2616 2388 dignum
2672 2329 2753 2374 est
2802 2320 2912 2373 Deo
2944 2319 3076 2374 tales
3103 2319 3308 2373 hostias
3348 2318 3537 2372 immo-

1980 2411 2081 2467 lari
2121 2412 2231 2483 (58)
2256 2431 2268 2467 :
2294 2413 2497 2467 arietes
2543 2421 2744 2477 autem,
2786 2420 2838 2465 et
2870 2411 3074 2474 hircos,
3118 2420 3173 2464 et
3202 2409 3404 2464 vitulos
3444 2411 3538 2464 im-

1981 2504 2192 2559 mortali
2223 2514 2278 2560 et
2315 2505 2634 2572 incorporeo
2680 2505 2788 2558 Deo
2822 2502 3004 2558 oﬁ‘erri
3048 2503 3193 2557 nulla
3230 2504 3371 2557 ratio
3400 2514 3537 2558 recta

1980 2607 2034 2651 et
2074 2597 2300 2652 honesta
2338 2597 2616 2667 suscipiet.
2673 2596 2797 2650 Haec
2832 2611 2961 2667 ergo
3004 2596 3077 2650 ita
3124 2596 3347 2663 facere,
3383 2607 3439 2651 et
3471 2596 3537 2650 ita

1980 2690 2160 2745 colere
2213 2691 2378 2745 Deum
2438 2705 2531 2744 eos
2584 2690 2676 2759 qui
2729 2688 2947 2760 Christo
2996 2688 3377 2752 crediderunt,
3436 2703 3536 2744 non

1982 2784 2154 2836 solum
2190 2783 2347 2836 docet
2381 2781 2692 2850 Apostolus,
2727 2780 2821 2834 sed
2848 2788 2902 2833 et
2927 2778 3181 2835 obsecrat
3207 2796 3305 2850 per
3332 2779 3537 2835 miseri-

1980 2875 2223 2931 cordiam
2274 2874 2365 2929 Dei
2397 2893 2410 2928 :
2443 2885 2500 2928 ιιι
2527 2876 2777 2929 ostendat
2806 2890 2904 2944 per
2929 2875 3033 2930 hoc
3081 2875 3319 2930 humano
3366 2875 3537 2944 generi

1982 2966 2275 3041 (quoniam
2314 2966 2553 3035 proclive
2603 2975 2687 3021 est
2730 2968 2795 3019 ad
2847 2963 3140 3036 delictum)
3176 2963 3543 3035 hujuscemodi

1987 3061 2194 3116 ltOStias
2216 3059 2308 3113 Dei
2337 3060 2680 3113 miseratione
2707 3058 2950 3128 provisas
2975 3057 3202 3127 :quibus
3223 3056 3269 3112 si
3297 3072 3528 3127 unquam

1983 3151 2166 3220 lapsus
2224 3149 2525 3214 acciderit,
2581 3163 2679 3217 per
2732 3147 3057 3203 rationabile
3114 3147 3433 3216 obsequium
3492 3154 3546 3201 et

1984 3244 2192 3298 hostias
2235 3257 2301 3297 eo
2351 3240 2513 3294 modo
2547 3255 2654 3310 quo
2703 3254 2865 3308 supra
2927 3238 3163 3294 diximus
3221 3238 3543 3304 immolatas,

1985 3335 2225 3406 reparari
2259 3334 2428 3402 possit
2458 3332 2640 3387 anima
2667 3348 2731 3387 ac
2766 3332 2979 3386 restitui
3007 3332 3071 3386 ad
3107 3331 3357 3386 salutem.
3398 3329 3546 3396 Quod

1985 3434 2164 3481 autem
2194 3426 2375 3479 multa:
2407 3424 2518 3479 sint
2554 3423 2943 3478 misericordiae
2970 3423 3091 3491 Dei,
3122 3424 3375 3492 designat
3408 3422 3545 3475 Pau-

1985 3517 2071 3572 ltts
2092 3518 2146 3571 in
2180 3517 2417 3572 secunda
2466 3517 2532 3571 ad
2570 3515 2919 3580 Corinthios,
2966 3515 3153 3570 dicens
3192 3534 3205 3568 :
3239 3513 3547 3567 Benedictus

1990 3610 2130 3664 Deus
2154 3620 2200 3663 et
2226 3608 2392 3662 Pater
2417 3608 2630 3662 Domini
2656 3609 2823 3661 nostri
2846 3607 2974 3662 Iesu
2998 3602 3193 3662 Christi
3222 3606 3384 3659 Pater
3408 3608 3548 3658 mise-

1986 3709 2336 3762 ricordiarum
2362 3707 2419 3761 ".~
2457 3708 2629 3762 Audis
2665 3707 2859 3781 Deum,
2890 3706 3030 3761 sicut
3059 3704 3171 3775 (59)
3211 3702 3412 3758 Christi
3447 3700 3548 3754 Pa-

1988 3811 2072 3856 ter
2098 3809 2217 3867 est,
2268 3808 2325 3854 et
2378 3799 2658 3868 sapientiae
2704 3808 2857 3870 pater
2886 3809 2987 3863 est,
3051 3809 3108 3852 et
3137 3796 3363 3866 justitize
3404 3805 3548 3865 pater

1986 3901 2092 3957 est,
2149 3907 2269 3960 qua:
2315 3892 2494 3946 omnia
2546 3890 2796 3946 Christus
2834 3900 2936 3957 est,
2991 3889 3063 3943 ita
3125 3904 3246 3943 esse
3287 3898 3342 3943 et
3388 3887 3547 3940 mise-

1988 3984 2342 4039 ricordiarum
2402 3993 2630 4050 patrem.
2666 3982 2806 4050 Ergo
2852 3980 3103 4037 Christus
3161 3980 3301 4035 sicut
3351 3988 3540 4035 caetera

1987 4076 2166 4130 omnia
2227 4084 2340 4141 est,
2400 4085 2456 4130 et
2514 4074 2901 4129 misericordia
2954 4074 3069 4143 ipse
3127 4081 3251 4136 est,
3340 4072 3547 4127 miseri-

1991 4167 2194 4222 cordia:
2249 4164 2461 4232 multae,
2504 4180 2609 4218 non
2670 4179 2773 4217 una
2823 4162 2933 4235 (60)
2990 4176 3006 4215 :
3066 4162 3169 4216 hoc
3226 4172 3351 4227 est,
3412 4162 3546 4217 sicut

1992 4257 2229 4312 thesauri
2263 4256 2545 4325 Sapientia:
2587 4266 2641 4309 et
2697 4254 2939 4309 scientia:
3001 4252 3051 4306 in
3101 4253 3219 4321 ipso
3271 4263 3418 4315 sunt,
3452 4249 3545 4305 sed

1989 4362 2122 4402 sunt
2168 4346 2562 4414 absconditi‘;
2604 4347 2673 4399 ita
2720 4354 2770 4399 et
2830 4343 3214 4398 misericordiae
3267 4342 3545 4396 thesaurus

1072 4447 1092 4477 ³
1138 4444 1281 4499 Psal.
1327 4459 1519 4505 xxxix,
1563 4443 1629 4508 7;
1672 4440 1834 4497 Hebr.
1862 4457 1914 4506 κ,
1965 4440 2021 4496 8.
2094 4440 2115 4471 ³
2145 4438 2263 4495 Gal.
2304 4454 2387 4505 ιιι,
2423 4438 2517 4494 '22.
2591 4437 2612 4469 ⁸
2640 4437 2678 4490 Il
2722 4437 2844 4491 Cor.
2870 4451 2946 4502 tv,
2981 4435 3068 4492 10.
3143 4434 3215 4467 Μ
3245 4434 3265 4489 1
3297 4434 3423 4492 Cor.
3459 4450 3539 4502 ιιι,

1918 4609 1964 4665 1)
2061 4600 2174 4673 (53)
2211 4600 2345 4673 Yide
2384 4599 2569 4656 homil.
2609 4616 2645 4673 ιι
2694 4603 2751 4656 in
2784 4599 3026 4673 Lat-ilia,
3058 4597 3288 4673 num._2.

2059 4667 2173 4741 (54)
2207 4671 2306 4727 Ms.
2352 4685 2516 4738 unus,
2556 4671 2731 4727 cultus
2783 4671 2873 4724 Dei
2920 4671 3129 4737 faciat;
3175 4669 3221 4723 si
3259 4667 3546 4739 superbiam

1984 4752 2091 4798 etc.

2059 4811 2193 4883 (55)_
2235 4810 2330 4883 Sic
2393 4825 2494 4867 ms.
2552 4810 2755 4883 Regius
2779 4824 2928 4883 num.
2982 4808 3141 4865 1659.
3185 4808 3378 4865 Cameri
3421 4821 3546 4864 vero

1982 4880 2425 4943 mss..'Rabanus
2453 4892 2507 4935 et
2539 4880 2688 4942 editi.
2726 4880 3095 4934 immolaverit.

2055 4952 2170 5021 (56)
2212 4949 2433 5021 Nostro,
2474 4951 2632 5005 Deest
2663 4953 2713 5003 in
2753 4951 2991 5005 editione
3013 4948 3379 5004 Gencbrardi.

2056 5017 2170 5094 (57)
2214 5021 2372 5094 Editi,
2406 5017 2637 5094 Spiritus
2666 5029 2898 5073 sanctus.

2067 5087 2178 5164 (58)
2241 5087 2482 5164 Sic_nts.
2530 5091 2730 5164 Regius
2774 5104 2921 5143 num.
2984 5087 3144 5164 1659.
3184 5088 3381 5164 Galeri
3425 5103 3552 5143 vero

1991 5158 2120 5218 mss.
2146 5158 2201 5216 et
2238 5161 2393 5223 editi,
2441 5158 2752 5224 immolare;
2796 5167 2851 5212 et
2888 5158 3047 5228 paulo
3096 5170 3239 5228 post,
3285 5158 3402 5213 Hoc
3430 5173 3551 5229 ergo

1989 5235 2065 5287 ita
2107 5233 2245 5300 ﬁeri.
2290 5240 2398 5284 etc.

2226 5300 2401 5374 Editi,
2439 5299 2577 5352 Audi
2619 5299 2785 5353 Deum
2810 5300 2963 5374 sicut,
2997 5308 3102 5374 etc.

2069 5364 2181 5442 (60)
2224 5371 2315 5442 Sic
2361 5384 2550 5423 omnes
2600 5386 2730 5425 mss.
2782 5371 2974 5442 nostri.
3036 5367 3181 5442 Editi
3210 5384 3363 5442 vero,
3405 5364 3544 5435 Erga

1994 5440 2231 5496 Christus
2267 5440 2404 5493 sicut
2432 5449 2479 5493 et
2509 5450 2697 5494 caetera
2721 5440 2919 5503 omnia,
2947 5449 2996 5493 et
3028 5440 3393 5494 misericordia
3427 5446 3539 5505 est:

1991 5515 2101 5579 ipse
2132 5524 2204 5565 est
2233 5511 2611 5579 misericordia:
2655 5511 2855 5575 multa,
2887 5525 2989 5563 non
3018 5527 3142 5563 una.
3187 5508 3384 5579 Deinde
3417 5520 3523 5558 mss

1994 5576 2193 5651 Regius
2232 5595 2382 5634 num.
2430 5578 2588 5645 1659,
2625 5582 2700 5635 ita
2740 5589 2789 5636 et
2824 5580 3307 5635 misericordiarum
3342 5576 3537 5632 thesau-

1994 5667 2085 5705 rus
2107 5653 2161 5704 in
2183 5652 2295 5720 ipso
2335 5659 2433 5715 est,
2469 5660 2575 5708 etc.
