3692 6138
114 242 242 299 1205

1075 239 1430 298 COMMENT.
1471 239 1539 294 IN
1578 238 1796 295 EPIST.
1831 236 1922 292 AD
1949 235 2113 291 ROM.
2147 235 2272 288 LIB.
2308 232 2398 290 lX.

3203 234 3222 286 l
3235 232 3339 289 206

115 363 162 414 in
191 361 304 427 ipso
339 362 471 422 est,
509 356 601 412 sed
637 365 720 411 est
766 357 1116 413 absconditus
1148 376 1165 413 :
1201 375 1265 414 ne
1323 358 1460 414 forte
1509 359 1554 414 si
1605 360 1670 412 ad
1702 363 1743 418 Α
1775 357 1932 409 aliam
1971 369 2090 408 esse
2116 352 2298 406 saeculi
2329 348 2495 403 futuri
2529 356 2624 403 :et
2665 347 2710 402 si
2747 346 2838 418 qui
2871 356 2995 402 sunt
3031 347 3119 417 qui
3159 359 3341 401 amant

118 450 351 505 subitum
383 457 441 503 et
469 458 594 502 ante
631 457 843 517 tempus
871 448 1196 518 proferatur,
1220 451 1382 506 faciat
1412 466 1519 516 me,
1545 460 1599 505 et
1628 452 1671 506 si

113 545 228 611 quis
257 541 387 594 mihi
427 542 482 593 in
517 539 722 594 desidia
745 540 940 595 similis
960 555 1079 596 esse
1106 541 1369 608 voluerit,
1399 543 1674 613 negligen-

116 644 234 688 tem.
282 630 574 687 Videbitur
625 646 757 702 ergo
809 633 1076 702 praecipue
1120 634 1297 687 hostia
1350 635 1576 697 vivens,
1625 644 1675 688 et

113 736 315 783 sancta.
346 734 401 777 et
442 725 553 777 Deo
582 723 827 792 placens,
872 740 1072 793 corpus
1115 740 1237 779 esse
1286 725 1677 781 incontamina-

116 829 237 870 tum.
285 817 493 871 Verum
544 818 800 886 quoniam
847 818 1093 874 videmus
1137 819 1421 874 nonnullos
1466 830 1680 872 sancto.

114 927 247 974 rum,
278 911 498 977 aliquos
525 910 689 963 etiam
719 909 1089 979 apostolorum
1119 909 1374 965 habuisse
1403 909 1675 977 cmijugia,

115 1016 212 1054 t-ou
238 1014 633 1069 usquequaque
660 1015 945 1070 possumus
971 1000 1073 1054 hoc
1125 998 1236 1071 (6i)
1267 1000 1333 1053 de
1367 1001 1476 1053 sola
1512 1001 1676 1067 vingi-

115 1092 274 1147 nitate
295 1092 526 1155 sentire,
548 1091 794 1159 quamvis
818 1091 868 1145 in
889 1091 1258 1160 hujuscemodi
1274 1091 1466 1144 hostiis
1482 1090 1678 1143 habere

115 1181 342 1249 primum
376 1181 625 1234 ordinem
672 1181 843 1250 possit
882 1180 996 1251 (62)
1028 1199 1042 1233 :
1077 1181 1220 1234 sicut
1250 1189 1303 1234 et
1346 1182 1399 1234 in
1438 1181 1554 1249 lege
1575 1179 1676 1233 alia

115 1277 226 1325 erat
255 1270 438 1323 hostia
466 1271 786 1336 sacerdotis,
834 1271 939 1323 alia
996 1270 1278 1339 principis,
1310 1270 1410 1324 alia
1438 1271 1681 1341 Synago—

115 1377 208 1429 εῖν,
234 1372 288 1414 et
312 1361 422 1415 alia
456 1361 621 1415 unius
653 1363 848 1417 anima:
874 1362 914 1416 ³.
953 1361 1018 1414 Et
1057 1363 1305 1429 quamvis
1354 1363 1406 1416 in
1442 1363 1679 1418 Ecclesia

117 1455 282 1522 prima
337 1461 460 1522 post
516 1454 789 1522 apostolus
846 1454 1023 1507 hostia
1077 1464 1397 1524 martyrum,
1441 1457 1676 1511 secunda

118 1544 376 1613 virginum
463 1545 736 1607 videatur,
813 1544 972 1598 tertia
1040 1543 1471 1610 continentium;
1551 1555 1679 1615 puto

123 1642 290 1689 tamen
325 1636 474 1703 quod
523 1652 696 1703 neque
726 1635 801 1689 illi
833 1635 924 1704 qui
957 1635 1007 1687 in
1038 1634 1305 1704 conjugiis
1335 1636 1491 1704 positi
1525 1647 1673 1703 sunt,

1777 461 2015 518 praesens
2053 443 2334 506 saeclum,
2383 451 2438 496 et
2475 457 2539 495 ca
2587 454 2707 510 qua:
2733 449 2859 495 sunt
2892 441 2945 494 in
2984 440 3085 494 hoc
3121 441 3338 503 mundo,

1777 538 2069 593 secundum
2106 535 2338 589 formam
2374 532 2554 586 sa-culi
2605 531 2892 599 praesentis
2926 538 3216 601 aptantur:
3248 532 3340 601 qui

1777 645 1905 684 vero
1929 643 2032 682 non
2068 626 2363 695 respiciunt
2390 638 2454 677 ea
2487 638 2607 691 quae
2651 624 2921 689 videntur,
2962 624 3053 678 sed
3085 638 3202 691 quae
3233 640 3337 677 non

1776 720 2025 773 videntur
2053 727 2108 772 et
2135 729 2334 771 :eterna
2354 725 2482 769 sunt
2507 713 2572 775 ¹³,
2599 713 3052 768 lranslormautur
3089 724 3146 768 et
3180 728 3341 768 reno-

1778 818 1976 865 vantttl‘
2003 809 2068 863 ad
2100 807 2267 861 futuri
2297 805 2480 860 saeculi
2511 806 2737 859 formam
2771 823 2784 858 ε
2822 815 2878 859 et
2913 807 3039 860 inde
3076 808 3133 859 lit
3159 817 3218 860 ut
3245 820 3340 861 eos

1779 916 1882 959 non
1908 907 2167 969 agnoscat
2200 896 2290 951 hic
2322 897 2583 959 mundus,
2617 896 2710 949 sed
2741 896 2865 949 odio
2895 896 3115 959 haheat,
3142 906 3197 950 et
3220 911 3342 965 per-

1778 1001 2034 1060 sequatur
2064 993 2124 1044 ".
2153 990 2260 1044 Sed
2280 999 2577 1058 agnoscunt
2603 986 2713 1057 (67)
2738 987 2891 1041 istam
2916 987 3141 1041 formam
3169 985 3340 1056 angeli

1780 1086 1895 1146 Dei,
1949 1084 2038 1152 qui
2081 1091 2207 1136 sunt
2266 1082 2333 1135 de
2379 1079 2469 1134 illo
2504 1078 2702 1134 saeculo
2726 1087 2974 1134 venturo.
3043 1080 3107 1134 Et
3167 1081 3343 1139 simile

1779 1177 1909 1231 mihi
1972 1174 2188 1228 videtur
2240 1189 2364 1229 esse
2408 1173 2511 1226 hoc
2562 1172 2635 1227 illi
2694 1174 2841 1228 dicto
2884 1188 2993 1242 quo
3040 1174 3156 1227 ait:
3192 1172 3341 1229 Sicut

1777 1267 2099 1333 portavimus
2127 1268 2407 1335 imaginem
2435 1266 2631 1319 terreni
2655 1306 2670 1330 ,
2710 1277 2973 1329 portemus
2996 1276 3043 1319 et
3065 1268 3342 1331 imaginem

1790 1350 2010 1404 caelestis
2042 1350 2104 1402 ".
2133 1348 2264 1405 Vide
2291 1366 2420 1421 ergo
2455 1368 2524 1405 ne
2559 1352 2696 1407 forte
2731 1370 2853 1408 cum
2890 1359 3039 1413 venit
3075 1360 3150 1414 ira
3178 1362 3239 1418 in
3263 1378 3356 1418 eor

1788 1432 1964 1503 tuum,
1993 1443 2320 1498 conformem
2351 1452 2404 1498 te
2436 1444 2596 1500 faciat
2630 1446 2757 1501 huic
2782 1452 2978 1505 smculo
3008 1452 3117 1522 (68)
3159 1472 3171 1506 :
3202 1451 3357 1508 simi-

1787 1534 1910 1590 liter
1938 1545 2118 1591 autem
2145 1545 2199 1592 et
2223 1539 2657 1608 concupiscentia
2687 1542 2822 1595 mala
2844 1584 2857 1607 ,
2887 1553 2942 1598 ct
2974 1546 3215 1605 avaritia.
3245 1563 3353 1612 ca;-

1783 1640 2006 1699 teraque
2044 1630 2173 1684 vitia
2208 1631 2407 1700 quibus
2440 1644 2681 1701 praesens
2720 1630 2980 1685 smculum
3022 1630 3346 1699 delectatur,

116 1735 165 1777 et
184 1740 247 1778 ex
268 1739 545 1779 consensu
574 1724 640 1778 ad
674 1736 888 1793 tempus
928 1729 1120 1777 vacant
1155 1726 1385 1777 orationi
1421 1724 1486 1790 ιο,
1533 1727 1677 1781 velut
1708 1709 1750 1763 Β
1780 1721 2004 1775 formam
2029 1721 2122 1775 tibi
2148 1722 2328 1776 saeculi
2348 1724 2626 1791 praesentis
2650 1724 2947 1794 imponant.
2965 1722 3019 1776 Si
3038 1735 3347 1777 veroecon-

117 1814 494 1870 Nazareorum
542 1828 665 1871 vota
715 1817 1008 1882 solventes,
1059 1818 1103 1871 si
1153 1816 1204 1870 in
1250 1817 1462 1871 caeteris
1491 1826 1679 1873 sancte

121 1916 276 1977 agant
301 1918 357 1961 et
385 1907 561 1977 jnste,
589 1908 821 1976 negandi
856 1916 980 1963 Sttnl
1019 1922 1243 1975 corpora
1283 1922 1379 1961 sua
1423 1908 1679 1963 exhibere

117 2014 264 2069 posse
315 1999 547 2054 hostium
596 2003 868 2061 viventem.
900 2011 1159 2062 sanctam,
1207 1999 1312 2053 Deo
1353 2001 1678 2069 placentem;

118 2106 209 2147 nec
232 2107 448 2147 rursum
491 2108 718 2162 corpora
762 2095 1032 2163 virginum
1074 2094 1157 2147 vel
1190 2093 1606 2159 continentium,
1634 2096 1677 2148 si

118 2192 203 2236 aut
236 2183 511 2252 superbia:
551 2184 782 2247 macula,
835 2194 931 2238 aut
978 2185 1222 2239 avaritiae
1251 2185 1534 2249 sordibus,
1585 2199 1681 2242 aut

120 2272 302 2343 linguae
330 2273 637 2339 maledica,
667 2275 748 2328 vel
774 2276 1042 2329 mendacii
1066 2276 1405 2330 immnnditia
1433 2276 1680 2346 polluan-

119 2373 223 2429 tur,
257 2367 493 2421 ltostiam
550 2378 795 2422 sanctam
849 2379 905 2423 et
956 2368 1063 2422 Deo
1110 2367 1410 2439 placentem
1454 2371 1677 2439 putandi

121 2467 237 2512 sunt
286 2473 351 2511 ex
409 2459 526 2514 sola
573 2459 886 2529 virginitate
935 2461 1047 2531 (65)
1099 2459 1348 2529 corporis
1382 2460 1676 2519 obtulisse:

121 2550 238 2619 quia
267 2551 391 2604 etin
418 2552 538 2622 lege
565 2552 740 2606 hostia
769 2566 892 2607 cum
937 2552 1251 2619 oﬂ‘erretur,
1291 2553 1681 2624 inspiciebatur

120 2642 458 2699 asacerdote
491 2644 805 2714 diligentius
866 2662 970 2701 non
1018 2647 1190 2703 solum
1246 2649 1290 2704 si
1339 2665 1403 2704 ex
1466 2650 1679 2704 mundis

120 2742 253 2789 esset
302 2737 662 2803 animalibus,
714 2738 808 2792 sed
863 2753 931 2793 ne
990 2748 1085 2794 aut
1139 2741 1190 2794 in
1233 2740 1394 2795 oculo
1452 2741 1680 2796 haberet

122 2824 320 2890 vitium,
351 2829 524 2882 autin
558 2829 802 2895 auribus,
835 2838 927 2883 aut
952 2829 1005 2883 in
1032 2830 1282 2899 pedibus,
1317 2847 1383 2886 ne
1403 2832 1678 2897 claudum,

124 2931 186 2971 ne
214 2917 440 2984 luscum,
471 2934 540 2973 ne
561 2919 790 2974 surdum
825 2921 1022 2974 animal
1068 2921 1394 2993 (64)‘divino
1423 2923 1680 2979 admove-

1784 1812 1947 1868 trario
1992 1814 2363 1877 mansuetudo,
2419 1816 2704 1884 patientia,
2733 1814 2949 1877 lenitas,
2987 1816 3345 1883 continentia,

1782 1905 1936 1969 ﬁdes,
1962 1905 2189 1968 veritas,
2211 1917 2529 1975 casterzeque
2560 1909 2792 1962 virtutes
2831 1908 3072 1962 habitent
3095 1908 3146 1962 in
3179 1921 3343 1963 sensu

1778 1995 2070 2068 645nm,
2095 1996 2426 2051 conlormem
2458 2007 2508 2052 te
2538 1996 2703 2053 futuri
2730 1998 2910 2054 szeculi
2945 1999 3162 2066 facient,
3186 2009 3241 2054 et
3270 1999 3345 2053 ita

1781 2090 2057 2158 pulchram
2079 2088 2276 2143 animae
2292 2099 2394 2143 tua:
2410 2091 2647 2158 speciem
2668 2090 2915 2157 reddent,
2931 2099 2990 2145 ut
3005 2091 3235 2146 Verbum
3250 2090 3349 2145 Dei

1781 2180 1928 2250 quod
1961 2181 2246 2248 despondit
2274 2194 2393 2234 eam
2431 2183 2533 2235 sibi
2570 2183 2623 2235 in
2658 2181 3031 2239 misericordia
3055 2182 3097 2213 ¹⁶
3125 2191 3179 2237 et
3218 2183 3345 2247 tide,

1782 2274 1925 2327 dicat
1957 2274 2024 2327 ad
2065 2288 2183 2327 eam
2213 2287 2227 2325 :
2262 2270 2393 2325 Tota
2425 2289 2477 2326 es
2513 2274 2767 2342 formosa,
2798 2274 3039 2342 proxima
3065 2291 3179 2329 mea
3203 2273 3351 2347 (69),

1780 2376 1830 2418 et
1850 2365 2057 2418 macula
2079 2382 2181 2419 non
2211 2378 2285 2419 est
2318 2368 2373 2420 in
2404 2378 2454 2419 te
2469 2366 2534 2419 ¹⁷.
2566 2365 2791 2420 Intende
2829 2376 3004 2420 autem
3035 2365 3351 2436 diligentius

1780 2456 1923 2524 quod
1956 2459 2033 2511 ait
2062 2474 2076 2511 :
2110 2457 2217 2513 Sed
2249 2457 2611 2527 reformamini
2659 2459 2990 2512 renovatione
3038 2474 3223 2512 sensus
3265 2473 3346 2513 ve-

1778 2549 1878 2601 stri
1894 2548 2027 2622 (70),
2064 2560 2123 2603 ιιι
2160 2551 2412 2605 ostendat
2458 2550 2688 2604 formam
2732 2547 2950 2619 quidem
2981 2549 3302 2619 culpabilem
3331 2568 3356 2602 ι

1780 2640 1928 2708 prius
1959 2640 2103 2694 enim
2149 2639 2378 2694 formam
2433 2640 2652 2695 malitiae
2686 2640 2872 2695 habuit
2922 2640 3101 2697 omnis
3146 2642 3346 2698 anima.

1782 2728 1887 2783 Sed
1933 2730 2257 2785 adhortatur
2289 2745 2355 2786 ex
2388 2731 2493 2787 hoc
2522 2744 2702 2785 sermo
2736 2730 3084 2800 apostolicus,
3137 2743 3220 2798 ut,
3256 2733 3347 2788 illa

1780 2820 2013 2890 abiecta,
2047 2823 2114 2875 ad
2143 2822 2479 2893 singularum
2512 2822 2772 2877 virtutum
2808 2824 3042 2891 speciem
3084 2822 3349 2880 reforme-

1782 2926 1923 2974 tnur,
1955 2922 2011 2966 et
2054 2913 2128 2966 ita
2161 2913 2379 2967 demum
2416 2912 2687 2983 possimus
2720 2913 2960 2969 revelato
2992 2915 3137 2970 vultu
3164 2916 3350 2972 cordis

126 3017 263 3063 retur
290 3011 445 3065 altari
478 3012 544 3068 ¹¹.
580 3010 670 3066 Sic
704 3027 836 3083 ergo
876 3027 971 3081 per
1009 3015 1189 3067 omnia
1226 3017 1467 3069 membra
1502 3015 1681 3069 discu-
1707 3038 1749 3096 ο
1781 3005 2008 3076 gloriam
2059 3005 2269 3060 Domini
2333 3008 2598 3077 speculari
2645 3011 2716 3064 ab
2766 3008 3070 3079 huiusmodi
3111 3010 3348 3078 imagine

128 3100 246 3154 titur
287 3113 339 3157 et
383 3113 757 3172 pertractatur
813 3106 993 3159 hostia
1045 3106 1254 3170 vivens,
1309 3119 1519 3175 saneta,
1575 3108 1682 3163 Deo

127 3193 350 3261 placens,
379 3212 504 3265 qua:
540 3196 937 3251 rationabiliter
958 3196 1230 3252 oﬂerenda
1277 3209 1378 3253 est.
1424 3199 1488 3253 Et
1523 3200 1683 3255 nolite

128 3285 430 3354 conlormari
480 3290 603 3341 huic
642 3289 835 3343 stvculo
859 3306 879 3353 ;
917 3290 1008 3343 sed
1056 3290 1416 3359 reformamini
1461 3308 1684 3345 renova-

129 3375 253 3429 tione
275 3394 459 3432 sensus
495 3380 672 3443 vestri,
705 3389 763 3432 ut
793 3381 1016 3434 nrobetis
1046 3396 1166 3450 qua:
1200 3382 1267 3432 sit
1299 3380 1537 3432 voluntas
1562 3379 1682 3442 Dei,

127 3468 247 3534 quod
270 3468 483 3536 bonum,
514 3481 560 3524 et
597 3470 1004 3536 beneplacitum,
1049 3482 1096 3524 et
1134 3470 1417 3539 perfectum
1457 3472 1500 3501 “
1543 3468 1678 3541 (65).

131 3555 404 3613 Sciendum
436 3571 524 3616 est
546 3563 686 3631 quod
720 3562 773 3615 in
814 3560 1007 3617 Graeco
1049 3562 1278 3617 habetur
1314 3585 1324 3617 :
1358 3561 1428 3616 Ut
1458 3563 1682 3627 probetis

129 3663 232 3715 quis
260 3651 322 3703 sit
341 3651 582 3706 voluntas
611 3651 706 3706 Dei
730 3646 884 3717 bona,
905 3663 951 3707 et
976 3653 1321 3722 beneplacita,
1350 3661 1401 3707 et
1427 3654 1676 3722 perfecta.

132 3736 224 3792 Sed
253 3756 365 3806 nos,
399 3743 529 3811 quia
563 3757 701 3798 unus
721 3743 774 3797 in
807 3753 1035 3812 utroque
1060 3754 1237 3814 potest
1268 3759 1458 3799 sensus
1485 3745 1676 3809 videri,

131 3833 558 3888 consuetudinem
625 3836 903 3905 sequimur
968 3835 1302 3890 Latinorum.
1359 3835 1540 3890 Nolite
1586 3851 1676 3891 er-

131 3934 190 3989 go
221 3921 346 3995 (66),
392 3927 610 3995 inquit,
651 3927 975 3997 conformari
1020 3929 1145 3981 huic
1193 3931 1406 3983 stvculo.
1458 3929 1515 3983 lit
1573 3944 1681 4000 quo

129 4017 349 4073 ostendit
401 4034 526 4075 esse
562 4022 853 4091 quamdam
885 4020 1112 4077 formam
1160 4021 1320 4091 hujus
1362 4022 1581 4087 saeculi,
1631 4030 1686 4076 et

136 4147 143 4155 ’
191 4178 212 4211 ο
260 4181 427 4253 Levii.
472 4201 543 4250 ιν,
583 4186 732 4247 5.15,
774 4185 865 4246 εξ.
896 4187 964 4240 27
1014 4202 1131 4253 seq.

134 4259 208 4317 IV,
250 4252 335 4308 18.
412 4258 458 4288 ³⁸
488 4256 640 4311 Joatt.
676 4272 760 4321 xv,
810 4257 896 4322 19,
923 4257 1015 4312 30.

195 4386 296 4458 (6|)
331 4393 489 4449 Deest
512 4396 610 4449 hoc
636 4397 689 4450 in
722 4396 903 4451 editis.

201 4461 306 4537 lli?)
337 4464 501 4537 Elllll,
525 4468 669 4534 prius
690 4469 923 4520 ordinem
966 4468 1147 4537 possit.

198 4528 303 4603 (iiii)
338 4528 505 4598 Editi,
525 4528 776 4603 putanda
814 4545 934 4590 sunt
966 4528 1045 4591 ἐκ
1070 4536 1182 4591 sola
1219 4537 1541 4602 virginitate,
1565 4547 1674 4592 etc.

198 4598 300 4673 (64)
350 4603 451 4660 Ms.
488 4598 686 4673 Regius
713 4608 881 4663 tuum.
912 4606 1071 4672 1659,
1112 4616 1258 4660 recte
1277 4598 1393 4671 ,ἠδ
1423 4598 1674 4673 surdum;

136 4674 188 4721 et
217 4668 347 4746 hanc
389 4668 702 4746 lectiodem_
721 4676 1004 4731 conlirmat
1046 4668 1188 4746 quod
1234 4668 1393 4745 supra
1438 4668 1674 4741 dicitur,

138 4742 611 4816 alfbinhauribus.
662 4743 860 4801 Caneri
924 4742 1080 4801 vero'
1112 4760 1266 4808 mss.,
1300 4742 1581 4816 fliabanus
1620 4758 1674 4800 et

141 4806 253 4884 editi
286 4813 393 4877 alii,
429 4831 493 4868 ne
522 4816 723 4869 vulsum
746 4816 967 4878 animal,
988 4816 1059 4870 al.
1101 4832 1164 4869 ne
1189 4806 1427 4869 avulsum
1451 4818 1672 4884 animal,

142 4875 204 4930 al.
248 4896 308 4933 ne
331 4875 561 4938 evulsum
606 4886 823 4939 animal.
877 4875 1013 4941 Editi
1052 4887 1312 4940 omittunt
1345 4886 1565 4942 animal.

201 4946 333 5024 (65)Δ
360 4951 462 5007 Sed
496 4954 858 5024 reformamini
896 4958 949 5010 in
1004 4957 1233 5010 novitate
1278 4972 1462 5010 sensus
1496 4958 1669 5020 vestri,

144 5023 194 5095 In“
226 5021 442 5095 probetis
485 5021 603 5095 qua:
647 5027 712 5079 sit
740 5026 979 5081 voluntas
1027 5026 1142 5092 Dei,
1188 5026 1327 5089 quod
1374 5027 1586 5089 bonum,
1623 5039 1669 5079 et

146 5082 523 5169 ξενιζριᾳᾳξιᾳηί,
559 5103 610 5147 et
644 5094 950 5169 perfectum.
1008 5082 1141 5169 Haec,
1175 5082 1332 5150 verba
1355 5082 1672 5169 desiderau-

149 5161 225 5234 tur
247 5160 298 5211 in
333 5160 482 5219 libris
511 5160 667 5219 antea
705 5160 881 5220 editis.
920 5167 1083 5221 Paulo
1113 5174 1232 5233 post
1252 5180 1378 5220 vero
1425 5182 1525 5219 ius.
1560 5164 1670 5218 Re-

147 5237 255 5306 gltts
283 5244 445 5306 natm
488 5234 624 5306 1659
660 5236 841 5299 habet,
870 5235 973 5290 Sed
1020 5251 1114 5289 nos
1153 5238 1419 5305 signemus
1459 5236 1668 5304 quidem

147 5300 257 5359 quid
289 5303 392 5375 _sitA
429 5305 486 5358 in
530 5302 753 5370 Grieco;
795 5300 1226 5360 consuetudinem
1273 5300 1670 5375 tamen'sequi-

149 5375 254 5416 mur
282 5367 604 5429 Latinorum.

213 5433 316 5511 (66)
367 5441 526 5513 Ergo.
570 5444 850 5501 Omittitur
900 5445 952 5498 in
998 5443 1164 5500 editis
1193 5454 1249 5500 et
1295 5446 1348 5500 in
1410 5443 1678 5514 plerisque

152 5513 293 5584 insi...
357 5528 560 5584 necnon
597 5524 653 5570 et
697 5516 836 5584 apud
880 5515 1198 5584 Rabauum,
1243 5518 1338 5571 sed
1374 5513 1682 5571 restituitur

153 5580 330 5652 uitis.
365 5582 527 5652 Regio
559 5600 707 5639 num.
734 5580 905 5640 1659.

214 5642 318 5713 (67)
374 5642 498 5710 Μδέ.
533 5655 774 5724 plerique
796 5694 812 5724 ,
854 5656 1106 5714 [tabanus
1126 5664 1182 5713 et
1203 5655 1682 5728 editi,agnoscant.

1238 4187 1282 4219 ὀ
1312 4186 1353 4241 ll
1390 4186 1518 4242 Cor.
1550 4202 1647 4255 vit,
1670 4187 1722 4240 5.

1096 4258 1139 4289 ¹³
1181 4255 1199 4310 l
1231 4257 1357 4314 Cor.
1390 4272 1484 4324 xv,
1510 4256 1600 4313 46.
1677 4258 1722 4289 ⁸⁸
1743 4256 1883 4314 Osee
1924 4272 1984 4321 ll,
2028 4256 2113 4311 19.

1783 3098 2180 3153 translormati.
2217 3100 2501 3166 Quomodo
2530 3110 2710 3155 autem
2749 3100 2802 3155 in
2844 3103 2959 3156 haec
2989 3100 3347 3156 transforme«

1783 3206 1905 3243 mttr
1954 3192 2067 3258 ipse
2113 3193 2307 3247 edocet
2354 3193 2583 3249 dicens:
2620 3192 2977 3248 Renovatione
3016 3210 3202 3249 sensus
3252 3211 3341 3249 se-

1780 3281 2029 3352 stri(7l).
2062 3282 2370 3339 Renovatur
2405 3297 2582 3340 autem
2626 3299 2820 3340 sensus
2851 3295 3033 3341 noster
3057 3299 3151 3355 per
3187 3301 3348 3341 exer-

1781 3373 1910 3428 citia
1940 3376 2238 3445 sapientiae,
2273 3386 2329 3431 et
2362 3378 2766 3432 meditationem
2797 3377 2946 3432 verbi
2979 3377 3093 3444 Dei,
3124 3386 3181 3431 et
3210 3377 3348 3445 legis

1780 3464 1896 3535 ejus
1936 3465 2345 3538 intelligentiam
2372 3469 2670 3539 spiritalem
2702 3488 2715 3525 :
2742 3479 2799 3525 et
2829 3480 3034 3540 quanto
3064 3473 3187 3542 quis
3213 3487 3350 3542 quo-

1783 3555 1915 3611 tidie
1966 3572 2033 3611 ex
2089 3559 2761 3631 Scripturarumlprolicit
2817 3563 3087 3627 lectione,
3141 3572 3345 3632 quanto

1783 3651 1950 3710 altius
1980 3651 2286 3708 intellectus
2317 3651 2434 3719 ejus
2467 3655 2695 3719 accedit,
2746 3665 2894 3710 tanto
2936 3670 3149 3725 semper
3176 3670 3348 3713 novus

1783 3758 1839 3804 et
1886 3746 2128 3817 quotidie
2171 3761 2346 3802 novus
2388 3746 2779 3818 eﬂtcitur(72).
2829 3747 3024 3803 Nescio
3067 3759 3249 3803 autem
3297 3750 3346 3806 si

1783 3849 1962 3909 potest
1989 3829 2235 3894 renovari
2286 3853 2475 3894 sensus
2504 3840 2594 3909 qui
2636 3840 2791 3910 piger
2822 3848 2906 3893 est
2935 3855 3062 3910 erga
3102 3831 3350 3909 Scriptu-

1786 3945 1877 3985 ras
1928 3929 2141 3984 divinas
2199 3939 2254 3984 et
2313 3928 2681 4000 intelligentiae
2737 3931 2999 4000 spiritalis
3056 3933 3342 3997 exercitia,

1789 4020 1992 4093 quibus
2041 4021 2212 4091 possit
2266 4036 2371 4075 non
2419 4021 2591 4077 solum
2620 4022 2922 4092 intelligere
2968 4037 3088 4092 quae
3142 4023 3344 4092 scripta

1802 4187 1842 4218 "
1868 4185 2040 4241 Levit.
2066 4186 2272 4247 xmjl
2310 4200 2462 4254 seqq.
2544 4187 2586 4220 “
2624 4186 2779 4242 Rom.
2809 4202 2909 4250 sit,
2939 4186 2992 4241 2.
3071 4185 3178 4240 "ll
3219 4185 3353 4243 Cor.

2193 4256 2235 4288 "’
2261 4255 2418 4312 Cant.
2461 4270 2537 4323 tv,
2588 4256 2641 4310 7.

1707 4400 1753 4456 D
1783 4397 2002 4452 Rectius
2039 4410 2144 4450 ms.
2187 4410 2362 4460 unus,
2399 4404 2713 4464 agnoscunt.

1850 4466 1966 4538 (68)
2027 4465 2129 4538 Sic_
2170 4478 2361 4521 omnes
2404 4481 2532 4520 mss.
2575 4475 2630 4538 et
2680 4466 2954 4522 Rabanus.
2998 4464 3134 4538 Editi
3173 4480 3344 4525 vero:

1789 4535 1949 4591 Vide
1983 4553 2046 4591 ne
2102 4535 2247 4606 forte,
2286 4552 2407 4588 cum
2453 4536 2648 4588 venerit
2694 4538 2846 4606 ira...
2914 4536 3255 4606 conformem,
3292 4544 3346 4594 te

1778 4608 1946 4676 facias
1983 4604 2173 4676 (editio
2209 4605 2413 4676 Veneta
2483 4606 2713 4672 facient;
2752 4604 3006 4659 Rabanus
3041 4605 3342 4676 faciunt)...

1776 4673 2025 4731 similiter
2056 4686 2102 4730 et
2138 4673 2562 4748 concupiscentia
2588 4677 2819 4730 malam.
2862 4688 2908 4729 et
2933 4686 3125 4730 cauere
3152 4673 3342 4748 quibus

1780 4762 2007 4814 pra'sens
2045 4747 2316 4805 siccatum,
2355 4754 2465 4800 etc.

1851 4817 1963 4883 (69)
2005 4816 2164 4880 Editi,
2215 4814 2386 4868 amica
2419 4830 2552 4877 mea,
2588 4813 2746 4870 male.

1849 4886 1962 4957 (70)
1991 4884 2081 4957 Sic
2106 4901 2204 4940 tus.
2237 4884 2434 4952 Regius
2459 4900 2604 4942 nutu.
2633 4884 2790 4942 1659.
2816 4885 2958 4941 ΕιΙῑιί
2989 4901 3121 4943 vero
3150 4896 3205 4943 et
3234 4886 3344 4941 Ra-

1781 4956 1974 5017 banus,
1999 4956 2054 5009 in
2080 4958 2309 5009 novitate
2346 4969 2526 5009 sensus
2559 4957 2737 5010 vestri.
2761 4957 2953 5011 Caeteri
2996 4972 3150 5019 mss.,
3180 4974 3341 5010 reno-

1776 5026 1982 5080 vatione
2010 5026 2066 5078 in
2100 5025 2328 5079 novitate
2356 5040 2538 5078 sensus
2569 5026 2742 5080 vestri.
2772 5025 2975 5081 Deinde
2999 5043 3130 5081 mss.
3164 5028 3337 5081 nostri

1776 5110 1966 5166 omnes
1987 5104 2044 5166 et
2065 5095 2343 5166 Rabanus,
2375 5093 2445 5148 Ut
2465 5097 2701 5149 ostendat
2725 5098 2850 5166 quia
2871 5097 3092 5164 formam
3129 5096 3341 5163 quidem

1773 5164 2084 5234 culpabilem
2115 5165 2264 5234 prius
2289 5164 2515 5233 formam
2546 5164 2786 5231 malitia,
2817 5177 2922 5222 etc.
2960 5166 3180 5220 Rectius
3213 5180 3342 5219 vero

1774 5235 1902 5291 editi
1931 5235 2056 5289 utin
2075 5247 2260 5290 neStro
2276 5244 2446 5290 testu.
2466 5236 2866 5302 Genebrardus,
2893 5251 2991 5305 pro
3011 5234 3343 5305 culpabilem,

1775 5318 2061 5376 perperam
2098 5305 2265 5376 habet
2294 5305 2637 5373 probabilem.

1859 5374 1971 5446 (Ἡ)
2001 5376 2164 5446 Editi,
2195 5374 2265 5429 1η
2299 5377 2627 5430 renovatione
2660 5392 2838 5431 sensus
2871 5376 3054 5429 nostri.

1858 5444 1968 5516 (72)
2000 5445 2160 5516 Editi,
2201 5455 2250 5499 et
2305 5456 2558 5516 quantum
2617 5448 2734 5515 quis
2783 5447 3104 5515 quotidie....
3142 5452 3343 5516 quanto

1789 5514 1958 5570 altius
1980 5514 2275 5591 intellectus
2309 5514 2523 5591 incedit,
2558 5514 2701 5591 tanta
2731 5514 2929 5591 semper
2974 5530 3135 5591 novus
3156 5514 3343 5591 imagis
3380 5542 3388 5591 ἶ

1790 5596 1837 5640 et
1869 5586 2097 5654 quotidie
2123 5586 2305 5639 novior
2324 5585 2563 5654 efﬁcitur.
2584 5586 2780 5639 Deinde
2804 5598 2936 5654 mss.
2962 5587 3201 5652 quidam,
3239 5586 3279 5638 Δ
3292 5603 3347 5637 e-

1791 5653 1902 5711 scio
1928 5665 2101 5712 autem
2123 5657 2168 5710 si
2193 5653 2436 5711 renovari
2464 5663 2629 5722 potest
2654 5671 2809 5711 sensu
2831 5653 2920 5726 qui
2945 5655 3089 5727 piger
3114 5667 3214 5726 est,
3237 5666 3344 5711 etc.
