3692 6138
355 245 488 299 1207

1770 243 2087 300 ORIGENIS

3441 239 3568 294 1203

345 375 493 428 sunt,
524 376 710 416 verum
745 367 800 415 et
830 359 1101 428 explicare
1148 363 1388 430 apertius
1413 362 1551 432 (75),
1584 371 1639 416 ει
1674 363 1907 416 manife-
1937 365 1984 418 A
2011 359 2102 414 Dei
2143 361 2254 412 haec
2297 358 2436 412 bona
2470 365 2574 421 est,
2622 365 2676 409 et
2717 353 3076 422 beneplacita,
3111 359 3274 422 atque
3307 354 3564 421 perfecta;

345 465 492 510 stare
520 453 850 523 diligentius.
888 452 1072 507 Potest
1105 460 1287 508 tamen
1334 455 1450 508 lieri
1485 463 1544 508 ut
1585 469 1691 509 non
1729 455 1908 508 omnis

345 561 538 601 sensus
571 545 622 598 in
648 546 747 597 hoc
779 544 950 611 possit
978 545 1245 608 renovari,
1277 553 1335 598 ut
1366 545 1640 613 agnitione
1668 545 1909 600 scientia

345 635 620 689 dilatetur.
653 633 831 688 Potest
858 634 1002 687 enim
1029 638 1278 689 renovari
1311 650 1504 691 sensus
1529 638 1594 690 ad
1615 637 1907 706 justitiam,

344 730 410 780 ad
445 727 860 789 continentiam,
891 727 957 780 ad
996 727 1449 790 misericordiam,
1483 727 1669 793 ﬁdem,
1698 730 1914 799 patien-

344 818 496 871 tiam.
535 817 640 872 Sed
689 819 810 872 vide
841 819 971 887 quid
1008 819 1060 872 in
1112 819 1464 888 sequentibus
1508 820 1634 875 huic
1677 836 1909 875 renova-

343 910 475 964 tioni
536 925 729 964 sensus
792 912 1055 982 adiungat
1101 913 1412 982 Apostolus.
1450 911 1516 966 Ut
1550 913 1799 982 probetis,
1829 915 1910 966 in-

339 1001 458 1070 quit
475 1000 607 1071 (τι),
621 1018 737 1071 quae
751 1003 814 1054 sit
833 1005 1072 1056 voluntas
1090 1003 1208 1068 Dei,
1227 1004 1365 1073 quod
1378 1004 1589 1067 bonum,
1607 1015 1651 1056 et
1669 1005 1908 1070 benepla-

342 1093 528 1157 citum,
551 1103 596 1145 et
625 1094 927 1162 perfectum.
957 1094 1022 1148 Et
1054 1095 1239 1162 utique
1268 1095 1370 1148 nisi
1398 1094 1464 1148 ad
1489 1109 1704 1149 omnem
1733 1095 1908 1148 scien-

340 1184 472 1236 tiam
520 1195 810 1239 renovatus
841 1186 908 1239 sit
951 1201 1167 1250 sensus,
1215 1196 1271 1240 et
1319 1195 1461 1239 totus
1509 1185 1602 1239 Dei
1642 1185 1909 1252 sapientia-

343 1272 699 1336 illuminatus,
743 1277 979 1344 probare
1033 1292 1134 1330 non
1172 1287 1350 1346 potest
1381 1292 1502 1346 qua:
1545 1278 1615 1331 sit
1659 1275 1907 1330 voluntas

342 1361 458 1416 Dei.
501 1364 554 1416 ln
593 1365 777 1418 multis
819 1366 961 1418 enim
1007 1375 1226 1434 putatur
1268 1380 1391 1420 esse
1423 1365 1672 1419 voluntas
1709 1365 1823 1431 Dei,
1852 1372 1907 1416 et

343 1468 446 1506 non
479 1464 581 1508 est.
613 1456 670 1508 In
701 1469 808 1524 quo
848 1456 900 1508 hi
949 1456 1141 1523 utique
1180 1455 1268 1524 qui
1305 1469 1522 1509 sensum
1563 1470 1667 1507 non
1706 1454 1912 1507 habent

342 1555 680 1610 renovatum,
721 1554 908 1599 errant
948 1555 999 1600 et
1036 1544 1313 1600 falluntur.
1355 1547 1448 1600 Est
1485 1555 1662 1600 autem
1716 1560 1904 1599 revera

340 1649 448 1689 non
484 1634 850 1707 cujuscunque
897 1652 1089 1692 sensus
1117 1638 1252 1709 (75),
1294 1639 1389 1693 sed
1441 1638 1598 1694 valde
1634 1638 1902 1699 renovati,

2015 459 2070 503 et
2103 464 2208 503 non
2242 448 2364 502 talis
2393 463 2512 516 qua:
2537 448 2707 516 magis
2736 447 3024 501 desideriis
3057 445 3256 500 nostris
3282 445 3564 516 indulgeat,

2014 557 2172 611 quam
2222 541 2545 595 utilitatibus
2593 538 2867 594 consulat.
2911 537 3018 593 Sed
3064 536 3174 605 jam
3205 535 3273 591 ad
3304 542 3565 607 sequentia

2016 643 2417 688 convertamur.

2081 725 2138 778 2.
2171 724 2298 778 Dico
2342 726 2481 778 enim
2525 741 2619 791 per
2659 725 2920 793 gratiam,
2971 742 3088 792 qua:
3130 727 3260 778 data
3307 735 3383 778 est
3431 725 3565 788 milii,

2015 817 2252 870 omnibus
2295 818 2386 885 qui
2423 826 2542 869 sunt
2587 817 2725 870 inter
2770 833 2858 870 vos
2896 835 2916 870 :
2953 835 3055 870 non
3095 819 3214 887 plus
3254 834 3436 886 sapere
3469 818 3568 889 (79)

2014 923 2172 977 quam
2205 915 2404 973 oportet
2444 923 2626 974 sapere
2651 946 2668 972 ,
2720 907 2809 959 sed
2866 923 3050 973 sapere
3089 911 3158 961 ad
3208 910 3569 962 sobrietatem:

2013 1000 2295 1067 unicuique
2337 999 2468 1050 sicut
2509 997 2684 1050 divisit
2737 996 2877 1050 Deus
2916 1014 3211 1058 mensuram
3244 998 3395 1065 ﬁdei.
3434 995 3570 1050 Sicut

2013 1090 2151 1142 enim
2212 1089 2268 1140 in
2317 1104 2420 1140 uno
2476 1103 2690 1154 corpore
2769 1090 2935 1141 multa
2999 1092 3232 1141 membra
3297 1088 3571 1152 habemus,

2013 1180 2241 1232 membra
2284 1190 2458 1232 autem
2504 1180 2680 1231 omnia
2731 1195 2832 1232 non
2866 1179 3101 1233 eumdem
3137 1191 3317 1232 actum
3354 1179 3571 1232 habent:

2012 1272 2087 1322 ita
2122 1270 2273 1322 multi
2321 1286 2484 1322 unum
2521 1286 2711 1339 corpus
2754 1287 2935 1323 sumus
2979 1273 3033 1324 in
3077 1270 3328 1334 Christo;
3385 1270 3572 1339 singuli

2013 1370 2186 1414 autem
2211 1359 2350 1413 alter
2379 1361 2599 1414 alterius
2624 1362 2852 1414 membra
2866 1362 2931 1414 ’°.
2960 1362 3249 1416 Sciendum
3272 1363 3452 1429 primo
3477 1372 3572 1424 est,

2012 1454 2153 1520 quod
2184 1454 2269 1508 ubi
2291 1469 2385 1507 nos
2413 1453 2699 1517 habemus,
2719 1455 2960 1508 omnibus
2981 1455 3071 1524 qui
3090 1466 3209 1507 sunt
3241 1457 3379 1507 inter
3399 1470 3506 1518 vos,
3524 1454 3573 1508 in

2012 1542 2201 1598 Graeco
2255 1545 2501 1610 habetur,
2547 1546 2688 1597 omni
2722 1547 2812 1614 qui
2858 1555 2932 1598 est
2971 1546 3025 1598 in
3084 1547 3246 1598 vobis.
3271 1545 3374 1612 Qui
3405 1560 3575 1599 sermo

2013 1636 2198 1705 utique
2239 1637 2305 1688 ad
2349 1651 2442 1690 eos
2475 1637 2675 1690 iudicat
2719 1637 2946 1689 verbum
2993 1635 3129 1697 ﬁeri,
3168 1637 3257 1705 qui
3297 1651 3424 1690 eum
3460 1645 3576 1691 ante

338 1738 394 1780 et
420 1727 501 1796 (ut
530 1728 600 1780 ita
631 1729 831 1801 dicam)
865 1731 930 1783 ad
963 1730 1055 1783 Dei
1099 1729 1213 1797 jam
1260 1731 1551 1801 imaginem
1601 1729 1904 1794 reformati,
1938 1728 1981 1782 B
2012 1743 2114 1782 non
2145 1726 2365 1792 fuerint,
2419 1742 2559 1781 nunc
2607 1741 2728 1781 esse
2772 1736 3076 1794 coeperunt.
3129 1727 3276 1781 Deus
3323 1727 3496 1791 enim,
3522 1736 3576 1780 ut

341 1820 572 1884 probare
616 1821 668 1875 in
723 1823 951 1897 singulis
996 1824 1306 1892 quibusque
1349 1837 1472 1892 quae
1519 1823 1750 1892 agimus,
1787 1837 1906 1892 quae

341 1912 632 1980 loquimur,
678 1928 798 1980 qua:
842 1915 1161 1984 cogitamus,
1203 1916 1244 1968 si
1277 1915 1349 1968 sit
1390 1914 1640 1968 voluntas
1692 1915 1820 1980 Dei;
1854 1926 1908 1969 et

342 2003 478 2057 nihil
524 2006 744 2060 omnino
784 2005 868 2058 vel
908 2019 1093 2074 agere,
1143 2005 1228 2059 vel
1272 2006 1474 2067 dicere,
1530 2006 1610 2058 vel
1668 2007 1908 2076 cogitare

341 2095 483 2161 quod
511 2095 776 2148 voluntati
843 2097 931 2150 Dei
982 2111 1089 2149 non
1143 2096 1379 2149 senserit
1431 2100 1744 2149 convenire.
1777 2095 1910 2159 Qua:

341 2185 428 2249 sit,
467 2185 658 2253 inquit,
690 2185 935 2240 voluntas
975 2185 1091 2250 Dei,
1131 2186 1273 2255 quod
1305 2187 1517 2250 bonum,
1548 2199 1592 2240 et
1619 2187 1908 2256 beneplaci-

342 2289 473 2342 tum,
503 2287 552 2330 et
587 2278 893 2346 perfectum.
931 2276 987 2331 Si
1029 2278 1326 2333 secundum
1359 2279 1461 2332 hoc
1492 2277 1733 2346 legamus
1761 2279 1904 2346 quod

343 2367 397 2418 in
433 2365 642 2418 Latinis
691 2364 969 2420 codicibus
1009 2366 1334 2428 invenimus,
1383 2367 1472 2421 hic
1515 2367 1619 2420 erit
1667 2382 1903 2421 sensus:

340 2455 474 2520 Quia
511 2455 757 2510 voluntas
794 2455 887 2510 Dei
937 2466 1019 2512 est
1065 2458 1327 2526 quidquid
1369 2460 1592 2524 bonum,
1639 2469 1694 2512 et.
1740 2461 1906 2513 liene--

340 2547 620 2612 placitum,
650 2557 704 2602 et
730 2548 1025 2616 perlectum
1052 2558 1134 2602 est
1152 2549 1262 2618 (76)
1289 2567 1301 2602 :
1331 2564 1428 2603 nec
1450 2551 1905 2621 potest(77)a|iud

339 2638 479 2692 velle
525 2638 686 2706 Deus,
734 2641 832 2694 ιιὶἐί
889 2642 1030 2710 quod
1072 2642 1270 2695 bonum
1303 2652 1388 2695 est
1415 2659 1429 2694 :
1456 2651 1509 2696 et
1539 2643 1728 2708 utique
1761 2642 1911 2710 quod-

344 2729 545 2782 bonum
585 2741 752 2785 estet
794 2733 1115 2801 perlectum,
1149 2735 1268 2787 sine
1301 2734 1462 2788 dubio
1509 2734 1613 2788 hoc
1651 2735 1756 2789 Deo
1789 2735 1905 2803 pla-

348 2829 454 2872 cet.
507 2820 563 2873 Si
609 2836 736 2876 vero
780 2823 1074 2876 secundum
1132 2824 1235 2877 hoc
1285 2826 1428 2892 quod
1473 2824 1709 2876 diximus
1766 2825 1906 2892 apud

339 2909 560 2964 Graecos
589 2911 797 2977 haberi,
829 2913 878 2966 id
923 2924 1007 2967 est
1048 2926 1102 2967 ut
1145 2915 1370 2981 probetis
1404 2931 1521 2984 quae
1549 2916 1616 2968 sit
1667 2917 1906 2972 voluntas

339 2999 439 3056 Dei
468 3001 622 3066 bona,
657 3013 703 3056 et
731 3003 1074 3073 beneplacita,
1101 3016 1147 3057 et
1181 3005 1432 3074 perfecta,
1466 3016 1645 3074 potest
1683 3009 1902 3076 quidem

340 3091 482 3144 idem
506 3093 646 3160 quod
687 3107 849 3162 supra
881 3095 1136 3160 diximus,
1181 3095 1376 3159 videri,
1407 3097 1549 3164 quod
1579 3097 1691 3170 (78)
1725 3099 1904 3153 omnis

343 3181 585 3236 voluntas
619 3183 712 3238 Dei
744 3185 880 3238 bona
911 3186 1005 3249 sit,
1043 3196 1097 3240 et
1149 3186 1513 3256 beneplacita,
1553 3196 1610 3242 et
1639 3189 1902 3258 perfeCta.

337 3271 525 3327 Potest
554 3285 734 3330 autem
761 3286 815 3330 et
847 3277 952 3331 tale
976 3278 1180 3347 aliquid
1213 3279 1265 3332 in
1297 3281 1381 3334 his
1407 3283 1751 3336 sermonibus
1779 3297 1906 3336 sen-

339 3363 452 3427 tiri,
488 3365 614 3432 quia
658 3366 752 3420 Dei
791 3368 1007 3435 quidem
1055 3369 1305 3423 voluntas
1349 3385 1564 3439 semper
1605 3373 1744 3426 bona
1789 3383 1900 3437 εει,

338 3456 432 3508 sed
467 3471 573 3510 non
606 3471 819 3526 semper
851 3459 987 3512 bona
1017 3460 1133 3528 ejus
1160 3460 1436 3516 voluntate
1462 3463 1762 3530 dispensari
1793 3479 1906 3519 me-

339 3561 546 3615 remur,
576 3564 750 3619 neque
779 3551 1113 3619 heneplacita
1147 3561 1202 3606 et
1237 3552 1496 3619 perlecta.
1524 3555 1685 3609 Verbi
1716 3572 1900 3625 causa,

337 3649 398 3690 ut
429 3652 722 3710 ungeretur
750 3643 879 3697 Saul
915 3646 966 3698 in
1018 3661 1194 3715 regem
1251 3647 1352 3700 fuit
1400 3649 1613 3718 quidem
1646 3652 1902 3706 voluntas

339 3730 458 3794 Dei,
481 3733 576 3787 sed
608 3749 713 3788 non
746 3734 1106 3805 beneplaeita,
1147 3754 1321 3808 neque
1359 3742 1621 3810 perfecta.
1655 3745 1902 3799 lraseeus

337 3821 485 3875 enim
508 3823 722 3892 populo,
752 3827 842 3894 qui
876 3827 1200 3883 refutaverat
1232 3830 1397 3884 Deum
1427 3834 1627 3887 habere
1655 3851 1816 3904 super
1846 3852 1906 3891 se

338 3928 543 3982 regem,
572 3930 750 3984 regem
781 3919 858 3972 eis
888 3921 1160 3975 hominem
1188 3923 1352 3992 jussit
1385 3925 1593 3979 institui
1614 3926 1677 3980 ¹⁸.
1713 3925 1817 3983 Sed
1852 3937 1906 3982 et

337 4005 606 4074 Propheta
651 4025 717 4063 ex
770 4026 995 4078 persona
1035 4014 1125 4067 Dei
1175 4016 1305 4069 dicit
1337 4035 1350 4069 :
1381 4015 1574 4071 Dimisi
1606 4035 1694 4072 eos
1721 4036 1905 4073 secun-

338 4098 465 4150 dum
494 4099 753 4153 desideria
795 4105 967 4158 cardts
1009 4122 1211 4169 eorum,
1244 4117 1298 4159 ut
1346 4108 1478 4162 irent
1509 4111 1564 4162 in
1603 4111 1904 4170 cupiditati-

341 4193 434 4243 bus
469 4193 664 4246 suis”.
698 4193 788 4248 Sic
837 4209 965 4264 ergo
1011 4197 1299 4266 aliquando
1331 4202 1389 4254 lit
1419 4201 1667 4258 voluntas
1707 4203 1796 4256 Dei
1848 4205 1901 4256 in

339 4285 426 4338 his
477 4286 527 4338 iu
577 4289 768 4355 quibus
802 4289 1236 4358 concupiscimus
1269 4303 1324 4347 et
1360 4295 1730 4348 desideramus
1759 4310 1774 4348 :
1807 4297 1900 4351 sed

338 4379 427 4445 qui
467 4391 754 4434 renovatus
796 4393 879 4436 est
914 4400 1096 4448 sensu,
1128 4388 1360 4454 probare
1388 4389 1551 4443 debet
1577 4391 1620 4443 si
1651 4391 1900 4445 voluntas

412 4471 496 4547 _“’l
536 4473 664 4540 Reg.
692 4489 787 4536 vn,
824 4475 853 4525 7
883 4492 996 4547 seq.
1080 4479 1122 4510 ¹⁹
1147 4479 1347 4534 Psalm.
1372 4495 1534 4545 Lxxx,
1559 4482 1645 4536 1'5.

336 4541 506 4598 lCor.
535 4557 596 4605 ιι,
622 4547 675 4596 4.

409 4635 518 4705 (75)
561 4636 728 4708 βιιὶιί,
760 4657 822 4692 ea
849 4642 1114 4708 applicare
1143 4644 1395 4704 apertius.

408 4709 516 4776 (7A)
550 4705 746 4776 Inquit.
784 4705 943 4783 Deest
984 4714 1034 4763 iu
1075 4714 1234 4766 editis
1281 4724 1332 4766 et
1382 4716 1432 4766 in
1484 4715 1723 4783 pluribus
1755 4734 1887 4773 mss.

341 4791 550 4829 necnon
599 4783 738 4844 apud
791 4781 1091 4842 ltabauuin.
1125 4784 1218 4836 sed
1251 4781 1554 4838 restituitur
1582 4802 1651 4840 ex
1683 4788 1892 4843 duobus

339 4863 466 4900 mss.
506 4847 708 4921 ltegiis.
752 4847 956 4904 Deinde
1005 4869 1134 4905 mss.
1165 4852 1406 4921 plerique
1432 4865 1484 4907 et
1510 4855 1663 4916 editi,
1699 4856 1764 4909 Et
1789 4859 1894 4911 uti-

335 4933 433 4994 que
473 4919 573 4970 nisi
608 4917 676 4969 ad
718 4935 891 4973 omnes
925 4917 1224 4994 (βειιειιιιε.
1277 4917 1346 4976 ad
1379 4925 1576 4994 omnia)
1616 4937 1893 4983 renovatus

335 4987 400 5066 sit
425 5004 626 5066 sensus,
661 4999 708 5042 et
735 4991 1209 5066 totus_(Ral)aiitt§,
1247 5002 1297 5066 et
1336 4994 1464 5066 tota)
1511 4987 1606 5066 Dei
1637 5000 1895 5064 sapientia

334 5056 687 5119 illuminatus,
723 5056 968 5132 ele._Scd
1000 5078 1128 5117 mss-
1158 5063 1353 5132 Regius
1396 5056 1543 5118 num.
1571 5056 1725 5125 1659,
1759 5077 1816 5120 ιιι
1844 5069 1894 5121 in

334 5138 522 5204 nostro
557 5137 729 5204 textu,
761 5129 861 5204 nisi
902 5134 1041 5204 quod
1087 5147 1185 5200 pro
1220 5129 1267 5204 et
1320 5144 1458 5188 totus
1490 5135 1587 5188 Dei
1617 5138 1895 5204 sapientia,

337 5196 537 5272 habeat
564 5208 609 5272 et
651 5200 725 5251 ita
767 5196 1179 5272 Deisapientia.
1221 5202 1386 5257 Paulo
1429 5217 1547 5272 post
1594 5196 1722 5259 vero
1753 5196 1894 5260 idern

274 5311 283 5319 .
339 5281 441 5345 ius.
466 5269 664 5345 liegius
689 5281 742 5345 et
765 5271 890 5323 editi
913 5272 1125 5345 habent
1145 5288 1369 5345 numero
1396 5269 1677 5345 singulari,
1708 5277 1762 5330 in
1792 5294 1894 5345 quo

337 5336 382 5412 i‘s
407 5340 591 5412 utique
611 5341 704 5408 qui
735 5357 940 5393 sensum
978 5358 1079 5394 non
1107 5342 1260 5395 habet
1299 5336 1618 5406 renovaium,
1651 5336 1816 5412 errat,
1845 5355 1895 5400 et

339 5405 577 5471 fallitur;
602 5405 692 5464 s'cd
723 5414 902 5466 cancri
935 5427 1065 5466 mss.
1094 5423 1147 5466 et
1170 5412 1423 5469 Rabanus
1448 5405 1729 5484 pluraliter
1758 5405 1815 5470 ut
1841 5419 1892 5471 in

340 5485 524 5530 ΠοδίΓο
563 5489 727 5534 textu.

562 5549 724 5621 Etliti,
757 5568 856 5604 non
884 5552 1135 5621 cujusque
1163 5569 1364 5608 sensus.

414 5617 532 5696 (2'6)
558 5617 956 5696 Since-undavit
997 5624 1094 5696 liae
1136 5624 1365 5692 legamus
1407 5625 1545 5696 quod
1592 5628 1645 5680 in
1688 5627 1888 5680 Latinis

345 5689 607 5742 codicibus
630 5690 944 5758 invenimus,
985 5695 1066 5746 hic
1107 5689 1200 5748 erit
1238 5689 1457 5750 sensus:
1483 5695 1619 5760 Quia
1637 5698 1884 5751 ‘voluntas

1723 4483 2074 4546 "Romam,
2117 4483 2150 4535 5
2199 4496 2312 4550 seq.

2010 1821 2149 1874 idem
2177 1819 2468 1889 Apostolus
2492 1819 2604 1890 (80)
2639 1821 2795 1883 ait",
2830 1829 2978 1874 uocat
3003 1835 3120 1890 qum
3151 1837 3255 1874 non
3289 1831 3434 1885 sunt,
3465 1831 3574 1874 tau-

2007 1927 2163 1980 quam
2195 1927 2311 1979 (μιτε
2338 1921 2478 1964 sunt.
2522 1910 2689 1982 65.6
2715 1909 2828 1964 Non
2860 1921 2985 1965 sunt
3012 1922 3187 1964 autem
3215 1912 3267 1964 hi
3294 1912 3388 1979 qui
3418 1912 3575 1980 parti-

2009 2002 2156 2070 cipes
2207 2016 2310 2054 non
2371 2013 2495 2055 sunt
2546 2003 2662 2069 ejus
2700 2002 2794 2070 qui
2838 2017 2967 2055 vere
3019 2013 3126 2068 est,
3177 2004 3268 2071 qui
3323 2003 3462 2058 dixit
3513 2003 3573 2056 ad

2009 2093 2296 2162 Moysen”
2327 2111 2339 2146 :
2377 2093 2478 2146 Dic
2506 2093 2636 2159 ﬁliis
2667 2092 2840 2147 Israel
2864 2093 2976 2163 (81)
3013 2110 3026 2147 :
3056 2091 3162 2158 Qui
3185 2107 3285 2157 est,
3325 2095 3468 2148 misit
3501 2109 3575 2150 ms

2008 2185 2076 2236 ad
2113 2202 2220 2237 vos.
2255 2184 2407 2248 Quod
2440 2200 2567 2252 ergo
2600 2185 2676 2236 ait
2711 2183 2906 2236 Paulus
2939 2201 2950 2237 :
2986 2183 3114 2238 Dico
3152 2186 3292 2239 enim
3339 2188 3575 2242 omnibus

2006 2276 2095 2343 qui
2125 2286 2245 2329 sunt
2279 2276 2416 2328 inter
2449 2292 2567 2340 vos;
2616 2277 2720 2339 vel,
2762 2286 2821 2328 ut
2866 2275 2918 2328 in
2971 2275 3174 2330 Graecis
3221 2277 3410 2332 haberi
3443 2277 3571 2331 dixi-

2011 2382 2152 2431 mus,
2183 2370 2323 2420 omni
2352 2369 2441 2437 qui
2467 2381 2541 2421 est
2573 2372 2626 2420 in
2654 2368 2815 2428 vobis,
2852 2369 3025 2422 simile
3051 2379 3132 2423 est
3165 2385 3228 2423 ac
3263 2371 3306 2422 si
3337 2370 3569 2425 diceret:

2009 2459 2138 2512 Dico
2181 2459 2318 2511 enim
2367 2460 2512 2513 omni
2551 2459 2641 2528 qui
2685 2459 2736 2512 in
2786 2459 2893 2513 Deo
2936 2470 3038 2525 est,
3094 2477 3196 2513 non
3235 2460 3357 2527 plus
3396 2477 3572 2529 sapere

2005 2568 2161 2622 quam
2202 2559 2398 2618 Oportet
2435 2567 2638 2619 sapere.
2689 2549 3071 2605 Verumtamen
3125 2553 3422 2607 videndum
3470 2563 3570 2618 est,

2008 2647 2133 2718 quia
2161 2643 2382 2710 Paulus,
2418 2646 2554 2699 sicut
2593 2655 2646 2699 et
2679 2645 2731 2698 in
2768 2644 2890 2698 aliis
2917 2645 3068 2711 dicit,
3097 2660 3200 2698 non
3230 2648 3283 2698 in
3313 2645 3572 2702 suasoriis

2004 2741 2287 2810 sapientia:
2315 2738 2548 2794 carnalis
2588 2739 2768 2792 verbis
2801 2739 2867 2802 ”,
2914 2739 3008 2791 sed
3052 2754 3149 2805 per
3189 2738 3424 2808 gratiam
3457 2753 3571 2808 qua

2007 2831 2106 2885 sibi
2149 2832 2273 2885 data
2320 2840 2404 2885 est
2445 2829 2704 2899 loquitur.
2740 2829 2833 2882 Est
2862 2831 3005 2882 enim
3057 2830 3222 2882 multa
3271 2829 3567 2884 differentia

2007 2936 2105 2991 per
2132 2923 2358 2992 gratiam
2392 2921 2756 2990 loquentis,et
2776 2935 2871 2989 per
2898 2920 3189 2974 humanam
3220 2921 3559 2990 sapientiam.

2011 3016 2248 3082 Denique
2275 3023 2329 3066 et
2365 3012 2523 3066 rebus
2566 3013 2693 3080 ipsis
2733 3027 2876 3082 szepe
2915 3021 3248 3080 compertum
3291 3023 3397 3076 est,
3443 3027 3568 3066 non»

2009 3106 2182 3160 nullos
2228 3105 2543 3173 eloquentes
2577 3115 2634 3158 et
2682 3105 2923 3159 eruditos
2958 3105 3102 3158 viros
3148 3121 3254 3159 non
3307 3105 3477 3159 solum
3515 3105 3564 3159 in

2007 3212 2277 3261 sermone,
2307 3196 2400 3250 sed
2422 3205 2477 3249 et
2502 3195 2554 3248 in
2584 3196 2833 3250 sensibus
2863 3204 3224 3265 praepotentes
3253 3211 3376 3250 cum
3408 3197 3565 3250 multa

2006 3290 2059 3342 in
2112 3288 2370 3343 Eeelesiis
2411 3288 2669 3355 dixerint,
2705 3299 2758 3342 et
2793 3289 3066 3356 ingentem
3103 3288 3349 3356 plausum
3397 3289 3564 3344 laudis

2005 3381 2335 3449 acceperint,
2375 3382 2644 3435 neminem
2696 3389 2874 3434 tamen
2912 3381 3214 3434 auditorum
3245 3397 3310 3436 es
3345 3381 3428 3436 his
3454 3396 3562 3450 quae

2006 3476 2143 3528 dicta
2169 3485 2292 3530 sunt
2315 3475 2782 3544 compunctionem
2811 3473 2988 3528 cordis
3027 3474 3292 3542 accipere,
3319 3487 3420 3526 nec
3449 3488 3563 3541 pro-

2005 3567 2168 3622 licere
2189 3568 2254 3620 ad
2287 3567 2466 3632 ﬁdem,
2495 3581 2594 3621 nec
2617 3566 2683 3618 ad
2710 3565 2958 3619 timorem
2993 3564 3172 3620 Deiex
3203 3564 3560 3619 recordatione

2005 3673 2192 3713 eorum
2219 3673 2339 3726 qua:
2365 3659 2510 3711 dicta
2541 3666 2670 3712 sunt
2714 3657 2936 3710 incitari
2963 3673 2979 3711 ς
3008 3658 3102 3710 sed
3139 3659 3414 3710 suavitate
3437 3671 3558 3725 qua-

2005 3751 2157 3814 dam,
2209 3758 2264 3802 et
2311 3748 2667 3802 delectatione
2710 3746 2821 3802 sola
2870 3747 3092 3801 auribus
3141 3755 3296 3814 capta
3337 3743 3558 3800 discedi;

2007 3847 2094 3891 tur
2121 3837 2234 3908 (82)
2265 3857 2277 3892 :
2304 3853 2445 3906 saepe
2475 3847 2653 3891 autem
2683 3839 2830 3890 viros
2857 3851 2962 3890 nou
2997 3853 3204 3906 magna:
3227 3836 3557 3906 eloquentiae,

2006 3945 2103 3982 nec
2135 3931 2510 3999 compositioni
2548 3930 2816 3985 sermonis
2866 3932 3166 3994 studentes,
3213 3932 3393 3985 verbis
3436 3930 3557 3984 sim-

2003 4023 2231 4091 plicibus
2262 4035 2316 4076 et
2342 4023 2716 4090 incompositis
2747 4025 2945 4078 multos
2987 4021 3282 4076 inﬁdelium
3314 4024 3379 4077 ad
3411 4023 3555 4076 tidem

2004 4124 2356 4178 convertere,
2418 4116 2681 4184 superbos
2737 4116 3003 4170 inclinare
3055 4115 3121 4169 ad
3178 4115 3554 4176 humilitatem,

2003 4207 2355 4275 peccantibus
2380 4205 2654 4260 stimulum
2690 4207 3062 4261 conversionis
3097 4205 3342 4276 inﬁgere.
3376 4206 3441 4260 Et
3465 4205 3555 4259 hoc

2005 4299 2187 4366 utique
2218 4298 2427 4365 signum
2461 4307 2568 4360 est,
2611 4298 2752 4350 sicut
2795 4297 2847 4350 in
2887 4296 3134 4365 praesenti
3165 4294 3456 4365 Apostolus
3486 4294 3559 4347 dio

2009 4390 2100 4452 cit,
2153 4406 2248 4458 per
2293 4389 2520 4460 gratiam
2575 4388 2718 4456 loqui
2753 4403 2870 4456 quae
2911 4389 3033 4442 data
3077 4396 3164 4441 est
3197 4384 3428 4457 eis(85).
3457 4386 3554 4455 Ego

2386 4480 2706 4544 “Rom.tv,’
2762 4480 2846 4536 17.
2953 4478 3189 4533 “Exod.
3249 4493 3330 4544 ιιι,
3360 4477 3446 4534 14.
3515 4477 3554 4509 ⁸³

1929 4655 1973 4709 D
2003 4645 2096 4698 Dei
2119 4654 2189 4696 est
2215 4640 2466 4711 quidquid
2491 4640 2700 4705 bonum,
2723 4648 2771 4692 et
2791 4639 3190 4711 beneplacitum,
3212 4647 3262 4691 et
3282 4637 3552 4708 perfectum

2000 4726 2094 4769 est.
2126 4710 2248 4764 llaec
2277 4710 2468 4764 deSuut
2506 4711 2558 4763 in
2596 4711 2750 4762 libris
2777 4719 2935 4763 antea
2963 4710 3142 4763 editis.

2071 4783 2183 4852 (77)
2216 4781 2380 4852 Editi,
2407 4796 2508 4832 non
2539 4790 2726 4848 potest,
2752 4790 2856 4852 etc.

2071 4849 2184 4923 (78)
2213 4851 2485 4912 liabauus,
2530 4859 2697 4915 potest
2739 4849 2970 4920 quidem,
3013 4858 3069 4903 ut
3109 4863 3271 4917 supra
3311 4849 3552 4919 diximus,

1999 4924 2186 4985 videri,
2217 4923 2374 4988 quod,
2410 4930 2514 4972 etc.

2071 4993 2183 5062 (79)
2214 4992 2335 5044 Haec
2360 4989 2542 5052 verba,
2571 5005 2674 5062 non
2706 4991 2825 5062 plus
2849 5005 3049 5056 sapere,
3079 4999 3209 5052 ete.,
3251 5005 3424 5060 usque
3469 4995 3549 5058 ad,

2001 5060 2137 5117 alter
2172 5063 2390 5115 alterius
2439 5060 2691 5120 membra,
2733 5061 3001 5114 desuntin
3041 5062 3231 5126 editis;
3267 5062 3362 5115 sed
3405 5065 3551 5118 resti-

2002 5143 2228 5188 tuuntur
2252 5146 2319 5184 ex
2341 5132 2591 5182 omnibus
2616 5146 2748 5183 mss.

2075 5204 2185 5274 (80)
2215 5202 2374 5274 Editj,
2403 5199 2664 5274 coeperint.
2707 5200 2846 5252 Deus
2875 5199 3061 5274 enim,
3089 5208 3148 5274 ut
3187 5201 3315 5252 dicit
3338 5202 3546 5268 Aposto-

2001 5269 2238 5338 lus,eic.
2295 5269 2392 5324 Ms.
2442 5269 2641 5338 Regius
2671 5286 2815 5324 num.
2870 5269 3002 5323 1659
3049 5271 3233 5324 itidem
3277 5275 3544 5338 coeperint,-

2002 5347 2094 5397 sed
2140 5344 2344 5411 reliqua
2388 5339 2502 5407 ipse
2547 5350 2602 5393 et
2657 5339 2839 5393 caeteri
2883 5356 3012 5394 mss.
3058 5356 3267 5394 necnon
3299 5339 3539 5395 Rabanus

2001 5415 2200 5468 habent
2230 5425 2287 5465 ut
2331 5414 2381 5464 in
2422 5419 2587 5462 textu.

2073 5484 2187 5546 (81)
2215 5483 2376 5545 Editi,
2409 5478 2536 5549 Hac
2561 5480 2698 5534 dices
2733 5481 2861 5549 ﬁliis
2888 5479 3078 5548 Israel,
3112 5483 3271 5538 male.

2071 5555 2179 5624 (8:2)
2207 5556 2296 5607 Sic
2328 5569 2427 5606 ms.
2453 5547 2650 5621 Regius
2675 5547 2822 5605 num.
2851 5551 2987 5606 1659
3017 5547 3072 5608 et
3092 5555 3242 5609 editi.
3270 5551 3392 5608 Mss.
3415 5565 3525 5605 vero

1998 5625 2256 5697 plerique,
2293 5625 2530 5697 discitur.

2068 5694 2180 5765 (85)
2210 5695 2335 5749 Mss.
2367 5695 2607 5764 plerique
2647 5704 2699 5751 et
2722 5695 2873 5761 editi,
2907 5695 3044 5766 signi
3091 5707 3255 5755 est....
3281 5711 3387 5767 qua:
3413 5697 3517 5747 dats
