3692 6138
100 266 211 328 1299

1044 262 1402 321 COMMENT.
1443 262 1511 320 1N
1552 260 1773 318 EPIST.
1821 260 1908 316 AD
1942 258 2108 315 ROM.
2134 258 2262 313 LIB.
2298 255 2387 312 IX.

3159 252 3299 309 hilo

94 396 245 443 autem
272 392 421 453 puto,
452 393 558 437 non
592 380 769 437 solum
800 381 855 437 in
884 380 1050 437 verbo
1077 384 1168 437 Dei
1202 384 1501 439 Ecclesium
1533 385 1629 437 do-
1660 389 1700 444 Α
1734 383 1835 435 hac
1871 381 2211 442 deﬁnitione,
2248 391 2306 432 ut
2335 388 2587 432 naturam
2618 372 2702 429 vel
2745 388 2967 429 causam
3001 373 3209 443 peccati
3246 374 3300 427 iu

94 477 308 533 cantibus
330 474 521 529 adesse
554 474 804 544 gratiam,
838 475 884 529 si
921 474 1044 529 talis
1084 476 1157 529 sit
1193 490 1376 530 sermo
1408 476 1624 547 qualem

94 583 229 637 supra
267 566 518 629 diximus,
568 565 658 635 qui
706 566 1008 620 auditorem
1063 581 1168 620 non
1216 576 1325 621 tam
1376 568 1629 631 delectet,

94 673 228 731 quam
263 656 524 720 stimulet,
575 665 630 711 et
682 656 747 710 at!
795 656 1099 725 profectum
1142 658 1377 726 aliquem
1417 658 1631 711 virtutis

95 751 326 816 adducat;
374 748 469 803 sed
502 756 557 803 et
587 750 639 802 iu
678 750 933 803 omnibus
968 751 1086 804 tere
1132 766 1253 820 qua:
1299 759 1533 820 aguntur
1576 751 1628 803 iu

96 842 207 907 vita,
241 840 307 892 ita
354 851 476 893 esse
515 836 1041 910 deprehendes(84).
1089 841 1186 895 Est
1233 841 1377 895 enim
1427 840 1627 908 aliquis

94 932 170 1003 qui
193 938 243 994 et
273 930 323 982 in
349 943 412 984 eo
442 930 586 998 quod
609 928 723 998 agit
747 938 803 984 et
833 929 887 982 in
922 945 989 985 eo
1011 931 1154 1000 quod
1181 932 1442 999 loquitur,
1474 931 1634 983 habet

97 1021 331 1094 gratiam;
365 1030 418 1074 et
449 1020 587 1074 alius
616 1021 706 1089 qui
744 1022 1013 1076 interdum
1039 1032 1095 1076 et
1119 1024 1441 1093 prudentius
1465 1023 1637 1091 loqui-

97 1126 185 1179 tur,
210 1122 260 1167 et
287 1112 596 1180 diligentius
626 1126 690 1166 ac
718 1112 1044 1169 laboriosius
1072 1116 1205 1185 agit,
1231 1130 1406 1184 neque
1432 1115 1486 1168 in
1513 1131 1636 1169 ver-

95 1206 163 1261 bis
183 1205 308 1271 suis,
336 1218 511 1274 neque
536 1205 591 1259 in
619 1205 789 1275 gestis
835 1207 1046 1259 invenit
1080 1207 1335 1277 gratiam.
1367 1207 1630 1275 Denique,

76 1288 216 1350 sicut
234 1303 285 1350 et
310 1295 363 1348 iu
392 1294 514 1349 aliis
543 1293 653 1362 iatn
682 1295 917 1350 diximus
939 1295 1076 1366 (85),
1100 1297 1368 1364 scriptum
1397 1306 1480 1350 est
1508 1295 1631 1363 quia

95 1386 344 1455 etJoseph
395 1386 598 1441 invenit
650 1386 883 1456 gratiam
933 1388 986 1440 in
1033 1398 1326 1456 conspectu
1375 1386 1637 1456 principis

96 1478 382 1542 carceris“,
409 1489 465 1533 et
492 1478 689 1533 Esther
715 1479 919 1532 invenit
943 1480 1171 1549 gratiam
1196 1479 1334 1547 apud
1364 1492 1542 1547 regem
1566 1477 1635 1530 ".

100 1570 388 1639 Reperimus
417 1579 599 1626 autem
634 1586 734 1626 nos
766 1573 820 1624 in
859 1570 1093 1638 quodam
1124 1571 1419 1624 secretiore
1455 1569 1638 1623 libello

97 1663 328 1732 scriptum
362 1662 520 1732 quasi
554 1663 804 1733 angelum
834 1663 1125 1732 quemdam
1155 1676 1278 1716 esse
1301 1654 1512 1730 gratiae,
1543 1663 1634 1730 qui

1729 486 1793 523 eo
1823 479 2050 537 ponant,
2098 468 2143 522 si
2190 477 2285 519 aut
2332 465 2565 520 addatur
2610 463 2812 533 aliquid
2853 464 3171 526 virtutibus,
3209 473 3304 519 aut

1732 562 2028 616 minuatur.
2073 558 2236 614 Verbi
2282 560 2478 628 gratia,
2520 557 2733 625 juStitia
2786 559 2959 611 virtus
2999 567 3083 609 est
3114 574 3128 610 :
3161 564 3213 610 et
3254 557 3304 611 si

1731 652 1853 720 quis
1891 651 2072 704 minus
2103 649 2307 717 aliquid
2340 648 2467 702 facit
2493 648 2605 719 (95)
2638 664 2799 716 quam
2832 649 3040 712 justitia
3077 648 3303 716 patitur,

1730 742 1850 796 sine
1874 741 2038 794 dubio
2062 740 2296 807 iujustus
2315 750 2416 792 est.
2434 739 2490 793 Si
2522 741 2641 808 quis
2663 754 2792 792 vero
2817 740 2915 794 sub
2946 740 3125 808 specie
3146 738 3307 804 justi-

1733 834 1821 887 tite
1841 848 1971 902 erga
2004 833 2269 887 vindictas
2296 832 2496 885 nimius
2545 832 2656 895 liat,
2686 842 2738 885 et
2780 834 2979 887 saevius
3018 834 3183 899 agitet
3220 831 3304 885 ul-

1735 923 1931 988 tiones,
1970 924 2022 976 in
2070 923 2447 978 crudelitatem
2476 922 2587 993 (94)
2641 937 2707 976 ex
2759 922 2963 990 iustitia
3020 923 3307 977 devolutus

1733 1027 1836 1074 est.
1868 1014 2023 1072 Unde
2052 1025 2107 1069 et
2134 1013 2385 1069 Salomon
2420 1014 2610 1068 dicit“
2640 1030 2655 1068 :
2690 1013 2817 1068 Noli
2846 1014 2963 1083 ﬁeri
2987 1014 3167 1084 justus
3192 1014 3307 1084 (95)

1732 1107 1978 1161 multum.
2047 1104 2310 1158 Similiter
2364 1113 2419 1157 et
2472 1104 2737 1169 libertas,
2807 1106 2850 1158 si
2908 1105 3050 1158 intra
3109 1114 3311 1173 tempe-

1736 1198 1972 1251 rantiam
2020 1212 2172 1250 suam
2229 1197 2323 1259 sit,
2369 1197 2542 1251 virtus
2589 1207 2704 1263 est;
2757 1199 2803 1253 si
2865 1198 3044 1252 minus
3088 1196 3307 1261 habeat,

1737 1291 2043 1346 timiditas:
2075 1290 2120 1345 si
2175 1289 2429 1357 amplius,
2485 1290 2762 1344 temeritas
2808 1289 3139 1343 nominatur.
3188 1288 3311 1343 Pari

1737 1383 1899 1436 modo
1936 1391 1993 1435 et
2054 1381 2337 1450 prudentia
2384 1378 2428 1433 si
2469 1379 2521 1432 in
2553 1393 2648 1433 sua
2697 1394 2951 1433 mensura
2997 1378 3089 1443 sit,
3138 1378 3313 1432 virtus

1738 1480 1857 1538 est;
1899 1473 1943 1525 si
1996 1473 2173 1525 minus
2208 1469 2428 1534 habeat,
2485 1471 2880 1540 imprudentia;
2936 1469 2981 1524 si
3027 1470 3313 1538 plusquam

1739 1573 1976 1633 oportet,
2009 1564 2209 1617 malitia
2251 1562 2577 1629 appellatur.
2614 1562 2743 1615 Inde
2781 1571 2911 1630 puto
2942 1562 3085 1630 quod
3120 1570 3175 1615 et
3197 1574 3316 1614 ser-

1740 1670 1875 1724 pens
1901 1653 2066 1726 647
2096 1655 2147 1708 in
2180 1659 2431 1723 paradiso
2460 1654 2781 1724 prudentior
2802 1655 2981 1708 dictus
3005 1654 3076 1707 sit
3099 1652 3315 1707 caeteris

96 1758 232 1813 etiam
255 1758 575 1813 vocabulqu
607 1773 672 1813 ex
702 1759 875 1829 gratia
900 1758 1163 1811 traheret.
1194 1756 1469 1810 Ananehel
1495 1758 1638 1811 enim
1672 1749 1716 1803 Β
1742 1747 1930 1802 bestiis
1954 1748 2019 1811 ³ο,
2058 1749 2160 1802 hoc
2224 1759 2307 1802 est
2353 1747 2621 1803 excedens
2651 1761 2957 1802 mensuram
2988 1746 3309 1815 prudentim,

95 1849 268 1904 dicitur
293 1850 439 1923 (86),
482 1851 624 1919 quod
671 1859 752 1905 est
804 1851 1222 1919 interpretatum
1281 1850 1453 1918 gratia
1521 1847 1637 1901 Dei.

96 1940 191 1998 Hoc
218 1957 340 2013 ergo
382 1943 654 2011 scriptura
708 1942 799 1995 illa
851 1941 1186 2003 continebat,
1239 1940 1384 2009 quod
1435 1939 1637 1994 missus

98 2041 221 2088 esset
247 2050 273 2086 a
309 2034 663 2088 Dominoiste
711 2033 936 2103 angelus
980 2033 1046 2085 ad
1080 2032 1293 2095 Esther,
1329 2040 1386 2083 ut
1415 2030 1464 2085 ei
1514 2046 1639 2101 gra—

97 2122 206 2177 tiam
237 2123 383 2178 daret
411 2125 551 2193 apud
578 2137 780 2193 regem.
810 2122 904 2176 Sic
930 2136 1063 2191 ergo
1086 2120 1190 2174 alia
1223 2120 1397 2172 virtus
1420 2128 1503 2172 est
1524 2134 1644 2172 ser-

94 2216 247 2270 monis
270 2216 368 2284 qui-
392 2229 493 2283 per
513 2216 741 2284 gratiam
772 2213 996 2277 dicitur,
1034 2222 1089 2266 et
1120 2213 1225 2266 alia
1260 2213 1343 2268 vis
1380 2212 1645 2267 doctrina:

96 2315 329 2375 potestas.
359 2306 517 2361 Alius
543 2315 722 2361 autem
761 2319 942 2360 sermo
966 2304 1080 2375 (87)
1109 2312 1192 2359 est
1224 2318 1291 2358 ex
1336 2303 1647 2359 eruditione

96 2405 361 2455 communi,
392 2407 484 2462 qut
508 2392 752 2463 quamvis
778 2393 957 2448 lautus
981 2395 1050 2449 sit
1070 2404 1125 2449 et
1146 2405 1263 2450 arte
1291 2396 1643 2467 compositus,

97 2490 255 2536 tamen
278 2481 324 2536 si
356 2497 469 2537 non
510 2497 610 2553 per
646 2483 869 2554 gratiam
904 2484 989 2538 vel
1022 2484 1219 2540 dicitur
1252 2487 1334 2541 vel
1366 2487 1642 2554 scribitur,

96 2575 335 2631 delectare
358 2576 602 2632 fortassis
628 2585 809 2648 potest
835 2576 1103 2648 legentem
1124 2619 1139 2644 ,
1167 2579 1435 2634 adducere
1462 2588 1643 2635 autem

95 2667 151 2723 ad
181 2668 473 2739 profectum
516 2685 627 2724 non
679 2678 856 2740 potest
896 2671 1215 2727 auditorem.
1253 2672 1452 2727 Paulus
1484 2674 1646 2745 igitur

94 2773 190 2812 non
223 2759 389 2815 solum
435 2761 555 2831 ipse
603 2776 727 2831 quae
762 2762 893 2818 dicit
932 2764 1043 2835 (88)
1081 2780 1180 2835 per
1214 2765 1439 2837 gratiam
1479 2767 1641 2832 dicit,

95 2850 174 2905 sed
202 2859 253 2907 et
289 2852 626 2910 auditoribus
662 2853 776 2910 suis
825 2866 1080 2926 precatur
1126 2858 1351 2929 gratiam
1403 2859 1549 2924 dari;
1587 2866 1645 2913 et

101 2952 192 2993 non
234 2940 401 2994 solum
443 2942 700 3010 gratiam,
745 2941 839 2996 sed
875 2950 931 2996 et
975 2940 1380 2995 multitudinem
1432 2941 1643 3010 gratias.

101 3028 180 3084 Sic
211 3031 345 3084 enim
391 3031 582 3085 scribit
617 3050 630 3084 :
665 3027 851 3083 Gratia
894 3031 1039 3083 vobis
1075 3029 1459 3098 multiplicetur
1482 3028 1528 3060 ¹⁶
1552 3046 1564 3080 :
1591 3038 1645 3080 et

100 3119 146 3174 in
178 3122 413 3178 omnibus
465 3122 724 3191 Epistolis
758 3123 873 3177 suis
914 3123 1095 3177 dicit:
1141 3119 1331 3175 Gratia
1382 3121 1547 3182 vobis,
1596 3130 1643 3172 et

99 3228 206 3280 pus.
233 3213 334 3269 Sed
361 3215 642 3269 videamus
678 3214 808 3283 quid
838 3212 950 3284 (89)
980 3221 1062 3266 est
1090 3213 1231 3280 quod
1280 3226 1375 3279 per
1411 3211 1642 3281 gratiam

100 3298 206 3373 qua:
229 3306 346 3360 data
376 3316 468 3361 est
495 3306 621 3371 sibi,
644 3305 938 3374 Apostolus
967 3305 1101 3359 dicit
1126 3304 1380 3358 omnibus
1407 3302 1496 3371 qui
1521 3310 1649 3355 sunt

100 3395 222 3453 inter
246 3397 539 3454 Romanos.
578 3396 703 3451 Non
727 3398 869 3466 plus,
900 3397 1076 3466 inquit
1101 3394 1236 3467 (90),
1274 3410 1458 3461 sapere
1490 3409 1650 3463 quant

101 3498 277 3555 oportet
303 3506 511 3557 sapere,
544 3489 635 3542 sed
680 3503 863 3554 sapere
901 3490 972 3540 ad
1015 3486 1371 3540 sobrietatem.
1427 3484 1652 3540 Videtur

102 3582 254 3635 adhuc
280 3581 343 3634 ad
373 3581 754 3646 superbientes
779 3593 962 3634 ramos
990 3578 1231 3642 oleastri,
1249 3590 1302 3631 et
1327 3578 1652 3632 insultantes

102 3673 248 3727 ramis
282 3676 369 3743 qui
420 3675 493 3730 de
545 3674 685 3727 bona
733 3671 879 3728 oliva
928 3669 1159 3725 detracti
1214 3680 1341 3725 sunt
1366 3671 1434 3736 ³⁷,
1489 3671 1651 3725 etiam

100 3763 226 3818 hunc
250 3766 354 3838 (9i)
389 3775 586 3837 aptare
610 3778 943 3829 sermonem,
972 3772 1025 3817 et
1051 3763 1235 3817 dicere
1261 3763 1366 3827 eis,
1397 3777 1500 3814 non
1549 3760 1647 3814 de-

101 3853 213 3910 bere
235 3857 348 3927 plus
370 3871 564 3928 sapere
591 3871 752 3926 quam
784 3863 998 3924 oportet
1029 3868 1221 3922 sapere
1253 3869 1268 3906 :
1295 3853 1438 3921 quod
1474 3851 1649 3906 simile

99 3956 171 4000 est
194 3948 263 4002 illi
291 3949 531 4004 sermoni
563 3963 725 4018 quem
763 3947 937 4001 dixit:
966 3944 1096 3999 Noli
1124 3944 1342 4013 superbe
1374 3958 1554 4010 sapere
1569 3942 1647 4007 ’8;

100 4037 189 4094 hoc
207 4050 288 4096 est
308 4043 453 4095 enim
486 4041 605 4111 plus
633 4052 826 4108 sapere
851 4035 964 4108 (9‘2)
1004 4049 1169 4105 quam
1202 4044 1435 4104 oportet.
1464 4034 1651 4087 Scien-

102 4131 213 4187 dum
242 4141 417 4188 tamen
448 4143 558 4198 est,
589 4133 733 4202 quod
773 4142 827 4185 et
854 4128 1038 4184 cteteri
1069 4126 1267 4181 eruditi
1297 4127 1395 4179 viri
1428 4134 1652 4179 utuntur

1743 1841 1883 1895 etin
1920 1852 2100 1907 partes
2139 1840 2359 1894 malitiae
2404 1840 2708 1908 prolapsus.
2759 1838 2887 1893 Inde
2929 1846 2983 1891 et
3022 1838 3117 1891 lilii
3152 1838 3315 1907 hujus

1742 1931 1927 1989 seaculi
1975 1933 2360 2000 prudentiores
2405 1932 2658 1985 dicuntur
2706 1946 2869 2000 quam
2920 1930 3011 1984 lilii
3062 1930 3198 1985 lucis
3224 1931 3312 1995 ³¹;

1744 2022 1862 2092 plus
1909 2023 2053 2075 enim
2096 2024 2319 2090 sapiunt
2348 2036 2506 2090 quam
2535 2031 2752 2089 oportet
2782 2034 2996 2090 sapere.
3039 2022 3106 2075 Et
3140 2022 3218 2075 sic
3258 2021 3313 2077 in

1743 2111 1983 2181 singulis.
2026 2111 2333 2179 quibusque
2379 2111 2672 2164 virtutibus
2721 2120 2899 2179 potest
2950 2110 3149 2179 aliquis
3199 2111 3318 2179 plus

1749 2218 1944 2272 sapere
1972 2218 2136 2270 quant
2165 2212 2382 2271 oportet
2415 2216 2629 2272 sapere.
2662 2203 2846 2256 Potest
2872 2205 3036 2257 etiam
3067 2204 3119 2258 in
3150 2205 3319 2260 casti-

1746 2304 1859 2349 tate
1885 2294 2085 2364 aliquis
2119 2295 2239 2361 plus
2281 2308 2479 2363 sapere
2521 2309 2684 2361 quam
2728 2303 2945 2363 oportet
2986 2310 3210 2364 sapere,
3258 2305 3321 2350 ut

1745 2395 1873 2440 sunt
1917 2384 1997 2438 illi
2045 2385 2133 2455 qui
2175 2387 2450 2440 attendunt
2499 2384 2771 2451 spiritibus
2817 2386 3218 2453 seductoribns,
3267 2397 3320 2440 et

1759 2476 2016 2532 doctrinis
2045 2479 2451 2543 darmoniorttm,
2483 2480 2537 2532 in
2565 2480 2827 2549 hypocrisi
2854 2481 2990 2549 falsa
3029 2482 3318 2551 loquentes,

1757 2571 2107 2622 cauteriatam
2139 2570 2384 2623 habentes
2413 2572 2789 2624 conscientiam
2819 2588 2991 2637 suam,
3035 2574 3318 2641 prohiben-

1745 2671 1821 2714 tes
1858 2661 2086 2725 nubere,
2130 2672 2178 2714 et
2220 2661 2537 2717 abstinentes
2563 2680 2617 2716 se
2644 2681 2677 2718 a
2702 2647 2830 2717 cibis
2859 2681 2989 2734 quos
3028 2665 3319 2736 (96)th

1747 2755 1938 2806 crearit
1956 2753 2024 2808 ³⁸.
2051 2754 2139 2808 lsti
2166 2754 2285 2823 plus
2307 2757 2520 2824 sapiunt
2539 2757 2604 2810 de
2624 2759 2875 2811 castitate
2897 2774 3057 2828 quam
3081 2766 3316 2827 oportet.

1747 2845 1924 2901 Minus
1960 2856 2141 2900 autem
2183 2848 2324 2915 sapit
2355 2862 2512 2916 quam
2553 2860 2769 2917 oportet
2809 2851 3124 2906 luxuriosus
3150 2862 3203 2905 et
3233 2852 3322 2906 in-

1748 2947 1955 2992 cestus.
2005 2937 2118 3005 Ego
2159 2950 2339 2991 autem
2380 2940 2503 2993 dico
2537 2942 2678 3007 quod
2723 2951 2777 2995 et
2808 2942 3043 2996 lueretici
3086 2943 3207 3011 plus
3233 2959 3322 2999 sa-

1748 3031 1902 3098 piunt
1930 3030 1999 3083 de
2030 3030 2246 3084 Christo
2285 3046 2445 3098 quam
2480 3042 2688 3099 oportet
2732 3049 2951 3103 sapere,
2988 3039 3078 3103 qui
3122 3047 3322 3108 negant

1751 3135 1873 3172 eum
1903 3119 1995 3172 Dei
2040 3120 2312 3173 creatoris
2355 3117 2710 3185 esseFilium,
2746 3124 2840 3176 sed
2868 3123 3094 3179 alterius
3139 3128 3321 3183 nescio

1752 3209 1908 3278 cujus
1939 3210 2180 3265 melioris
2209 3209 2304 3264 Dei
2343 3209 2481 3283 (97).
2521 3213 2627 3268 Sed
2656 3223 2711 3269 et
2749 3214 2821 3268 illi
2859 3215 2981 3284 plus
3009 3216 3074 3270 de
3101 3216 3324 3274 Christo

1755 3305 1975 3373 sapiunt
2012 3317 2172 3371 quam
2218 3313 2432 3370 oportet
2473 3320 2693 3375 sapere,
2730 3308 2823 3377 qui
2869 3318 3067 3377 negant
3101 3324 3223 3363 eum
3267 3310 3322 3364 in

1755 3407 1919 3446 carne
1938 3395 2175 3460 venisse,
2198 3405 2254 3447 et
2277 3404 2463 3450 natum
2486 3410 2607 3450 esse
2628 3411 2693 3450 ex
2715 3396 2957 3468 Virgine,
2981 3402 3075 3453 sed
3100 3401 3326 3456 caeleste

1756 3486 1803 3539 ei
1841 3500 2040 3554 corpus
2086 3487 2387 3556 assignant.
2437 3485 2495 3539 lu
2546 3489 2629 3542 his
2668 3502 2799 3555 ergo
2842 3491 3096 3545 omnibus
3125 3491 3324 3549 Paulus

1757 3590 1855 3630 nos
1884 3578 1999 3628 vult
2034 3593 2138 3630 non
2183 3578 2301 3646 plus
2340 3594 2523 3646 sapere
2564 3595 2720 3648 quam
2755 3590 2954 3646 oportet
2989 3599 3194 3651 sapere,
3233 3585 3325 3638 sed
3388 3592 3395 3599 ‘

1754 3683 1938 3735 sapere
1976 3669 2044 3722 ad
2081 3669 2420 3722 sobrietatem
2440 3709 2456 3735 ,
2504 3671 2649 3739 quod
2684 3671 2735 3725 iu
2763 3670 2953 3727 Graeco
2984 3675 3187 3728 dicitur
3215 3691 3323 3730 σω-

1756 3757 2037 3829 φροσύνη.
2080 3759 2133 3812 iu
2171 3762 2372 3815 nostris
2408 3768 2587 3813 autem
2631 3761 2946 3830 codicibus,
2993 3766 3097 3821 hoc
3138 3775 3218 3821 est
3269 3767 3325 3821 in

1758 3848 2056 3919 Scripturis
2082 3851 2301 3919 divinis,
2333 3853 2588 3906 sobrietas
2617 3870 2644 3906 a
2670 3857 2966 3925 majoribus
2995 3858 3325 3928 interpreta-

1757 3949 1871 3996 tum
1908 3952 2010 4008 est,
2055 3942 2123 3997 ab
2152 3944 2273 3999 aliis
2323 3954 2505 3999 tamen
2541 3949 2771 4002 eruditis
2808 3950 2941 4004 viris
2979 3951 3325 4019 temperantia

1757 4035 1996 4103 ponitur,
2019 4052 2140 4106 qua:
2172 4040 2528 4108 temperantia
2560 4056 2664 4094 una
2694 4055 2761 4095 ex
2790 4052 3024 4110 quatuor
3052 4042 3324 4111 generali-

1756 4125 1857 4178 bus
1890 4125 2181 4181 virtutibus
2211 4128 2471 4184 habetur.
2505 4130 2570 4183 Et
2600 4130 2655 4182 in
2693 4132 2795 4187 hoc
2829 4146 2958 4201 ergo
2988 4133 3104 4186 loco
3130 4131 3329 4185 melius

160 4251 340 4307 "Gen.
369 4267 557 4315 xxxix,
577 4251 669 4304 21.
743 4250 790 4282 ’⁸
815 4248 1026 4303 Esther.
1050 4264 1113 4311 tt,
1139 4246 1261 4315 17.77
1305 4244 1350 4277 '°
1370 4244 1389 4299 l
1408 4243 1555 4297 Petr.
1586 4258 1626 4308 ι,

1823 4243 1826 4257 ’
1852 4243 2009 4298 Rom.
2039 4259 2112 4309 st,
2149 4243 2237 4299 17.
2313 4245 2360 4277 ’³
2380 4246 2537 4303 ltom.
2562 4261 2638 4310 χι,
2666 4243 2754 4299 20.
2830 4245 2875 4277 "
2897 4245 3075 4301 Eccle.
3101 4259 3195 4313 vn,
3235 4244 3324 4304 17.

100 4318 285 4377 “Gen.
323 4338 407 4388 ιιι,
442 4324 494 4376 1.
568 4322 612 4354 ⁸⁸
638 4320 768 4376 Luc.
803 4335 912 4387 ιη,
949 4321 1005 4374 8.

103 4495 268 4541 110811⁸0
293 4497 466 4543 textu.

163 4557 264 4626 (84)
293 4557 455 4618 Editi,
483 4555 847 4624 deprehendet.
879 4554 1083 4626 Deinde
1103 4553 1261 4607 iidem
1290 4558 1354 4626 et
1371 4566 1500 4626 mss.
1524 4550 1643 4626 ple—

104 4621 298 4750 ἓὲῗῗζιξ
324 4621 708 4767 ίὲἕέςῖξξέθῖιῧῗ
750 4625 974 4750 ’ἴθἕὸῗῆ
995 4623 1354 4748 iiiis?“
1391 4621 1646 4693 '°"“"“"

162 4766 267 4827 (85)
297 4765 457 4830 Editi,
481 4768 589 4827 iam
617 4770 868 4826 scriptum
891 4781 1004 4819 esse
1035 4765 1290 4817 diximus.

158 4833 261 4906 (86)
290 4835 456 4901 Editi,
489 4835 792 4906 Reperimus
834 4845 1023 4906 autem
1049 4834 1103 4885 in
1142 4832 1652 4906 quodam...;_qua_s_i

100 4900 321 4974 angelum
358 4900 639 4977 quemdam
672 4906 909 4977 gratim,
936 4900 1365 4977 qui...._'Anah_el
1397 4900 1534 4977 enim
1567 4900 1652 4977 di-_-

100 4971 240 5037 citur,
275 4971 380 5033 etc.
410 4977 541 5032 Mss.
573 4971 737 5030 etiam
778 4971 1024 5046 plerique
1052 4973 1254 5046 habent
1280 4971 1481 5025 Anahet
1508 4987 1527 5024 :
1554 4971 1652 5026 sed

100 5047 281 5102 rectius
309 5062 411 5101 ms.
439 5062 605 5113 unus,
627 5043 914 5101 Anime/rel.
948 5043 1022 5099 Ita
1046 5046 1209 5113 etiam
1240 5044 1650 5110 intetpretatum

101 5118 320 5242 :rperiess
343 5117 605 5242 gnameel
626 5116 796 5171 lilium
826 5115 1031 5180 Salom,
1056 5115 1108 5168 in
1120 5112 1315 5171 Jerem.
1342 5123 1650 5181 Cap.XXXlt.

131 5199 228 5240 crs.
300 5229 315 5242 .
403 5205 478 5242 m.
503 5200 586 5242 tu.

101 5196 228 5240 vers.
261 5196 315 5252 8,
343 5196 478 5243 tom.
503 5200 586 5242 tu.

162 5250 600 5323 (87)l‘taoumes
643 5268 757 5308 mss
824 5252 1040 5323 nostri:
1070 5266 1175 5306 ms.
1224 5260 1402 5306 tamen
1448 5250 1651 5322 Regius

102 5322 431 5385 nutn.’1659,
461 5323 667 5377 omittit
704 5324 804 5378 vis.
840 5322 982 5376 Editi
1019 5336 1165 5384 vero,
1201 5332 1249 5375 et
1285 5323 1395 5376 alia
1438 5325 1513 5376 vis
1554 5323 1653 5376 do-

101 5392 286 5464 ctrinae,
316 5409 433 5464 quis
466 5403 693 5462 potestas
725 5403 966 5447 vocatur.
997 5392 1154 5446 Alius
1197 5407 1366 5445 sermo
1392 5401 1491 5460 est,
1514 5401 1648 5461 etc.,

101 5462 282 5516 omisso
327 5462 523 5518 autem.

108 5596 117 5606 _
164 5531 266 5602 (88)
288 5534 379 5589 Sic
399 5547 592 5606 otnnes
621 5548 758 5589 mss.
782 5532 975 5589 nostri.
999 5530 1141 5588 Editi
1168 5545 1320 5604 vero,
1345 5546 1449 5589 non
1476 5531 1646 5588 solum

103 5604 195 5652 ista
228 5619 343 5667 qua:
364 5604 514 5667 dicit,
542 5614 647 5658 etc.

163 5670 265 5737 (89)
296 5674 453 5743 Editi,
492 5676 722 5744 quidem.

1102 4316 1147 4349 ³⁹
1174 4316 1195 4371 ι
1220 4314 1360 4370 Tim.
1389 4330 1465 4380 tv,
1496 4314 1617 4369 1-5.
1674 4320 1677 4321 ⁷

100 4422 166 4467 est
203 4418 269 4469 ei.
310 4416 416 4471 Sed
465 4415 671 4472 rectius
714 4429 816 4470 ms.
864 4414 1068 4485 Regius
1113 4426 1263 4468 num.
1309 4408 1451 4467 1659
1494 4419 1555 4465 ιιι
1594 4410 1648 4465 in
1681 4412 1727 4469 D

1833 4406 1949 4475 (90)
1977 4406 2177 4475 inquit.
2209 4405 2650 4460 Pratermittitur
2673 4408 2724 4468 in
2747 4407 2931 4462 editis.

1752 4550 1786 4604 ἡ
1825 4474 1934 4550 (91)
1955 4474 2117 4597 Etditi,
2143 4488 2189 4529 et
2214 4479 2522 4532 insultantes
2547 4479 2755 4548 quidem
2782 4479 2932 4532 bona:
2961 4477 3134 4545 olims,
3166 4488 3329 4533 etiam

1792 4565 1914 4604 unc.
1946 4563 1975 4600 e
2003 4560 2051 4600 c.

1792 4565 1914 4609 unc,
1946 4557 2051 4600 θῑο.

1823 4616 1936 4690 (92)
1967 4615 2082 4669 Hoc
2104 4625 2177 4669 est
2211 4617 2346 4669 enim
2377 4615 2494 4685 plus
2537 4634 2736 4686 sapere.
2765 4617 2889 4673 llaec
2925 4619 2978 4672 in
3017 4617 3181 4673 editis
3215 4631 3327 4673 non

1752 4697 2090 4756 comparent.

1825 4753 1939 4828 (93)
1973 4757 2139 4829 Editi,
2174 4767 2222 4811 et
2250 4753 2443 4825 siquid
2473 4759 2645 4812 minus
2669 4759 2866 4829 aliquis
2891 4760 3038 4827 facit.

1825 4828 1936 4901 (94)
1968 4828 2198 4901 Editi_et
2228 4844 2359 4882 mss.
2402 4831 2641 4901 quidam,
2672 4840 2718 4882 et
2756 4828 3118 4901 swuiusagat,
3153 4844 3208 4883 tn
3239 4829 3343 4881 utr

1752 4899 1923 4953 tionis
1947 4899 2279 4970 crudelitate,
2308 4909 2415 4953 etc.
2460 4899 2565 4953 Sed
2593 4900 2794 4954 rectius
2817 4917 2918 4957 tns.
2947 4899 3150 4970 Regius
3174 4914 3326 4953 num.

1753 4970 1894 5026 1659
1918 4979 1972 5024 et
2006 4966 2263 5023 [tabanus
2285 4981 2341 5023 ut
2368 4971 2418 5022 itt
2445 4980 2634 5022 nostro
2659 4980 2828 5025 textu.

1824 5040 1938 5113 (95)
1979 5040 2142 5105 Editi,
2187 5040 2448 5113 in_multo
2485 5040 2701 5113 justus.
2750 5041 2818 5096 Et
2842 5041 3016 5113 (paulo
3063 5047 3182 5113 post
3216 5055 3340 5113 ms..

1752 5108 1954 5179 Regius
1985 5125 2133 5163 ntttu.
2179 5110 2319 5180 11159
2356 5110 2539 5177 habet,
2565 5116 2610 5163 si
2634 5112 2806 5166 minus
2830 5108 3040 5177 habent,
3066 5110 3324 5180 formido.

1822 5180 1936 5253 (96)
1965 5182 2056 5235 Sic
2077 5195 2180 5253 ms.
2202 5179 2406 5253 Regius
2432 5195 2574 5253 num.
2604 5180 2762 5238 1659.
2791 5184 2981 5238 Ceteri
3013 5179 3341 5253 verotnssw

1751 5250 2007 5307 Rabauus
2034 5258 2091 5305 et
2115 5252 2244 5304 editi
2268 5289 2282 5315 ,
2319 5251 2664 5318 loquentium,
2693 5253 3044 5305 cauteriatam
3074 5250 3329 5303 habentes

1751 5322 2056 5392 (Rabanus,
2101 5321 2430 5392 liaberttium)
2461 5357 2477 5373 .
2510 5357 2527 5374 .
2563 5361 2577 5375 .
2609 5323 2998 5391 prohibentium
3027 5320 3246 5386 nubere,
3269 5326 3338 5373 et

1758 5391 2025 5461 abstinere,
2055 5408 2088 5444 a
2132 5391 2287 5457 cibis,
2321 5407 2474 5461 quos,
2513 5401 2620 5445 etc.

1825 5461 1938 5533 (97)
1980 5460 2079 5518 Ms.
2117 5458 2342 5531 Regius;
2375 5477 2526 5517 num.
2575 5460 2744 5529 1659,
2792 5458 3178 5533 ωἱηονὶεᾨεὶ;
3222 5459 3341 5533 εοᾳῶ

1751 5530 1940 5591 omnes
1981 5534 2071 5589 alii
2115 5530 2276 5603 mss},
2312 5532 2571 5590 [tabanus
2624 5543 2680 5589 et
2732 5532 2861 5589 editi
2894 5530 3097 5589 rectius
3152 5538 3213 5587 ut
3262 5530 3337 5586 im

1752 5615 1838 5663 te:
1848 5615 1923 5663 tu.
