3692 6138
379 237 510 294 12H

1825 241 2150 297 ORIGENIS

3483 240 3602 294 hii

376 351 620 421 Apostoli
651 352 794 406 dicta
836 353 1083 407 lueerent
1107 393 1120 417 ,
1154 353 1198 407 si
1232 353 1560 408 haberemus
1594 362 1648 407 et
1677 369 1776 410 nos
1815 358 1949 409 scri-
1982 363 2027 418 Λ
2060 357 2222 410 latur.
2277 354 2343 408 Et
2393 355 2464 408 ita
2517 354 2761 407 invenias
2817 367 3260 422 unumquemque
3307 357 3602 424 propensius

377 455 532 514 ptum
566 445 860 498 secmtdum
889 444 1062 499 Grteci
1107 448 1375 500 sermonis
1407 448 1664 501 Virtutem
1687 489 1702 512 ,
1736 453 1823 500 sed
1859 467 1952 501 sa—

375 552 498 604 pere
527 535 597 588 ad
643 538 1050 601 temperantiam
1081 549 1101 588 :
1135 539 1236 592 hoc
1265 549 1349 592 est
1371 578 1387 602 ,
1419 548 1480 592 ut
1511 540 1562 592 in
1589 541 1841 595 omnibus
1869 541 1952 594 vel

378 642 501 694 qua:
529 627 774 696 agimus,
809 627 892 681 vel
926 643 1046 697 qum
1077 628 1371 698 loquimur,
1405 630 1488 682 vel
1517 645 1636 698 quze
1666 633 1950 696 sentimus,

380 720 794 787 temperantiam
846 727 1151 774 teneamus.
1207 722 1262 774 lu
1314 723 1398 774 his
1436 723 1578 774 enim
1620 737 1740 789 quae
1789 739 1950 791 supra

377 809 816 864 enumeravimus
839 828 1011 881 neque
1037 814 1271 880 amplius
1297 829 1468 881 neque
1494 814 1672 868 minus
1702 814 1816 868 lieri
1856 815 1952 868 de—

378 901 542 964 bere,
580 902 798 955 modum
839 917 1061 958 servare
1095 905 1242 958 novit
1271 905 1383 957 sola
1412 907 1792 973 temperantia.
1828 905 1953 957 Post

381 991 496 1046 haec
515 992 588 1043 ait
617 1009 629 1043 :
656 991 948 1060 Unicuique
971 997 1100 1046 sicut
1121 995 1295 1047 divisit
1315 994 1454 1048 Deus
1473 1011 1768 1047 mensuram
1790 995 1913 1062 ﬁdei
1931 1009 1949 1045 :

382 1081 487 1138 hoc
519 1093 621 1148 est,
658 1092 716 1136 ut
751 1085 888 1137 sciat
925 1086 1291 1154 unusquisque
1321 1096 1376 1139 et
1419 1087 1681 1154 intelligat
1725 1101 1845 1154 quae
1893 1087 1943 1138 in

379 1185 448 1226 eo
473 1172 546 1224 sit
578 1187 834 1225 men5ura
881 1177 1065 1241 gratia:
1101 1175 1220 1240 Dei,
1256 1176 1702 1244 quam‘consequi
1757 1178 1952 1229 meruit

379 1274 479 1329 per
524 1260 706 1313 fidem.
770 1260 1040 1314 Interdum
1082 1263 1226 1315 enim
1272 1263 1470 1331 accipit
1512 1264 1635 1331 quis
1668 1280 1696 1316 a
1744 1265 1850 1318 Deo
1896 1277 1952 1316 ιιι

382 1355 560 1422 sapiat
590 1355 643 1407 in
675 1368 838 1424 opere
869 1353 982 1424 (98)
1014 1354 1301 1407 charitatis
1327 1393 1340 1417 ,
1369 1364 1462 1406 aut
1491 1364 1549 1406 ut
1579 1356 1752 1422 sapiat
1786 1354 1837 1407 iu
1871 1353 1951 1408 of-

381 1445 509 1499 ﬁcio
548 1445 803 1499 visitandi
828 1486 843 1511 ,
883 1456 973 1496 aut
1008 1459 1135 1511 erga
1182 1443 1586 1498 misericordias
1631 1459 1948 1513 pauperum,

382 1536 646 1590 autcirca
688 1535 941 1590 debilium
982 1549 1206 1598 curam,
1255 1543 1347 1587 aut
1379 1550 1507 1604 erga
1551 1536 1834 1588 viduarum
1889 1545 1944 1589 et

380 1626 703 1695 pupillorum
720 1625 1217 1690 defensionem,aut
1240 1639 1364 1694 erga
1395 1626 1776 1695 hospitalitatis
1802 1628 1950 1681 solli-

2055 460 2180 512 erga
2221 458 2384 496 unum
2425 443 2645 511 aliquod
2675 439 2934 506 oﬂicium,
2982 452 3037 495 et
3079 442 3368 510 specialius
3406 459 3600 512 operam

2055 537 2221 600 dare;
2264 547 2466 589 caetera
2509 550 2638 588 vero
2678 536 2962 604 sequentia
3007 536 3224 588 habere.
3266 533 3446 602 Neque
3477 537 3600 591 enim

2057 625 2156 678 hoc
2189 625 2425 692 dicimus
2467 625 2608 693 quod
2653 642 2814 677 unum
2860 625 3105 678 suﬂiccre
3145 626 3372 688 debeat,
3403 627 3490 679 sed
3526 642 3603 681 se-

2054 719 2291 772 cundum
2356 717 2582 770 formam
2651 716 2912 785 propositi
2957 718 3209 784 exempli.
3259 717 3433 782 Sicut,
3474 719 3604 772 verbi

2055 809 2250 878 gratia,
2302 811 2492 863 oculus
2537 810 2771 875 speciale
2817 808 3049 862 cilicium
3109 810 3271 863 habet
3321 821 3378 864 ιιι
3429 812 3603 876 videat,

2055 915 2218 951 unum
2275 909 2451 952 tamen
2502 899 2577 969 (4)
2621 912 2704 952 est
2753 916 2821 952 ex
2869 901 3124 955 oumihus
3173 912 3226 954 et
3276 903 3328 954 in
3378 905 3608 958 omnibus

2055 991 2330 1048 membris.
2379 1001 2430 1044 et
2466 1007 2587 1044 emn
2615 991 2845 1059 singulis
2881 994 2991 1060 agit
3019 993 3219 1060 omnia.
3254 1004 3310 1046 et
3347 1011 3470 1048 cum
3509 997 3609 1063 ipso

2053 1081 2260 1149 singula
2287 1098 2514 1152 qumque
2539 1093 2707 1152 agunt
2730 1085 2908 1136 omnia
2937 1102 2950 1148 ;
2977 1085 3048 1137 ita
3077 1096 3128 1139 et
3159 1087 3248 1153 qui
3279 1103 3376 1154 per
3397 1090 3606 1154 gratiam

2057 1172 2177 1225 ﬁdei
2233 1189 2398 1226 unum
2447 1175 2668 1243 aliquod
2719 1177 2918 1228 donum
2955 1177 3188 1244 Speciale
3228 1180 3486 1231 meruerit
3522 1179 3606 1250 (5),

2054 1264 2185 1317 illttd
2219 1265 2436 1332 quidem
2471 1267 2848 1336 principaliter
2878 1269 3260 1333 administrat;
3299 1273 3350 1324 itt
3378 1273 3609 1330 omnibus

2054 1369 2181 1410 vero
2209 1357 2423 1411 actibus
2466 1357 2649 1412 socius
2681 1373 2803 1411 cum
2834 1361 3049 1413 caeteris
3084 1360 3316 1414 trahetur
3361 1374 3410 1417 et
3456 1367 3608 1431 parti-

2053 1461 2200 1514 ceps.
2247 1448 2530 1513 Quomodo
2559 1459 2740 1501 autem
2774 1463 2970 1517 corpus
3006 1451 3146 1503 istud
3195 1452 3246 1504 in
3279 1453 3499 1507 Christo
3532 1457 3607 1516 sit,

2056 1537 2106 1589 id
2139 1545 2223 1591 est
2259 1540 2310 1590 in
2338 1540 2595 1601 veritate,
2621 1549 2671 1592 et
2697 1541 2983 1606 sapientia,
3010 1551 3062 1596 et
3089 1543 3322 1611 iustitia,
3347 1556 3400 1598 et
3424 1548 3608 1600 sanati-

2056 1627 2309 1680 ﬁcatione
2333 1668 2348 1691 ,
2377 1645 2496 1694 qute
2531 1630 2714 1681 omnia
2748 1628 2994 1682 Christus
3023 1641 3105 1685 cst
3125 1675 3139 1695 ,
3181 1648 3321 1701 Saepe
3347 1635 3460 1702 jam
3495 1637 3610 1691 dixi-

379 1718 701 1772 citudinem.
735 1716 860 1771 Haec
888 1732 1020 1785 ergo
1049 1718 1256 1787 singula
1285 1718 1468 1771 divisit
1497 1719 1787 1787 unicuique
1810 1720 1950 1773 Deus
1983 1709 2027 1766 Β
2059 1732 2195 1771 mus.
2239 1716 2356 1770 Jam
2387 1717 2554 1788 648
2587 1734 2717 1771 vero
2745 1721 2788 1772 si
2826 1721 2876 1772 in
2910 1721 3010 1773 hoc
3041 1736 3291 1788 corpore,
3326 1723 3476 1774 verbi
3505 1739 3609 1791 gra-

379 1811 676 1865 secundttm
721 1826 1029 1864 mensuram
1082 1810 1229 1864 lidei.
1271 1811 1375 1864 Sed
1423 1811 1468 1864 si
1517 1812 1561 1864 is
1600 1813 1692 1881 qui
1739 1814 1954 1880 accepit

379 1901 606 1968 gratiam
638 1911 694 1954 ut
718 1903 782 1955 de
809 1916 916 1955 uno
942 1902 1122 1970 aliquo
1154 1902 1344 1954 bormn
1378 1912 1612 1970 saperet,
1655 1918 1759 1956 non
1794 1903 1954 1957 intel-

379 1991 512 2060 ligat
544 2008 852 2046 mensuram
883 1993 996 2061 (99)
1025 1992 1215 2061 gratiae
1243 1992 1344 2045 sibi
1384 1993 1543 2055 datae,
1577 1993 1667 2045 sed
1702 1993 1834 2045 velit
1861 2009 1950 2045 sa—

379 2099 513 2154 pere
542 2084 608 2138 de
642 2085 912 2151 sapientia
949 2084 1073 2147 Dei,
1114 2085 1178 2136 de
1204 2084 1370 2136 verbo
1407 2083 1668 2136 docti-inte
1695 2123 1710 2146 ,
1738 2086 1802 2137 de
1828 2100 1953 2152 pro-

379 2176 648 2230 fundioris
683 2175 926 2228 scientiae
969 2175 1214 2240 ratione,
1249 2174 1300 2226 in
1331 2190 1439 2242 quo
1465 2178 1690 2244 gratiam
1730 2192 1832 2230 non
1864 2193 1951 2230 ac-

387 2269 568 2336 cepit,
603 2277 653 2320 et
695 2284 800 2320 non
838 2278 942 2320 tam
984 2268 1194 2320 discere
1233 2266 1393 2330 Vt'lit,
1419 2283 1577 2335 quam
1611 2269 1808 2322 docere
1834 2284 1951 2338 quae

380 2361 588 2422 nescit;
632 2359 735 2412 iste
781 2373 904 2411 cum
951 2359 1129 2412 minus
1170 2359 1382 2427 sapiat,
1435 2359 1554 2426 plus
1605 2360 1717 2411 vult
1761 2375 1952 2428 sapere

379 2466 543 2518 quam
573 2461 808 2520 oportet.
843 2450 959 2503 Non
988 2451 1132 2502 enim
1166 2451 1308 2518 sapit
1339 2451 1403 2501 uti
1440 2450 1861 2513 temperantiam
1894 2460 1952 2502 ut

379 2545 648 2596 custodiat
671 2546 949 2614 unicuique
970 2545 1106 2597 sicut
1131 2545 1308 2597 divisit
1331 2543 1467 2596 Deus
1489 2560 1784 2596 mensuram
1806 2545 1948 2611 ﬁdei.

381 2635 578 2690 Verum
606 2647 663 2690 ιιι
689 2638 997 2690 evidentius
1025 2638 1202 2690 adhuc
1231 2637 1298 2688 de
1333 2637 1416 2689 his
1446 2635 1523 2703 (1)
1546 2635 1833 2703 Apostolus
1859 2639 1952 2691 de-

380 2727 644 2796 signaret,
675 2727 973 2780 iutroducit
999 2726 1329 2796 exemplum,
1356 2734 1409 2778 et
1435 2725 1563 2778 dicit
1594 2742 1606 2776 :
1639 2727 1787 2779 Sicut
1815 2729 1951 2780 enim

380 2818 434 2870 in
485 2834 588 2870 uno
631 2834 844 2886 corpore
895 2816 1062 2868 multa
1113 2817 1344 2869 membra
1395 2817 1676 2878 habemus,
1719 2819 1951 2868 membra

378 2919 556 2962 autem
588 2910 765 2960 omnia
807 2925 910 2960 non
941 2907 1180 2960 eumdem
1211 2917 1386 2959 actum
1417 2907 1604 2960 habent
1633 2921 1650 2956 :
1685 2908 1758 2960 ita
1798 2908 1950 2961 multi

379 3017 544 3053 unum
569 3017 756 3067 corpus
788 3016 969 3052 sumus
1012 3000 1065 3052 in
1103 2998 1317 3052 Christo
1337 3037 1353 3062 ,
1385 2999 1581 3066 singuli
1613 3008 1788 3052 autem
1816 3000 1951 3053 alter

377 3093 601 3146 alterius
651 3094 881 3146 membra
926 3107 944 3146 :
988 3093 1392 3146 ordinatissime
1434 3107 1530 3160 per
1575 3091 1688 3146 hac
1729 3109 1950 3162 compo-

379 3198 514 3236 nens
546 3198 704 3237 omne
734 3199 929 3251 corpus
959 3183 1213 3236 Ecclesiae
1239 3199 1254 3244 ;
1290 3195 1346 3234 ut
1377 3182 1518 3236 sicut
1551 3184 1792 3237 membra
1827 3200 1951 3239 cor-

378 3277 528 3344 poris
575 3276 785 3344 singula
836 3291 1062 3344 qumque
1113 3277 1364 3346 proprios
1411 3276 1614 3328 habent
1661 3287 1841 3344 actus,
1898 3288 1950 3332 et

378 3364 567 3418 olliciis
595 3369 706 3420 suis
735 3369 1155 3437 unumquodque
1185 3371 1443 3434 deservit,
1482 3386 1581 3425 nec
1616 3383 1797 3425 tamen
1833 3385 1951 3440 pos.

379 3458 536 3512 sibile
573 3469 657 3512 est
697 3469 752 3512 ιιι
781 3475 884 3512 non
923 3474 1190 3514 consensu
1236 3473 1420 3517 mutuo
1450 3464 1551 3517 sibi
1589 3465 1820 3519 invicem
1858 3480 1949 3520 ee-

378 3547 555 3601 dant:
591 3549 698 3612 ita,
744 3548 947 3617 inquit,
990 3558 1043 3601 et
1088 3549 1140 3602 in
1188 3549 1430 3604 Ecclesia
1473 3567 1592 3619 qua:
1627 3561 1711 3604 cst
1755 3566 1952 3620 corpus

379 3636 609 3702 Christi,
637 3641 881 3693 diversos
911 3639 1110 3710 singuli
1145 3642 1405 3695 habemus
1425 3653 1601 3696 actus.
1631 3641 1789 3697 Verbi
1823 3659 1950 3713 gra-

381 3729 502 3782 tia:
553 3729 692 3784 alius
731 3730 969 3785 studium
1015 3747 1177 3786 omne
1227 3747 1354 3800 erga
1398 3735 1720 3802 sapientiam
1765 3735 1859 3788 Dei
1897 3743 1953 3790 et

379 3820 682 3874 doctrinam
727 3822 876 3877 verbi
919 3822 1180 3889 adhibet,
1225 3835 1280 3878 et
1324 3825 1377 3878 in
1417 3825 1769 3880 meditatione
1819 3826 1952 3896 legis

379 3912 573 3966 divina:
614 3913 702 3967 die
731 3930 794 3968 ac
824 3923 984 3969 nocte
1029 3917 1305 3984 persistit;
1354 3926 1408 3970 et
1452 3929 1535 3971 est
1567 3919 1744 3988 magni
1793 3919 1951 3988 hujus

377 4005 622 4073 corporis
651 4006 862 4058 oculus.
894 4006 1073 4070 Alius,
1108 4017 1167 4060 ιιι
1202 4023 1368 4076 supra
1401 4008 1661 4072 diximus,
1695 4023 1820 4078 erga
1853 4009 1953 4062 mi-

376 4095 661 4150 nisterium
699 4096 948 4160 fratrum,
981 4107 1037 4151 ct
1071 4099 1427 4168 indigentium
1459 4109 1613 4154 curat
1639 4101 1749 4170 (2);
1791 4110 1846 4154 et
1869 4109 1952 4153 est

377 4188 556 4242 sancti
589 4187 750 4256 hujus
781 4190 1024 4256 corporis
1058 4206 1272 4246 manus.
1311 4193 1462 4246 Alius
1493 4194 1767 4248 studiosus
1797 4193 1952 4246 audi-

378 4287 466 4334 tor
506 4289 592 4334 est
628 4282 775 4336 verbi
811 4283 902 4336 Dei
933 4301 948 4347 ;
993 4291 1048 4338 et
1086 4285 1236 4338 auris
1267 4295 1351 4338 est
1380 4287 1648 4354 corporis.
1695 4287 1852 4339 Alius
1881 4285 1948 4339 ad

2059 1806 2153 1868 tia,
2183 1817 2239 1857 ut
2273 1807 2340 1859 sit
2371 1806 2446 1878 (6)
2487 1808 2682 1875 aliquis
2725 1809 2951 1870 oculus,
2996 1811 3136 1876 quod
3177 1821 3261 1862 est
3304 1811 3355 1862 in
3399 1826 3610 1878 corpore

2060 1907 2169 1950 toto
2198 1898 2471 1963 nobilius;
2503 1899 2586 1952 vel
2622 1915 2811 1954 manus
2834 1940 2849 1965 ,
2899 1902 3039 1967 quod
3081 1901 3328 1968 sequenti
3373 1901 3495 1954 loco
3529 1903 3610 1954 ha-

2053 1990 2170 2044 beri
2205 2001 2385 2060 potest
2413 2010 2426 2057 ;
2459 2003 2552 2045 aut
2581 1995 2751 2056 auris,
2783 2005 2876 2046 aut
2901 1993 3100 2062 lingua.
3137 2003 3229 2046 aut
3252 2004 3447 2048 cratera
3478 2011 3607 2064 qua:-

2053 2097 2158 2150 que
2192 2099 2312 2150 qua}
2345 2084 2596 2137 videntur
2626 2085 2937 2139 honestiora
2964 2101 3080 2140 esse
3112 2107 3123 2140 :
3160 2096 3213 2141 et
3248 2104 3436 2143 rursus
3473 2101 3527 2143 ut
3553 2093 3610 2143 sit

2054 2173 2270 2241 aliquod
2313 2173 2462 2228 aliud
2511 2174 2810 2228 membrum
2851 2191 2917 2230 ex
2968 2177 3053 2230 his
3086 2193 3207 2246 qua:
3241 2179 3499 2232 videntur
3536 2181 3609 2233 in-

2058 2265 2368 2318 honestiora
2401 2281 2519 2320 esse
2547 2285 2562 2328 ς
2599 2270 2710 2337 ipse
2739 2269 2938 2339 aliquid
2973 2285 3148 2324 causa:
3181 2274 3498 2339 praestiterit
3525 2277 3608 2343 (7),

2054 2372 2122 2409 an
2167 2357 2258 2412 Dei
2313 2359 2589 2414 voluntate
2631 2363 2837 2427 absque
2883 2365 3006 2419 ullis
3047 2367 3271 2418 omnino
3311 2369 3498 2420 causis
3535 2369 3612 2422 ille

2055 2445 2182 2500 illud
2213 2487 2227 2511 ,
2267 2449 2347 2500 vel
2382 2449 2468 2502 ille
2499 2450 2576 2518 (8)
2633 2452 2762 2504 illud
2797 2457 3123 2510 coastitutus
3175 2459 3246 2512 sit
3297 2461 3608 2524 membrum,

2054 2554 2218 2608 supra
2269 2551 2503 2594 nostram
2541 2558 2660 2596 esse
2689 2545 3100 2616 intelligentiam
3132 2559 3280 2617 puto.
3327 2551 3524 2604 V’erum
3553 2565 3610 2606 ne

2056 2631 2107 2683 bi
2145 2633 2235 2701 qui
2277 2643 2500 2688 natttras
2535 2636 2780 2690 diversas
2819 2649 3071 2692 asserunt
3111 2642 3452 2707 animarum,
3497 2656 3547 2696 et
3583 2657 3608 2695 a

2055 2722 2284 2777 diversis
2313 2725 2684 2779 conditoribus
2715 2726 2992 2782 institutas
3014 2768 3029 2791 ,
3055 2729 3231 2782 locum
3265 2731 3607 2784 conﬁrmandi

2055 2817 2326 2884 dogmatis
2369 2816 2452 2870 sai
2497 2817 2740 2873 invenire
2785 2821 3099 2888 videantur,
3139 2839 3201 2877 ea
3234 2839 3356 2892 quae
3386 2827 3606 2880 nobisin

2053 2909 2425 2976 superioribus
2476 2910 2541 2962 de
2576 2911 2720 2964 vasis
2772 2912 3000 2967 honoris
3045 2926 3099 2968 et
3148 2917 3298 2970 vasis
3347 2927 3605 2972 centumc-

2054 2999 2139 3052 liae
2167 3000 2211 3030 ³³
2239 3000 2472 3055 disserta
2502 3010 2648 3064 sunt,
2680 3002 2843 3055 etiam
2876 3003 2927 3056 iu
2957 3003 3033 3074 (9)
3066 3007 3320 3072 prtesenti
3357 3006 3608 3061 sulliciant

2054 3091 2189 3149 loco.
2217 3091 2499 3162 Nunquam
2527 3095 2669 3148 enim
2701 3097 3102 3152 concedendum
3141 3110 3263 3165 est,
3315 3112 3372 3154 ut
3411 3103 3524 3156 sive
3564 3103 3609 3156 ἰιι

2055 3185 2327 3251 praesenti,
2379 3185 2490 3238 sive
2525 3183 2577 3238 in
2610 3185 2914 3252 praeteritis,
2959 3188 3074 3242 sive
3119 3189 3282 3242 etiam
3335 3190 3389 3243 iu
3430 3191 3610 3246 futuris

2054 3277 2287 3342 saeculis,
2319 3293 2424 3332 non
2451 3279 2524 3333 ita
2550 3295 2984 3352 unumquemque
3009 3282 3281 3349 dispenset
3303 3282 3417 3352 (l0)
3443 3283 3609 3336 divina

2053 3365 2418 3436 Providentia,
2439 3381 2494 3422 ut
2522 3370 2937 3440 uniuscujusque
2962 3373 3212 3425 meritum
3231 3373 3444 3428 arbitrii
3469 3375 3610 3429 liber-

2054 3465 2162 3511 tate
2188 3459 2470 3513 collectum
2503 3463 2784 3514 materiam
2816 3461 3104 3530 praebuerit
3131 3463 3489 3532 dispensanti.
3526 3462 3612 3516 Ju-

2053 3557 2169 3600 stus
2189 3558 2273 3602 est
2302 3549 2443 3602 enim
2469 3550 2628 3614 Deus,
2651 3560 2704 3603 et
2726 3551 2986 3619 injustitia
3012 3569 3118 3606 non
3139 3563 3223 3608 est
3240 3555 3382 3623 apud
3409 3570 3529 3608 eum
3549 3553 3606 3608 ³⁵.

2124 3639 2179 3694 5.
2234 3638 2499 3694 [labentes
2541 3645 2678 3695 enim
2728 3642 2838 3711 (11)
2885 3643 3023 3696 dona
3057 3649 3346 3698 secundum
3398 3646 3609 3715 gratiam

2053 3746 2170 3798 qua:
2203 3730 2330 3784 data
2366 3742 2439 3784 est
2480 3733 2646 3794 nobis,
2683 3734 3011 3802 di/ferentia,
3057 3737 3158 3789 sive
3185 3737 3508 3805 prophetiam
3536 3755 3609 3791 se-

2053 3823 2282 3876 cundum
2333 3826 2587 3877 rationent
2630 3825 2794 3892 ﬁdei,
2834 3830 2940 3882 sive
2985 3829 3333 3882 ministerium
3375 3833 3429 3883 in
3468 3831 3610 3882 mini-

2052 3915 2303 3976 strando,
2351 3914 2457 3967 sive
2492 3915 2582 3982 qui
2618 3917 2765 3968 docet
2806 3918 2860 3969 iu
2904 3918 3166 3982 doctrina,
3197 3919 3286 3986 qui
3315 3919 3612 3973 exhortatur

2052 4003 2108 4056 in
2143 4004 2489 4072 exhortando,
2520 4009 2609 4072 qui
2645 4009 2826 4061 tribuit
2858 4011 2910 4061 in
2933 4011 3295 4078 simplicitate,
3317 4013 3411 4080 qui
3438 4021 3602 4081 pra’est

2052 4096 2109 4147 in
2142 4097 2516 4162 sollicitudine,
2559 4099 2649 4167 qui
2683 4100 2958 4153 miseretur
2995 4104 3047 4153 in
3078 4102 3348 4156 hilaritate
3378 4104 3444 4157 ³⁵.
3487 4104 3605 4158 Cum

2053 4187 2278 4242 dixisset
2317 4189 2558 4256 singulos
2587 4207 2831 4260 quosque
2863 4193 3201 4248 credentium
3231 4197 3474 4250 membra
3502 4209 3607 4250 esse

2053 4278 2212 4332 unius
2271 4283 2514 4350 corporis
2565 4283 2806 4348 Christi;
2873 4299 3015 4338 nunc
3076 4287 3231 4354 quasi
3283 4287 3603 4342 diversorum

377 4372 636 4428 visendos
670 4375 1080 4440 decumbcmes.
1110 4387 1166 4430 et,
1202 4378 1557 4447 requirendos
1598 4378 1944 4441 tribulanws,
1979 4386 2022 4440 ι)
2054 4370 2418 4425 membrorum
2443 4373 2817 4428 diversitatem
2840 4379 3020 4445 operis
3043 4389 3368 4443 enumerat;
3396 4390 3452 4434 et
3472 4378 3604 4432 verbi

376 4474 434 4518 et
467 4467 671 4532 positos
717 4467 771 4520 in
807 4469 1224 4524 necessitatibus
1261 4470 1530 4525 eruendos
1565 4479 1650 4524 est
1690 4471 1949 4537 impiger;

376 4558 469 4626 qui
505 4572 598 4625 pes
623 4559 740 4613 sine
769 4559 933 4615 dubio
965 4561 1040 4632 (5)
1080 4561 1439 4615 ecclesiastici
1480 4560 1723 4629 corporis
1767 4559 1950 4627 appel-

482 4653 527 4684 ³³
558 4655 714 4708 Rom.
747 4671 823 4720 Ix,
848 4656 940 4710 21.
1008 4657 1054 4688 ”
1077 4655 1236 4710 Joan.
1271 4672 1366 4718 vn,
1401 4657 1486 4712 18.

471 4747 559 4819 98)
584 4747 744 4811 Eiliti,
761 4752 973 4808 accidit.
995 4762 1048 4804 ut
1065 4755 1180 4819 quis
1198 4769 1229 4804 a
1252 4764 1355 4803 beo
1375 4751 1544 4817 sapiat
1566 4752 1620 4802 in
1642 4766 1812 4818 opere,
1836 4761 1942 4806 etc.

469 4818 749 4891 99)_l£dili,
774 4838 874 4872 non
901 4818 1142 4891 intelligit
1166 4838 1489 4882 mensuram,
1516 4832 1624 4874 etc.

444 4887 522 4957 (1)
544 4887 627 4941 οε
658 4889 757 4942 Itis.
799 4891 956 4944 Deest
987 4893 1037 4943 itt
1072 4887 1262 4944 editis.
1307 4892 1505 4943 Deinde
1546 4906 1673 4943 mss.
1705 4888 1950 4957 plerique

376 4969 436 5014 et
476 4959 725 5012 Rahanus
762 4976 856 5028 pro
901 4963 1192 5024 designaret
1236 4964 1431 5014 habent
1475 4961 1789 5029 assignaret.
1838 4959 1943 5013 Sed

380 5045 484 5082 ms.
517 5029 715 5096 Regius
752 5045 898 5085 Imm.
937 5032 1065 5084 1659
1099 5042 1151 5083 et
1182 5032 1310 5085 editi
1352 5041 1408 5083 ut
1448 5033 1497 5082 in
1533 5042 1700 5083 textu.

453 5098 528 5167 (‘2)
563 5097 654 5150 Sic
685 5115 783 5150 ms.
813 5099 1014 5168 Regius
1050 5117 1198 5154 num.
1226 5101 1380 5155 1659.
1417 5101 1612 5153 Caneri
1659 5114 1787 5151 vero
1816 5115 1944 5153 mss.

381 5178 435 5224 et
463 5169 614 5232 editi,
644 5181 687 5220 et
714 5171 1060 5235 indigentium
1093 5187 1295 5226 curam.
1327 5171 1603 5235 llabanus,
1636 5181 1681 5222 et
1711 5171 1947 5237 indiJen-

384 5239 511 5292 tium
540 5255 720 5290 curam
753 5241 925 5292 habet.

453 5309 529 5380 (5)
570 5310 729 5372 Editi,
776 5321 822 5362 et
860 5327 947 5372 pes
989 5310 1100 5364 sine
1135 5308 1328 5371 dubio,
1381 5318 1485 5362 etc.
1526 5309 1747 5371 Deinde,
1785 5319 1831 5361 et
1873 5309 1946 5360 ita

383 5379 609 5432 invenies
641 5396 1052 5449 unumquemque
1081 5396 1171 5444 pro
1202 5396 1350 5446 posse
1376 5396 1499 5449 erga
1532 5397 1693 5432 unum
1733 5380 1946 5448 aliquod

384 5449 607 5516 officium
637 5453 874 5510 spiritale
901 5467 1110 5516 operam
1143 5451 1291 5500 dare.
1351 5487 1358 5492 .

454 5518 528 5588 (4)
560 5518 722 5583 Editi,
749 5523 987 5589 spiritale
1007 5522 1228 5590 ofﬁcium
1259 5519 1410 5573 habet
1437 5528 1491 5572 ut
1523 5519 1717 5581 videat,
1744 5535 1947 5573 verum-

385 5597 557 5639 tamen
568 5629 578 5645 .
617 5599 721 5643 etc.

456 5656 531 5726 (5)
561 5657 722 5724 Editi,
752 5677 915 5716 unum
945 5659 1158 5730 aliquod
1186 5659 1375 5714 bonum
1409 5658 1656 5728 spiritale~
1680 5661 1891 5713 meruit.

922 5795 941 5844 1

1559 4654 1603 4699 ³⁵
1635 4654 1792 4708 Rom.
1827 4651 2029 4713 muli-8

2059 4476 2218 4517 causa
2243 4503 2258 4530 ,
2291 4465 2435 4519 velut
2461 4467 2618 4521 oculo
2650 4469 2856 4530 visum,
2887 4469 2958 4521 ita
2989 4470 3188 4533 menti,
3217 4485 3340 4538 quae
3367 4480 3452 4526 est
3480 4471 3605 4525 inte-

2059 4558 2172 4612 rior
2215 4559 2438 4626 oculus,
2489 4562 2787 4630 prophetia:
2827 4564 3064 4633 assignat
3108 4563 3390 4630 cilicium;
3433 4574 3483 4618 et
3521 4561 3603 4616 alii

2124 4744 2199 4815 (6)
2231 4743 2330 4798 Ms.
2357 4743 2558 4812 Regius
2592 4761 2737 4798 nmn.
2773 4742 2928 4815 1659A
2950 4754 3004 4797 et
3031 4743 3197 4807 editi,
3230 4754 3408 4808 recte,
3443 4751 3494 4815 ut
3519 4743 3599 4815 sit,

2054 4826 2103 4870 et
2136 4813 2300 4884 paulo
2333 4826 2470 4881 post,
2499 4826 2547 4866 et
2594 4831 2774 4867 rursus
2803 4823 2857 4865 ut
2883 4813 2952 4866 sit
2978 4815 3193 4883 aliquod
3222 4815 3399 4868 aliud.
3428 4814 3599 4868 (lateri

2057 4903 2190 4940 mss.
2223 4885 2511 4954 utrobique
2541 4886 2800 4937 omittunt
2831 4893 2908 4938 ut.

2128 4957 2206 5017 (7)
2237 4954 2325 5009 Sic
2361 4952 2460 5008 ms.
2495 4954 2694 5022 Regius
2724 4970 2871 5008 num.
2906 4954 3060 5009 1659.
3091 4952 3191 5007 Ms.
3223 4954 3399 5009 codex
3429 4953 3602 5008 Vallis-

2050 5027 2222 5081 Clara:
2239 5029 2388 5083 addit
2424 5041 2492 5077 an
2523 5035 2642 5094 post
2673 5024 2800 5092 ipse.
2826 5025 3018 5080 Caeteri
3051 5041 3180 5078 vero
3206 5041 3339 5079 mss.
3365 5036 3422 5078 et
3449 5025 3600 5080 editi:

2056 5100 2165 5160 ipse
2194 5094 2395 5162 aliquid
2423 5111 2596 5147 causa:
2625 5096 2891 5162 pra-stitit.

2129 5165 2205 5237 (8)
2237 5165 2392 5237 Deest
2426 5164 2512 5216 ille
2545 5167 2594 5217 in
2623 5165 2808 5237 editis.
3201 5215 3207 5221 .

2129 5233 2372 5307 (9)_E_d_iti
2401 5243 2456 5307 et
2483 5249 2584 5307 ms.
2621 5233 2834 5307 Regius,
2856 5250 3006 5307 num.
3038 5233 3174 5288 1659
3207 5236 3463 5288 omittunt
3485 5234 3552 5286 in.

2126 5303 2238 5377 (10)
2269 5303 2602 5380 ΜεηΙὶθεὶιιε
2637 5320 2785 5357 ιιιιιιι.
2819 5305 2975 5368 1659,
3007 5308 3058 5358 in
3089 5307 3434 5380 prreseutibus
3459 5340 3478 5380 _.
3501 5337 3556 5380 .__.
3581 5339 3595 5354 .

2055 5388 2145 5430 aut
2175 5375 2276 5430 nou
2303 5375 2714 5444 uniuscujusque
2742 5413 2756 5428 .
2785 5416 2800 5430 .
2827 5415 2842 5430 .
2867 5415 2881 5428 .
2912 5377 3184 5428 materiam
3213 5377 3483 5441 prwbuerit
3503 5375 3600 5444 dis-

2055 5447 2334 5511 pensandi.
2365 5442 2555 5498 Caneri
2592 5442 2720 5497 vero
2769 5461 2900 5499 mss.
2947 5457 3006 5498 ut
3050 5446 3103 5497 in
3139 5454 3308 5498 textu.
3348 5445 3424 5499 lta
3449 5442 3596 5499 etiam

2053 5517 2209 5579 editi,
2241 5527 2437 5583 ιιι-πίει·
2469 5515 2694 5583 ρηινὸειιι
2729 5530 2824 5582 pro
2854 5516 3158 5581 prazbuerit.

2128 5580 2252 5657 (tl)
2289 5580 2478 5637 Enim.
2516 5586 2674 5641 Deest
2717 5580 2767 5640 iu
2815 5580 2967 5640 libris
3014 5596 3172 5640 antea
3215 5585 3396 5642 editis.
3440 5580 3596 5646 Alias.

2055 5668 2228 5714 autem
2259 5671 2356 5726 pro
2386 5657 2544 5710 enim.
2965 5697 2968 5702 .
