3692 6138
56 220 186 276 1215
1047 219 1398 277 causam.
1433 200 1501 274 is
1540 220 1757 276 EPIST.
1795 220 1887 274 an
1918 219 2085 278 nou.
2126 220 2254 276 LIB.
2291 219 2375 274 Ix.
3190 219 3324 275 teis

52 349 316 409 tanquam
354 341 561 394 manui
595 338 961 395 ministerium
996 339 1256 394 adscribit
1283 356 1298 405 ;
1325 348 1381 394 et
1412 340 1501 395 alii
1536 350 1654 395 tan-
1686 352 1728 403 Α
1762 355 1828 394 ne
1873 340 2119 395 videatur
2170 341 2236 395 de
2290 335 2509 393 homine
2551 334 2764 391 arbitrii
2809 345 3050 407 potestas
3099 336 3321 396 auferri.

52 447 206 499 quam
258 431 489 500 linguae
545 433 846 487 doctrinam
890 432 1085 487 tribuit
1133 450 1146 485 :
1198 433 1448 487 similiter
1489 435 1653 488 etiam
1765 429 2138 482 Verumtamen
2168 443 2236 482 ex
2280 428 2383 481 hoc
2426 426 2570 495 quod
2612 425 2689 478 ait
2731 425 2845 480 dari
2888 429 3120 497 gratiam
3151 429 3219 482 ad
3263 428 3320 482 id

50 536 269 580 ca'tera.
326 524 484 578 Illud
536 539 748 594 quoque
795 526 935 592 quod
983 524 1141 580 nobis
1190 527 1244 579 in
1286 527 1653 595 superioribus
1755 521 1893 588 quod
1920 520 2163 588 expedit,
2201 529 2382 588 potest
2412 518 2527 571 ﬁeri
2561 528 2618 570 ut
2651 519 2750 573 etsi
2789 519 2860 573 sit
2888 519 2999 589 (l8)
3045 519 3096 573 in
3137 519 3316 589 alique

52 616 371 684 ambiguum
431 615 769 679 videbatur,
817 615 1082 678 absolvit,
1132 617 1220 671 ubi
1276 618 1652 686 quaerebamus
1755 624 2003 681 nlrnsul‘a
2032 610 2152 663 ﬁdei
2190 619 2371 673 lania.
2409 623 2533 677 quae
2557 607 2927 693 exceis'lorem
2950 610 3176 678 Sraliam
3209 626 3323 666 me-

50 717 225 758 utrum
252 706 708 775 unumquodque
736 709 1036 760 membrum
1064 708 1130 761 ad
1159 709 1408 771 hone~ta,
1437 708 1519 761 vel
1553 708 1665 761 mi-'
1754 712 1940 754 ream"
1969 702 2235 769 πείρετε.
2274 700 2318 754 Si
2347 708 2572 754 δειηεῑυδ
2613 698 2846 768 δρίτίιυε
2886 700 3071 754 rum”
3102 704 3319 771 Ριιοερί·

53 811 146 848 tius
194 795 445 848 honesta
496 796 745 864 corporis
790 795 964 851 olIicia
1013 797 1213 867 aliquid
1262 812 1325 850 es
1370 813 1428 852 se
1470 814 1601 853 caus

1763 792 1902 845 :iens
1936 792 2194 860 expedire
2232 790 2516 858 accipienti
2562 805 2669 843 non
2716 790 2952 858 jndicet,
3009 791 3319 844 necessario

50 884 349 955 praebendo
404 887 630 940 venerit
666 904 678 939 :
712 903 778 940 an
820 889 984 943 nnllis
1022 904 1088 943 ex
1132 890 1351 952 causiS,
1395 890 1488 944 sed
1536 891 1651 945 sola
1750 883 1954 937 dividat
1999 883 2290 950 unicuique
2336 891 2497 950 prout
2540 882 2650 935 vult
2696 891 2752 936 et
2792 882 3030 950 expedit.
3078 881 3319 950 Denique

51 968 138 1030 Dei
168 976 478 1031 voluntate
526 978 849 1043 honestum,
882 978 969 1032 vel
1003 979 1182 1033 minus
1211 979 1496 1033 honestum
1528 994 1651 1036 esse
1751 973 2036 1028 ιιοιιηιιιιϋε
2103 974 2344 1026 Videmus
2417 977 2691 1043 accepisse
2750 971 2986 1040 gramm
3053 972 3317 1027 ἀοειτίιιω

51 1067 362 1120 membrum
403 1069 711 1137 unicuique
740 1069 1046 1139 delegatum
1081 1070 1149 1124 sit
1177 1070 1311 1142 (12).
1344 1069 1496 1135 Quod
1521 1086 1601 1141 erg

1763 1065 1833 1119 vel
1869 1064 2263 1119 exhortationis
2304 1065 2372 1118 ad
2415 1065 2664 1133 plebem,
2707 1075 2762 1119 et
2804 1080 2868 1119 ex
2913 1065 3015 1119 hoc
3056 1066 3172 1134 ipso
3208 1066 3320 1121 eia-

53 1156 121 1213 ibi
151 1157 314 1213 nobis
353 1159 553 1215 minus
584 1162 794 1215 clarum
829 1159 949 1227 fuit,
984 1162 1071 1215 hic
1096 1162 1391 1229 Aposzolus
1419 1163 1646 1217 eriden-
1748 1167 1831 1210 los
1867 1165 2028 1225 atque
2078 1157 2130 1209 in
2176 1157 2481 1224 superbiam
2530 1170 2718 1211 versos
2769 1157 2820 1209 in
2867 1156 3130 1226 judicium
3181 1159 3317 1211 inci-

53 1260 129 1304 ter
153 1253 380 1319 aperuit
418 1254 638 1316 dicens,
677 1256 783 1308 sive
809 1255 1133 1323 prophetiam
1166 1254 1297 1326 (ta),
1340 1258 1445 1310 sive
1485 1258 1644 1311 mini-
1747 1249 1891 1301 disse
1915 1247 2114 1301 diaboli
2149 1264 2162 1299 =
2195 1247 2331 1302 alios
2361 1247 2635 1317 accepisse
2665 1247 2884 1317 quidem
2913 1249 3177 1316 gratiam.
3219 1255 3315 1303 sed

53 1344 287 1407 sterium,
323 1345 459 1398 sive
497 1345 702 1415 reliqua
731 1347 868 1401 dona
905 1348 1203 1416 gratiarum
1238 1349 1520 1401 secundum
1556 1365 1647 1401 ra-
1748 1337 1915 1410 649
1944 1340 2263 1409 negligentia
2294 1341 2456 1393 animi
2484 1352 2540 1394 et
2570 1341 2691 1394 νίιω
2726 1342 2930 1395 deSidia
2957 1341 3263 1411 ιὐττυρίεδθ
3295 1357 3312 1395 ε

52 1434 240 1487 tionem
283 1434 427 1499 ﬁdei
468 1436 589 1490 dari
641 1454 654 1490 ε
699 1438 954 1506 quamvis
998 1453 1175 1493 sermo
1210 1440 1345 1503 iste,
1394 1441 1495 1495 hoc
1537 1450 1644 1506 est,
1746 1433 1885 1485 unde
1915 1420 2035 1484 erat
2067 1442 2120 1486 et
2161 1432 2248 1486 ille
2294 1433 2385 1500 qui
2423 1443 2705 1501 acceptum
2739 1432 3022 1486 denarium
3061 1432 3112 1485 in
3152 1431 3314 1484 suda-

53 1521 334 1578 secundum
367 1523 496 1594 (~14)
530 1502 782 1580 rationem
822 1527 988 1595 ﬁdei,
1034 1529 1173 1596 apud
1211 1502 1436 1584 Latinos
1469 1502 1645 1583 minus
1746 1523 1827 1575 rio
1860 1523 2167 1593 colligavit,
2215 1539 2314 1578 nec
2348 1525 2562 1592 operari
2593 1538 2658 1578 ex
2693 1538 2759 1578 eo
2800 1524 3005 1592 aliquid
3047 1522 3216 1577 voluit
3242 1522 3312 1579 “.

50 1616 264 1684 proprie
342 1616 653 1672 translatus
708 1619 973 1673 videatur.
1043 1619 1327 1691 Ἀναλογία
1390 1622 1532 1675 enim
1587 1622 1641 1675 in
1745 1614 2034 1684 Propterea
2076 1617 2307 1685 denique
2333 1628 2389 1670 et
2426 1616 2721 1686 Apostolus
2758 1619 2949 1671 scribit
2993 1615 3061 1670 ad
3103 1616 3310 1670 charis-

53 1705 255 1772 Gratco,
308 1723 430 1762 non
473 1718 583 1763 tam
628 1709 766 1763 ratio
813 1726 974 1778 quam
1023 1726 1281 1766 mensura
1331 1722 1642 1781 competens
1673 1697 1715 1751 Β
1744 1708 1942 1762 simum
1998 1707 2104 1763 sibi
2155 1707 2324 1761 tilium
2358 1708 2585 1764 dicens:
2617 1709 2745 1763 Noli
2777 1709 3031 1778 negligere
3079 1709 3307 1777 gratiam

53 1796 148 1850 dici
177 1808 389 1866 potest,
430 1809 496 1852 ut
527 1799 649 1869 quia
681 1815 786 1854 uno
821 1815 926 1854 non
956 1811 1154 1870 potest,
1193 1802 1403 1857 duobus
1433 1817 1640 1859 sermo-

55 1887 203 1943 nibus
245 1890 594 1961 explicetur.
647 1892 950 1947 Secundum
997 1893 1110 1964 (15)
1161 1910 1458 1949 mensuram
1510 1911 1640 1968 ergo

54 1979 168 2047 ﬁdei
193 1980 645 2054 uniuscujusque
677 1985 1021 2040 diversitates
1042 1986 1160 2039 dari
1188 1987 1498 2055 pronuntiat
1522 2002 1639 2054 gra—

56 2071 267 2138 tiarum,
303 2084 396 2137 ut,
431 2076 586 2130 verbi
613 2090 807 2142 causa,
847 2086 1070 2145 accepta
1112 2077 1234 2144 quis
1267 2078 1465 2146 gratia,
1507 2077 1637 2133 illud

55 2160 129 2214 vel
168 2161 302 2217 illud
334 2166 652 2219 membrum
684 2166 737 2220 in
770 2166 973 2222 Christi
1003 2180 1230 2235 corpore
1277 2167 1393 2221 ﬁat.
1439 2168 1505 2221 Et
1548 2169 1637 2222 hic

55 2252 261 2321 quidem
288 2271 607 2311 mensuram
630 2258 756 2325 ﬁdei
780 2274 1000 2313 causam
1035 2259 1423 2327 capiendarum
1456 2260 1637 2329 posuit

55 2344 355 2411 gratiarum
384 2361 403 2409 ;
451 2346 518 2400 ad
560 2346 870 2402 Corinthios
899 2363 1028 2403 vero
1060 2349 1307 2404 scribens
1340 2351 1414 2402 ait
1445 2361 1462 2404 :
1499 2347 1634 2403 Uni-

58 2436 231 2502 cuique
260 2446 449 2491 autem
472 2439 633 2491 datur
658 2439 1015 2508 manifestatio
1040 2440 1274 2508 Spiritus
1316 2441 1385 2494 ad
1416 2442 1473 2494 id
1494 2443 1635 2510 quod

58 2527 249 2594 expedit
274 2527 359 2595 ³⁶;
390 2537 451 2582 et
481 2538 600 2597 post
636 2544 805 2598 pauca
842 2530 992 2584 addit
1021 2547 1037 2585 :
1072 2529 1265 2585 Omnia
1302 2539 1474 2585 autem
1513 2549 1635 2600 ope-

59 2627 198 2670 ratur
222 2635 368 2673 unus
403 2629 566 2693 atque
602 2622 739 2675 idem
775 2621 1031 2690 Spiritus,
1071 2623 1307 2677 dividens
1350 2623 1634 2692 unicuique

62 2705 161 2780 (16)
185 2720 340 2777 prout
372 2711 488 2764 vult
516 2711 583 2764 ³⁷.
622 2710 777 2768 Unde
815 2711 945 2765 mihi
973 2713 1225 2777 videtur,
1272 2722 1377 2767 tam
1411 2715 1477 2768 ad
1518 2712 1628 2767 Bo-

61 2812 239 2853 manos
269 2814 444 2867 quam
478 2798 542 2853 ad
569 2798 881 2855 Corinthios
912 2802 1182 2868 scribens,
1219 2812 1328 2857 tres
1357 2803 1631 2873 capienda:

64 2888 240 2952 gratia:
287 2888 490 2944 modos
534 2889 760 2957 docere,
804 2899 861 2944 ut
893 2905 961 2945 ex
1004 2893 1162 2946 nobis
1201 2892 1254 2946 in
1289 2907 1354 2946 eo
1393 2892 1478 2963 agi
1531 2892 1632 2947 ali-

64 2976 180 3043 quid
211 2980 508 3043 estendat,
544 2979 838 3049 plurimum
891 2988 1069 3035 tamen
1117 2982 1169 3036 in
1212 2982 1305 3036 Dei
1343 2981 1628 3052 largitione

66 3068 369 3124 consistere.
404 3070 569 3125 Ponit
595 3086 727 3142 ergo
760 3082 815 3126 et
842 3088 1141 3127 mensuram
1176 3073 1302 3143 ﬁdei
1334 3088 1457 3130 esse
1479 3115 1496 3141 ,
1530 3090 1627 3141 per

66 3170 210 3226 quam
239 3161 365 3229 quis
394 3161 629 3232 gratiam
663 3162 802 3233 capit
830 3179 848 3228 ;
893 3165 1044 3233 ponit
1087 3173 1145 3219 et
1172 3165 1242 3218 ad
1279 3164 1334 3217 id
1363 3166 1503 3234 quod
1535 3181 1627 3219 ea:-

68 3249 187 3315 pedit
212 3251 327 3305 dari
353 3269 371 3320 ;
402 3261 462 3307 et
487 3252 748 3322 Spiritum
782 3254 1024 3310 dividere
1053 3267 1209 3325 prout
1235 3255 1368 3310 vult.
1402 3256 1471 3311 lJt
1495 3270 1625 3327 ergo

68 3344 200 3393 tanta
236 3343 289 3396 in
338 3344 503 3399 nobis
531 3344 665 3399 lides
700 3344 1027 3411 inveniatur,
1057 3356 1260 3416 quanta
1294 3347 1468 3416 possit
1498 3346 1621 3402 sub-

69 3425 323 3487 limiorem
385 3436 615 3505 gratiam
656 3437 974 3504 promereri,
1007 3437 1177 3492 nostri
1203 3438 1382 3508 operis
1413 3438 1626 3493 videtur

67 3530 112 3574 et
146 3524 303 3578 studii
343 3543 360 3580 :
397 3536 460 3580 ttt
500 3536 678 3580 autem
708 3527 772 3581 ad
813 3527 865 3582 id
904 3528 1065 3582 detur
1092 3530 1235 3599 quod
1270 3530 1523 3598 expedit,
1568 3539 1623 3586 et

70 3609 184 3665 utile
202 3612 273 3666 sit
295 3615 611 3684 accipienti,
647 3616 741 3671 Dei
766 3614 1027 3683 judicium
1051 3628 1173 3685 est;
1207 3618 1288 3673 vel
1320 3620 1542 3673 omnino
1574 3619 1620 3674 si

68 3697 171 3753 dari
194 3702 341 3768 velit,
374 3705 431 3758 in
463 3705 580 3774 ipso
604 3714 708 3761 est.
741 3706 863 3762 ideo
890 3716 945 3763 et
973 3707 1028 3763 in
1066 3708 1188 3763 aliis
1223 3709 1366 3764 idem
1391 3712 1622 3778 Aposto-

70 3790 140 3846 lus
184 3795 311 3850 dicit
364 3815 381 3850 :
444 3796 604 3852 Nunc
652 3812 824 3854 autem
874 3800 1015 3856 Deus
1073 3803 1244 3870 posuit
1299 3803 1354 3857 in
1406 3820 1622 3871 corpore

68 3889 456 3959 unumquodque
476 3892 760 3945 membrum
783 3903 938 3963 prout
962 3893 1122 3949 voluit
1143 3894 1208 3949 ³⁸.
1235 3893 1419 3950 Voluit
1439 3906 1617 3950 autem

70 3972 195 4030 Deus
222 3982 514 4035 secundum
558 3984 814 4037 rationem
862 3985 945 4041 vel
985 4003 1289 4041 mensurant
1335 3988 1460 4056 ﬁdei
1500 4004 1620 4059 quas

69 4072 140 4116 est
168 4066 219 4121 in
264 4071 424 4125 nobis
462 4071 616 4142 (17);
659 4074 740 4129 vel
781 4074 951 4129 voluit
988 4078 1058 4130 ad
1102 4078 1161 4131 id
1200 4079 1340 4148 quod
1384 4080 1614 4148 expedit.

71 4149 166 4208 Nisi
197 4156 335 4214 forte
367 4162 441 4215 ita
474 4161 675 4233 aliquis
714 4177 772 4219 et
813 4167 918 4222 hoc
947 4168 1076 4223 velit
1103 4169 1442 4240 intelligere,
1476 4172 1617 4227 Deus

71 4248 219 4334 posuit
248 4250 303 4306 in
338 4269 560 4322 corpore
584 4258 990 4329 unumquodque
1018 4259 1307 4314 membrum
1334 4275 1488 4334 prout
1524 4281 1614 4318 vo-

1741 1813 1858 1868 qua:
1885 1798 1941 1851 in
1969 1806 2018 1849 te
2045 1806 2119 1850 est
2149 1796 2226 1859 ⁸ος
2264 1804 2518 1866 tanquam
2553 1798 2733 1852 sciens
2764 1812 2923 1867 posse
2952 1798 3179 1864 gratiam
3212 1810 3306 1865 per

1740 1886 2118 1958 negligentiam
2146 1888 2408 1956 deperire.
2433 1887 2584 1953 Quod
2606 1896 2782 1942 autem
2812 1888 2978 1942 dixit:
3008 1886 3304 1942 Secundum

1740 1979 1998 2030 rationem
2026 1978 2111 2032 vel
2148 1994 2443 2031 mensuram
2476 1978 2600 2046 ﬁdei
2626 1980 2693 2045 "',
2741 1989 2871 2049 puto
2897 1977 3009 2046 jam
3056 1978 3211 2045 plene
3251 1979 3303 2031 in

1738 2068 2110 2138 superioribus
2138 2071 2440 2139 expositum
2490 2085 2611 2140 quae
2651 2070 2724 2124 sit
2769 2069 2902 2125 ﬁdes
2944 2085 3062 2140 quae
3088 2087 3118 2125 a
3149 2069 3302 2125 nobis

1738 2164 2072 2233 requiratur,
2107 2170 2161 2217 et
2189 2179 2309 2232 quae
2338 2164 2408 2218 sit
2434 2180 2554 2233 quae
2583 2178 2612 2217 a
2658 2164 2766 2219 Deo
2800 2179 2896 2234 per
2933 2164 3164 2234 gratiam
3206 2164 3301 2219 da-

1740 2260 1825 2305 llll'
1856 2253 2153 2307 secundum
2191 2253 2294 2306 hoc
2325 2253 2466 2323 quod
2493 2254 2633 2309 idem
2662 2254 2952 2322 Apostolus
2985 2254 3117 2308 dicit
3144 2272 3158 2308 :
3201 2254 3300 2307 Alit

1733 2343 1863 2412 ﬁdes
1893 2346 1947 2397 in
1984 2345 2159 2398 eodem
2192 2343 2393 2413 Spiritu
2424 2344 2470 2376 δ’
2508 2361 2524 2398 :
2554 2356 2609 2400 et
2633 2345 2762 2400 item
2811 2347 2900 2399 ubi
2929 2346 3046 2415 H9)
3076 2346 3305 2416 apostoli

1735 2436 1801 2490 ad
1838 2435 2124 2489 Dominum
2171 2436 2400 2490 dicunt:
2437 2438 2586 2507 Auge
2626 2437 2775 2490 nobis
2819 2437 2974 2506 ﬁdem
3016 2436 3064 2468 “
3108 2450 3124 2488 :
3160 2438 3302 2505 quod

1735 2524 1870 2580 ﬁdes
1899 2525 2115 2596 quidem
2143 2540 2262 2595 qua:
2290 2536 2471 2595 speret
2499 2538 2552 2582 et
2599 2527 2804 2593 credat,
2852 2536 2908 2581 et
2945 2528 3149 2596 alisque
3193 2527 3300 2582 ulla

1733 2616 2074 2673 dubitatione
2113 2617 2369 2683 conﬁdat,
2397 2617 2449 2671 in
2486 2618 2640 2673 nobis
2662 2626 2781 2672 est:
2832 2618 2969 2672 ratio
3013 2633 3140 2673 vero
3174 2618 3297 2673 lidei

1732 2710 1921 2779 ipsius,
1960 2719 2015 2762 et
2043 2710 2306 2774 scientia,
2345 2720 2401 2763 et
2426 2708 2699 2778 perfectus
2734 2725 2922 2764 eorum
2955 2726 3074 2780 quas
3116 2711 3299 2766 credi-

1732 2815 1853 2854 mus
1876 2801 2204 2864 intellectus,
2235 2804 2513 2853 donatura
2545 2799 2677 2853 Deo.
2708 2799 2813 2855 Sed
2846 2812 2901 2856 et
2930 2801 3060 2856 illud
3094 2802 3145 2855 in
3176 2801 3299 2857 loco

1732 2906 1835 2945 non
1864 2891 2174 2945 omittamus
2199 2893 2341 2960 quod
2371 2892 2586 2945 videtur
2612 2893 2924 2947 secretioris
2949 2908 3069 2947 esse
3098 2903 3299 2963 myste-

1731 2981 1816 3035 rii.
1850 2982 1906 3036 Si
1937 2982 2078 3036 enim
2118 2983 2169 3035 in
2204 2984 2451 3052 pnrsenti
2482 2983 2679 3038 steculo
2708 2983 2803 3037 dat
2832 2984 2969 3038 Deus
3006 2978 3298 3052 unicuique

1728 3071 1959 3142 gratiam
1999 3073 2284 3125 secundum
2315 3087 2611 3125 mensuram
2639 3073 2786 3141 ﬁdei,
2817 3073 2935 3128 sine
2968 3074 3133 3129 dubio
3159 3084 3216 3127 et
3237 3074 3294 3129 iu

1727 3165 1910 3217 futuro
1940 3163 2083 3217 dabit
2111 3165 2402 3233 unicuique
2434 3162 2661 3236 gratiam
2696 3181 2793 3235 pro
2842 3181 3094 3220 mensura
3134 3169 3295 3220 meri-

1728 3265 1941 3318 torum;
1971 3263 2024 3308 et
2053 3254 2097 3309 si
2150 3254 2201 3308 in
2252 3256 2501 3323 praesenti
2541 3256 2746 3311 sarculo
2776 3255 2897 3311 talis
2932 3266 3015 3311 est
3045 3257 3138 3311 Dei
3180 3257 3295 3312 dis-

1723 3343 1992 3415 pensatio,
2023 3353 2083 3398 et
2132 3343 2251 3398 talis
2298 3345 2400 3398 erit
2442 3347 2607 3400 etiam
2655 3346 2708 3400 in
2749 3347 2967 3411 luturo;
3023 3348 3296 3415 quomodo

1724 3451 1831 3491 non
1860 3447 1916 3490 et
1942 3438 1993 3490 in
2022 3436 2310 3505 praeteritis
2338 3438 2554 3493 saeculis
2588 3436 2728 3510 (‘20),
2763 3456 2886 3509 quae
2918 3439 3137 3495 fuerunt
3168 3449 3297 3496 ante

1724 3544 1844 3593 nos,
1870 3529 2060 3584 similis
2091 3529 2185 3585 Dei
2215 3530 2548 3600 dispensatio
2573 3547 2703 3603 erga
2734 3548 2949 3589 omnem
2984 3535 3283 3590 rationabi-

1721 3621 1825 3677 lem
1848 3632 2155 3678 creaturam
2187 3623 2357 3680 l'uisse
2402 3625 2692 3681 credetur?
2740 3623 2844 3680 Sed
2866 3625 2979 3695 jam
3010 3627 3291 3681 videamus

1721 3729 1840 3784 qua!
1882 3717 1989 3771 sint
2033 3715 2145 3789 (21)
2176 3717 2316 3772 dona
2345 3733 2465 3787 quae
2508 3726 2792 3773 enumerat
2829 3719 3126 3772 secundum
3158 3733 3290 3789 gra-

1720 3807 1850 3860 tiam
1885 3808 2035 3865 data.
2094 3808 2408 3878 Prophetia,
2456 3810 2654 3880 inquit,
2688 3819 2744 3865 et
2795 3809 3179 3877 ministerium,
3235 3819 3290 3865 et

1719 3900 1985 3967 doctrina,
2018 3912 2073 3956 et
2098 3902 2429 3970 exhortatio,
2461 3913 2516 3959 et
2541 3903 2785 3968 tributio,
2820 3904 2922 3957 hoc
2944 3912 3029 3957 est
3058 3911 3288 3972 praesta-

1718 3993 1817 4058 tio,
1848 4002 1904 4046 et
1925 4008 2178 4062 praeesse,
2211 4005 2265 4048 et
2310 3993 2578 4048 misereri.
2613 3994 2708 4049 Hts
2732 3993 2911 4064 jungit
2966 4003 3021 4047 et
3047 3995 3288 4048 charita-

1719 4091 1848 4146 tem,
1889 4093 1943 4138 et
1970 4093 2186 4138 caetera.
2224 4085 2298 4138 De
2327 4085 2523 4154 quibus
2558 4084 2706 4138 dicat
2755 4084 2987 4137 fortasse
3033 4083 3235 4152 aliquis
3267 4099 3285 4137 :

1718 4174 1774 4229 Si
1804 4174 1918 4229 haec
1947 4176 2128 4229 omnia
2159 4190 2256 4245 per
2286 4176 2519 4246 gratiam
2554 4177 2751 4229 dantur
2781 4174 2916 4246 (22),
2951 4190 3056 4228 non
3099 4175 3204 4228 erit
3229 4174 3285 4227 in

1715 4265 1873 4334 culpa
1901 4266 1943 4319 si
1979 4265 2100 4335 quis
2133 4281 2236 4320 non
2259 4267 2565 4336 prophetet,
2613 4275 2704 4320 aut
2734 4282 2839 4321 non
2868 4267 3158 4333 ministret,
3193 4275 3286 4320 aut

73 4332 189 4401 luit,
231 4352 290 4397 ut
319 4345 484 4399 voluit
512 4345 580 4401 ad
615 4349 898 4403 membrum
939 4352 1113 4421 magis
1160 4332 1427 4408 referatur
1448 4396 1463 4418 ,
1513 4355 1615 4409 hoc
1644 4369 1693 4429 υ
1720 4332 1827 4410 non
1860 4332 2070 4425 doceat,
2112 4369 2204 4412 aut
2235 4332 2340 4411 non
2362 4332 2736 4421 vexbortetur,
2782 4368 2877 4412 aut
2922 4374 3027 4412 non
3061 4332 3285 4423 tribuat,

73 4432 158 4492 est,
184 4443 332 4497 prout
363 4434 557 4503 coluit,
589 4447 751 4507 prout
771 4438 956 4509 elegit,
987 4450 1147 4511 prout
1173 4458 1391 4513 operam
1419 4446 1563 4502 dedit
1588 4464 1605 4516 ;

131 4562 207 4619 ³⁸1
232 4569 354 4630 Cor.
384 4590 483 4639 In,
519 4576 572 4632 7.
627 4576 672 4608 ⁸⁷
699 4576 829 4632 ibid.
863 4579 951 4635 11.
1001 4579 1045 4613 ³⁸
1071 4580 1202 4638 ibid.
1233 4583 1318 4640 18.

73 4627 179 4690 Cor.
204 4627 353 4707 111,9.
424 4627 482 4677 ἶί
508 4627 640 4703 Luc.
662 4627 807 4711 xvii:
813 4650 868 4705 5.

101 4746 233 4837 ⁵,(12)
254 4753 350 4837 με.
372 4759 580 4837 Regius
601 4777 750 4818 num.
771 4763 930 4827 1659,
951 4767 1311 4837 unusquisque
1330 4768 1611 4826 derelictus

74 4822 148 4890 tit.
173 4822 268 4878 Sed
301 4822 489 4883 caeteri
509 4848 638 4885 mss.
668 4843 723 4887 et
748 4837 879 4888 editi
913 4822 972 4890 ut
1001 4837 1052 4888 in
1088 4822 1257 4890 texui.

156 4890 232 5033 l5;
258 4895 400 4952 Editi
435 4916 739 4970 perperam,
769 4905 877 4959 sive
903 4907 1197 4975 prophetia.

156 4962 212 5033 ῃ
265 4966 585 5025 Secundum.
612 4970 882 5027 Omittunt
913 4976 965 5028 in
997 4977 1178 5030 editis.

154 4962 232 5030 H)
265 4962 585 5025 Secundum.
612 4962 882 5027 Omittunt
903 4962 965 5028 'in
997 4962 1178 5030 editis.

155 5030 231 5100 15)
259 5033 453 5114 Editi._
478 5044 765 5096 secundum
813 5060 937 5114 ergo
973 5045 1098 5112 ﬁdei
1136 5063 1438 5105 mensuram
1480 5054 1604 5108 uni-

79 5109 235 5221 cuique
265 5108 590 5165 diversitates
614 5114 759 5175 dari,
791 5108 896 5169 etc'.

134 5166 150 5221 (
182 5169 230 5221 61
255 5177 419 5221 Aliam
450 5181 673 5221 ιῑηηηιε.
728 5184 823 5221 cmi
854 5201 896 5221 m

134 5166 230 5257 (196)
252 5177 422 5257 Atius,
450 5181 695 5250 singulis,
727 5166 823 5238 sed
853 5166 953 5238 ins.
980 5183 1182 5257 Regius
1208 5203 1358 5243 num.
1384 5191 1521 5246 1639
1547 5202 1602 5248 et

81 5233 519 5318 editiliunicuique.

81 5308 233 5430 negl)
260 5308 435 5384 Editi;
481 5321 765 5376 secundum
793 5322 921 5392 ﬁdei
950 5342 1245 5382 mensuram
1275 5346 1394 5398 qua:
1424 5342 1498 5386 est
1546 5334 1602 5387 in

180 5398 220 5433 8.

136 5445 229 5534 ll8)
259 5453 566 5534 Ms.__plures
585 5502 600 5525 ,
632 5470 687 5514 ut
716 5464 763 5516 si
788 5464 897 5529 sit,
927 5474 1034 5520 etc.
1066 5466 1270 5523 Deinde
1299 5469 1448 5534 editi,
1479 5482 1599 5527 tan-

82 5520 895 5609 fftnlltﬁescellentioremgratiam
918 5575 952 5609 ,Α
974 5549 1079 5590 etc.
1109 5520 1281 5592 Paulo
1306 5520 1448 5609 post,
1468 5520 1598 5597 vero

81 5588 377 5681 {ES-l‘ﬁegius
413 5615 560 5679 num.
600 5588 738 5656 1639
781 5588 1340 5681 omitiitvVritreciessarior
1356 5588 1596 5681 dividat:

84 5660 125 5702 ει
156 5656 320 5733 baltei,
364 5670 642 5740 unicuique
672 5656 845 5743 prout

1399 4586 1443 4619 ”
1471 4586 1603 4643 Luc.
1635 4600 1750 4652 χιχ,
1791 4582 1884 4649 20,
1924 4581 2016 4638 21.

1718 4457 1814 4503 aut
1841 4462 1944 4502 non
1975 4450 2182 4519 praesit,
2213 4459 2308 4504 aut
2345 4466 2451 4505 non
2500 4451 2844 4516 misereatur,
2893 4459 2987 4503 aut
3025 4463 3130 4503 non
3160 4450 3288 4503 dili-

2112 4581 2158 4615 ‘°
2185 4582 2206 4637 l
2234 4581 2373 4639 Tim.
2399 4599 2472 4650 tv,
2523 4583 2609 4639 14.
2709 4584 2752 4615 ιί
2777 4580 3116 4650 Ronn.ut,3.
3192 4578 3283 4634 "1

1782 4768 1895 4843 (19)
1934 4769 2036 4843 Ms.
2067 4766 2270 4843 Regius
2307 4786 2457 4826 nttm.
2510 4769 2672 4843 1659,
2723 4770 2873 4828 alibi.
2914 4768 3116 4827 Deinde
3140 4771 3282 4843 Apo-

1710 4841 1833 4895 stoti
1861 4841 2202 4894 desideratur
2235 4841 2289 4894 in
2316 4851 2475 4895 antea
2499 4842 2678 4896 editis.

1784 4910 1900 4982 (20)
1930 4909 2092 4982 Editi,
2121 4910 2370 4982 talis_erit
2396 4913 2620 4967 etiam...
2646 4912 2905 4981 quomodo
2929 4926 3033 4963 non
3060 4922 3281 4977 prwter—

1706 4978 1802 5035 itis
1843 4979 2219 5051 saeculisLetc.
2246 4978 2372 5035 Mss.
2418 4978 2669 5051 plerique
2693 4986 2950 5036 omittunt
2992 4984 3279 5051 utrobique

1703 5062 1792 5117 et;
1818 5052 1913 5105 sed
1947 5064 2050 5106 ms.
2078 5048 2279 5117 Regius
2316 5048 2461 5106 num.
2494 5048 2630 5105 1639
2662 5053 2791 5104 utin
2816 5062 2991 5104 textu.

1776 5119 1888 5193 (21)
1942 5119 2105 5200 Editi,
2153 5123 2474 5200 cred-eretur.
2503 5119 2643 5200 _Sed
2678 5122 2795 5200 jam
2843 5122 3113 5200 videamus
3142 5136 3272 5200 qua:

1703 5203 1846 5251 sunt,
1870 5189 1973 5245 etc.
2009 5189 2233 5254 Deinde,
2263 5189 2568 5260 Prop/retia,
2590 5191 2782 5260 inquit,
2802 5202 2874 5253 est
2900 5191 3267 5257 ministerium,

1705 5274 1812 5329 etc.
1846 5262 1909 5315 Et
1944 5260 2101 5328 paulo
2126 5271 2248 5328 post
2276 5277 2377 5314 ms.
2408 5261 2607 5330 Regius
2635 5278 2781 5313 num.
2831 5261 2991 5330 1659,
3027 5262 3116 5312 sed
3163 5260 3267 5312 tri-

1706 5327 1882 5392 buere,
1912 5327 2010 5383 hoc
2032 5327 2428 5397 est,prwstare,
2451 5327 2767 5400 et'prwesse,
2798 5342 2905 5385 etc.
2953 5327 3056 5384 Sed
3085 5329 3269 5385 caeleri

1704 5417 1833 5455 mss.
1866 5412 1922 5455 ut
1951 5402 2003 5453 in
2034 5411 2216 5453 nostro
2251 5411 2418 5455 textu.

1773 5471 1887 5541 (22)
1936 5470 2101 5542 Editi,
2136 5471 2225 5521 dat
2270 5486 2366 5538 pro
2408 5473 2624 5526 dantur.
2660 5470 2863 5542 Deinde
2909 5483 3010 5527 ms.
3060 5469 3268 5542 Regius

1703 5537 1845 5595 num.
1872 5537 1904 5594 '1
1918 5537 2043 5610 659,
2071 5555 2172 5592 non
2211 5537 2308 5591 erit
2348 5542 2401 5592 in
2434 5542 2585 5607 culpa
2621 5541 2667 5594 si
2689 5542 2893 5609 quidem
2919 5556 3023 5595 non
3043 5537 3267 5610 prophe-

1701 5621 1838 5668 tet...
1867 5613 1958 5682 qui
2002 5608 2461 5682 horumomnium
2497 5608 2733 5682 gratiam,
2773 5625 2874 5663 non
2911 5608 3116 5677 accipit.
3139 5608 3270 5670 Sed

1700 5676 1890 5737 caueri
1918 5694 2073 5748 mss.,
2114 5676 2367 5735 Rabauus
2393 5691 2447 5738 et
2470 5676 2599 5737 editi
2631 5690 2689 5735 ut
2720 5680 2775 5735 in
2803 5691 2988 5739 nostro
3016 5676 3194 5741 textu.
