3744 6146
431 222 567 280 1215

1868 228 2025 285 ORIG
2035 229 2187 284 ΕΝιὸ

3538 233 3652 291 lilii

429 357 555 418 gat;
593 345 718 416 quia
755 346 947 402 horum
975 349 1214 403 omnium
1242 350 1470 421 gratiam
1494 365 1600 405 non
1636 352 1862 420 accepit.
1889 351 1994 406 Sed
2029 361 2069 413 Λ
2102 352 2272 419 genda
2299 363 2383 407 est
2402 352 2516 409 ha:c
2540 368 2699 421 quam
2728 354 2886 409 docet
2912 352 3218 423 Apostolus,
3245 372 3353 409 non
3384 353 3528 408 illam
3552 370 3657 409 esse

428 444 494 493 ad
525 439 641 493 haec
687 439 930 495 dicemus
965 459 978 495 :
1026 441 1179 495 Sicut
1210 452 1292 496 est
1323 444 1454 498 lides
1497 458 1659 512 quam
1709 444 1999 498 docuimus

429 542 551 584 esse
583 529 633 583 in
667 531 839 597 nobis,
871 541 927 586 et
964 547 1152 587 rursus
1191 544 1275 587 est
1313 535 1445 588 tides
1470 550 1591 604 qua:
1622 551 1717 604 per
1766 537 1998 605 gratiam

433 621 606 680 datur,
639 622 780 676 sicut
807 639 965 689 supra
989 623 1224 679 diximus
1253 627 1510 695 scriptum
1551 642 1672 680 esse
1696 647 1708 680 :
1736 628 1839 680 Alii
1870 628 2001 696 ﬁdes

431 715 489 767 in
513 714 693 767 ebdem
722 713 921 781 Spiritu
944 714 1028 772 διε
1065 718 1139 770 ita
1171 717 1331 770 etiam
1367 718 1417 770 in
1454 734 1779 787 unoquoque
1809 718 2000 771 horum

433 822 553 876 qutr
585 823 744 875 supra
777 808 1217 863 enuntcravitnus
1248 826 1277 863 a
1313 811 1421 865 Deo
1472 827 1568 880 per
1595 812 1825 881 gratiam
1862 810 2002 872 dari.

434 910 520 954 est
553 900 665 969 (25)
699 910 755 955 et
788 902 839 955 in
874 902 1030 956 nobis
1069 902 1292 970 aliquid,
1345 904 1409 959 ad
1444 904 1600 972 cujus
1630 904 2006 972 unusquisque

434 1009 745 1048 mensuram
790 994 871 1048 vel
907 996 1169 1051 rationem
1211 998 1439 1067 gratiam
1494 1008 1860 1067 promeretur.
1897 996 2003 1052 Ne—

435 1101 541 1155 que
569 1087 713 1140 enim
747 1086 815 1142 de
848 1087 962 1141 sola
1007 1089 1267 1156 sapientia
1300 1089 1670 1159 accipiendum
1706 1090 1832 1143 illtnl
1863 1091 2004 1157 quod

436 1179 698 1248 scriptum
733 1189 835 1241 est,
873 1181 999 1246 quia
1031 1180 1128 1233 etsi
1174 1182 1239 1233 sit
1271 1180 1384 1251 (9.4)
1420 1181 1612 1251 aliquis
1656 1182 1918 1249 perfectus
1950 1182 2006 1234 in

433 1269 562 1337 ﬁliis
592 1271 880 1336 hominum,
909 1273 955 1326 si
1008 1272 1137 1324 desit
1163 1272 1212 1325 ei
1259 1273 1516 1341 sapientia
1554 1290 1671 1343 qua:
1706 1289 1771 1327 ea:
1809 1283 1858 1327 te
1908 1284 2004 1336 est,

438 1358 508 1410 ad
550 1360 775 1413 nihilum
837 1361 1160 1430 reputabitur
1202 1361 1270 1417 ⁵⁵.
1330 1363 1525 1415 Eodem
1575 1378 1806 1433 namque
1851 1365 2008 1417 modo

438 1465 725 1517 possumus
775 1454 957 1507 dit-ere
991 1471 1005 1506 :
1038 1453 1259 1509 Etiamsi
1300 1455 1371 1509 sit
1420 1455 1615 1524 aliquis
1655 1456 1922 1526 pellectus
1954 1457 2006 1511 in

439 1548 547 1599 title
575 1546 687 1617 (25)
721 1547 772 1600 in
806 1548 928 1602 ﬁliis
966 1549 1268 1615 hominum,
1300 1550 1344 1605 si
1375 1552 1516 1605 desit
1548 1552 1596 1606 ei
1632 1552 1765 1605 ﬁdes
1797 1565 1917 1619 qua:
1941 1566 2008 1605 ex

441 1646 527 1689 tua
578 1640 752 1707 gratia
825 1649 930 1704 est,
994 1641 1046 1695 in
1103 1643 1330 1696 nihilum
1384 1643 1739 1710 reputabitur.
1787 1642 1860 1696 Ita
1907 1643 2008 1695 etsi

2107 458 2201 511 per
2240 457 2400 511 quam
2449 443 2647 497 dicitur
2682 459 2696 495 :
2749 443 2876 498 Htec
2919 446 3044 500 dicit
3084 445 3380 511 Dominus;
3410 446 3497 499 illa
3526 453 3657 500 enim

2109 549 2281 601 usque
2312 534 2376 586 ad
2405 532 2671 588 Joannem
2695 536 2866 597 stetit,
2897 538 3191 590 secundum
3228 539 3373 605 quod
3423 537 3475 588 in
3504 536 3660 590 Evan-

2107 627 2248 696 gelio
2301 629 2561 694 scriptum
2616 635 2700 682 est
2722 628 2764 658 ⁵⁷
2799 644 2812 678 :
2851 626 2962 682 Lex
3011 638 3059 681 et
3099 626 3386 697 Propheta:
3417 644 3569 698 usque
3602 631 3659 682 ad

2108 716 2369 770 Joannem
2400 717 2512 787 (50)
2541 732 2555 767 :
2596 718 2689 771 sed
2734 718 2879 771 illam
2910 708 3022 789 (51)
3052 718 3118 771 de
3145 732 3250 786 qua
3280 720 3428 771 idem
3454 718 3664 785 Aposto-

2111 808 2192 862 lus
2220 810 2293 862 ait
2318 809 2364 841 ⁸⁸
2389 828 2400 862 :
2437 808 2540 875 Qui
2564 811 2857 878 prophetat.
2885 813 3182 866 hominibus
3211 811 3451 878 loquitur
3474 811 3580 879 (59.)
3606 816 3662 863 ad

2110 901 2536 967 ludiﬁcationem,
2570 915 2617 957 et
2663 905 3102 965 exhortationem,
3141 915 3191 957 et
3241 901 3662 957 consolationem.

2111 992 2398 1061 Prophetia
2431 1009 2561 1063 ergo
2608 994 2806 1049 dicitur
2832 994 2969 1063 apud
3024 986 3250 1048 Paulum
3287 1010 3416 1049 cum
3458 994 3574 1063 quis
3596 996 3663 1049 lo-

2112 1086 2298 1153 quitur
2343 1085 2659 1161 hominibus
2684 1088 2751 1140 ad
2780 1085 3218 1151 aediﬁcationem,
3255 1096 3310 1140 et
3357 1101 3484 1140 cum
3516 1085 3665 1154 loqui-

2113 1189 2201 1232 tur
2253 1179 2320 1230 ad
2360 1177 2797 1231 exhortationem
2841 1189 2892 1233 et
2934 1179 3401 1237 consolationem;
3465 1186 3519 1230 et
3564 1180 3662 1233 ideo

2115 1271 2373 1324 adhibere
2411 1269 2650 1324 studium
2691 1271 2757 1325 ad
2808 1270 3180 1339 hujuscemodi
3231 1269 3407 1341 65o
3459 1274 3665 1339 prophe-

2118 1364 2244 1418 tiam
2274 1364 2529 1430 possibile
2557 1364 2715 1418 nobis
2746 1374 2851 1429 est,
2881 1373 2937 1418 et
2969 1372 3053 1418 est
3093 1365 3146 1417 in
3195 1361 3386 1417 nostra
3422 1375 3664 1434 potestate

2117 1465 2175 1508 ut
2209 1456 2363 1509 nobis
2398 1456 2449 1509 in
2481 1456 2595 1509 haec
2618 1471 2834 1525 operam
2881 1456 3151 1525 dantibus,
3181 1456 3227 1509 si
3270 1458 3567 1510 secundum
3596 1473 3664 1510 ra-

2120 1549 2316 1601 tionem
2346 1550 2428 1602 vel
2457 1562 2766 1603 mensuram
2796 1549 2917 1603 ﬁdei
2949 1550 3062 1603 haec
3088 1549 3340 1613 faciams,
3370 1548 3594 1602 addatur
3619 1559 3664 1603 et

2119 1642 2204 1696 illa
2234 1657 2353 1712 qua:
2383 1658 2446 1695 ex
2482 1642 2590 1697 Deo
2630 1653 2713 1696 est
2744 1642 3022 1712 praphetia
3070 1639 3207 1713 (55).
3251 1641 3349 1696 Est
3385 1652 3563 1694 autem
3590 1656 3663 1693 sc-

438 1726 711 1796 perl‘ectus
748 1730 817 1782 sit
849 1731 969 1799 quis
1011 1732 1062 1785 in
1109 1733 1437 1795 ministerio,
1485 1733 1529 1786 si
1564 1733 1701 1787 desit
1749 1732 1856 1785 eia
1906 1732 2013 1786 Deo
2046 1719 2086 1772 Β
2115 1737 2345 1787 cundum
2387 1734 2699 1801 Apostolqu
2750 1736 2912 1787 etiam
2962 1732 3064 1785 alia
3108 1733 3321 1799 species
3367 1734 3660 1800 prophetiae,

442 1820 726 1875 ministerii
778 1823 974 1889 gratia,
1009 1824 1061 1877 in
1112 1825 1338 1878 nihilum
1382 1825 1722 1894 reputabitur
1752 1823 1885 1895 (26).
1936 1824 2011 1877 Ita

440 1914 538 1966 ctsi
572 1912 842 1983 perlectus
886 1915 954 1968 sit
989 1915 1041 1968 in
1091 1915 1339 1969 doctrina
1393 1916 1536 1985 quis,
1587 1926 1641 1969 et
1671 1915 1812 1969 desit
1845 1915 1892 1968 ei
1919 1916 2016 1968 do-

441 2006 629 2059 ctrina:
656 2008 827 2075 gratia
865 2007 976 2078 (‘27)
1020 2023 1141 2077 qua:
1172 2023 1237 2062 ex
1268 2007 1376 2061 Deo
1421 2017 1523 2075 est,
1562 2009 1614 2060 in
1657 2008 1885 2061 nihilum
1926 2022 2013 2060 rc-

444 2099 740 2166 putabitur.
787 2099 852 2152 Et
888 2099 961 2153 ita
1000 2102 1051 2153 in
1100 2100 1356 2154 omnibus
1404 2100 1491 2155 his
1538 2116 1657 2169 quae
1696 2108 2013 2153 enumerata

445 2198 592 2251 sunt,
642 2199 723 2243 est
755 2192 1002 2259 quaedam
1053 2190 1312 2260 perfectio
1360 2197 1499 2245 inter
1551 2192 1690 2244 ﬁlios
1736 2192 2014 2245 hominum

447 2295 608 2345 quam
646 2280 831 2338 labore
861 2291 914 2336 et
951 2284 1144 2337 studiis
1190 2283 1426 2353 propriis
1460 2294 1848 2353 assequuntur,
1904 2283 2019 2336 sive

449 2368 501 2422 in
531 2371 820 2438 Sapientia,
846 2371 960 2425 sive
989 2373 1043 2424 in
1078 2373 1353 2436 doctrina,
1401 2372 1515 2427 sive
1543 2373 1596 2426 in
1632 2372 1754 2427 aliis
1781 2371 2014 2428 olliciis:

450 2477 568 2528 quze
601 2472 778 2516 tamen
810 2463 854 2516 si
906 2478 1008 2515 non
1042 2463 1275 2518 habeant
1314 2478 1343 2517 a
1396 2463 1508 2517 Deo
1556 2464 1785 2534 gratiam
1813 2465 2017 2530 datam,

450 2553 582 2607 nihil
639 2564 842 2607 erunt:
873 2554 997 2624 quia
1049 2555 1093 2608 si
1133 2555 1273 2609 desit
1317 2556 1396 2609 eis
1431 2556 1603 2622 gratia
1634 2554 1890 2624 Spiritus,
1922 2569 2022 2610 nec

452 2649 695 2700 membra
723 2662 843 2702 esse
884 2648 1088 2701 Chriin
1119 2648 1362 2716 corporis
1411 2659 1654 2717 possunt.
1693 2648 1798 2703 Sed
1842 2649 1895 2702 in
1936 2648 2022 2703 his

452 2742 715 2807 quaeritur
738 2740 780 2793 si
817 2749 993 2807 potest
1013 2754 1137 2797 esse
1182 2742 1359 2809 aliqua
1390 2740 1442 2793 in
1473 2741 1631 2795 nobis
1661 2740 1743 2794 vel
1776 2755 1840 2795 ex
1868 2741 2024 2795 nobis

451 2832 749 2902 prophetia:
777 2833 1004 2902 species,
1039 2848 1158 2900 quae
1191 2849 1295 2886 non
1339 2843 1506 2886 totum
1540 2824 1734 2887 habeat
1771 2848 1837 2887 es
1890 2832 2019 2895 Deo,

454 2925 547 2977 sed
602 2923 996 2992 aliquantulum
1048 2925 1208 2979 etiam
1259 2924 1370 2994 (28)
1414 2940 1479 2978 ex
1532 2924 1786 2977 humanis
1833 2923 2024 2979 studiis

452 3015 656 3083 capiat.
711 3014 824 3069 Hoc
872 3017 1088 3085 quidem
1140 3016 1281 3085 apud
1323 3026 1550 3070 cancros
1582 3015 1735 3068 valde
1769 3004 2024 3082 impossi-

451 3106 563 3160 bile
589 3108 888 3174 videbitur;
933 3110 1073 3179 apud
1115 3109 1334 3162 Paulum
1383 3118 1559 3161 tamen
1593 3108 1871 3163 evidenter
1898 3122 2022 3175 pro-

453 3196 613 3251 batur
647 3201 912 3254 dicentem
949 3217 963 3255 :
993 3199 1348 3253 diutulamiui
1391 3210 1565 3252 autem
1592 3199 1743 3252 'dotta
1789 3197 2016 3267 majora,

455 3289 623 3356 magis
651 3301 825 3343 autent
857 3301 911 3343 ut
956 3292 1267 3357 prophetali:
1296 3291 1361 3342 ⁸⁸.
1388 3290 1445 3344 1η
1488 3306 1594 3359 quo
1620 3291 1762 3344 sicut
1795 3290 2021 3345 :emnla-

457 3388 546 3432 tur
574 3383 694 3449 quis
745 3383 1103 3438 ministerium
1134 3383 1266 3455 (29).
1301 3394 1354 3438 et
1383 3382 1706 3450 doctrinam,
1739 3392 1792 3435 et
1821 3383 2017 3436 exhor-

459 3472 737 3540 tationem,
758 3482 812 3527 et
836 3486 1055 3539 etetera,
1082 3490 1178 3544 per
1207 3476 1306 3528 hoc
1332 3474 1474 3541 quod
1499 3473 1721 3527 adhibet
1753 3488 1878 3541 erga
1911 3474 2023 3525 haec

459 3564 697 3617 studium
746 3580 809 3620 ac
849 3565 1116 3628 laborem,
1151 3566 1309 3620 itaet
1349 3582 1476 3635 erga
1528 3567 1871 3635 prophetiam
1909 3564 2022 3617 ﬁeri

461 3655 657 3710 debere
697 3658 934 3712 ostendit
963 3658 1275 3727 Apostohts.
1302 3657 1477 3713 .Uude
1508 3656 1787 3727 prophetia
1821 3655 2030 3710 intelli-

533 3767 765 3840 "'lCor.
790 3785 887 3834 xu,
925 3770 978 3823 9.
1055 3770 1100 3803 ’⁸⁸
1135 3771 1263 3840 Sap.
1289 3786 1363 3832 Ix,
1393 3768 1446 3823 6.

462 3853 496 3893 Σ
522 3853 575 3898 v,
633 3839 720 3903 21,
756 3841 846 3893 25.
956 3841 1002 3872 ⁵ο
1034 3840 1049 3894 l
1084 3839 1300 3904 Cor.tt,
1337 3840 1424 3894 10.
1500 3840 1544 3872 ⁵⁸
1573 3841 1733 3894 lleltr.
1766 3856 1839 3906 Iv,
1874 3839 1960 3893 12.

537 3930 647 3996 (2'5)
683 3929 771 3983 Sic
797 3947 896 3985 ms.
938 3931 1133 3999 Regius
1161 3938 1307 3984 num.
1352 3931 1508 3986 1659.
1547 3932 1799 3985 Rahaaus
1828 3940 1883 3987 et
1909 3931 2026 3983 edi-

466 4000 530 4059 ti,
557 4002 645 4069 qui
690 4001 820 4054 editi
866 4002 1202 4055 solummodo
1234 4018 1516 4069 perperam
1560 4002 1757 4055 habent
1803 4002 1900 4053 erit
1931 4015 2029 4066 pro

465 4079 562 4122 est.
597 4068 719 4124 Mss.
758 4085 886 4123 vero
908 4074 1012 4122 duo
1041 4070 1188 4135 Regii
1221 4068 1441 4128 habent.
1472 4083 1546 4125 est
1577 4082 1625 4125 et
1660 4072 1715 4122 iu
1748 4071 1893 4123 nobis
1923 4070 2027 4123 ali-

466 4138 591 4207 quid
638 4142 706 4192 ad
740 4140 889 4208 cujus
932 4143 1174 4211 meritum
1219 4143 1572 4211 unusquisque
1606 4156 1905 4194 mensuram
1948 4139 2027 4195 vel

470 4211 723 4281 rationem
751 4212 934 4276 gratia:
960 4210 1073 4279 (aL,
1103 4210 1719 4281 gratiam),promerelur.

543 4280 652 4347 (⁸21)
685 4277 847 4341 Editi,
879 4277 1000 4348 quia
1026 4282 1071 4333 si
1098 4277 1186 4336 sit.
1216 4277 1553 4339 clm-Deinde
1586 4282 1746 4336 iidem
1789 4278 1943 4343 editi,
1976 4285 2031 4334 et

473 4366 603 4419 mss.
636 4350 742 4419 duo
776 4349 872 4414 bis,
902 4368 1017 4418 qua:
1047 4367 1112 4404 ea:
1140 4351 1243 4404 Deo
1265 4364 1362 4405 est.
1395 4354 1499 4405 Sed
1534 4370 1632 4406 tus.
1665 4349 1858 4419 Regius
1880 4366 2028 4403 num.

474 4416 614 4472 1659
644 4430 698 4472 et
729 4416 996 4499 Rabanus,
1027 4439 1141 4491 qua:
1170 4438 1235 4477 ex
1271 4433 1318 4475 te
1353 4431 1451 4486 est,
1480 4423 1694 4475 sicutet
1725 4416 1887 4484 intra,
1920 4436 2036 4490 qua:

473 4504 541 4542 ea:
573 4502 662 4539 tua
694 4497 868 4553 gratia
893 4503 986 4544 est.

547 4557 658 4631 (‘25)
687 4546 898 4631 infide.
939 4561 1061 4615 ΙΙωο
1094 4560 1199 4615 duo
1242 4562 1403 4616 verba
1436 4562 1817 4631 desiderantur
1853 4558 1904 4631 in
1935 4559 2043 4631 edi-

475 4626 565 4684 tis.
605 4629 699 4681 Ms.
734 4626 931 4697 Regius
956 4647 1106 4685 nutu.
1144 4631 1300 4689 1659.
1327 4633 1383 4684 iu
1411 4631 1512 4697 ﬁde
1540 4643 1587 4684 et
1641 4633 1696 4684 in
1724 4630 1850 4698 [iliis
1876 4629 2044 4680 homi-

476 4716 635 4759 num;
667 4702 757 4750 sed
791 4702 970 4754 caeteri
1011 4717 1138 4755 mss.
1169 4715 1222 4754 et
1256 4701 1511 4756 Rabanus
1543 4714 1600 4754 ut
1636 4703 1687 4756 iu
1732 4710 1898 4752 textu.

548 4766 852 4841 (26))Italet
890 4772 934 4822 si
979 4771 1238 4839 perfectus
1276 4773 1350 4824 sit
1397 4772 1512 4841 quis
1561 4773 1615 4823 in
1653 4770 1978 4841 ministerio,_
1998 4766 2045 4841 si

475 4840 675 4909 dmitei
709 4855 739 4890 a
768 4838 876 4892 Deo
908 4837 1180 4893 ministerii
1207 4837 1485 4909 gratia,'in
1514 4841 1733 4893 nihilum
1774 4837 2046 4906 reputabi-

476 4920 582 4959 tur.
621 4907 743 4961 llaec
774 4924 874 4962 nec
907 4910 958 4962 in
987 4911 1168 4974 editis,
1208 4907 1325 4964 'nec
1354 4914 1491 4981 apud
1523 4912 1802 4966 Rabauum
1831 4921 2049 4979 compa-

478 4986 665 5115 acilii-7)
702 5046 863 5120 Editi.
901 5048 1143 5120 d961,)“
1167 5051 1372 5120 gratim.
1413 5051 1568 5105 male.

579 5119 666 5183 ‘28)
703 5116 903 5171 Etiam.
938 5116 1381 5174 Pt'mtertitittitttr
1413 5122 1464 5174 in
1491 5122 1669 5176 editis.

554 5124 668 5257 l29)
716 5187 898 5252 Editi,
961 5189 1015 5240 in
1055 5205 1156 5257 quo
1222 5192 1337 5257 quis
1383 5193 1666 5246 wittulatur

577 5188 668 5257 29)
716 5187 855 5241 Editi
882 5226 898 5252 ,
961 5189 1015 5240 in
1055 5205 1156 5260 quo
1222 5192 1337 5260 quis
1383 5193 1666 5246 wittulatur
1702 5191 1758 5244 in
1808 5190 2050 5244 ministe-

484 5260 645 5322 rium,
670 5266 778 5312 etc.

559 5328 674 5400 (50)
707 5327 879 5400 Stetit:
907 5329 1192 5382 secundum
1221 5330 1358 5397 quod
1386 5331 1439 5384 in
1473 5330 1755 5400 Evangelia
1797 5331 2051 5397 scriptum

485 5396 606 5454 est:
632 5397 741 5451 Lex
764 5411 810 5450 et
840 5396 1113 5465 Prophetas
1136 5396 1295 5466 usque
1321 5404 1387 5452 ad
1409 5396 1688 5455 Joannem.
1718 5399 1842 5454 llaec
1866 5402 1916 5454 in
1940 5401 2054 5453 edi-

488 5472 562 5522 tis
593 5468 790 5523 frustra
836 5469 1104 5538 requiras,
1144 5473 1237 5524 sed
1284 5473 1643 5525 restituuntur
1686 5486 1753 5526 ex
1801 5470 2054 5526 omnibus

491 5554 623 5594 mss.
657 5550 711 5591 et
735 5539 976 5593 Rabano.

567 5608 678 5679 (51)
713 5609 882 5673 Editi,
916 5611 1006 5663 sed
1046 5608 1214 5678 illam,
1252 5620 1361 5668 etc.
1409 5610 1612 5668 Omnes
1663 5625 1794 5674 vero
1839 5624 1974 5668 mss.
2000 5616 2052 5667 et

495 5680 770 5741 Rabanus.
794 5681 882 5735 sed
904 5681 1017 5748 illa,
1051 5690 1155 5738 etc.

1522 3770 1567 3800 “
1597 3771 1613 3823 I
1639 3768 1764 3824 Cor.
1796 3784 1892 3829 χιι.
1924 3770 2020 3836 51;
2059 3785 2167 3837 xw,
2199 3771 2251 3825 1.

2114 1825 2181 1877 de
2210 1838 2313 1892 qua
2351 1824 2482 1877 dicit
2507 1823 2552 1855 δ’
2587 1840 2599 1874 :
2637 1823 2696 1877 Si
2747 1839 2867 1877 vero
2922 1823 3256 1890 praphetelis,
3324 1824 3487 1875 intret
3517 1835 3663 1876 auleis

2112 1912 2228 1982 quis
2260 1911 2510 1979 in/idelis,
2536 1912 2611 1964 vel
2639 1912 2827 1975 idiota,
2857 1912 3108 1980 arguitur
3134 1913 3198 1963 ab
3246 1911 3660 1979 omnibus,judi-

2115 2015 2266 2058 catur
2298 2007 2362 2057 ab
2384 2007 2644 2067 omnibus,
2669 2006 2873 2058 occulta
2913 2019 3113 2073 quoque
3143 2004 3319 2057 cordis
3365 2002 3483 2073 ejus
3520 2008 3661 2057 niani-

2115 2098 2253 2166 [csta
2282 2097 2415 2167 ﬁunt
2451 2098 2585 2168 (51),
2612 2110 2659 2151 et
2688 2109 2811 2151 tunc
2838 2100 3026 2152 cadens
3063 2102 3115 2153 ir:
3158 2100 3353 2167 faciem
3384 2098 3660 2167 pronuntia-

2116 2193 2187 2245 bit
2232 2192 2356 2260 quia
2397 2206 2511 2244 vere
2552 2189 2692 2245 Deus
2739 2191 2791 2243 in
2842 2191 2985 2245 vobis
3030 2200 3108 2245 est
3155 2189 3289 2261 (55).
3348 2190 3503 2245 Sicut
3544 2189 3660 2243 enim

2119 2281 2349 2349 Spiritus
2381 2282 2471 2334 Dei
2518 2282 2693 2335 omnia
2737 2291 3006 2357 scrutatur
3026 2281 3095 2347 ⁵ο,
3127 2281 3197 2334 ita
3245 2292 3300 2335 et
3349 2278 3659 2334 verbumDei

2117 2373 2298 2427 omnia
2349 2374 2510 2426 etiam
2567 2388 2687 2441 qua:
2719 2372 2770 2424 iu
2818 2372 3029 2426 occulto
3083 2380 3207 2426 sunt
3264 2380 3657 2440 perscrutatur:

2120 2466 2351 2518 maxime
2381 2480 2501 2518 cum
2539 2465 2749 2517 verbum
2787 2465 2964 2517 vivens
2992 2465 3083 2527 sit,
3116 2472 3163 2516 et
3199 2463 3410 2532 emetur,
3456 2471 3504 2514 et
3533 2475 3657 2524 pene-

2120 2556 2358 2608 trabilius
2379 2555 2520 2607 omni
2542 2554 2717 2624 gladio
2746 2556 2990 2623 utrinque
3016 2565 3192 2615 acuto,
3218 2562 3505 2623 penetrans
3528 2567 3657 2618 usqu

2120 2648 2187 2700 ad
2220 2649 2525 2700 divisionem
2560 2648 2755 2700 animte
2787 2658 2833 2699 ct
2870 2646 3106 2715 spiritus,
3148 2659 3465 2714 compagum
3491 2657 3657 2712 quoque

2121 2757 2181 2792 ac
2214 2738 2563 2792 medullarum
2595 2738 2666 2790 ".
2696 2737 2907 2791 Etenim
2946 2752 3067 2791 cum
3101 2735 3322 2790 moralis
3353 2734 3409 2788 in
3456 2733 3654 2788 Ecclesia

2123 2846 2300 2886 sermo
2326 2840 2587 2885 tractatur
2618 2830 2751 2900 (56),
2785 2841 2911 2883 tunc
2950 2828 3382 2897 uniuscujusque
3431 2827 3561 2880 intra
3594 2839 3657 2879 sc-

2125 2925 2410 2990 metipsum
2467 2921 2801 2977 conscientia
2865 2919 3192 2983 stimulatur,
3249 2916 3656 2989 recognoscentis

2125 3031 2189 3070 cx
2233 3017 2314 3070 his
2349 3031 2468 3084 quae
2511 3017 2765 3070 dicuntur
2806 3017 3022 3084 prepria
3050 3022 3292 3081 peccata,
3320 3021 3381 3065 et
3409 3010 3657 3066 recordan-

2130 3112 2198 3164 tis
2226 3110 2270 3164 si
2326 3107 2431 3179 qua
2478 3108 2618 3162 forte
2659 3112 2709 3161 in
2767 3106 2979 3161 occulto
3011 3107 3371 3161 commiserit.
3423 3104 3655 3158 Interdum

2128 3209 2305 3255 autem
2343 3211 2397 3254 et
2439 3201 2722 3254 mstimatio
2753 3190 2865 3270 ipsa
2896 3198 3261 3266 prudentium,
3301 3197 3391 3252 vel
3428 3213 3492 3251 ex
3520 3195 3654 3257 vultu,

2129 3291 2210 3344 vel
2259 3307 2325 3344 ex
2358 3292 2617 3354 moribus,
2669 3291 2753 3344 vel
2804 3305 2872 3344 ex
2910 3298 3055 3342 motu
3102 3286 3526 3357 uniuscujusque
3553 3301 3656 3340 con-

2131 3384 2412 3436 scientiam
2449 3381 2560 3453 (57)
2589 3381 2956 3451 colligentium
2977 3420 2991 3445 ,
3027 3378 3323 3449 prophetiae
3353 3379 3575 3448 speciem
3601 3387 3659 3430 te-

2132 3485 2241 3530 net.
2275 3474 2397 3529 lltec
2428 3474 2582 3530 nobis
2611 3476 2677 3527 de
2703 3475 2997 3545 praphetite
3028 3472 3201 3543 gratia
3234 3473 3381 3526 dicta
3410 3474 3529 3525 sint.
3562 3470 3657 3525 Post

2135 3566 2246 3620 lucc
2296 3566 2541 3635 sequitur
2579 3582 2594 3619 :
2640 3566 2759 3621 Sive
2815 3565 3160 3619 ministerium
3221 3565 3277 3618 in
3322 3562 3655 3618 ministrando.

2111 3655 2431 3734 Possumus
2469 3658 2585 3711 haec
2625 3658 2809 3711 omnia
2843 3658 2908 3710 ad
2966 3657 3107 3712 illam
3150 3656 3397 3727 regulam
3442 3666 3657 3731 revocare

2358 3769 2400 3801 ‘7
2430 3769 2563 3827 Luc.
2591 3785 2703 3835 ενι,
2740 3768 2828 3826 16.
2901 3769 2946 3802 ⁸⁸
2972 3770 2988 3825 l
3014 3770 3139 3825 Cor.
3170 3785 3282 3838 stv,
3329 3770 3387 3824 5.
3460 3764 3652 3823 "lCor.

2208 3928 2321 3998 (Ὦ)
2360 3928 2524 3992 Editi,
2567 3927 2804 3998 omnibus
2841 3926 3090 3998 loquitur,
3138 3937 3244 3981 etc.
3282 3927 3485 3998 Deinde
3514 3921 3655 3998 :Rrs-

2133 3995 2305 4068 phetia
2328 4012 2525 4061 autem,
2554 4009 2668 4068 etc.
2705 3997 2801 4068 Ms.
2848 3995 3044 4065 [legitis
3089 4013 3245 4068 num.
3279 3998 3442 4060 1659.
3468 3995 3651 4068 homini-

2135 4062 2230 4122 bus
2263 4069 2499 4137 loquitur
2531 4062 2959 4141 (adiﬁcationem,
2980 4078 3038 4141 et
3070 4067 3499 4141 consolationem.
3552 4062 3646 4141 Pre-

2131 4133 2475 4208 phetiaergo,
2507 4148 2613 4193 etc.
2636 4133 2766 4191 ‘Sed
2812 4138 2991 4192 caeteri
3025 4152 3155 4191 mss.
3186 4148 3238 4192 et
3270 4136 3518 4191 Rabsnus
3547 4133 3650 4187 utin

2135 4218 2304 4263 textu.

2204 4277 2320 4349 (55)
2351 4276 2443 4332 Sic
2475 4293 2577 4332 ms.
2612 4276 2815 4343 Regius
2848 4292 2995 4330 num.
3024 4274 3162 4330 1659
3191 4287 3244 4329 et
3277 4276 3541 4349 Rabanus.
3561 4269 3653 4325 Edi-

2141 4348 2176 4402 ti
2213 4343 2361 4411 vero,
2394 4357 2443 4400 et
2484 4349 2536 4400 in
2567 4360 2743 4400 nostra
2776 4357 3047 4416 potestate,
3087 4356 3145 4398 ut
3175 4348 3401 4400 nobisin
3431 4343 3652 4417 Deiopea.

2139 4419 2453 4471 sudantibus
2478 4414 3044 4471 secutulum'rutioucm
3076 4426 3125 4470 et
3155 4431 3451 4469 mensuram
3474 4414 3649 4482 ﬁdei.“

2141 4492 2253 4541 Ιηιέ
2277 4489 2520 4555 facimus,
2553 4487 2713 4541 addat
2744 4499 2790 4540 et
2825 4489 2972 4539 illam
2995 4503 3110 4553 qua:
3142 4502 3208 4538 ea:
3237 4487 3344 4539 Deo
3371 4497 3451 4555 est
3475 4480 3654 4555 prophe-

2142 4554 2290 4610 tiam.
2328 4561 2440 4610 Duo
2470 4575 2599 4613 mss.
2636 4559 2787 4624 Regii
2816 4558 3020 4620 itidem,
3052 4566 3107 4607 ut
3142 4559 3289 4610 nobis
3337 4559 3390 4610 in
3426 4554 3511 4607 Dei
3539 4562 3650 4617 opere

2142 4629 2489 4692 sudantibus;
2521 4630 2614 4682 sed
2646 4639 2837 4680 caucra
2880 4635 2937 4679 ιιι
2967 4627 3017 4677 in
3052 4637 3227 4679 testu.
3619 4686 3629 4695 ο

2215 4698 2327 4767 (51)
2364 4699 2455 4752 Sic
2488 4715 2615 4753 mss.
2665 4698 2904 4766 plerique
2933 4706 2987 4767 et
3022 4698 3171 4767 editi.
3229 4695 3382 4767 Mssa
3408 4706 3547 4767 ver0_
3562 4703 3650 4767 qut-

2122 4761 2535 4831 ~daiu,'occulta
2585 4761 3012 4840 quicque'cordis
3054 4766 3169 4831 ejus
3212 4764 3482 4833 manifesta
3514 4761 3650 4828 ﬁuuli

2145 4839 2296 4897 editi,
2327 4850 2465 4891 sunt.

2221 4908 2330 4972 (55)
2364 4908 2522 4972 Editi,
2554 4908 2609 4960 in
2640 4905 2784 4959 nobis
2808 4919 2904 4963 est.
3425 4971 3434 4972 κ
3510 4965 3535 4972 ,
3639 4960 3648 4969 .

2221 4909 2310 4972 (35
2364 4908 2522 4972 Editi,
2554 4908 2609 4960 in
2640 4908 2784 4959 nobis
2808 4919 2904 4963 est.
3639 4960 3648 4969 _

2221 4908 2331 5050 (mil
2384 4979 2473 5032 δίε
2531 4988 2677 5050 r39“?
2727 4993 2826 5050 ηιξ.
2868 4980 3064 5048 Regius
3117 4993 3265 5032 nutu.
3318 4971 3463 5050 1659.
3501 4965 3649 5050 Ctelcrl

2149 5037 2278 5101 vero
2306 5037 2436 5103 mss.
2465 5055 2519 5102 et
2548 5048 2674 5101 editi
2704 5063 2717 5098 :
2752 5037 2975 5103 Eteniui’
2987 5065 3103 5102 cum
3137 5061 3347 5100 oramus
3372 5047 3422 5095 iu
3460 5037 3651 5093 ecclesia,

2150 5127 2200 5171 et
2245 5135 2414 5171 sermo
2454 5126 2734 5172 tractatur.
2782 5118 2980 5171 Deinde
3021 5120 3182 5179 editi,
3227 5125 3520 5184 perperam,
3559 5117 3649 5156 ωηο

2152 5189 2927 5259 unusquisque...stimulatur,
2964 5177 3359 5259 recognosceute
3393 5197 3454 5235 es:
3475 5177 3545 5231 his

2151 5239 2400 5310 dicatitur
2419 5239 2632 5326 propria
2658 5239 2890 5324 peccata,
2912 5239 3227 5311 ’τέέάέιῖώέιξ
3253 5257 3297 5309 si
3326 5270 3444 5327 qua,
3467 5239 3648 5327 θιςςξοιί

2151 5342 2335 5380 omnes
2374 5318 2592 5381 :u'ss.'ut
2632 5318 2683 5381 in
2730 5318 2912 5383 nostro
2958 5337 3139 5390 textu,
3180 5327 3280 5380 nisi
3315 5318 3445 5394 quod
3478 5318 3649 5397 “illi”:

2154 5398 2337 5459 beant,
2378 5400 2423 5449 si
2453 5413 2603 5468 quae;
2652 5398 2808 5467 alius,
2843 5399 2890 5452 si
2916 5400 3065 5469 quid,
3092 5386 3148 5452 et
3181 5386 3415 5468 plerique
3443 5386 3648 5446 omittanl

2153 5480 2199 5521 et
2229 5479 2353 5521 ante
2380 5469 2723 5522 recordantis.
3355 5535 3364 5536 ,
3462 5527 3476 5536 .
3534 5526 3544 5536 .

2224 5537 2338 5607 (57)
2371 5537 2776 5593 Conscientiam.
2813 5537 2972 5592 Deest
3004 5538 3058 5591 in
3082 5537 3241 5591 editis
3269 5544 3323 5590 et
3353 5535 3403 5607 in
3424 5527 3644 5607 piguit!“

2155 5596 2425 5675 mssq'sed
2453 5610 2751 5666 restituitur
2778 5626 2845 5664 ex
2875 5627 2974 5664 tus.
3014 5609 3181 5678 Regio
3209 5622 3352 5662 num.
3377 5596 3514 5658 1659.
