3744 6146
74 300 176 354 ΗΠ

72 431 158 487 qua
183 412 408 484 superius
440 410 581 466 dicta
630 419 752 475 est;
806 410 910 465 ltoc
938 422 1021 466 est
1055 429 1069 465 :
1105 409 1227 465 Non
1257 410 1375 479 plus
1401 427 1580 479 sapere
1611 414 1653 471 Α

69 523 186 580 quant
208 514 392 572 oportet
420 517 596 567 sapere
619 517 640 554 :
672 510 752 562 ut,
778 502 929 556 verbi
961 517 1144 561 causa.
1181 501 1424 555 dicamus
1470 518 1574 555 non

68 602 221 657 debere
244 612 358 653 eum
381 596 473 667 qui
521 597 823 661 ministrat,
859 596 911 648 in
944 594 1302 648 ministrando
1337 593 1455 661 plus
1489 610 1580 647 sa-

67 708 164 763 pere
178 706 325 759 quatn
352 698 560 757 oportet
588 702 780 757 sapere
807 705 819 740 :
846 699 897 741 et
927 686 1017 754 qui
1044 687 1222 743 docet.
1253 686 1302 737 in
1332 685 1576 737 doctrina

67 803 144 840 nou
171 784 274 853 plus
299 795 488 849 sapere
526 795 690 849 quam
740 787 957 846 oportet
1001 792 1196 845 sapere
1223 795 1236 829 :
1282 788 1335 829 ct
1361 778 1449 842 qui
1478 792 1576 830 ex-

66 881 283 937 hortatur,
308 874 357 926 in
390 872 771 927 exhortatione
799 885 902 922 non
935 870 1053 933 plus
1074 882 1263 936 sapere
1286 866 1396 937 (58)
1416 882 1576 937 quam

66 978 232 1037 oportet
254 979 454 1032 sapere.
492 963 641 1017 Multi
680 963 822 1017 enim
854 972 1076 1029 accepto
1113 961 1453 1024 ministerio,
1494 959 1575 1012 vel

66 1069 238 1129 accepta
264 1057 501 1113 doctrina
539 1054 657 1123 plus
704 1064 1000 1121 sapuerunt
1035 1068 1194 1123 quam
1225 1054 1463 1121 oportuit
1488 1068 1575 1105 sa-

63 1168 164 1223 pere
189 1150 288 1221 (39)
315 1167 328 1203 :
356 1159 410 1203 et
450 1149 578 1204 elati
626 1149 680 1202 in
713 1146 1101 1217 arrogantiam,
1136 1146 1216 1199 vel
1255 1146 1307 1198 in
1354 1145 1577 1197 delicias

63 1243 257 1306 resoluti,
299 1241 604 1312 pmcipites
650 1249 998 1294 corruerunt.
1038 1237 1141 1303 Qui
1183 1238 1575 1311 exhortaturjn

62 1336 348 1389 exhortando.
377 1332 693 1386 Exhortatio
723 1329 835 1402 (40)
886 1331 1094 1399 species
1122 1340 1207 1384 est
1236 1330 1489 1384 doctrinae
1519 1338 1575 1384 et

60 1427 192 1489 \Cf‘bl,
216 1440 313 1496 quo
341 1424 554 1479 afflictae
575 1425 769 1479 anima:
808 1424 1210 1493 Scripturarum
1268 1423 1572 1477 divinarum

60 1522 298 1589 prudenter
320 1518 518 1587 aptatis
549 1527 603 1571 et
642 1518 696 1570 in
729 1533 894 1571 unttm
948 1516 1188 1570 collectis
1228 1515 1574 1570 sermonibus

62 1612 333 1664 relevantur.
377 1608 593 1663 Accidit
640 1607 784 1662 enim
836 1622 976 1674 secpe
1019 1606 1214 1660 animae
1268 1606 1574 1660 tribulatio-

60 1718 156 1755 num
182 1700 441 1754 nimietate
465 1699 806 1767 desperatio:
859 1712 957 1751 nec
992 1695 1146 1749 facile
1179 1696 1443 1763 reparari,
1480 1707 1573 1749 aut

60 1791 598 1861 reficiquibuscunnue
629 1790 812 1843 verbis
861 1798 1057 1863 potest,
1107 1789 1356 1854 quamvis
1405 1788 1570 1856 polita

58 1885 121 1936 illa
140 1886 230 1937 sint
252 1895 304 1936 et
335 1882 662 1950 plausibilia.
696 1879 752 1935 Si
788 1897 915 1934 vero
947 1896 1129 1934 sermo
1157 1880 1364 1932 habens
1401 1880 1572 1933 virtu-

57 1987 134 2030 tem
159 1975 324 2046 gratia:
348 1975 438 2028 Dei
473 1974 634 2027 fuerit
656 1974 951 2034 adhibitus,
985 1981 1111 2026 tunc
1144 1986 1242 2031 cor
1267 1973 1387 2040 ejus
1412 1988 1573 2039 pene-

56 2080 151 2129 trat.
190 2081 238 2122 et
277 2068 700 2123 consolationem
748 2067 972 2136 praebet,
1027 2080 1091 2118 ac
1140 2080 1288 2131 spem
1355 2074 1571 2117 revocat

54 2158 371 2227 desperatione
412 2158 688 2220 submota,
754 2157 1049 2208 secundum
1097 2154 1226 2207 illttd
1279 2155 1420 2220 quod
1476 2170 1572 2223 per

54 2252 313 2319 prophetam
337 2251 542 2304 dictum
580 2258 661 2302 est
707 2263 737 2300 a
789 2247 1016 2301 Domino
1042 2246 1154 2317 (41)
1189 2265 1201 2299 :
1236 2244 1568 2312 Sacerdotes,

52 2338 282 2406 loquimini
305 2340 358 2392 in
388 2341 547 2392 corde
584 2337 881 2391 Jerusalem
918 2336 984 2390 ⁸⁸.

104 2426 132 2481 5
170 2429 261 2492 Qui
289 2428 469 2480 tribuit
492 2429 547 2480 in
577 2427 932 2489 simplicitate,
964 2428 1053 2494 qui
1073 2439 1259 2493 prwest
1287 2427 1340 2479 in
1368 2428 1569 2480 sollici-

51 2522 210 2584 tudine,
232 2522 315 2592 qui
339 2522 614 2575 miseretur
646 2521 698 2573 in
746 2519 1014 2574 hilaritate
1049 2520 1109 2571 ³⁸.
1149 2520 1247 2584 Qui
1280 2519 1467 2573 tribuit
1517 2527 1570 2572 et

50 2621 225 2679 praestat
252 2612 639 2682 indigentibus,
677 2620 911 2678 oportet.
951 2611 1142 2681 inquit,
1180 2622 1238 2663 ιιι
1274 2612 1327 2663 ἱιι
1358 2611 1567 2678 simpli-

51 2707 182 2761 citate
211 2707 382 2761 cordis
410 2707 515 2760 hoc
560 2703 726 2759 faciat
768 2704 912 2773 (42);
946 2706 1049 2759 hoc
1078 2713 1183 2769 est,
1215 2718 1281 2758 ne
1326 2704 1570 2756 videatur

48 2799 223 2866 quidem
252 2798 567 2852 benefacere
600 2796 980 2865 indigentibus,
1011 2796 1173 2849 corde
1207 2811 1335 2849 vero
1358 2795 1567 2871 laudem

48 2899 215 2956 qumrat
236 2889 301 2942 ab
329 2889 659 2943 hominibus.
688 2886 800 2942 Non
824 2897 907 2941 est
934 2901 1064 2956 ergo
1103 2885 1424 2953 simplicitas
1448 2885 1564 2956 (45)

55 2979 224 3031 sialiud
248 2980 330 3047 agi
358 2980 606 3033 videatur
639 2980 691 3033 in
724 2978 993 3042 manibus,
1021 2986 1076 3032 et
1116 2977 1260 3030 aliud
1295 2986 1568 3044 qumratnr

48 3068 89 3121 iu
110 3073 268 3125 corde.
303 3070 400 3138 Qui
436 3085 563 3124 vero
600 3078 790 3138 praeest
818 3067 1100 3134 fratribus,
1132 3069 1215 3123 vel
1249 3070 1339 3138 qui
1373 3077 1567 3137 praeest
1595 3108 1638 3166 ο

46 3161 273 3228 Ecclesiae,
308 3165 358 3216 in
399 3164 761 3217 sollicitudine
791 3175 913 3215 esse
958 3159 1120 3214 debet
1150 3175 1254 3215 non
1306 3161 1569 3213 humana-

51 3268 140 3305 rum
165 3269 460 3320 causarum,
499 3270 597 3307 nec
626 3253 969 3307 sa‘cularium
996 3265 1176 3304 rerum
1232 3252 1370 3322 (litec
1421 3252 1566 3306 enim

46 3347 304 3401 Sollicitudo
346 3348 525 3401 aliena
559 3349 721 3402 debet
769 3362 891 3401 esse
926 3348 994 3400 ab
1043 3346 1128 3400 his
1168 3347 1260 3414 qui
1314 3346 1568 3401 Ecclesia:

45 3438 402 3507 prasunt):sed
441 3436 600 3491 talem
628 3437 851 3504 recipiat
869 3434 980 3505 (44)
998 3434 1411 3488 sollicitudinem
1442 3448 1572 3501 qua-

43 3528 124 3583 lem
149 3530 425 3597 Apostolus
453 3530 583 3583 dicit
613 3545 627 3580 :
662 3527 961 3582 Concursus
1002 3528 1056 3579 iu
1085 3541 1166 3579 me
1205 3526 1565 3594 quotidianus,

43 3622 299 3675 solliritudo
327 3623 561 3675 omnium
590 3621 969 3675 Ecclesiarum.
1004 3616 1134 3683 Quis
1158 3617 1482 3684 inﬁrmatur,
1518 3627 1565 3671 et

43 3730 113 3780 ego
139 3732 230 3768 non
271 3714 554 3782 inﬁrmor.’
603 3712 734 3779 Quis
776 3711 1200 3770 scandalizatur,
1242 3718 1288 3762 et
1341 3725 1433 3776 ego
1461 3725 1566 3764 non

43 3819 140 3856 mr
164 3806 248 3859 "2
279 3805 380 3872 Qui
417 3820 548 3875 ergo
585 3814 783 3875 pricest
816 3802 1073 3857 Ecclesiis
1109 3801 1268 3855 talem
1300 3800 1565 3855 sollicitu-

43 3894 183 3947 dinem
212 3898 412 3950 habere
440 3896 619 3957 debet,
653 3904 706 3950 et
736 3894 880 3947 illam
918 3894 1077 3946 aliaat
1107 3891 1423 3946 saecularem
1464 3891 1563 3944 hac

43 3985 138 4042 bere
165 3991 375 4043 omnino
405 4004 511 4041 non
542 3987 720 4044 debet.
750 3986 855 4052 Qui
887 3987 1163 4039 miseretur
1188 3984 1243 4037 in
1275 3982 1564 4036 hilaritate.

43 4077 256 4135 Videatur
279 4080 396 4153 (45)
425 4079 670 4134 fortassis
699 4094 865 4132 unum
907 4085 1068 4146 atque
1109 4075 1249 4129 idem
1279 4089 1398 4129 esse
1424 4074 1568 4143 quod

43 4185 166 4240 tupra
196 4174 325 4227 dixit
351 4188 364 4223 :
397 4170 501 4236 Qui
531 4168 717 4223 tribuit
748 4169 802 4221 in
830 4166 1190 4235 simplicitate.
1217 4174 1270 4218 et
1301 4165 1400 4217 hoc
1425 4182 1438 4217 :
1466 4162 1569 4228 Qui

43 4269 274 4323 miseretur.
296 4266 412 4338 (46)
448 4267 503 4321 iu
524 4266 816 4319 hilaritate.
846 4261 950 4317 Sed
995 4259 1124 4314 mihi
1164 4259 1374 4312 videtur
1403 4271 1567 4310 unum

1606 1753 1647 1808 Β

89 4380 127 4413 ⁸¹
155 4381 251 4437 lsa.
292 4382 441 4446 ηε..
514 4380 559 4413 ⁸⁸
587 4378 740 4434 Rom.
779 4394 875 4441 xu,
907 4376 961 4432 8.
1037 4375 1084 4408 ⁸⁸
1112 4373 1150 4428 ll
1175 4375 1300 4429 Cor.
1332 4355 1413 4437 ξι,
1436 4372 1527 4436 28,
1556 4371 1646 4427 29.

1598 4474 1639 4526 D

89 4475 184 4544 (58)
209 4476 376 4544 Alias,
398 4478 453 4530 in
476 4473 799 4529 exhortando
834 4488 938 4525 non
963 4471 1078 4540 plus
1102 4485 1306 4538 sapere,
1330 4482 1439 4523 ctc.

89 4478 165 4543 (58
209 4478 376 4544 Alias,
398 4478 453 4530 in
476 4478 799 4529 exhortando
834 4488 938 4525 non
963 4478 1078 4540 plus
1102 4485 1306 4538 sapere,
1330 4482 1439 4523 ctc.

87 4478 184 4617 (39g
221 4547 383 4612 Editi,
432 4558 754 4613 perperam.
789 4557 944 4611 quam
986 4549 1183 4609 oportet
1223 4556 1425 4608 sapere.
1459 4536 1561 4591 Ms.

43 4629 164 4677 nius,
193 4634 345 4691 quam
386 4622 641 4691 oporteret
675 4629 876 4691 sapere.
906 4680 936 4691 __
969 4679 981 4691 ο

87 4687 183 4754 (40)
205 4680 543 4740 Exhortatio.
577 4684 734 4737 Deest
770 4680 1033 4754 in_e_ditis.

87 4747 184 4824 (ll)
209 4756 303 4810 Ms.
336 4757 535 4819 Regius
569 4769 719 4808 nmn.
766 4750 924 4824 1559,
955 4750 1082 4824 dicit
1127 4748 1403 4803 Dominus.
1456 4747 1563 4803 Sed

43 4821 180 4877 κειρτί
209 4842 362 4885 mss..
397 4824 652 4877 Rabanus
673 4833 723 4874 et
745 4822 872 4874 editi
906 4830 963 4872 ttt
993 4821 1045 4871 in
1077 4831 1246 4871 texm.

88 4896 184 4967 (42)
224 4896 388 4958 Editi,
422 4903 643 4961 Oportet.
677 4891 865 4960 inquit,
899 4891 956 4943 in
996 4890 1330 4956 simpticitate
1385 4887 1562 4940 cordis

43 4978 116 5017 ttt’c
137 4978 321 5019 facere.

367 5036 492 5094 duo,
522 5031 642 5105 Non
674 5041 747 5084 est
780 5046 899 5097 ergo
921 5030 1055 5105 bona
1079 5027 1420 5105 simplicitas,
1446 5035 1556 5079 etc.

43 5100 116 5157 Sed
143 5096 272 5159 bona
298 5106 569 5159 amittitur
601 5104 655 5154 in
688 5096 851 5153 antea
886 5100 1065 5162 editis,
1110 5110 1165 5151 et
1192 5099 1243 5151 in
1292 5096 1562 5163 plerisque

44 5190 135 5245 uss.
169 5186 220 5230 et
248 5175 388 5245 apud
431 5169 994 5245 Ralmnutn.__l)einde_
1030 5184 1131 5224 tus.
1166 5168 1366 5238 Regius
1407 5182 1556 5220 nunt.

44 5241 140 5297 1659
166 5237 366 5301 omittit
393 5254 575 5310 pra'est
609 5241 883 5309 fratribus,
919 5237 1013 5310 vel.

83 5313 182 5385 (44)
208 5315 374 5372 Recte
393 5304 496 5368 ms.
530 5304 920 5385 litigiosorum.
961 5307 1125 5385 4559.
1168 5307 1407 5377 recipiat.
1442 5304 1560 5359 Cu:-

46 5379 282 5456 eriniss.,
316 5379 649 5456 Ilabapusct
676 5381 829 5442 editi,
867 5379 1142 5456 recipiant.
1231 5444 1244 5456 .

83 5454 184 5523 (45)
211 5447 303 5523 Sic
334 5470 434 5509 ms.
463 5453 661 5520 Regius
685 5447 1025 5523 [ιαὼς-1659.
1054 5447 1246 5501 (ἐπιοτὶ
1272 5460 1401 5499 vero
1431 5459 1558 5498 mss.

43 5534 65 5574 ξι
91 5519 230 5584 editi.
271 5522 507 5579 Videtur.
544 5521 743 5575 Deinde
768 5519 922 5579 editi,
951 5520 1178 5571 dixerat.

82 5595 182 5661 (46)
219 5596 322 5649 his.
363 5593 560 5664 Regius
589 5607 739 5664 nunt.
778 5589 1019 5664 1659,_et
1054 5587 1165 5664 hic,
1202 5585 1305 5652 Qui
1346 5587 1562 5664 misere:

44 5654 110 5725 ur,
137 5654 238 5719 eic.
271 5654 506 5730 Editiﬂt
528 5663 647 5721 hoc.
676 5661 729 5712 id
754 5670 853 5727 est,
872 5660 963 5730 qui
993 5659 1288 5726 miseretur,
1318 5666 1422 5713 etc.
1452 5654 1559 5711 Sed

48 5737 177 5789 :cteri
206 5751 341 5791 mss.
373 5735 505 5789 utin
540 5741 710 5789 textu.

950 292 1308 351 COMMENT.
1347 291 1413 347 IN
1450 291 1667 350 EPIST.

1707 291 1799 347 At)
1838 292 2005 349 non.
2047 294 2177 349 ιλιι.
2220 258 2310 351 ix.
3118 300 3255 356 tam

1685 411 1914 467 fortasse
1934 427 2070 481 opus
2098 426 2241 476 esse,
2267 426 2372 465 non
2409 418 2585 465 tamen
2620 425 2669 466 et
2696 415 2876 483 operis
2913 416 3083 487 ipsius
3112 437 3252 478 unus

1679 501 1925 557 affecnts.
1953 503 2109 555 Aliud
2133 511 2214 557 est
2249 502 2391 555 enim
2425 504 2556 556 dare
2584 504 2861 576 indigenti,
2893 519 2947 562 et
2993 508 3135 567 aliud
3169 521 3255 567 est

1677 592 1869 649 atii-ctu
1907 595 2294 650 misericordia:
2322 611 2442 650 cum
2471 597 2747 667 indigente
2780 603 2970 668 partiri
3002 620 3015 656 :
3050 612 3101 659 et
3132 605 3252 659 ideo

1679 701 1783 738 non
1839 685 1952 738 vnlt
2004 687 2054 738 in
2108 687 2196 740 tali
2231 703 2395 757 opere
2442 704 2561 743 esse
2602 691 2894 744 tristitiam.
2957 694 3057 761 Qui
3105 698 3253 750 enim

1679 786 1951 842 pramogat
1984 774 2096 847 (47)
2132 779 2413 845 pecuniam
2467 793 2643 842 suam,
2689 781 2733 835 si
2780 784 3011 837 infidelis
3052 786 3144 852 sit,
3198 797 3256 840 et

1680 876 2020 933 recepturum
2068 882 2127 920 se
2168 868 2453 934 desperet,
2496 871 2808 924 necessario
2860 881 3111 940 tauquam
3160 877 3253 944 qui

1677 970 1794 1010 eam
1829 957 2127 1025 perdiderit
2170 961 2543 1012 contristatur.
2595 961 2695 1026 Qui
2737 977 2865 1016 vero
2909 979 3029 1017 cum
3063 965 3165 1019 fide
3198 976 3255 1021 et

1677 1063 1769 1117 9pc
1800 1049 1900 1102 hoc
1922 1050 2053 1118 agit.
2086 1051 2136 1102 in
2169 1050 2439 1105 hilaritate
2469 1064 2523 1105 et
2549 1052 2733 1107 laetitia
2767 1056 2877 1124 agit
2907 1056 3040 1126 (48),
3074 1069 3253 1113 certus

1676 1142 1817 1209 quod
1855 1157 2019 1210 parva
2076 1143 2188 1196 haec
2237 1158 2354 1211 qua:
2401 1160 2500 1211 pro
2547 1147 2799 1200 mandato
2840 1148 2930 1202 Dei
2973 1150 3250 1216 expendit,

1676 1235 1925 1304 ingentes
1974 1234 2074 1288 sibi
2114 1248 2245 1302 opes
2291 1236 2596 1291 caelestium
2637 1240 2973 1306 divitiarum,
3029 1243 3251 1312 insuper

1676 1337 1853 1380 autem
1887 1337 1942 1379 et
1964 1337 2221 1381 aeternam
2254 1328 2537 1382 conferant
2568 1332 2755 1385 vitam.

1748 1418 1797 1471 4.
1846 1418 2094 1470 Charitas
2135 1418 2247 1471 sine
2287 1420 2623 1474 simulatione
2666 1422 2731 1473 ⁸⁸.
2789 1421 2896 1486 Ego
2940 1431 3068 1492 puto
3109 1425 3251 1492 quod

1673 1512 1852 1564 oinnis
1874 1511 2114 1566 charitas
2135 1528 2253 1579 qtne
2273 1530 2376 1567 non
2396 1524 2477 1568 est
2499 1516 2793 1568 secundum
2819 1516 3006 1577 Deum.
3027 1518 3254 1572 simula-

1675 1612 1725 1655 ta
1748 1602 1840 1663 sit.
1868 1613 1923 1656 et
1945 1619 2071 1657 vera
2109 1621 2213 1657 non
2248 1606 2337 1658 sit.
2374 1605 2580 1658 Etenim
2618 1618 2836 1661 creator
2874 1609 3070 1662 anima:
3110 1611 3256 1664 Deus

1675 1694 1876 1749 idcirco
1898 1697 1944 1751 ei
1967 1712 2089 1750 cmn
2117 1699 2328 1752 caeteris
2351 1698 2646 1753 virtutibus
2664 1699 2825 1752 etiam
2845 1700 3097 1756 allectum
3119 1704 3249 1755 cha-

1677 1786 1839 1858 651
1890 1789 2067 1842 ritatis
2111 1791 2363 1855 inseruit,
2416 1803 2471 1845 ιιι
2497 1792 2681 1863 diligat
2713 1792 2878 1846 [lcum
2900 1834 2917 1860 ,
2949 1803 3001 1847 ct
3035 1809 3096 1848 ea
3130 1810 3252 1862 quo:

1676 1879 1791 1931 vult
1841 1878 1999 1933 Deus.
2034 1881 2167 1955 Qum
2207 1896 2333 1951 ergo
2368 1898 2502 1951 Opus
2534 1885 2635 1938 hoc
2670 1884 2723 1937 in
2754 1887 2992 1938 animam
3035 1886 3253 1941 dederit

1678 1970 2003 2035 charitatis,
2040 1972 2350 2042 quicunque
2394 1974 2543 2044 aliud
2592 1976 2791 2044 aliquid
2838 1976 2946 2047 (49)
2997 1977 3254 2033 dilexerit

1676 2073 1837 2127 quam
1880 2062 2066 2123 Deum,
2094 2072 2149 2115 et
2176 2078 2296 2131 qua:
2323 2063 2431 2117 Deo
2467 2065 2679 2133 placent
2703 2102 2718 2125 ,
2753 2066 2992 2121 cbaritas
3020 2067 3072 2120 in
3097 2083 3164 2122 eo
3187 2068 3251 2120 fi-

1678 2160 1761 2202 cta
1785 2159 1840 2202 ct
1865 2152 2118 2205 simulata
2142 2153 2363 2207 dicenda
2389 2165 2490 2209 est.
2520 2153 2623 2208 Sed
2652 2166 2707 2210 et
2734 2156 2778 2210 si
2802 2158 2921 2225 quis
2943 2159 3248 2227 proximum

1677 2256 1833 2294 suum
1865 2241 2068 2311 diligat,
2101 2253 2154 2297 et
2181 2261 2301 2298 cum
2319 2258 2592 2300 errantem
2614 2263 2736 2301 eum
2756 2248 3076 2303 videritnon
3102 2264 3251 2304 cont-

1679 2342 1913 2396 moneat,
1936 2348 2041 2387 non
2068 2336 2328 2404 corrigat,
2354 2337 2604 2390 simulata
2629 2338 2868 2393 Charitas
2894 2340 2992 2394 ista
3021 2340 3251 2395 dicenda

1676 2432 1777 2475 est.
1817 2422 1884 2476 Et
1917 2422 2039 2477 ideo
2070 2425 2203 2478 nihil
2263 2426 2463 2481 habere
2501 2429 2885 2495 adulatorium,
2938 2433 3070 2487 nihil
3097 2431 3252 2487 fuca-

1678 2520 1786 2565 tum
1822 2513 2061 2567 charitas
2104 2515 2282 2581 debet,
2316 2517 2458 2569 sicut
2499 2525 2552 2570 et
2597 2519 2723 2571 alibi
2771 2521 2909 2574 idem
2956 2522 3249 2591 Apostolus

1675 2603 1800 2655 dicit
1831 2620 1845 2655 :
1870 2602 2115 2657 Charitas
2138 2608 2201 2658 de
2223 2609 2380 2660 corde
2412 2624 2565 2675 puro,
2593 2618 2641 2662 et
2668 2613 2985 2665 conscientia
3020 2613 3177 2678 bona,
3197 2625 3249 2668 et

1673 2696 1778 2762 [ide
1802 2713 1904 2749 nou
1930 2697 2054 2764 [icta
2087 2698 2183 2753 ⁵⁸⁸.

1744 2788 1795 2842 5.
1828 2786 2074 2843 0dientes
2119 2790 2318 2845 malum
2342 2831 2358 2855 ,
2405 2793 2732 2849 adlurreutes
2769 2795 2903 2850 bono
2943 2795 3013 2849 ".
3048 2796 3245 2853 Mirum

1673 2877 1902 2935 fortasse
1933 2880 2024 2945 sit,
2058 2880 2199 2949 quod
2234 2881 2375 2935 inter
2400 2892 2594 2936 caetera
2630 2884 2769 2938 bona
2800 2885 3056 2939 virtutum
3084 2901 3242 2941 assu-

1676 2971 1840 3024 mitur
1887 2971 2049 3025 etiatn
2093 2970 2309 3036 odium,
2356 2982 2412 3027 et
2459 2981 2714 3042 tanquam
2764 2976 3132 3031 necessarium
3177 2978 3247 3034 ab

1673 3062 1931 3131 Apostolo
1962 3061 2073 3133 (50)
2101 3064 2337 3130 ponitur.
2373 3064 2524 3118 Unde
2554 3076 2759 3119 certum
2787 3076 2869 3121 est
2911 3068 3090 3123 inesse
3123 3071 3245 3123 ani—

1675 3168 1775 3208 niae
1802 3154 1911 3208 0dii
1942 3152 2196 3207 affectum
2224 3172 2236 3207 :
2279 3163 2361 3208 est
2390 3157 2533 3209 enim
2576 3156 2846 3213 laudabile
2888 3158 3067 3212 odisse
3093 3159 3244 3221 vitia,

1670 3247 1856 3321 odisse
1891 3254 2132 3314 peccata.
2168 3244 2279 3298 Nisi
2324 3247 2467 3300 enim
2512 3248 2633 3315 quis
2679 3251 2807 3303 odio
2848 3247 3045 3304 habeat
3094 3250 3245 3313 vitia,

1671 3355 1779 3393 non
1817 3350 1996 3408 potest
2040 3356 2258 3406 amare,
2291 3355 2393 3395 nec
2424 3355 2754 3396 conservare
2797 3343 3052 3396 virtutes.
3085 3343 3246 3396 \‘erbi

1671 3432 1866 3500 gratia,
1894 3433 1938 3485 si
1973 3434 2095 3501 quis
2136 3433 2455 3502 pudicitiam
2488 3434 2760 3487 custodire
2789 3445 3090 3502 praponat,
3136 3451 3243 3489 non

1674 3531 1845 3592 potest
1879 3539 1997 3578 eam
2052 3533 2167 3578 tuto
2210 3540 2451 3587 scrvare,
2486 3523 2591 3577 nisi
2636 3525 2820 3578 odium
2870 3527 3146 3595 quoddam
3188 3535 3244 3580 et

1671 3616 2096 3670 exsecrationem
2146 3621 2435 3670 adversum
2463 3617 2853 3684 impudicitiam
2896 3627 3098 3671 sumat.
3130 3617 3242 3671 Dif-

1672 3705 1831 3761 ficilis
1862 3707 2037 3771 enim,
2066 3718 2121 3762 et
2150 3707 2304 3762 valde
2350 3706 2580 3767 difficilis
2622 3718 2705 3762 est
2747 3708 2837 3761 illa
2883 3710 3241 3774 continentia,

1671 3798 1761 3851 ubi
1789 3798 2127 3852 desideratur
2162 3798 2290 3852 illud
2320 3815 2347 3851 a
2376 3814 2482 3868 quo
2512 3799 2815 3854 abszinetur
2838 3840 2853 3865 ,
2883 3810 2936 3854 et
2972 3801 3244 3868 cupiditas

1672 3889 1836 3942 animi
1856 3890 1973 3943 solo
2001 3900 2143 3944 metu
2174 3890 2335 3944 futuri
2357 3890 2547 3960 judicii
2580 3891 2909 3945 refrenatur.
2934 3892 3245 3948 Periculosa

1673 3978 1818 4043 btec,
1854 3993 1909 4035 et
1944 3981 2101 4036 valde
2132 3982 2428 4050 periculosa
2460 3994 2623 4049 sunt,
2656 3985 2758 4038 nisi
2790 3986 3086 4038 secundum
3115 4000 3245 4039 con-

1673 4072 1851 4126 silium
1876 4074 2117 4142 Apostoli
2151 4076 2395 4130 odientes
2421 4076 2582 4142 mala,
2603 4087 2657 4130 et
2689 4078 2953 4146 impacata
2979 4078 3245 4148 quodam—

1675 4165 1834 4218 tnodo
1868 4165 1979 4237 (51)
2011 4165 2294 4221 adversum
2329 4183 2392 4222 ea
2425 4170 2666 4223 odiormn
2714 4170 2855 4224 bella
2903 4181 3243 4240 peragentes,

1677 4256 1756 4311 sic
1798 4257 2172 4313 adhzercatnns
2215 4260 2373 4313 bono.
2430 4259 2837 4315 Observandum
2902 4262 3065 4316 etiam
3114 4262 3240 4326 hoc,

1721 4372 1768 4404 "
1801 4373 2063 4434 Huthlt,
2095 4375 2144 4429 9.
2240 4375 2309 4407 ’δ’
2339 4375 2355 4428 1
2385 4375 2525 4430 Tim.
2561 4393 2602 4440 ι,
2628 4392 2681 4431 v.
2788 4376 2834 4408 “
2868 4376 3022 4431 Rom.
3061 4393 3156 4440 III,
3187 4378 3242 4434 9.

1739 4469 1852 4538 (47)
1895 4471 1988 4524 Sic
2034 4488 2222 4526 otnnes
2277 4488 2405 4526 nzss.
2469 4473 2661 4527 nostri.
2708 4470 2965 4527 Rabanus
3017 4487 3145 4527 vero
3185 4484 3243 4529 ct

1666 4540 1820 4602 editi,
1855 4554 2053 4607 erogat.

1739 4610 1852 4674 (48)
1888 4611 2013 4667 Mss.
2054 4614 2182 4672 duo,
2214 4615 2311 4664 hoc
2331 4613 2475 4679 agit;
2513 4621 2567 4666 et
2598 4621 2780 4680 postea
2804 4611 2957 4666 editi.
2990 4621 3159 4665 certus
3189 4624 3240 4666 et

1668 4680 1827 4749 quod,
1856 4692 1962 4733 etc.
1992 4682 2190 4734 Deinde
2230 4683 2386 4736 iidem
2432 4684 2559 4735 editi
2591 4695 2643 4735 et
2683 4698 2808 4735 mss.
2840 4682 3105 4751 plerique.
3150 4699 3243 4735 e1-

1666 4751 2252 4823 peuditindigentibus,
2293 4754 2391 4804 sibi
2431 4769 2574 4821 opes.
2622 4761 2728 4806 etc.
2759 4753 2866 4805 Sed
2898 4768 2998 4805 tns.
3039 4752 3244 4823 Regius

1670 4835 1817 4873 nunt.
1850 4820 1989 4875 1659
2015 4831 2067 4873 et
2099 4821 2351 4875 Rabantts
2377 4835 2435 4876 ut
2462 4820 2516 4875 in
2548 4833 2732 4874 nostro
2764 4830 2932 4877 textu.

1740 4889 1853 4957 (49)
1880 4891 1969 4945 Sic
2000 4908 2101 4958 nis,
2127 4890 2326 4960 Regius
2355 4909 2502 4945 num.
2535 4891 2693 4946 1659.
2726 4892 2920 4947 Czeteri
2946 4907 3076 4945 vero
3102 4908 3239 4948 mss.

1670 4970 1724 5013 ct
1756 4962 1907 5024 editi,
1943 4963 2037 5014 hoc
2065 4976 2193 5027 Opus
2228 4963 2404 5014 anima
2433 4964 2631 5015 dederit
2662 4964 2836 5029 (editi,
2864 4963 3029 5029 dedit)
3060 4964 3241 5016 chari-

1670 5032 1787 5090 tati,
1812 5034 2102 5099 quicunque
2134 5032 2282 5085 aliud
2304 5031 2644 5100 aliquid.etc.
2673 5031 2953 5094 Rahanus,
2985 5034 3083 5084 hoc
3107 5048 3239 5101 opus

1669 5101 1723 5152 in
1769 5101 1947 5153 anima
1996 5104 2239 5165 dederit,
2283 5103 2542 5155 charitate
2572 5103 2869 5172 quicunque
2897 5103 3072 5164 aliud,
3104 5111 3238 5167 etc.,

1664 5172 1870 5294 ἳὲηόἰδδο
1898 5172 2117 5241 aliquid,
2147 5174 2292 5242 quod
2321 5174 2481 5227 etiam
2502 5174 2707 5226 omittit
2733 5189 2832 5227 ms.
2859 5172 3061 5243 Regius
3084 5187 3235 5226 num.

1736 5310 1848 5381 (50)
1873 5310 2037 5376 Editi,
2061 5310 2253 5383 Mirum
2283 5310 2507 5381 fortasse
2528 5312 2791 5383 siquidem
2812 5313 2952 5367 inter
2979 5321 3238 5368 cratera...

1664 5384 1959 5435 necessario
1987 5383 2051 5433 ab
2082 5382 2356 5445 Apostoto,
2382 5393 2491 5436 etc.

1736 5451 1848 5520 (5|)
1879 5450 2303 5523 Editi,_odientes
2333 5452 2551 5516 ntalem,
2576 5461 2626 5505 et
2649 5460 2884 5520 peccata,
2908 5460 2957 5505 et
2989 5455 3245 5523 quodam-

1665 5523 1819 5573 modo
1845 5559 1860 5584 ,
1894 5530 2000 5575 etc.
2034 5521 2312 5591 (Rabanns
2338 5561 2354 5583 ,
2407 5523 2463 5574 iu
2511 5534 2722 5587 peccata
2747 5561 2763 5583 .
2811 5536 2908 5591 pro
2951 5521 3238 5590 impacata.

1668 5591 1869 5645 Deinde
1900 5606 2003 5647 ms.
2031 5590 2231 5661 Regius
2264 5606 2418 5649 num.
2447 5592 2585 5651 1659
2617 5593 2766 5649 addit
2794 5590 2871 5647 sic
2908 5605 3034 5648 ante
3060 5594 3246 5646 adita:-

1670 5676 1897 5717 reantus.
