3744 6146
488 306 629 364 1219

1863 334 1871 338 >
1936 299 2256 359 ORIGENIS

3594 301 3705 359 1230

483 423 627 493 quod
652 422 791 478 sicut
822 422 873 477 in
902 417 1022 474 aliis
1044 418 1175 474 dicit
1200 437 1214 473 :
1237 416 1341 484 Qui
1375 417 1611 472 adliceret
1644 415 1891 483 Domino,
1922 431 2060 469 unus
2094 425 2135 477 Α
2170 422 2273 465 tur.
2302 408 2429 467 Scio
2457 418 2636 465 autem
2668 411 2723 465 in
2761 410 3037 467 nonnullis
3063 410 3382 467 Latinorum
3409 413 3707 482 exemplari-

484 515 702 578 spiritus
743 525 817 569 est
853 513 937 579 ",
967 513 1041 566 ita
1068 521 1121 566 et
1156 511 1245 566 hic
1271 511 1403 564 dicit
1437 528 1452 566 :
1478 509 1863 564 Adhaereamus
1892 508 2053 572 bono,

483 606 606 662 sine
660 605 824 661 dubio
873 616 932 659 ut
987 603 1267 674 contingat
1323 602 1479 657 nobis
1534 616 1699 656 unum
1753 613 1875 654 esse
1930 612 2055 652 cum

484 698 650 755 bono.

558 790 612 844 6.
661 788 983 844 Charitatem
1022 785 1380 855 fraternitatis
1420 783 1637 838 invicem
1679 782 1956 851 diligentes
1985 780 2054 833 ⁸⁸.

487 881 601 937 Hoc
634 880 964 939 mandatum,
993 886 1052 931 ut
1075 876 1359 946 diligamus
1389 875 1642 936 invicem,
1667 874 1808 929 sicut
1835 881 1888 927 et
1916 872 2057 928 Deus

485 970 678 1027 dilexit
705 985 802 1024 nos
824 969 892 1032 ",
915 984 1036 1022 cum
1061 968 1133 1022 sit
1156 969 1387 1037 primum
1408 974 1526 1034 post
1546 965 1774 1034 primum
1800 963 2054 1033 (primum

490 1075 725 1130 namque
756 1071 841 1114 est
861 1059 1083 1128 diligere
1108 1058 1273 1112 Deum
1298 1074 1314 1125 ;
1340 1067 1393 1112 et
1416 1056 1556 1110 inter
1579 1055 1825 1110 homines
1859 1055 2054 1108 iterum

489 1153 593 1209 hoc
616 1153 847 1223 primum
870 1160 976 1213 est,
1004 1159 1064 1205 ut
1090 1150 1319 1204 invicem
1351 1149 1681 1219 diligamus),
1708 1149 1890 1203 nescio
1921 1163 2058 1218 quo-

490 1247 652 1301 modo
697 1244 851 1313 quasi
890 1242 1139 1298 ultimum
1184 1250 1240 1296 et
1285 1241 1463 1295 minus
1512 1242 1879 1295 necessarium
1914 1240 2058 1293 inter

487 1337 736 1392 homines
782 1334 1057 1405 spernitur
1082 1375 1098 1397 ,
1128 1342 1185 1388 et
1217 1332 1397 1387 odium
1432 1333 1574 1401 quod
1629 1333 1785 1385 nobis
1834 1331 2055 1385 insitum

486 1442 608 1484 esse
635 1427 872 1481 diximus
912 1429 981 1481 ad
1006 1427 1108 1481 hoc
1141 1434 1199 1479 ut
1230 1425 1371 1479 mala
1412 1426 1538 1478 odio
1568 1425 1889 1490 habeamus,
1919 1440 2057 1494 pra:-

486 1528 703 1587 postero
745 1515 936 1570 ordine
977 1529 1296 1569 exercemus
1338 1514 1392 1566 in
1442 1513 1599 1567 bouis
1631 1513 1786 1583 (52),
1832 1522 1887 1568 et
1931 1514 2057 1567 vitia

487 1607 667 1661 carnis
695 1621 759 1661 ac
802 1616 1021 1673 peccata
1055 1605 1337 1672 diligentes
1370 1603 1567 1659 fratres
1608 1605 1737 1660 odio
1769 1605 2055 1661 habemus.

485 1696 596 1754 Nec
628 1699 785 1754 aliter
810 1699 1007 1753 accidit
1029 1699 1207 1754 odisse
1239 1714 1340 1754 nos
1370 1713 1489 1767 quae
1530 1712 1631 1752 non
1673 1706 1886 1765 oportet
1919 1696 2054 1768 (55),

2156 504 2259 558 bus
2290 504 2501 567 haberi,
2528 505 2750 569 tempori
2771 504 3078 569 servientes,
3112 505 3254 573 quod
3283 519 3391 558 non
3423 505 3557 557 mihi
3591 507 3710 562 vide-

2156 605 2243 650 tur
2278 596 2664 650 convenienter
2706 593 2969 649 insertum
2991 636 3007 657 ,
3045 595 3151 650 nisi
3202 598 3247 649 si
3279 593 3396 665 (57)
3429 595 3554 664 quis
3594 595 3710 653 forte

2157 689 2230 740 ita
2284 688 2484 741 dictum
2529 695 2720 757 putet,
2757 697 2817 741 ut
2866 689 2920 740 in
2971 687 3279 741 aliis-idem
3306 688 3596 757 Apostolus
3617 691 3707 747 ait:

2159 778 2380 848 Tempus
2405 780 2553 834 breve
2577 791 2673 844 est,
2696 788 2930 849 superest
2956 789 3012 834 ut
3044 780 3134 851 qui
3155 781 3346 833 habent
3377 797 3591 842 uxores.
3615 792 3712 835 tan-

2154 884 2312 938 quam
2339 884 2440 923 non
2471 868 2714 923 habentes
2747 871 2849 924 sint
2874 871 2920 902 ⁷⁰
2949 888 2963 933 ;
2994 870 3078 925 vel
3117 878 3179 924 ut
3211 870 3343 923 illud
3378 871 3586 924 dictum
3612 883 3706 926 est:

2157 959 2487 1015 Redimentes
2516 970 2740 1028 tempus,
2773 966 3023 1030 quoniam
3055 963 3166 1016 dies
3204 962 3333 1015 ntali
3362 971 3490 1015 sunt
3513 961 3575 1014 ⁷⁸.

2228 1050 2316 1104 11.
2369 1049 2473 1116 Spe
2520 1050 2844 1118 gaudentes,
2875 1052 2931 1103 in
2980 1050 3319 1103 tribulatione
3365 1050 3624 1119 patientes
3654 1051 3709 1106 ”.

2158 1140 2265 1211 Spe
2289 1141 2482 1207 gaudet
2504 1141 2593 1209 qui
2626 1156 2733 1195 non
2764 1142 2983 1209 respicit
3011 1156 3073 1194 ea
3096 1155 3216 1209 quas
3239 1141 3514 1207 videmur,
3542 1143 3637 1195 sed
3656 1158 3706 1197 ea

2156 1248 2275 1302 quae
2308 1247 2411 1285 non
2437 1232 2688 1285 videntur
2714 1231 3061 1300 exspectat"
3086 1248 3101 1295 ;
3131 1242 3186 1284 et
3210 1231 3300 1299 qui
3330 1232 3435 1284 scit
3463 1232 3599 1297 quia
3624 1248 3709 1287 non

2156 1331 2276 1376 sunt
2305 1322 2576 1390 condigna:
2599 1325 2871 1391 passiones
2908 1319 3064 1389 hujus
3107 1321 3349 1387 temporis
3387 1323 3458 1374 ad
3491 1320 3709 1390 futuram

2157 1414 2378 1483 gloriam
2407 1429 2525 1483 qua:
2566 1412 2877 1466 revelabitur
2919 1413 2972 1465 in
2997 1412 3144 1465 nobis
3166 1411 3233 1463 ⁷⁸.
3263 1410 3410 1465 ldem
3441 1413 3561 1477 ipse
3596 1414 3706 1466 etin

2160 1505 2509 1559 tribulatione
2535 1504 2749 1572 patiens
2790 1504 2930 1567 erit;
2964 1504 3087 1571 quia
3121 1501 3395 1555 tribulatio
3422 1504 3708 1569 patientiam

2157 1604 2425 1657 operatur,
2448 1594 2706 1660 patientia
2722 1593 3104 1661 probationem.
3120 1594 3357 1660 probatio
3380 1609 3498 1647 vero
3517 1595 3706 1660 spem",

2158 1686 2203 1739 si
2232 1695 2415 1740 tamen
2447 1698 2755 1739 sermonem
2787 1684 2877 1751 qui
2908 1685 3258 1753 subsequitur
3292 1684 3632 1753 impleamus.
3666 1685 3708 1739 id

487 1789 589 1843 nisi
620 1790 745 1860 quia
791 1790 1064 1859 diligimus
1108 1803 1227 1859 qua:
1260 1804 1366 1843 non
1388 1763 1627 1856 oportet.
1669 1763 1889 1842 Fratres
1926 1763 2055 1857 ergo

2177 1785 2244 1829 ast
2276 1776 2504 1829 orationi
2552 1777 2805 1829 halantes
2831 1774 2897 1828 ⁷⁸.
2931 1774 2987 1828 lu
3032 1789 3142 1844 quo
3182 1775 3327 1829 enim
3378 1790 3487 1830 non
3532 1775 3711 1831 suﬂicit

482 1874 733 1945 iubemur
757 1877 1001 1948 diligere,
1041 1893 1144 1930 non
1185 1876 1432 1944 judicare
1460 1875 1594 1949 (54).
1637 1876 1693 1930 Si
1730 1878 1872 1931 enim
1899 1888 2058 1947 putas

486 1969 721 2038 aliquem
748 1968 968 2038 impium
1005 1983 1143 2029 esse.
1178 1979 1230 2022 et
1262 1969 1382 2023 ideo
1413 1984 1535 2023 eum
1565 1984 1668 2022 non
1699 1967 1911 2034 iudicas
1930 1962 2058 2023 dili-

487 2058 760 2127 gendum,
806 2058 929 2112 audi
984 2059 1126 2127 quod
1166 2058 1412 2113 Christus
1460 2075 1554 2126 pro
1593 2060 1767 2126 impiis
1820 2069 2058 2113 mortuus

486 2160 561 2202 est
592 2150 658 2203 ⁸⁸.
697 2149 804 2203 Aut
852 2150 896 2203 si
938 2152 1061 2219 quia
1111 2160 1366 2221 peccator
1407 2161 1489 2205 est
1535 2151 1703 2205 frater
1746 2160 1902 2213 tuus,
1937 2152 2059 2206 ideo

487 2255 610 2294 eum
647 2256 751 2294 non
788 2249 941 2311 putas
972 2240 1298 2310 diligendum
1325 2281 1340 2303 ,
1375 2243 1499 2294 audi
1536 2241 1661 2311 quia
1697 2240 1935 2297 Christus
1965 2242 2060 2296 Je-

486 2346 577 2383 sus
594 2330 647 2383 in
671 2332 807 2383 hunc
833 2330 1087 2383 mundum
1113 2331 1250 2382 venit
1273 2341 1568 2398 peccatores
1594 2331 1769 2385 salvos
1794 2331 1967 2399 facere
1989 2333 2055 2388 ⁸³.

489 2418 549 2476 εἰ
596 2435 724 2475 vero
748 2420 927 2489 justus
953 2430 1078 2485 est,
1120 2421 1288 2475 multo
1337 2423 1504 2492 magis
1536 2422 1825 2478 dilectione
1866 2423 2059 2494 dignus

488 2521 594 2576 est.
648 2511 900 2566 Dominus
932 2513 1074 2567 enim
1102 2512 1272 2583 diligit
1298 2511 1474 2582 justas
1505 2513 1571 2568 θ’.

559 2603 612 2656 7.
645 2602 856 2658 Honore
887 2605 1107 2657 invicem
1147 2605 1517 2671 prwvenientes
1547 2604 1613 2660 θ’.
1653 2603 1763 2658 Hoc
1794 2614 1880 2659 est
1916 2606 2059 2674 quod

489 2703 545 2748 et
577 2692 833 2748 Dominus
861 2695 1078 2760 docuit,
1117 2710 1237 2749 cmn
1269 2706 1480 2750 notaret
1521 2694 1745 2750 Scribas
1772 2705 1828 2750 et
1864 2695 2058 2750 Phari-

492 2800 629 2840 smos
668 2785 841 2853 prima
888 2787 989 2841 sibi
1030 2786 1144 2842 loca
1194 2788 1246 2841 in
1310 2788 1573 2843 conviviis
1611 2789 1952 2845 vimlicantes
1993 2790 2058 2855 ⁸⁸,

491 2887 547 2929 et
580 2876 820 2941 doceret,
854 2888 912 2932 ut
946 2894 1069 2932 cum
1106 2889 1324 2933 vocatus
1355 2878 1523 2936 fueris
1560 2888 1616 2934 tu
1644 2878 1711 2935 ad
1738 2896 1972 2947 ccenam,
2006 2883 2059 2936 iu

491 2966 783 3021 novissimo
808 2967 927 3023 loco
958 2970 1238 3024 recumbas
1266 2969 1403 3040 (55).

561 3056 616 3111 8.
658 3056 1031 3112 Sollicitudine
1075 3076 1178 3113 non
1222 3063 1358 3131 pigri
1384 3063 1453 3116 “.
1498 3061 1760 3133 Superius
1801 3080 1924 3119 eum
1971 3068 2058 3135 qui
2088 3100 2130 3157 ο

492 3157 687 3214 praeest
712 3188 728 3215 ,
776 3151 831 3205 in
876 3152 1242 3208 sollicitudine
1283 3156 1478 3210 debere
1520 3171 1641 3211 esse
1683 3159 2058 3214 commonuit:

499 3254 646 3295 nunc
672 3257 799 3296 vero
821 3244 1070 3298 omnibus
1089 3245 1181 3299 dat
1209 3248 1308 3301 hoc
1337 3248 1388 3301 in
1419 3263 1704 3303 commune
1728 3252 2061 3313 mandatum,

494 3345 564 3386 ne
605 3333 728 3401 quis
775 3346 1016 3389 nostrum
1055 3338 1238 3392 audiat
1286 3352 1316 3392 a
1361 3340 1618 3395 Domino:
1652 3340 1810 3396 Serve
1842 3345 1976 3397 male
2014 3353 2062 3396 et

495 3425 642 3493 piger
665 3424 732 3477 ⁸⁸.
1224 3440 1227 3447 '

564 3514 620 3569 9.
648 3513 847 3583 Spiritu
872 3517 1124 3586 ferventes
1149 3520 1215 3574 ⁸⁷.
1249 3519 1314 3574 Et
1343 3521 1442 3577 hoc
1467 3522 1532 3575 ad
1558 3523 1843 3594 impigrum
1873 3534 1930 3579 et
1957 3524 2065 3580 sol-

496 3605 703 3661 licitum
736 3618 958 3677 spectat.
992 3609 1116 3664 Vult
1150 3614 1292 3666 enim
1319 3613 1431 3682 (56)
1464 3623 1519 3667 ιιι
1549 3630 1666 3680 nos,
1696 3616 1786 3685 qui
1822 3618 1921 3672 sub
1950 3619 2064 3687 lege

496 3698 720 3768 Spiritus
750 3701 1004 3767 vivimus,
1030 3704 1158 3757 nihil
1188 3705 1492 3764 remissum.
1522 3707 1655 3759 nihil
1688 3708 1924 3776 tepidum
1957 3709 2061 3761 ha-

500 3792 722 3847 beamus
750 3794 800 3846 in
833 3796 1008 3860 nobis,
1034 3797 1126 3849 sed
1158 3813 1278 3850 cum
1306 3796 1520 3853 fervore
1536 3800 1783 3867 spiritus,
1807 3810 1860 3853 et
1883 3801 2062 3855 calore

500 3887 621 3938 fidei
655 3894 844 3938 cuncta
877 3902 1223 3955 peragamus.

571 3974 657 4029 10.
694 3975 912 4029 Domino
944 3979 1219 4030 servientes
1253 3978 1317 4031 ⁸⁸.
1358 3977 1445 4032 ille
1478 3974 1704 4032 Domino
1737 3983 1933 4041 servit,
1969 3982 2059 4036 oui

499 4078 680 4135 potest
708 4068 889 4120 dicere
920 4084 933 4121 :
974 4067 1138 4121 Nobis
1170 4086 1302 4123 unus
1332 4072 1584 4127 Dominus
1612 4072 1765 4127 Jesus
1798 4071 2061 4129 Christus.

501 4176 594 4228 per
622 4176 773 4225 quem
810 4161 984 4213 omnia
1004 4199 1019 4223 ,
1045 4169 1094 4213 et
1127 4178 1222 4215 nos
1251 4180 1343 4232 per
1391 4167 1559 4233 ipsum
1588 4165 1632 4196 ⁶⁹
1652 4205 1667 4229 ,
1714 4180 1812 4218 nec
1841 4164 1980 4216 ultra
2013 4180 2061 4217 ct

505 4261 599 4305 aut
627 4252 789 4307 libido
812 4292 828 4319 ,
863 4262 955 4307 aut
987 4256 1213 4307 avaritia
1243 4296 1259 4321 ,
1289 4267 1381 4309 aut
1418 4258 1590 4311 inanis
1619 4257 1788 4326 gloria
1818 4256 2065 4310 domina-

2159 1869 2391 1922 humana
2428 1867 2728 1936 fragilitas.
2761 1866 3025 1922 auxilium
3046 1866 3143 1921 Dei
3167 1866 3505 1923 orationibus
3532 1867 3710 1937 implo-

2160 1965 2384 2016 randum
2409 1972 2513 2015 cst.

2229 2052 2317 2105 12.
2355 2051 2547 2106 Usibus
2572 2049 2686 2120 (58)
2716 2057 3021 2105 sanctorum
3046 2052 3498 2106 communicantes
3517 2053 3586 2106 τ’.
3622 2052 3711 2107 le-

2161 2143 2289 2197 mini
2327 2144 2379 2197 in
2400 2142 2601 2197 Latinis
2639 2143 3040 2210 exemplaribus
3072 2146 3246 2212 magis
3307 2143 3497 2198 haberi
3526 2161 3541 2197 :
3566 2144 3709 2216 ὧι

2160 2234 2427 2289 Memoriis
2449 2247 2753 2288 sanctorum
2783 2235 3222 2288 communicantes
3247 2250 3267 2286 .'
3294 2250 3484 2289 verum
3511 2251 3609 2289 “05
3630 2253 3708 2291 nec

2160 2325 2606 2380 consuetudinem
2655 2325 2975 2391 turbamus,
3018 2340 3116 2380 nec
3146 2326 3361 2382 veritati
3410 2327 3708 2397 prejudice-

2163 2432 2302 2482 tuus,
2331 2416 2563 2470 maxime
2587 2431 2709 2470 cum
2735 2426 3027 2485 utrumque
3050 2417 3336 2472 conveniat
3357 2419 3705 2474 tediiicationi.

2161 2505 2296 2560 Nam
2344 2506 2529 2561 usibus
2570 2517 2880 2561 sanctorum
2926 2508 3149 2561 honeste
3192 2516 3249 2561 et
3290 2508 3580 2576 decenter,
3620 2526 3707 2567 non

2162 2593 2320 2662 quasi
2352 2593 2466 2666 (59)
2487 2594 2682 2664 stipem
2712 2595 3076 2665 indigentibus
3100 2599 3359 2665 praebere,
3390 2601 3485 2653 sed
3512 2614 3707 2657 censum

2163 2697 2403 2740 nostrum
2424 2702 2545 2741 cum
2571 2687 2706 2756 ipsis
2729 2688 3125 2756 quodammodo
3150 2691 3350 2745 habere
3366 2705 3705 2759 communem,

2161 2789 2216 2849 et
2245 2779 2556 2833 meminisse
2593 2787 2905 2834 sanctorum
2950 2780 3064 2836 sive
3099 2782 3153 2835 in
3191 2782 3439 2838 collectis
3481 2786 3705 2839 solomi-

2166 2874 2285 2934 lms,
2313 2871 2427 2926 sive
2453 2886 2550 2941 pro
2578 2886 2643 2926 eo
2677 2882 2736 2924 ut
2761 2886 2828 2926 ex
2866 2873 3238 2928 recordatione
3262 2889 3453 2930 eorum
3484 2876 3704 2948 proﬁcia-

2165 2979 2310 3029 tnus,
2352 2962 2534 3032 aptum
2570 2973 2625 3017 et
2654 2964 2988 3018 conveniens
3014 2965 3243 3022 videtur.

2236 3054 2323 3107 13.
2351 3052 2777 3121 Hospitalitatem
2800 3061 3054 3107 sectantes
3078 3054 3145 3109 ⁷⁸.
3169 3054 3341 3119 Quam
3372 3056 3531 3125 digne
3552 3058 3708 3126 hospi-

2165 3144 2369 3199 talitem
2412 3146 2670 3200 sectantis
2705 3145 3125 3200 muniﬁcentiam
3173 3147 3285 3215 (60)
3333 3163 3442 3202 uno
3488 3163 3707 3203 sermone

2165 3237 2606 3307 comprehendit!
2651 3237 2844 3291 Diccns
2874 3238 3018 3290 enim
3056 3241 3371 3292 sectandam
3405 3254 3525 3294 esse
3550 3242 3706 3309 hospi-

2167 3328 2453 3392 talitatem,
2485 3344 2587 3383 non
2622 3328 2752 3382 illud
2775 3328 2947 3382 solum
2978 3331 3239 3397 ostendit,
3262 3341 3320 3385 ut
3345 3334 3631 3386 venientem
3649 3334 3705 3383 ad

2166 3436 2264 3475 nos
2295 3422 2563 3490 hospitem
2610 3421 3007 3492 suscipiamus;
3057 3423 3151 3476 sed
3195 3432 3251 3476 et
3286 3424 3639 3492 requiramus,
3662 3434 3708 3476 et

2165 3514 2376 3569 solliciti
2415 3513 2605 3580 simus,
2642 3523 2699 3567 et
2722 3523 3017 3577 sectemur,
3046 3528 3106 3565 ac
3124 3513 3511 3582 perquiramus
3536 3514 3707 3589 ubique

2172 3607 2408 3674 hospites
2431 3646 2447 3671 ,
2490 3606 2683 3660 net-ubi
2731 3605 2867 3659 forte
2913 3606 2965 3658 in
3018 3606 3209 3674 plateis
3239 3607 3464 3659 sedeant
3493 3605 3626 3676 (61).
3650 3624 3707 3661 ne

2167 3707 2317 3751 extra
2352 3705 2552 3752 tectum
2581 3694 2823 3761 iaceant.
2857 3697 3161 3752 Recordare
3188 3697 3292 3751 Lot
3320 3698 3389 3764 τ’,
3424 3709 3474 3752 et
3500 3699 3706 3753 invenies

2167 3788 2310 3858 quod
2339 3802 2444 3842 non
2479 3789 2628 3842 illum
2668 3789 2938 3857 hospites,
2973 3790 3068 3843 sed
3098 3790 3212 3858 ipse
3250 3792 3527 3858 quaesierit
3554 3792 3706 3861 hospi-

2170 3894 2284 3945 tes;
2312 3892 2368 3937 et
2401 3884 2501 3935 hoc
2535 3891 2655 3936 erat
2682 3880 3105 3950 hospitalitatem
3138 3885 3361 3937 sectari.

2241 3976 2327 4031 14.
2372 3975 2669 4029 Benedicile
2703 3975 3123 4043 persequentibus
3168 3991 3292 4043 vos,
3336 3978 3701 4037 benedicite,et

2170 4069 2329 4124 nolite
2360 4069 2666 4123 maledicere
2701 4068 2835 4139 (62).
2881 4067 3140 4122 Moralem
3182 4068 3363 4122 locum
3411 4069 3564 4124 latius
3585 4071 3701 4137 Apoc

2171 4162 2342 4216 stolus
2383 4175 2688 4231 exsequens
2707 4200 2722 4223 ,
2754 4169 2906 4214 actus
2927 4199 2942 4225 ,
2971 4170 3206 4214 mentem
3230 4200 3246 4224 ,
3276 4161 3621 4230 propositum,
3643 4176 3701 4211 os

2173 4267 2385 4322 quoque
2410 4254 2585 4321 ipsum
2622 4252 3036 4320 discipulorum,
3066 4250 3416 4321 linguamque
3445 4252 3699 4321 componit.

609 4413 654 4449 ⁸⁷
681 4415 697 4469 1
728 4416 851 4470 Cor.
888 4430 962 4474 Vl.
997 4415 1079 4468 17.
1156 4413 1200 4449 ⁸⁸
1231 4411 1386 4464 liom.
1419 4426 1515 4470 xui,
1548 4411 1630 4463 10.
1707 4408 1752 4441 ⁸⁹
1781 4408 1932 4462 Joan.
1963 4422 2054 4470 xv,

2252 4406 2298 4438 ⁶⁰
2332 4406 2492 4460 Rom.
2519 4421 2582 4467 ν,
2616 4407 2670 4461 6.
2745 4409 2787 4439 ⁶¹
2818 4408 2832 4461 Ι
2865 4407 3005 4461 Tim.
3033 4424 3074 4463 l.
3100 4408 3186 4462 15.
3259 4409 3304 4439 ⁸³
3336 4408 3474 4462 Psal.
3505 4406 3697 4468 (λικε.

504 4488 550 4522 ⁸³
577 4485 729 4539 Rom.
788 4502 884 4544 xu.
942 4484 1024 4537 10.
1100 4485 1144 4515 ⁸⁵
1177 4482 1305 4533 Luc.
1343 4496 1449 4544 XIV,
1482 4481 1547 4540 7,
1595 4480 1679 4532 10.
1755 4480 1798 4510 ⁸⁵
1832 4478 1985 4532 Rom.
2014 4493 2062 4531 XI

505 4560 550 4593 ⁸ο
586 4559 603 4610 l
635 4559 756 4610 Cor.
792 4570 911 4613 vni,
949 4556 1000 4608 6.
1078 4554 1122 4585 ⁷ο
1149 4554 1164 4605 l
1195 4554 1319 4602 (lor.
1360 4565 1432 4604 vu
1464 4591 1477 4607 .
1503 4550 1593 4603 ‘29.
1692 4549 1736 4581 '“
1782 4549 1974 4615 Ephes.
2010 4562 2040 4596 v

2177 4477 2280 4563 7H.

2177 4567 2205 4596 ι.

505 4560 550 4593 ⁸ο
586 4559 603 4610 l
635 4559 756 4610 Cor.
792 4570 911 4613 vni,
949 4556 1000 4608 6.
1078 4554 1122 4585 ⁷ο
1149 4554 1164 4605 l
1195 4554 1319 4602 (lor.
1360 4565 1432 4604 vn
1464 4591 1477 4607 ,
1503 4550 1593 4603 ‘29.

2360 4476 2404 4507 ³⁸
2436 4476 2757 4539 Matth.xxv,
2786 4477 2872 4530 ‘26.
2970 4479 3013 4509 ⁸⁷
3048 4478 3201 4531 Ront.
3232 4494 3331 4540 xu,
3378 4481 3464 4533 11.
3529 4478 3567 4509 "
3591 4478 3694 4529 ibid.

2312 4545 2358 4578 "
2405 4546 2665 4612 Bonum,
2697 4548 2781 4602 1'2.
2873 4548 2985 4601 ⁷³11
3031 4547 3159 4601 Cor.
3192 4564 3246 4601 tv
3272 4588 3287 4610 ,
3324 4547 3413 4604 18.
3488 4549 3533 4580 ’⁸
3568 4547 3695 4601 Rom.

507 4644 627 4686 \‘lll.
667 4627 750 4680 18.
826 4628 871 4658 ⁷⁸
913 4625 1067 4677 Rom.
1099 4640 1160 4689 ν,
1191 4624 1225 4675 '5
1251 4661 1263 4685 ,
1291 4622 1345 4675 4.
1421 4620 1467 4651 "‘
1501 4619 1654 4672 llout.
1696 4614 1942 4681 xu,’12.
2014 4618 2058 4648 ⁷⁷

2177 4617 2229 4668 d.
2260 4616 2348 4670 15.
2420 4614 2626 4670 "Rom.
2658 4633 2731 4670 χιι
2760 4660 2774 4685 ,
2805 4619 2891 4673 15.
2967 4617 3015 4649 ⁷⁸
3044 4617 3185 4674 Gen.
3210 4633 3300 4672 six
3322 4657 3341 4681 ,
3373 4620 3425 4673 1.

579 4793 692 4861 (52)
723 4792 813 4846 Sic
838 4802 983 4845 recte
1011 4789 1264 4843 Rabanus
1291 4798 1345 4841 et
1375 4787 1525 4841 editi.
1559 4784 1686 4839 Mss.
1711 4798 1839 4838 vero
1870 4783 2067 4848 nostri,
2103 4787 2145 4842 D
2174 4793 2228 4840 et
2256 4783 2592 4861 7i7n7i7ra7hahct
2621 4785 3012 4838 necessitatibus
3049 4799 3147 4861 pro
3179 4783 3380 4861 usibus.

509 4867 566 4920 in
595 4864 763 4919 nobis.

582 4934 695 5005 (55)
725 4932 881 5005 lgditi,
912 4946 1063 5001 quem
1102 4938 1452 5005 nonaportet.

732 4993 946 5055 Fratres
982 5017 1102 5074 ergo
1133 4993 1644 5074 ju7bemur7diligere,
1676 5010 1778 5047 non
1799 4993 2068 5062 judicare.

511 5069 636 5131 Huic
666 5069 1041 5128 desiderantur
1072 5071 1125 5122 in
1153 5069 1304 5122 libris
1331 5069 1511 5121 editis.

580 5144 694 5212 (55)
724 5144 883 5202 Editi,
911 5150 960 5193 et
986 5140 1155 5200 docet,
1192 5146 1645 5212 ut7cum7vocatus7
1670 5134 1833 5212 [ueris
1876 5137 1944 5212 ad
1972 5149 2072 5212 7cm-

515 5203 741 5278 nain,'in
771 5212 1045 5264 novissimo
1074 5210 1364 5278 recumbas.
1398 5208 1524 5260 Mss.
1557 5206 1778 5278 quidam
1813 5213 1861 5256 cl
1883 5203 2074 5278 itaba-

512 5301 613 5340 nus
642 5273 821 5338 itidem
847 5292 893 5333 et
920 5281 1086 5333 docet.
1121 5277 1216 5330 Ms.
1243 5279 1439 5346 Regius
1470 5273 1617 5329 num.
1650 5273 1807 5338 1639,
1832 5273 2073 5329 edocens.

512 5353 619 5412 Sed
655 5352 832 5405 caeleri
868 5366 1025 5409 mss.,
1062 5349 1286 5408 rectius,
1316 5359 1363 5399 et
1390 5350 1619 5401 doceret.

584 5423 695 5496 (56)
725 5422 815 5496 7Sic
839 5419 1166 5496 ins._Regiu_s
1189 5431 1347 5496 7num.
1376 5417 1534 5470 1659.
1564 5413 1916 5496 Carterinvero
1944 5427 2074 5492 mss.

512 5480 782 5557 et‘editi,
829 5490 894 5544 Et
938 5493 1032 5544 hoc
1049 5480 1141 5542 vad
1184 5489 1443 5556 integrum
1480 5493 1696 5556 spectat.
1750 5480 1869 5536 Vult
1912 5484 2074 5548 enim,

509 5574 617 5621 etc.

585 5632 697 5703 (57)
728 5634 883 5688 Deest
914 5633 961 5685 si
993 5630 1046 5683 in
1077 5628 1258 5683 editis.
1289 5624 1694 5703 Mss.7qui7da7rn,
1721 5623 1896 5693 siqui.
1985 5691 2000 5703 7
2026 5692 2038 5703 7

589 5634 672 5703 (57
728 5634 883 5688 Deest
914 5633 961 5685 si
993 5632 1046 5683 in
1077 5632 1258 5683 editis.
1289 5632 1422 5681 Mss.
1450 5632 1694 5695 quidam,
1721 5632 1896 5693 siqui.
2026 5692 2038 5703 7

589 5632 699 5776 (58)
735 5704 825 5759 Sic
867 5716 1058 5759 omnes
1095 5714 1224 5755 mss.
1259 5709 1315 5753 et
1357 5697 1508 5753 editi.
1538 5695 1791 5750 [tabanus
1824 5706 1954 5750 vero
1985 5691 2074 5748 hic

2246 4854 2357 4924 (59)
2390 4854 2660 4917 Rabanus,
2694 4871 2784 4906 nec
2814 4854 3188 4908 consuetudine
3219 4858 3558 4907 turbamur...
3584 4849 3692 4924 Nan

2177 4920 2571 4979 necessitatibus
2616 4934 2917 4977 sanctorum
2966 4924 3179 4976 honeste
3226 4924 3376 4978 dicit.
3409 4938 3514 4974 non
3557 4920 3691 4984 quasi.

2177 5008 2283 5049 etc.
2321 4994 2485 5048 Paulo
2534 4993 2668 5046 infra
2723 5009 2824 5048 ms.
2883 4993 3079 5063 Regius
3128 5008 3278 5063 num.
3319 4992 3497 5051 l639,
3528 5005 3689 5059 quoque

2178 5067 2332 5118 modo
2355 5064 2543 5116 habere
2571 5079 2915 5116 communem.
2952 5062 3153 5117 Deinde
3176 5062 3455 5125 Rabanus,
3481 5063 3531 5111 id
3554 5070 3692 5126 aptata

2176 5146 2223 5188 et
2256 5134 2560 5186 conveniens
2589 5134 2811 5186 videtur.
3053 5202 3061 5203 7
3146 5202 3153 5203 7
3274 5202 3281 5203 7
3355 5199 3385 5203 _7
3473 5199 3483 5203 _
3664 5194 3672 5203 O

2249 5202 2362 5272 (60)
2399 5203 2495 5255 Ms.
2526 5203 2724 5271 lit-gius
2752 5218 2900 5257 num.
2935 5199 3509 5272 1659,.‘tospitalitatis
3553 5199 3693 5248 muni-

2177 5270 2463 5342 ﬁcentiam.
2492 5272 2682 5326 Celeri
2711 5286 2840 5333 mss.
2858 5283 2913 5327 et
2934 5275 3083 5338 editi,
3111 5270 3511 5337 hospitalitatem
3529 5276 3692 5320 sectas.

2179 5344 2248 5397 tis
2276 5342 2744 5411 magnificentiam.

2274 5409 2637 5485 (it)_l_£7tliti,7ne
2665 5412 2799 5485 forte
2824 5413 2878 5485 in
2908 5410 3094 5485 plateis
3116 5409 3347 5463 sedeant.
3493 5474 3504 5485 7

2274 5414 2360 5482 61)
2391 5414 2552 5475 Etliti,
2575 5428 2637 5464 ne
2665 5414 2799 5479 forte
2824 5414 2878 5464 in
2908 5414 3094 5478 plateis
3116 5414 3347 5463 sedeant.

2250 5414 2361 5555 in?)
2385 5482 2475 5536 Sic
2500 5483 2627 5534 editi
2661 5490 2715 5536 et
2743 5482 3013 5555 Βεὼρ-ειυς.
3038 5481 3167 5555 Mss.
3190 5494 3320 5533 vero
3351 5474 3504 5555 nostri
3532 5481 3692 5555 omnes

2180 5544 2383 5609 habent
2428 5552 2797 5609 tantummodo
2819 5590 2836 5618 ,
2870 5550 3206 5619 Benedicite,
3232 5559 3279 5604 et
3324 5547 3469 5602 nolite
3498 5544 3692 5599 maledi-

2179 5638 2314 5678 cere.
