3744 6146
443 274 584 332 1223
1904 274 1921 328 1

2149 273 2225 329 ilS
3522 274 3627 330 1221

438 407 563 449 eum
592 389 681 460 qui
720 390 898 445 dixit:
928 387 1062 445 Mihi
1091 390 1401 457 vindictam,
1432 406 1524 463 ego
1554 390 1860 459 retribuam,
1881 392 2007 448 dicit
2038 400 2081 454 Α
2117 387 2423 451 retribuam,
2447 386 2577 441 dicit
2611 383 2872 441 Dominus
2905 386 2948 441 ³.
2985 384 3050 442 lli
3077 387 3169 454 qui
3200 387 3402 457 seipsos
3422 404 3511 446 non
3536 397 3627 450 vin.

437 481 700 536 Dominus
739 479 806 533 ’⁷.
2115 479 2320 544 dicant,
2352 479 2620 548 quomodo
2660 479 2755 534 ira:
2801 479 2980 533 locum
3026 481 3178 545 dent,
3218 481 3489 550 dupliciter
3525 489 3627 542 mihi

507 571 596 628 20.
622 569 968 625 Providentes
996 569 1131 623 bona
1158 584 1336 622 coram
1357 569 1594 623 omnibus
1621 568 1919 624 hominibus
1941 571 2008 627 ³⁸.
2115 572 2329 625 videtur
2352 571 2597 641 intelligi.
2630 572 2764 625 Nam
2793 581 2849 627 et
2873 573 2978 626 hoc
3010 574 3126 641 ipso
3155 574 3297 641 quod
3337 577 3470 631 verbi
3499 592 3625 633 causa

437 663 633 720 Coram
673 663 926 717 omnibus
968 662 1279 715 hominibus
1336 662 1582 731 providet
1614 664 1735 728 quis
1770 664 1934 725 lmua,
1963 665 2012 718 si
2116 678 2330 715 manum
2390 663 2574 716 manui
2636 678 2743 716 non
2805 661 3048 718 referunt
3099 664 3237 734 (79),
3299 676 3387 718 aut
3430 670 3629 726 convicio

438 772 545 810 non
605 755 819 826 placeat
876 754 1212 824 singulorum
1273 755 1356 807 vel
1399 756 1564 820 vitiis,
1611 756 1691 809 vel
1747 756 2009 809 tnuribus.
2115 744 2417 807 cuitvicium
2468 770 2572 807 non
2615 754 2867 819 reddunt,
2913 756 3007 809 ira:
3059 755 3203 810 illius
3249 758 3341 827 qui
3380 756 3627 830 fecitiniu-

434 847 688 915 Alioquin
745 844 1019 901 contraria
1079 846 1187 899 erit
1236 844 1347 914 (74)
1399 845 1484 898 illa
1534 846 1778 914 Apostoli
1840 846 2011 915 ipsius
2116 845 2249 898 riam
2272 846 2687 915 pertranseundi
2713 857 2767 900 et
2797 848 3159 903 evanescendi
3189 850 3362 903 loeum
3392 852 3628 912 dederunt,

434 940 702 994 sententia
743 953 863 1005 quae
901 938 1072 993 dicit:
1103 935 1215 1007 Ego
1242 940 1287 992 si
1317 938 1617 992 hominibus
1660 938 1868 1006 placere
1907 940 2013 993 vel-
2111 935 2280 990 Nemo
2315 937 2461 990 enim
2494 938 2564 990 ita
2602 937 3175 1004 rabidusinvenietur,
3213 942 3330 1010 qui,
3367 943 3499 997 illata
3528 948 3632 1016 inju-

435 1031 557 1095 lem,
590 1030 790 1085 Christi
810 1048 990 1086 servus
1036 1048 1140 1084 non
1171 1048 1336 1085 essent
1364 1032 1431 1086 θ’.
1468 1029 1575 1086 Sed
1602 1034 1692 1101 qui
1727 1033 1848 1087 vita:
1874 1048 2008 1094 smn.
2112 1027 2214 1091 ria.
2267 1029 2309 1081 si
2364 1029 2535 1082 vicem
2597 1043 2703 1083 non
2759 1032 3005 1099 recipiat.
3061 1033 3255 1087 iterum
3310 1036 3512 1103 szeviat;
3556 1043 3631 1092 sed

437 1136 492 1179 ct
529 1142 760 1189 morum,
793 1138 953 1196 atque
984 1135 1196 1181 actuum
1232 1136 1377 1180 tenet
1406 1127 1626 1189 libram,
1665 1140 1721 1182 ut
1750 1144 1852 1181 non
1886 1145 2010 1197 pus-
2110 1121 2264 1187 quasi
2299 1118 2468 1174 ell'uso
2494 1138 2557 1176 ac
2593 1123 2807 1190 digesto
2838 1124 3044 1191 furore,
3081 1126 3394 1181 necessario
3414 1128 3629 1183 mitescit.

433 1216 504 1269 sit
543 1219 611 1270 ab
653 1218 759 1270 ullo
795 1218 1071 1271 hominum
1112 1218 1457 1285 reprehendi,
1500 1220 1602 1273 iste
1644 1221 1780 1273 bona
1825 1235 2008 1273 coram
2110 1211 2206 1265 Εδῑ
2237 1227 2363 1281 ergo
2387 1221 2440 1265 ei
2467 1214 2671 1282 grande
2712 1215 2922 1269 lucrum
2963 1216 3054 1270 ubi
3092 1226 3147 1270 et
3190 1218 3460 1285 peccantis
3493 1221 3636 1273 multi-

433 1312 683 1364 omnibus
712 1310 1021 1363 hominibus
1060 1311 1326 1377 providet.
1361 1310 1467 1364 Sed
1515 1322 1569 1363 et
1615 1311 1717 1366 hoc
1751 1313 1911 1366 advel

2155 1300 2242 1355 tdo
2286 1304 2655 1369 compescitur
2704 1315 3088 1373 peccatorum,
3138 1317 3193 1360 et
3246 1308 3492 1376 injuriam
3525 1313 3633 1378 paSsi

436 1416 576 1465 mus,
620 1401 888 1468 quomodo
944 1416 1049 1454 non
1101 1402 1237 1455 dixit
1284 1403 1589 1470 Apostolus,
1646 1415 1703 1456 ut
1757 1408 1914 1457 omni

2154 1390 2367 1444 :ttientia
2405 1391 2518 1461 (81))
2551 1392 2850 1461 probabilis
2879 1394 2938 1447 lit
2975 1396 3116 1464 apud
3149 1397 3342 1450 Deum.
3370 1396 3460 1450 Est
3485 1410 3632 1454 autem

439 1492 749 1562 placeamus
785 1492 919 1563 (75),
951 1494 1066 1555 sed,
1104 1503 1161 1545 ιιι
1197 1495 1576 1562 provideamus
1626 1496 1765 1548 bona
1817 1510 2003 1549 coram
2109 1494 2161 1537 cl
2190 1485 2289 1538 hoc
2319 1486 2474 1538 modo
2502 1485 2595 1545 irae
2623 1485 2802 1540 locum
2831 1488 2986 1552 dare,
3022 1490 3238 1556 Quando
3286 1504 3382 1558 pro
3434 1492 3509 1544 bis
3540 1506 3633 1559 quze

432 1585 683 1637 Omnibus
715 1583 1039 1648 hominibus,
1081 1587 1182 1639 hoc
1220 1595 1303 1639 est
1341 1596 1396 1639 ut
1444 1602 1668 1651 agamus
1739 1601 1837 1639 nos
1871 1590 1910 1640 bl

2156 1574 2416 1629 Iferuntnr
2461 1576 2676 1643 injuriis
2721 1579 2812 1646 qui
2866 1590 3115 1648 peccant,
3172 1582 3461 1638 secundum
3500 1582 3634 1652 ipsius

433 1689 615 1728 coram
655 1676 905 1731 ornuilms
947 1676 1253 1731 hominibus
1307 1678 1421 1733 sive
1461 1679 1563 1733 illis
1593 1678 1840 1749 placeant
1878 1695 2007 1750 quae
2047 1749 2052 1750 ί
2107 1668 2257 1723 Pili!"
2302 1671 2665 1736 εθηῐθιιιίίιιιιν
2711 1668 2847 1724 ira!"
2897 1672 2996 1726 Sibi
3060 1675 3433 1730 ιιιθεὶιυτίιέιηῑ
3478 1676 3527 1730 in
3571 1680 3635 1732 die

433 1768 570 1822 bona
609 1779 754 1835 sunt,
780 1770 896 1824 sive
936 1785 1040 1823 non
1075 1772 1343 1839 placeam,
1909 1749 1912 1750 ν
2035 1749 2077 1803 Β
2110 1762 2224 1828 irte,
2276 1773 2403 1817 tunc
2443 1779 2565 1817 cum
2612 1762 2796 1817 reddet
2852 1762 2993 1819 Deus
3043 1767 3338 1834 unicuique
3390 1769 3634 1823 secuudum

494 1858 582 1910 21.
612 1856 671 1908 Si
696 1858 943 1924 possibile
965 1871 1064 1925 est,
1087 1861 1223 1929 quod
1244 1877 1309 1914 ex
1335 1863 1474 1916 vobis
1494 1874 1590 1929 εει,
1613 1881 1730 1918 cum
1753 1867 1992 1920 omnibus
2107 1870 2268 1921 Opi-.I'u
2295 1870 2391 1908 sua
2424 1854 2470 1907 ⁸.
2522 1852 2577 1907 Si
2618 1870 2747 1923 ergo
2777 1845 3137 1923 uosmelipsos
3176 1856 3521 1925 vindicemus,
3557 1876 3634 1913 non

425 1946 721 2002 hominibus
747 1967 924 2018 pacem
952 1952 1193 2005 habentes
1216 1952 1253 2004 ⁸.
1283 1952 1471 2009 Sciens
1494 1957 1780 2025 Apostolus
1806 1974 1902 2027 pac

2152 1953 2468 2013 stmaguum
2497 1948 2639 2014 quod
2681 1961 2779 2013 pro
2827 1947 3025 2017 injuria
3072 1959 3330 2017 suscepta
3383 1950 3630 2014 reddimus,

424 2037 567 2091 inter
606 2055 741 2108 quos
781 2057 885 2110 pax
921 2043 1168 2111 habetur,
1212 2060 1321 2099 non
1365 2061 1431 2100 ex
1465 2064 1572 2102 una
1609 2058 1778 2119 parte,
1808 2051 1902 2105 sed
1928 2067 1993 2105 ex
2108 2035 2258 2089 "eihi
2308 2051 2495 2100 causa:
2549 2044 2642 2090 θυι
2694 2036 2928 2105 Palmam
2994 2054 3095 2107 ΡΓο
3141 2040 3346 2108 Palma»
3391 2039 3538 2111 654
3567 2055 3637 2094 ²¹¹ι

423 2139 651 2198 utraque
692 2142 971 2196 constare,
1012 2151 1081 2189 ne
1112 2152 1213 2190 nos
1254 2137 1472 2193 alterius
1508 2141 1743 2203 animus,
1777 2142 1820 2198 si
1856 2143 1901 2196 l'o

2155 2141 2304 2178 txum
2345 2141 2442 2194 pro
2471 2141 2623 2192 saxo,
2650 2136 2742 2181 aut
2767 2142 2866 2196 pro
2899 2131 3222 2184 centumelia
3272 2134 3633 2202 sermunis(8l)

423 2219 719 2290 impacatos
748 2226 1008 2288 evenerit,
1031 2243 1059 2280 a
1083 2228 1223 2282 bono
1244 2231 1389 2299 pacis
1415 2231 1673 2301 impedire
1696 2234 1988 2301 videretur,
2109 2216 2379 2271 sermonis
2401 2217 2753 2273 nihilominus
2773 2221 3180 2275 contumeliam.
3204 2223 3259 2275 Si
3286 2237 3416 2277 vero
3439 2239 3638 2276 reserve-

421 2312 908 2371 moderatissimum
956 2318 1102 2373 dedit
1132 2330 1461 2392 praeceptum
1491 2341 1503 2376 :
1533 2333 1594 2379 ut
1631 2324 1846 2380 interim
1880 2328 1898 2385 (

2150 2323 2229 2361 ms
2256 2324 2318 2362 ea
2343 2309 2593 2363 vindictae
2621 2309 2735 2370 Dei.
2767 2313 2819 2365 in
2843 2326 2908 2366 eo
2937 2310 3048 2384 (82)
3078 2315 3166 2382 qui
3197 2313 3338 2369 lzesit
3372 2330 3465 2369 nos
3489 2314 3628 2369 locum

428 2415 617 2457 noster
663 2405 878 2459 animus
914 2420 1130 2474 semper
1176 2407 1245 2461 sit
1300 2420 1524 2476 paratus
1574 2409 1641 2461 ad
1696 2425 1907 2478 pacem,
1950 2421 2005 2464 ρι
2106 2402 2300 2457 damus
2341 2401 2457 2464 itte,
2489 2401 2564 2454 illi
2594 2400 2714 2454 sine
2736 2401 2901 2456 dubio
2924 2417 3086 2472 quam
3110 2404 3212 2458 sibi
3236 2405 3356 2472 ipse
3379 2405 3487 2460 suis
3516 2406 3638 2457 malls

425 2496 709 2549 discordia:
737 2497 888 2564 culpa
922 2512 1027 2550 non
1062 2513 1228 2566 penes
1261 2513 1377 2562 nos,
1421 2499 1514 2553 sed
1560 2513 1728 2567 penes
1772 2501 2001 2556 alterum
2102 2492 2318 2547 acubus
2343 2493 2702 2556 lheﬁam'ilai.
2730 2507 2847 2562 qua:
2874 2493 2945 2549 de
2971 2509 3036 2547 9.0
3064 2496 3117 2550 in
3153 2494 3365 2563 iudieio
3394 2495 3480 2550 Dei
3510 2497 3638 2549 ιιιιιΙιο

426 2599 652 2641 constet.
690 2586 794 2642 Sed
836 2589 1070 2643 lortasse
1112 2590 1256 2643 dicat
1294 2590 1534 2661 aliquis:
1565 2591 1853 2657 Quomodo
1900 2609 1904 2660 ι

2159 2586 2384 2641 'aviores
2452 2601 2614 2655 quam
2682 2601 2781 2639 nos
2842 2588 3053 2647 inlerre
3114 2606 3443 2660 possumus,
3499 2592 3637 2660 exigat

426 2684 532 2731 test
561 2676 673 2729 ﬁeri
701 2686 759 2730 ut
794 2691 980 2745 pacem
1007 2693 1128 2732 cum
1160 2679 1411 2733 omnibus
1459 2681 1769 2734 hominibus
1798 2682 2002 2736 hahea-
2104 2689 2316 2743 ρωπος».

425 2768 584 2822 mus?
622 2767 687 2821 Et
724 2769 852 2837 quid
899 2768 1158 2823 faciemus
1204 2772 1272 2825 de
1328 2771 1611 2840 Scriptura
1651 2788 1772 2840 qua:
1818 2774 1950 2829 dicit
1982 2791 1998 2829 :
2172 2766 2265 2822 25.
2307 2770 2414 2823 Sed
2443 2771 2488 2824 si
2521 2772 2763 2824 esurierit
2792 2770 3035 2824 inimicus
3071 2780 3214 2835 tuus,
3260 2774 3381 2826 ciba
3414 2773 3580 2837 itum;
3603 2775 3637 2826 si

430 2858 631 2912 Furem
677 2861 912 2923 videbas,
957 2872 1003 2914 et
1054 2863 1404 2914 concurrebas
1455 2881 1574 2916 cum
1617 2864 1729 2926 illo,
1785 2875 1833 2919 et
1878 2883 1905 2919 c

2156 2858 2311 2918 tierit,
2348 2864 2531 2926 petunt
2566 2860 2636 2912 da
2677 2859 2759 2913 illi
2800 2873 2820 2912 :
2858 2859 2958 2912 hoc
2995 2860 3133 2912 enim
3175 2859 3386 2926 faciens
3430 2859 3634 2913 carbones

422 2951 682 3004 adulteris
710 2953 999 3019 portionem
1031 2965 1176 3005 luant
1213 2955 1437 3020 ponebas
1463 2954 1523 3007 ’ἲ
1549 2954 1673 3008 ldeo
1708 2972 1836 3025 ergo
1867 2957 1898 3010 b

2159 2953 2237 3003 nis
2277 2967 2519 3019 congeres
2578 2967 2735 3020 super
2780 2961 2938 3020 caput
2985 2951 3143 3019 ejus'
3170 2949 3634 3022 (85).}lascquidetu

422 3043 713 3111 Apostolus
765 3043 970 3097 addidit
1001 3058 1017 3097 :
1049 3043 1202 3108 Quod
1261 3059 1325 3096 ex
1370 3044 1515 3097 vobis
1565 3055 1677 3109 est;
1735 3046 1838 3099 huc
1891 3058 1996 3114 est,
2027 3086 2067 3142 ο
2103 3055 2159 3098 et
2188 3044 2448 3099 Dominus
2475 3045 2528 3099 in
2557 3045 2864 3114 Evangeliis
2894 3043 3138 3113 praecipit
3177 3044 3218 3096 ⁸.
3254 3045 3322 3097 Et
3348 3044 3631 3112 quamvisiu

423 3134 566 3202 quod
604 3135 880 3202 proposito
931 3145 1116 3187 vestro
1172 3142 1226 3188 et
1281 3133 1400 3187 ﬁdei
1457 3144 1653 3188 vestra:
1717 3139 1992 3191 convenit.
2033 3133 2066 3142 “”
2104 3136 2388 3204 propatulo
2420 3136 2492 3191 sit
2518 3136 2822 3191 intellectus
2856 3139 2980 3199 iste,
3008 3152 3116 3206 quo
3136 3139 3439 3190 secundum
3473 3154 3526 3189 ea
3547 3152 3638 3204 quis

421 3225 557 3281 Cum
590 3226 747 3279 malis
772 3227 914 3281 enim
947 3225 1146 3279 habere
1185 3240 1373 3295 pacem
1405 3236 1460 3280 et
1488 3228 1830 3292 societatem,
1869 3225 1993 3281 tidei
2101 3241 2267 3295 supra
2300 3227 2560 3291 diximus,
2597 3229 2648 3280 in
2678 3237 2941 3297 quantum
2986 3228 3221 3281 inimicis
3263 3238 3319 3283 et
3363 3229 3636 3282 laedentibus

421 3327 622 3372 nostra:
661 3318 774 3390 (77)
827 3320 1212 3386 propositoque
1263 3333 1370 3372 non
1425 3319 1705 3382 convenit,
1747 3320 1997 3385 quamvis
2101 3335 2207 3372 non
2240 3320 2409 3373 solum
2451 3322 2621 3372 vicem
2654 3335 2757 3373 non
2809 3320 3105 3385 reddimus,
3143 3320 3240 3374 sed
3270 3335 3324 3373 et
3363 3322 3495 3374 bona
3530 3336 3639 3389 [ιι-ευ-

420 3417 477 3461 et
500 3408 607 3461 alia
644 3408 698 3461 in
735 3407 853 3462 loco
909 3408 1077 3475 possit
1127 3409 1313 3462 haberi
1358 3408 1658 3462 distinetio.
1719 3410 1877 3463 Aliud
1912 3421 1998 3464 est
2103 3425 2330 3477 stamus,
2394 3411 2445 3463 in
2505 3419 2711 3463 tantum
2772 3424 2964 3478 pinnas
3011 3426 3196 3465 eorum
3245 3411 3299 3464 in
3348 3411 3438 3466 Dei
3469 3410 3636 3477 judicia

420 3499 569 3553 enim
615 3500 861 3556 homines
899 3516 1106 3565 amare,
1147 3501 1291 3554 aliud
1326 3502 1562 3555 crimina
1612 3503 1855 3573 diligere.
1891 3502 1994 3569 Qui
2100 3504 2439 3558 cumulanms
2467 3504 2570 3573 (est
2606 3504 2752 3557 enim
2793 3519 2919 3558 vere
2961 3504 3106 3572 justa
3157 3504 3441 3559 damnatio
3493 3506 3535 3559 si
3563 3520 3635 3556 ar-

421 3592 668 3646 humines
710 3603 877 3658 atuat,
918 3602 1063 3647 amat
1109 3602 1410 3647 creaturam
1460 3592 1554 3645 Dei
1590 3605 1604 3646 :
1638 3593 1730 3660 qui
1768 3593 1996 3648 crimina
2103 3607 2336 3665 gemitur
2360 3606 2486 3649 ante
2514 3595 2680 3649 Deum
2705 3595 2791 3649 his
2815 3596 3062 3649 intulisse
3091 3595 3229 3648 mala
3270 3598 3516 3665 aquibus
3537 3612 3635 3664 per-

420 3685 617 3755 diligit,
641 3685 838 3740 diaboli
858 3685 1337 3740 sectaturinventa
1357 3684 1992 3754 (78).Quier30perferti
2099 3687 2343 3755 ceperint
2384 3685 2569 3757 bona),
2615 3696 2796 3740 tamen
2838 3689 3115 3741 videamus
3164 3702 3231 3741 ne
3284 3686 3431 3742 forte
3458 3684 3639 3755 dignius

419 3790 568 3842 sunt,
624 3780 770 3847 ipsos
824 3780 875 3832 in
932 3780 1129 3849 quibus
1177 3781 1408 3832 oderunt
1459 3780 1689 3833 crimina
1748 3781 1993 3835 homines
2097 3779 2298 3848 aliquid
2337 3781 2569 3834 mandati
2620 3780 2779 3849 hujus
2829 3779 3100 3834 contineat
3157 3780 3489 3835 intellectus.
3529 3781 3638 3832 Dicit

417 3880 604 3924 nutant
631 3889 645 3925 :
670 3880 725 3925 et
763 3871 888 3925 odio
920 3870 1181 3925 habentes
1211 3869 1264 3924 in
1302 3872 1382 3924 eis
1409 3870 1536 3924 illud
1568 3871 1710 3939 quod
1744 3884 1989 3941 pereant,
2096 3872 2241 3925 enim
2301 3883 2357 3926 et
2409 3870 2674 3926 Jeremias
2730 3873 2990 3941 propheta
3036 3869 3150 3943 (84)
3193 3872 3261 3924 ad
3306 3871 3634 3941 peccatricem

420 3959 547 4035 illud
583 3961 725 4029 quod
757 3960 896 4015 Deus
913 3962 1119 4014 creavit
1146 3976 1331 4015 amare
1367 3975 1472 4014 non
1501 3961 1777 4014 desinunt.
2026 4027 2032 4033 ι
2072 3962 2265 4035 ⁸ΙίΙίιιιιι
2292 3962 2625 4034 Babylonis:
2665 3962 2842 4016 Habes
2869 3963 3121 4016 carbones
3171 3962 3328 4031 ignis,
3372 3965 3489 4016 uite
3513 3976 3637 4027 super

486 4051 578 4104 22.
615 4049 736 4104 Νοη
775 4068 862 4104 vos
899 4052 1250 4115 vindicantes,
1275 4052 1592 4113 clmrissinti,
1621 4053 1711 4103 sed
1757 4052 1877 4105 dote
1910 4052 1989 4103 ιο·
2094 4069 2206 4114 eos,
2231 4054 2283 4105 lii
2311 4063 2463 4107 erunt
2491 4056 2584 4107 tibi
2619 4056 2673 4108 in
2711 4055 3036 4125 adjutorium
3060 4055 3104 4107 '.
3135 4052 3414 4109 Fortassis
3454 4069 3570 4124 ergo
3596 4063 3637 4105 et

420 4160 538 4196 cum
570 4144 684 4196 ἐγω.
723 4144 988 4211 Scriptum
1034 4155 1108 4197 est
1149 4146 1284 4198 enim
1315 4162 1333 4198 .'
1365 4144 1499 4198 Mihi
1544 4146 1848 4206 vindictam,
1900 4160 1992 4215 ego
2097 4146 2186 4199 hic
2216 4147 2303 4200 isti
2342 4147 2611 4201 carbones
2649 4148 2786 4217 ignis
2814 4146 2904 4214 qui
2940 4155 3340 4216 congregantur
3381 4160 3534 4214 super
3560 4159 3634 4197 ea-

525 4284 572 4316 "
618 4283 773 4338 Deut.
806 4300 979 4347 χχιιι,
1024 4283 1113 4340 55.
1213 4284 1258 4317 ⁸⁸
1298 4285 1455 4339 Rom.
1500 4302 1598 4346 xu,
1632 4286 1721 4339 l7.
1818 4285 1862 4318 ⁹⁹
1895 4284 2003 4339 Gal:

2169 4282 2255 4337 l0.
2363 4281 2542 4338 ‘Rom.
2573 4298 2669 4337 ιιι.
2709 4282 2794 4336 18.
2871 4284 2892 4314 ²
2922 4281 3061 4335 Psal.
3107 4299 3251 4348 xux,
3284 4284 3373 4337 18.
3447 4283 3470 4315 ³
3506 4284 3630 4337 llom.

419 4369 519 4419 xu,
560 4353 644 4409 19.
721 4354 739 4386 ⁸
781 4353 937 4410 Rom.
970 4370 1034 4417 ιι,
1068 4354 1123 4418 5,
1153 4352 1206 4409 6.
1303 4356 1324 4387 ⁸
1360 4355 1516 4409 Rom.
1546 4371 1646 4419 xu,
1678 4354 1772 4410 20.
1875 4356 1896 4387 ⁸

1884 4356 1896 4387 ⁵
1927 4355 2119 4408 Matth.
2151 4353 2316 4419 v,i?.;
2348 4353 2480 4407 Luc.
2507 4368 2583 4419 vt,
2612 4352 2682 4406 ‘27
2710 4369 2824 4423 seq.
2899 4354 2920 4384 '
2949 4354 3049 4407 Isa.
3081 4369 3248 4415 van,
3274 4356 3362 4409 M.

493 4472 605 4546 (74)
652 4475 746 4528 Sic
791 4490 982 4529 omnes
1030 4489 1161 4529 mss.
1199 4485 1255 4527 et
1303 4474 1582 4546 Rabanus:
1636 4473 1778 4528 Editi
1838 4489 1988 4537 vero,
2025 4483 2071 4540 ι)
2096 4476 2269 4535 ipsum
2307 4473 2447 4546 quod
2489 4473 2697 4527 oderint
2732 4474 2976 4540 crimina,
3010 4486 3116 4531 etc.
3158 4474 3263 4530 Sed
3299 4476 3498 4531 rectius
3530 4488 3633 4527 mss.

425 4541 764 4599 Providentes
787 4546 941 4607 bona,
972 4562 1075 4597 non
1094 4556 1301 4597 tantum
1328 4559 1504 4597 coram
1550 4544 1677 4609 Deo,
1707 4549 1798 4598 sed
1824 4546 1986 4598 etiam
2098 4546 2206 4599 duo
2245 4541 2381 4597 utin
2416 4556 2600 4597 nostro
2629 4553 2802 4597 textu.

422 4630 602 4677 coram
631 4618 872 4669 omnibus
905 4616 1233 4685 hominibus.
1271 4613 1481 4685 Coroni
1512 4613 1831 4679 hominibus,
1871 4633 1993 4667 con-
2169 4613 2405 4685 (79)ASic
2450 4628 2639 4685 omnes
2690 4631 2819 4668 mss.
2873 4613 3028 4685 Editi
3055 4629 3205 4679 vero,
3251 4631 3466 4669 manum
3501 4628 3635 4668 manu

420 4686 591 4737 traria
633 4687 756 4751 erit,
795 4698 928 4749 etc.,
969 4683 1183 4739 omissis
1224 4683 1576 4753 intermediis,
1623 4685 1859 4737 omnibus
1897 4688 1992 4737 Ito-
2098 4682 2477 4753 nonreferunt,
2509 4683 2914 4746 Genebrardus,
2946 4682 3218 4752 referiam.

421 4756 647 4836 minibus
684 4741 1332 4836 providetiquis_bona,‘s.i_
1363 4770 1466 4836 non
1507 4741 1709 4836 placeat
1758 4755 1993 4836 singulo-
2105 4825 2137 4836 ﬂ
2168 4741 2290 4835 (89).
2317 4741 2484 4818 Alias,
2516 4760 2576 4836 et.
2598 4753 2815 4836 injuria:
2835 4741 2941 4836 .(al:
2973 4741 3312 4824 iniuriarum)
3347 4756 3521 4836 passio
3551 4769 3631 4822 po-

420 4839 537 4883 rum
564 4825 646 4878 vel
668 4826 824 4888 vitiis,
855 4826 934 4880 vel
961 4823 1213 4882 moribus.
1247 4825 1518 4895 Alioquin,
1549 4834 1681 4888 etc.,
1712 4839 1841 4877 mss.
1876 4824 1992 4895 pleg
2098 4823 2300 4895 tientia,
2332 4836 2435 4879 etc.
2461 4841 2476 4895 ;
2511 4823 2663 4887 alias,
2689 4834 2735 4875 et
2769 4823 3022 4895 injuriant
3044 4840 3231 4895 passus
3251 4823 3517 4892 patientia,
3544 4836 3631 4877 etc.

420 4895 609 4967 rique,
636 4912 739 4948 non
772 4906 826 4967 ut
849 4897 1051 4962 placeat
1076 4894 1205 4967 (al.,
1237 4892 1423 4967 utnon
1453 4895 1689 4967 placeat)
1713 4904 1815 4950 etc.
1879 4892 1989 4948 Sed
2097 4892 2302 4967 Deinde
2332 4894 2660 4967 rusum-gius
2690 4910 2837 4946 num.
2871 4893 3009 4967 1659
3038 4905 3089 4946 et
3120 4893 3374 4949 [tabanus
3396 4898 3629 4948 omittunt

419 4966 625 5020 rectius
656 4981 754 5019 ms.
782 4965 982 5034 Regius
1020 4962 1171 5023 num.
1215 4962 1375 5023 1659,
1406 4973 1463 5017 ιιι
1499 4966 1550 5018 in
1580 4962 1748 5018 textu.
1959 5032 1965 5034 Α
2096 4965 2332 5034 qutmdo,
2362 4964 2453 5017 sed
2493 4962 2781 5034 restituunt
2810 4965 2989 5017 caeteri
3015 4978 3146 5015 mss.
3177 4977 3229 5016 et
3261 4968 3409 5019 editi.

492 5033 605 5107 (75)
641 5035 804 5107 Editi,
843 5032 1100 5106 quomodo
1147 5053 1252 5091 non
1292 5035 1430 5090 dixit
1470 5036 1775 5103 Apostolus,
1823 5032 1990 5088 honti-
2110 5032 2115 5033 ⁷
2165 5033 2276 5105 (81)
2304 5032 2592 5107 sermonis.
2620 5032 2901 5107 Otrtittitur
2923 5035 2973 5087 in
3000 5034 3257 5107 editis,et
3288 5037 3337 5087 in
3363 5050 3461 5087 ms.
3487 5033 3631 5102 llegio

419 5104 924 5175 nib'us'placeamus,
953 5108 1065 5169 sed,
1098 5118 1205 5163 etc.
1885 5173 1910 5175 _
2093 5120 2218 5157 num
2269 5104 2424 5167 1659,
2474 5115 2528 5157 et
2564 5104 2705 5171 apud
2744 5104 3059 5167 llabauuut;
3106 5104 3199 5157 sed
3251 5106 3544 5159 restituitur
3577 5118 3630 5154 et

490 5173 608 5247 (76)
644 5176 732 5231 Sic
761 5192 860 5230 ms.
896 5176 1094 5245 Regius
1118 5193 1266 5232 nunt.
1299 5176 1437 5232 1659
1465 5187 1520 5231 et
1564 5175 1840 5231 Rabanus.
1870 5173 1968 5230 Cas

983 5178 1094 5245 gius
1118 5193 1266 5232 num.
1299 5176 1437 5232 1659
1465 5187 1520 5231 et
1564 5175 1840 5231 Rabanus.
1870 5173 1990 5230 (ἕως
2092 5176 2461 5247 emterismss.

419 5241 522 5302 teri
564 5241 692 5301 vero
721 5261 852 5302 mss.
876 5256 932 5301 et
951 5241 1103 5313 editi,
1136 5260 1188 5301 ut
1208 5248 1346 5301 inter
1370 5248 1635 5312 inimicos,
1666 5258 1773 5303 etc.
2162 5243 2275 5315 ('82)
2303 5244 2468 5311 Alias,
2495 5241 2555 5298 Si
2583 5261 2703 5300 vero
2736 5260 2998 5299 servemus
3026 5261 3087 5298 ea
3112 5245 3447 5299 vindictae...
3468 5243 3553 5311 qui
3579 5242 3632 5293 de

491 5316 604 5390 (7_7)
647 5315 811 5383 Editi,
858 5327 1058 5390 vestrae,
1095 5317 1507 5390 _male._Deiude
1557 5317 1717 5390 iidem
1753 5323 1808 5370 et
1851 5329 1983 5372 mss.
2089 5330 2170 5379 eo,
2187 5327 2306 5390 etc.

415 5383 689 5510 p‘le'riq'ue,
712 5389 952 5457 quamvis
985 5399 1029 5441 et
1051 5388 1156 5439 alio
1186 5388 1240 5439 in
1272 5388 1406 5449 loco,
1433 5398 1541 5467 etc.
1571 5387 1675 5441 Sed
1702 5395 1846 5441 recte
1875 5401 1976 5441 nis.
2159 5384 2273 5465 (95)
2293 5384 2415 5471 'Sic
2447 5401 2561 5467 'ms.
2603 5383 2802 5456 Regius
2826 5408 2832 5413 -
2859 5401 3005 5437 num.
3055 5383 3215 5449 1639,
3278 5384 3555 5462 Ιὶιιικιιιιιε.⁸
3587 5392 3631 5433 et

471 5471 622 5510 cetus
653 5474 797 5510 ttltltl.
842 5456 979 5510 1659
1001 5467 1054 5510 et
1078 5456 1331 5510 Rabanns
1360 5466 1418 5509 ιιι
1446 5472 1497 5509 ιιι
1530 5467 1698 5510 textu.
2088 5454 2239 5509 editi.
2268 5457 2462 5509 (λειω-ι
2494 5471 2620 5510 vero
2653 5471 2782 5510 mss.
2815 5471 3096 5510 conareaas
3134 5472 3293 5510 super
3331 5464 3480 5510 caput
3506 5469 3626 5510 eius.

471 5452 622 5525 egius
653 5452 797 5510 uttiu.
842 5456 979 5511 1659
1001 5467 1054 5510 et
1078 5456 1331 5511 Rabanns
1360 5466 1418 5509 ιιι
1446 5457 1698 5525 ἱιιγιεκιιι.
2088 5452 2462 5509 θιΙίιί.’(Ζξειθι·ἰ
2494 5471 2620 5511 vero
2653 5452 2782 5510 mss.
2815 5471 3096 5523 congregas
3134 5472 3293 5523 super
3331 5452 3626 5525 caputAejtts.

495 5520 607 5595 (78)
629 5526 705 5579 lta
732 5542 832 5580 ms.
864 5526 1063 5600 Regius
1087 5543 1235 5600 mnu.
1256 5526 1396 5600 1659
1417 5536 1471 5579 et
1488 5524 1767 5581 Rabanus.
1789 5525 1982 5600 Creteri
2160 5524 2273 5595 (84)
2308 5525 2444 5600 Dicjt
2478 5528 2616 5600 enim
2647 5536 2697 5581 et
2727 5526 2988 5600 Ieremias
3006 5520 3284 5600 propheta.
3328 5526 3415 5580 Vel
3463 5520 3632 5600 Orige-

418 5611 549 5648 veru
602 5612 731 5652 mss.
787 5607 844 5651 et
898 5598 1065 5662 editi,
1140 5596 1351 5649 Diaboli
1407 5606 1633 5649 sectator
1697 5599 1983 5649 invenitur.
2088 5610 2205 5655 nes.
2256 5595 2342 5648 vel
2389 5596 2639 5661 Rutilius,
2691 5596 2774 5649 vel
2826 5595 3074 5649 fortassis
3124 5607 3351 5663 uterque
3392 5595 3626 5663 ittenioria

419 5664 623 5737 Deinde
659 5682 789 5721 IIISS.
832 5667 1095 5737 plerique,
1142 5665 1400 5720 Rabanus
1442 5675 1495 5720 et
1530 5665 1681 5737 editi,
1726 5666 1822 5719 hoc
1870 5667 1983 5733 ipso
2087 5664 2273 5737 lapsus
2308 5676 2391 5721 est
2424 5664 2677 5724 .leretnia:
2724 5665 3047 5724 ascriboado
3093 5666 3240 5736 quod
3270 5662 3348 5722 ex
3381 5662 3512 5719 lsaia
3546 5664 3626 5715 de-

419 5751 519 5804 quo
545 5735 661 5805 (aL,
691 5734 853 5807 quod)
885 5734 1105 5794 aderunt
1139 5738 1378 5800 crimina,
1407 5744 1513 5792 etc.
1548 5734 1660 5807 bis.
1697 5751 1854 5803 unus,
1884 5736 1980 5790 hoc
2081 5735 2372 5809 promitur.
