3744 6146
144 266 264 321 1225

1066 267 1422 324 COMMENT.
1465 265 1530 320 ΙΝ
1571 265 1792 322 EPIST.
1829 267 1921 320 AD
1955 268 2126 326 ROM.
2168 271 2298 328 LIB.
2337 273 2423 328 IX.

3233 280 3372 334 1296

139 406 224 463 put
261 395 485 454 inimici,
537 395 588 448 in
647 395 978 460 adjutorium
1036 396 1207 463 ipsius
1265 399 1695 462 congregantur.
1727 392 1772 447 A
1801 390 1922 460 ipso
1949 392 2050 446 sibi
2078 393 2257 446 datam
2285 394 2518 462 gratiam
2561 395 2922 459 conﬁtentur;
2966 395 3059 452 sed
3106 407 3199 450 aut
3246 415 3373 468 pro-

137 487 302 542 Potest
323 487 465 539 enim
511 486 623 540 lleri
653 496 711 539 ut
742 487 956 540 animus
989 484 1140 540 ferus
1182 501 1248 540 ac
1285 485 1554 539 barbarus
1592 486 1691 540 ini-

139 579 246 632 mici
273 576 405 645 (85),
438 577 482 631 si
508 577 704 631 sentiat
743 577 1062 632 beneficium
1101 589 1373 647 nostrum,
1412 579 1456 632 si
1501 578 1691 632 huma-

138 671 362 728 nitatem.
410 671 455 722 si
509 669 785 732 aﬂ‘ectum,
838 670 882 722 si
945 669 1204 738 pietatem
1265 669 1481 730 videat.
1537 687 1686 726 com-

136 761 459 830 punctionem
502 761 682 815 cordis
727 762 930 830 capiat,
970 763 1248 816 commissi
1291 763 1686 832 paenitudinem

135 859 285 919 gerat.
313 861 365 903 et
390 866 456 904 ex
479 851 580 904 hoc
624 851 763 917 ignis
806 853 858 904 in
908 866 975 905 eo
1026 852 1250 919 quidam.
1304 853 1684 916 succendatnr,

133 944 208 1010 qui
228 959 342 997 eum
373 959 469 1012 pro
497 947 773 1000 commissi
802 945 1132 999 conscientia
1171 943 1281 1017 (86)
1325 955 1602 1014 torqueat,
1631 954 1687 999 et

132 1038 333 1103 adurat;
369 1044 424 1091 et
459 1036 545 1090 isti
583 1047 746 1092 erunt
783 1038 1048 1092 carbones
1083 1038 1220 1108 ignis
1259 1038 1350 1106 qui
1397 1051 1561 1106 super
1599 1051 1689 1090 ca-

132 1126 345 1195 puteius
377 1143 443 1181 ex
475 1137 666 1183 nostro
714 1129 1096 1184 misericordiae
1148 1139 1203 1184 et
1258 1130 1476 1198 pietatis
1519 1143 1685 1198 opere

130 1231 528 1288 congregantur.
569 1219 744 1290 Caput
769 1236 918 1286 vero,
962 1221 1260 1290 principale
1292 1222 1478 1276 cordis
1502 1221 1686 1290 appel-

131 1312 256 1365 latur
285 1329 298 1366 :
325 1321 378 1367 et
407 1312 601 1366 merito
627 1320 789 1379 caput
835 1311 1056 1377 dicitur,
1112 1315 1268 1383 cujus
1321 1314 1599 1368 intellectu
1633 1320 1687 1366 et

127 1402 386 1472 prudentia
420 1403 662 1456 membra
689 1413 953 1473 reguntur
981 1404 1255 1458 universa.

182 1494 263 1548 24.
290 1494 413 1548 Noli
436 1496 581 1549 vinci
611 1513 642 1548 a
675 1495 836 1558 malo,
873 1495 964 1548 sed
989 1498 1134 1550 viure
1165 1498 1220 1550 in
1245 1498 1378 1550 bono
1413 1496 1610 1549 malum
1638 1495 1679 1548 ⁸.

125 1586 347 1640 Vincitur
382 1603 409 1640 a
443 1588 609 1651 malo,
646 1588 736 1656 qui
779 1589 932 1643 malis
971 1599 1295 1658 provocatus
1348 1589 1520 1643 reddit
1571 1605 1684 1642 ma-

126 1678 236 1729 lum.
285 1675 340 1730 in
393 1677 537 1731 bono
585 1687 761 1732 autem
817 1679 981 1734 vincit
1039 1679 1240 1732 mahun
1297 1681 1385 1747 qui
1443 1681 1682 1747 acceptis

124 1768 259 1822 malis
289 1770 526 1837 restituit
557 1771 718 1827 bona.
772 1771 994 1827 Certum
1050 1782 1133 1826 est
1173 1773 1314 1826 enim
1373 1773 1513 1826 hanc
1555 1787 1675 1826 esse

123 1861 228 1914 mali
277 1869 549 1924 naturam,
609 1873 668 1917 ut
713 1877 778 1917 ex
837 1864 1104 1919 similibus
1150 1865 1263 1919 suis
1311 1872 1570 1933 augeatur
1621 1871 1676 1916 et

121 1962 340 2016 crescat;
375 1953 519 2007 sicut
550 1955 655 2024 igni
683 1954 729 2009 si
762 1954 937 2025 ignem
967 1956 1199 2025 jungas;
1238 1955 1372 2008 sicut
1414 1956 1457 2006 si
1499 1952 1674 2006 noctis

121 2045 331 2100 tenebris
367 2047 511 2101 acris
532 2045 646 2118 (87)
683 2047 925 2101 nubilum
979 2049 1238 2102 societur.
1294 2047 1500 2099 Bonum
1545 2059 1674 2099 vero

120 2135 156 2188 si
179 2134 451 2199 adhibeas,
497 2141 890 2192 exterminatur
943 2138 1164 2191 malum.
1200 2137 1485 2191 Contraria
1524 2153 1673 2188 nam-

119 2242 206 2296 que
228 2230 513 2284 contrariis
552 2231 912 2299 perimuntur,
978 2231 1116 2284 sicut
1149 2245 1243 2299 per
1293 2244 1485 2299 aquam
1535 2230 1671 2296 ignis

116 2321 473 2388 exstinguitur,
517 2331 571 2376 et
599 2336 693 2390 per
730 2322 900 2376 lucem
945 2324 1184 2375 tenebrze
1234 2321 1508 2391 fugantur.
1565 2320 1670 2375 Sed

118 2410 326 2466 fortasse
351 2412 500 2466 dicat
529 2413 726 2480 aliquis
773 2412 994 2466 Paulum
1026 2428 1122 2480 per
1179 2413 1508 2478 imperitiam
1544 2425 1666 2464 ser.

114 2505 269 2559 monis
292 2520 320 2558 a
352 2507 630 2575 proposito
664 2509 958 2571 decidisse;
1003 2508 1287 2580 proposuit
1327 2508 1473 2562 enim
1522 2507 1665 2577 loqui

115 2591 172 2647 de
215 2594 365 2648 donis
411 2598 707 2665 gratiarum
764 2614 883 2667 qum
939 2615 1036 2666 per
1091 2599 1351 2668 Spiritum
1417 2610 1667 2655 sanctum

112 2682 304 2738 dantur.
356 2686 423 2740 Et
469 2688 684 2756 quidem
720 2691 859 2757 quod
898 2691 973 2744 ait
1008 2709 1022 2744 :
1068 2691 1190 2744 Sive
1219 2691 1520 2762 prophetia,
1559 2691 1666 2746 sive

111 2777 462 2844 ministerium,
493 2782 601 2834 sive
627 2782 892 2848 dot-trina,
918 2784 1022 2837 sive
1043 2785 1339 2837 exhortatio
1366 2784 1408 2847 ',
1441 2793 1666 2852 possunt

113 2868 210 2923 inec
249 2871 314 2924 ad
351 2872 490 2926 dona
535 2873 796 2941 spiritalia
838 2875 1129 2943 pertinere.
1165 2875 1433 2930 Fortassis
1474 2887 1528 2930 et
1560 2873 1664 2929 hoc

110 2964 234 3030 quod
255 2966 534 3034 sequitur:
569 2964 672 3031 Qui
698 2967 880 3019 tribuit
903 2967 959 3018 in
982 2961 1336 3038 simplicitate,
1362 2969 1453 3036 qui
1478 2978 1662 3035 praeest

1794 481 1928 550 prite
1971 483 2248 537 industriae
2295 484 2590 549 ascribunt,
2634 495 2730 538 aut
2783 501 2950 555 super
2999 487 3276 551 magistris
3319 497 3374 537 et

1793 573 2195 629 institutoribus
2254 574 2578 645 gloriantur.
2649 575 2814 630 Nobis
2886 588 3065 629 autem
3134 577 3373 630 ostendit

1789 666 2080 734 Apostolus
2125 681 2286 721 omne
2321 666 2462 735 quod
2510 667 2708 722 bonum
2755 677 2858 732 est,
2902 683 2931 720 a
2980 667 3087 721 Deo
3133 682 3279 731 esse,
3318 676 3372 721 et

1791 772 1891 826 per
1931 757 2195 826 Spiritum
2234 772 2482 829 sanctum
2511 759 2677 822 dari,~
2700 761 2842 815 sicut
2870 772 2924 815 et
2949 758 3186 814 Jacobus
3235 775 3370 828 apo-

1789 851 1959 905 stolus
1990 852 2122 905 dicit
2157 869 2170 905 :
2209 850 2377 906 Omne
2417 854 2602 905 datum
2643 854 2833 906 bonum
2887 865 2936 906 et
2980 871 3132 907 omne
3171 855 3370 906 donum

1787 941 2072 1009 perlectum
2105 942 2379 996 desursum
2427 954 2501 995 est
2547 944 2867 998 descendens
2917 961 2950 997 a
3008 945 3167 998 Patre
3209 945 3369 997 lumi-

1791 1049 1916 1086 num
1947 1034 2028 1097 ";
2069 1043 2127 1086 ut
2155 1036 2245 1104 qui
2278 1035 2554 1104 gloriatur,
2588 1036 2644 1088 in
2674 1035 2897 1089 Domino
2929 1036 3184 1106 glorietur
3213 1035 3278 1092 ¹³.

1857 1126 1947 1180 25.
1991 1128 2282 1181 Videamus
2321 1143 2451 1199 ergo
2499 1142 2639 1181 nunc
2677 1129 2804 1196 quid
2834 1130 3018 1183 etiam
3067 1130 3121 1183 in
3170 1143 3368 1185 consc-

1787 1219 2075 1288 quentibus
2124 1218 2373 1287 adjungat
2426 1219 2768 1286 Apostolus:
2808 1220 2992 1275 Omnis
3040 1221 3220 1274 anima
3271 1239 3366 1286 po-

1787 1311 2064 1364 testatibus
2111 1311 2510 1364 sublimioribus
2551 1311 2825 1379 subjaceat
2867 1314 2911 1344 ¹¹⁸
2955 1313 3090 1384 (91).
3141 1313 3365 1367 Videtur

1789 1404 1919 1457 mihi
1957 1403 2009 1456 in
2042 1403 2144 1456 hoc
2178 1402 2333 1455 valde
2369 1402 2713 1459 laudabiliter
2743 1405 2981 1458 animam
3028 1407 3359 1468 nominasse,

1785 1511 1944 1564 quam
1980 1495 2264 1564 subjacere
2302 1497 2664 1562 potestatibus
2694 1497 2870 1564 jubet.
2901 1495 3186 1564 Nunquam
3217 1497 3364 1550 enim

1786 1589 2036 1652 dixisset,
2069 1588 2246 1642 omnis
2292 1591 2514 1658 spiritus
2565 1590 2844 1656 subiaceat
2899 1589 3177 1656 potestati.
3235 1589 3356 1653 sed,

1787 1679 1955 1731 omnis
1985 1678 2184 1731 anima.
2213 1679 2287 1733 De
2311 1695 2415 1747 qua
2445 1679 2748 1732 dill'erentia
2774 1694 2918 1748 saepe
2944 1676 3058 1746 jam
3096 1680 3357 1743 diximus,

1785 1769 1928 1838 quod
1979 1769 2248 1822 interdum
2301 1785 2395 1837 per
2455 1770 2727 1832 animam,
2790 1771 3064 1824 interdum
3104 1786 3200 1839 per
3239 1787 3360 1824 car-

1779 1875 1926 1924 nem,
1977 1861 2250 1914 interdum
2309 1876 2404 1927 per
2463 1861 2738 1928 spiritum,
2806 1861 2970 1917 homo
3023 1864 3356 1918 nominatur.

1778 1950 1883 2004 Sed
1923 1965 2046 2004 cum
2096 1966 2125 2003 a
2167 1960 2321 2020 parte
2369 1951 2588 2006 meliore
2641 1952 3004 2009 nominandus
3047 1965 3150 2019 est,
3204 1958 3358 2025 quasi

1776 2041 1865 2109 qui
1936 2041 2199 2110 spiritalis
2264 2041 2498 2109 intelligi
2585 2041 2820 2106 debeat,
2914 2045 3141 2112 spiritus
3222 2048 3358 2102 dici-

1777 2143 1865 2186 tur
1907 2151 1924 2187 :
1973 2135 2188 2201 quando
2231 2133 2298 2186 ab
2338 2132 2634 2194 inferiore,
2683 2136 2864 2189 anima
2917 2155 2930 2190 :
2982 2153 3107 2190 cum
3154 2154 3284 2192 vero
3324 2157 3356 2193 a

1773 2224 1937 2297 655
1969 2225 2238 2280 deteriore
2271 2227 2604 2289 nominatur,
2636 2241 2768 2281 caro
2798 2228 2996 2282 dicitur
3029 2247 3043 2284 :
3073 2241 3127 2294 et
3159 2230 3354 2284 horum

1776 2319 2087 2372 testimonia
2112 2321 2179 2374 de
2202 2319 2500 2387 Scripturis
2523 2334 2664 2388 saepe
2688 2321 3034 2388 protulimus.
3054 2322 3206 2378 Nunc
3227 2338 3358 2392 ergo

1773 2411 2029 2479 quoniam
2065 2420 2336 2478 praecepta
2355 2403 2706 2465 credentibus
2735 2412 3211 2481 ponitApostolus,
3240 2415 3356 2468 vult

1773 2519 1872 2558 nos
1896 2504 2164 2571 quietem,
2197 2514 2456 2572 quantum
2507 2504 2560 2557 in
2603 2504 2759 2557 nobis
2785 2515 2886 2567 est,
2920 2507 3205 2573 praesentis
3233 2506 3356 2561 vita:

1770 2609 2068 2664 pacemque
2105 2611 2341 2650 servare.
2379 2595 2445 2650 Et
2493 2595 2541 2650 si
2597 2597 2814 2665 quidem
2853 2597 2989 2651 tales
3039 2612 3228 2652 sumus
3256 2600 3352 2666 qui

1769 2687 2039 2757 conjuncti
2101 2689 2330 2742 Domino
2377 2705 2518 2742 unus
2553 2704 2674 2742 cum
2714 2704 2779 2742 eo
2825 2690 3049 2757 spiritus
3081 2691 3250 2744 simus
3283 2692 3351 2756 θ’,

1769 2779 1999 2834 Domino
2019 2779 2254 2835 dicimur
2279 2794 2400 2834 esse
2429 2780 2677 2849 subjecti.
2706 2782 2762 2835 Si
2795 2797 2922 2837 vero
2947 2783 3184 2837 nondum
3216 2783 3352 2837 tales

1766 2887 1972 2934 sumus.
2005 2874 2101 2926 sed
2132 2874 2438 2927 communis
2467 2875 2642 2928 adhuc
2663 2876 2842 2927 anima
2873 2884 2958 2930 est
2981 2876 3031 2929 in
3052 2875 3206 2931 nobis
3227 2892 3350 2944 qua:

1767 2963 1967 3018 habeat
2000 2964 2202 3033 aliquid
2239 2964 2397 3032 hujus
2430 2967 2647 3028 mundi,
2677 2981 2799 3034 quae
2831 2969 2905 3021 sit
2932 2969 2979 3022 ei
3010 2968 3192 3038 aliquo
3224 2970 3345 3023 alli-

109 3055 155 3106 in
182 3055 548 3117 sollicitudine.
609 3059 699 3128 qui
742 3059 1020 3112 miseretur
1062 3060 1114 3113 in
1164 3059 1436 3113 hilaritate
1469 3058 1534 3122 ¹⁰,
1568 3074 1660 3112 su-
1689 3081 1732 3138 C
1767 3065 1888 3125 gata
1923 3055 2141 3123 negotio
2165 3055 2301 3125 (92),
2331 3055 2454 3109 huic
2483 3067 2747 3124 praecepta
2776 3058 3066 3128 Apostolus
3094 3059 3265 3128 ponit,
3293 3069 3349 3115 et

111 3150 602 3219 periuribus,possit
645 3151 901 3221 adiungi:
957 3169 1020 3207 ea
1064 3168 1190 3207 vero
1239 3167 1358 3221 quae
1387 3162 1510 3223 post
1539 3153 1656 3208 haec

109 3254 382 3304 enumerat,
418 3255 479 3297 ut
507 3245 579 3297 sit
605 3245 838 3299 charitas
872 3247 986 3300 sine
1012 3245 1382 3309 simulatione,
1415 3247 1652 3299 odientes

110 3332 315 3398 malum,
349 3335 678 3389 adhaerentes
699 3339 831 3390 bono
854 3379 867 3402 ,
892 3339 1150 3392 charitate
1180 3340 1538 3408 fraternitatis
1575 3338 1660 3390 in-

108 3425 244 3478 vicem
283 3427 558 3496 diligentes
581 3467 596 3492 ,
641 3430 836 3483 honore
861 3432 1076 3484 invicem
1105 3433 1476 3496 prazvenientes
1506 3433 1574 3493 η,
1599 3441 1653 3486 et

107 3529 277 3572 cetera
304 3520 637 3588 hlljllSlIlOlll,
672 3531 942 3590 praecepta
977 3524 1155 3590 potius
1182 3522 1327 3576 dicat
1350 3539 1471 3577 esse
1489 3539 1653 3592 quam

107 3609 246 3668 dona.
287 3613 393 3668 Sed
426 3614 832 3670 consideremus
868 3616 1178 3686 diligentius
1227 3631 1293 3670 ne
1333 3616 1472 3671 forte
1517 3633 1654 3686 quo-

107 3701 229 3754 niam
255 3704 472 3772 quidem
526 3706 578 3758 iu
625 3706 709 3760 his
753 3707 1009 3760 omnibus
1044 3705 1300 3760 moralem
1329 3707 1505 3760 locum
1541 3719 1654 3760 tra-

103 3800 231 3846 ctare
253 3795 506 3858 iustituit,
535 3806 590 3849 et
631 3813 736 3850 non
764 3797 941 3851 solum
977 3800 1028 3850 in
1057 3798 1160 3851 lide
1201 3800 1451 3853 veritatis
1483 3799 1656 3852 stabi-

105 3881 192 3936 lem
235 3896 288 3940 et
331 3889 688 3952 immobilem,
747 3906 930 3942 verum
989 3900 1042 3944 et
1090 3892 1144 3943 in
1201 3891 1441 3944 moribus
1488 3907 1655 3945 orna-

107 3982 200 4028 lum
238 3977 346 4048 (88)
386 3977 564 4032 facere
591 3979 979 4039 Christianum,
1013 3980 1134 4034 ideo
1162 3983 1229 4033 ad
1267 3995 1492 4034 munera
1521 3997 1650 4050 gra-

105 4066 280 4122 tiarum
313 4072 480 4124 etiam
524 4071 744 4124 moralia
778 4083 1044 4140 praecepta
1091 4074 1382 4143 conjungat
1440 4073 1652 4144 (89),ut

102 4161 328 4215 ostendat
365 4160 699 4218 Christianis
736 4163 900 4217 etiam
952 4165 1068 4220 hiec
1129 4180 1226 4233 per
1273 4165 1366 4219 Dei
1417 4168 1649 4233 gratiam

101 4251 219 4305 dari.
253 4255 393 4310 Sunt
423 4259 564 4309 enim
612 4269 666 4311 et
715 4259 956 4312 nonnulli
1005 4259 1282 4327 gentilium
1331 4263 1649 4328 compositis

100 4347 318 4402 moribus
365 4358 422 4403 et
472 4350 696 4404 honeste
745 4351 1006 4405 institutis
1035 4348 1171 4420 (90),
1208 4352 1299 4420 qui
1333 4362 1512 4406 tamen
1547 4356 1649 4408 hoc

1767 3146 1899 3201 dicit
1937 3157 1996 3200 ut
2026 3146 2267 3213 subjecta
2324 3148 2397 3201 sit
2448 3149 2804 3216 potestatibus
2860 3150 3087 3206 mundi:
3122 3155 3244 3221 quia
3292 3163 3347 3208 et

1766 3239 2024 3294 Dominus
2066 3239 2221 3319 dixit,
2251 3249 2311 3292 ut
2357 3240 2409 3293 hi
2445 3242 2533 3309 qui
2583 3243 2786 3297 habent
2822 3243 2875 3296 in
2930 3259 2990 3299 se
3038 3247 3340 3314 superscri-

1761 3331 2000 3400 ptionem
2015 3330 2268 3393 Caesaris,
2295 3332 2518 3386 reddant
2536 3333 2732 3389 Caesari
2749 3351 2868 3403 qua:
2891 3346 3014 3390 sunt
3031 3336 3261 3392 Caesaris
3277 3339 3340 3394 ¹⁶.

1761 3423 1954 3477 Petrus
1976 3431 2031 3475 et
2057 3420 2295 3475 Joannes
2338 3423 2468 3476 nihil
2503 3425 2775 3479 habebant
2819 3432 2962 3496 quod
2995 3428 3198 3484 (Iazsari
3223 3432 3345 3486 red-

1761 3516 1981 3579 derent;
2019 3515 2154 3568 dicit
2177 3513 2322 3568 enim
2351 3512 2548 3570 Petrus
2574 3537 2586 3571 :
2630 3519 2835 3574 Aurum
2862 3532 2908 3575 et
2933 3534 3206 3592 argentum
3237 3540 3341 3577 nou

1759 3607 1920 3660 habeo
1959 3608 2021 3660 ίτ.
2055 3607 2155 3672 Qui
2184 3608 2288 3662 hoc
2319 3625 2422 3664 non
2455 3611 2638 3672 habet,
2663 3628 2764 3667 nec
2790 3613 2987 3668 Caesari
3013 3616 3342 3686 habetquod

1761 3701 1974 3762 reddat,
2008 3716 2110 3754 nec
2142 3700 2284 3754 unde
2336 3703 2750 3760 sublimioribus
2780 3707 3054 3775 subjaccat
3094 3717 3338 3776 potesta-

1758 3793 1922 3846 tibus.
1963 3792 2064 3859 Qui
2105 3813 2227 3851 vero
2267 3797 2429 3851 habet
2453 3807 2548 3848 aut
2583 3799 2890 3864 pecuniam,
2916 3810 3009 3854 aut
3038 3803 3340 3878 possessio-

1756 3900 1875 3949 nes,
1925 3900 2019 3940 aut
2058 3888 2258 3957 aliquid
2303 3889 2355 3942 in
2407 3889 2610 3943 saeculo
2669 3891 2860 3959 negoui
2902 3891 3050 3961 (95),
3107 3892 3335 3947 audiat:

1757 3975 1944 4030 Omnis
1976 3981 2156 4032 anima
2187 3979 2531 4046 potestatibus
2565 3980 2952 4035 sublimioribus
2971 3983 3239 4053 subjaceat
3270 3984 3334 4038 η.

1821 4071 1910 4124 26.
1931 4069 2050 4124 Non
2068 4082 2142 4124 est
2165 4074 2514 4142 enim,inquit
2534 4073 2666 4144 (95),
2685 4084 2912 4141 potestas
2939 4077 3044 4128 nisi
3070 4092 3103 4130 a
3129 4075 3234 4130 Deo
3265 4077 3332 4130 ’9.

1753 4162 1892 4216 Dicit
1944 4162 2173 4216 fortasse
2201 4163 2397 4231 aliquis
2426 4183 2438 4218 :
2472 4165 2612 4230 Quid
2640 4166 2808 4233 ergo?
2835 4164 2902 4219 Et
2953 4166 3040 4220 illa
3083 4177 3328 4236 potesms

1750 4275 1870 4328 qua:
1905 4274 2092 4313 servos
2122 4257 2212 4312 Dei
2265 4259 2637 4327 persequitur,
2672 4260 2832 4312 ﬁdem
2863 4261 3161 4329 impugnat,
3200 4261 3333 4314 reli-

1750 4351 1961 4420 gionem
1991 4349 2278 4413 subvertit,
2323 4365 2352 4401 a
2396 4349 2505 4402 Deo
2543 4350 2660 4402 est?
2685 4352 2765 4403 Ad
2803 4351 2904 4422 hoc
2941 4351 3180 4405 breviter
3235 4367 3327 4406 re-

100 4436 251 4503 ipsum
287 4443 432 4510 quod
461 4443 683 4506 habent,
717 4459 823 4497 non
860 4447 926 4498 ad
957 4443 1123 4497 Deum
1153 4445 1417 4508 relerunt,
1447 4459 1546 4498 nec
1581 4446 1648 4500 ab
1683 4441 1726 4495 D
1753 4439 2160 4512 spondebimus.
2193 4437 2364 4493 Nemo
2406 4451 2491 4496 est
2531 4443 2625 4508 qui
2677 4439 2887 4496 nesciat
2917 4445 3060 4512 quod
3104 4452 3158 4496 et
3186 4443 3337 4498 visus

156 4578 349 4634 aRom.
387 4598 482 4646 xu,
531 4581 618 4636 2|.
695 4583 715 4613 ⁹
745 4582 876 4636 ibid.
925 4582 978 4645 6,
1026 4581 1078 4634 8.
1191 4581 1233 4611 ‘°
1281 4582 1412 4636 ibid.
1463 4583 1516 4635 8.

102 4646 302 4705 “llum.
335 4670 459 4717 XIII,
489 4654 538 4706 1.
618 4653 702 4705 ¹⁵1
737 4653 859 4706 Cor.
891 4668 966 4715 ιι,
999 4652 1078 4705 17.

159 4771 258 4837 (85)
285 4772 446 4836 Editi,
481 4783 536 4825 ut
565 4788 763 4834 amens,
805 4770 968 4828 ferus,
997 4783 1045 4820 et
1083 4770 1341 4820 barbarus
1372 4769 1636 4821 inimicus.

159 4842 260 4911 (86)
289 4842 380 4896 Sic
404 4844 604 4896 rectius
647 4857 748 4893 tus.
784 4841 986 4909 Regius
1031 4856 1188 4911 nunt.
1242 4840 1394 4893 1659.
1446 4839 1638 4892 Cmtcri

100 4908 210 4964 vero
243 4908 369 4967 inss.
405 4922 460 4966 et
486 4914 639 4976 editi,
669 4927 762 4979 pro
797 4908 1077 4965 commisso
1120 4908 1239 4978 (aL,
1270 4926 1363 4976 pro
1391 4913 1644 4962 commis-

99 4981 178 5048 sis)
203 4984 544 5042 conscientire,
559 4993 664 5036 etc.

160 5053 262 5120 (87)
287 5053 456 5114 Alias,
490 5055 622 5107 sicut
652 5052 787 5122 ignis
810 5050 929 5119 (aL,
959 5050 1088 5118 igni)
1119 5051 1164 5102 si
1197 5050 1366 5118 ignem
1405 5049 1602 5117 jungas
1628 5062 1646 5100 :

99 5121 213 5174 sicut
244 5126 407 5177 noctis
433 5129 656 5178 tenebrtc
680 5121 728 5176 si
753 5123 912 5183 aeris,
946 5133 1066 5174 etc.-

161 5195 263 5260 (88)
294 5193 422 5248 Mss.
458 5195 701 5261 plerique
751 5200 806 5244 et
844 5192 997 5252 editi,
1054 5191 1342 5261 stabilem,
1370 5196 1644 5261 ver_um_et

100 5261 412 5326 immobilem,
459 5259 525 5316 in
569 5259 804 5316 moribus
847 5273 1110 5323 ornatum,
1145 5271 1248 5314 etc.
1299 5259 1398 5312 Ms.
1440 5259 1646 5328 Regius

101 5345 229 5386 num.
281 5335 435 5398 16⁸59,
476 5334 741 5396 stabilem,
791 5347 968 5386 verum
1005 5341 1052 5381 et
1095 5332 1151 5382 iu
1199 5331 1437 5383 omnibus
1482 5346 1643 5382 orna-

81 5409 215 5463 Διιιιιι.
241 5420 367 5467 etc.,
396 5405 599 5458 omisso
627 5401 965 5456 immobilem.
999 5399 1254 5454 Rabanus
1277 5441 1292 5461 ,
1324 5399 1565 5452 stabilem
1592 5406 1641 5451 et

100 5471 393 5528 immobilem
417 5516 432 5536 ,
477 5475 711 5526 moribus
735 5481 1003 5531 ornatum,
1030 5481 1156 5525 etc..
1197 5473 1399 5524 omisso
1440 5485 1639 5522 verum.

101 5537 191 5592 Sed
228 5546 502 5612 legendum
540 5545 754 5597 videtur
793 5551 852 5596 ut
880 5545 933 5596 in
968 5551 1153 5595 nostro
1177 5551 1344 5597 textu.

158 5612 262 5680 (89)
297 5616 452 5678 Editi,
479 5615 768 5682 conjungit.

161 5685 267 5753 (90)
293 5685 450 5747 Editi,
484 5680 711 5738 honestis
745 5683 1037 5738 institutis;
1066 5680 1158 5753 sed
1189 5695 1377 5753 omnes
1419 5694 1565 5753 mss._
1588 5687 1643 5732 et

101 5747 340 5808 Ba’banus
386 5767 444 5807 ιιι
485 5757 534 5808 iu
567 5767 736 5808 textu.
791 5753 1065 5815 Fortasse.
1095 5750 1401 5820 legendum,
1444 5761 1493 5804 et
1545 5751 1646 5805 ho-

319 5851 586 5912 ΡΑτιιοι..
627 5851 744 5911 Gn.
793 5846 969 5911 XIV.

1623 4582 1662 4613 ¹¹
1697 4580 1826 4634 ibid.
1871 4581 1903 4632 9
1962 4587 2016 4631 et
2061 4577 2148 4631 i0.

1161 4653 1204 4684 “
1230 4651 1418 4704 Matth.
1457 4669 1592 4714 xxu,
1621 4653 1713 4706 Ἡ.

2251 4575 2292 4605 ¹¹
2330 4574 2516 4632 Jacob.
2555 4593 2592 4639 I,
2645 4577 2732 4630 17.

2276 4646 2319 4676 ιθ
2346 4648 2499 4701 Rom.
2548 4663 2666 4712 sui,
2699 4649 2748 4700 1.

2843 4575 2933 4630 ¹³Ι
2995 4576 3121 4631 Cor.
3155 4589 3199 4642 ι,
3241 4580 3333 4638 3i.

1794 4651 1834 4682 ¹⁷
1868 4653 1988 4704 Act.
2026 4664 2107 4711 ιιι,
2141 4647 2194 4700 6.
2276 4647 2499 4701 1“Rom.
2548 4663 2666 4711 sui,
2699 4649 2748 4700 1.
2829 4647 2871 4677 ”
2904 4647 3033 4701 ibid.

1752 4778 1892 4820 neste
1920 4766 2170 4820 instituti.

1826 4836 1937 4907 (9|)
1992 4837 2158 4896 Editi,
2207 4835 2476 4907 videamus
2529 4850 2651 4907 ergo
2700 4851 2836 4907 nunc
2871 4836 2997 4907 quid
3056 4836 3110 4888 in
3157 4853 3334 4891 conse-

1750 4902 2028 4972 quentibus
2060 4907 2197 4958 dicat
2237 4904 2538 4971 Apostolus.
2568 4902 2754 4956 Omnis
2792 4902 3064 4959 anima....
3117 4907 3332 4960 subdita

1753 4979 1839 5031 sit.
1881 4974 2098 5029 Videtur
2122 4973 2248 5027 mihi
2278 4977 2332 5026 in
2360 4973 2456 5026 hoc
2478 4973 2630 5026 valde
2672 4973 3038 5038 laudabiliter,
3073 4985 3178 5029 etc.
3220 4976 3328 5030 Sed

1753 5062 1941 5100 omnes
1987 5061 2116 5098 mss.
2164 5046 2333 5098 nostri
2377 5052 2432 5097 et
2470 5043 2725 5096 Rabanus
2771 5054 2829 5096 ut
2876 5045 2930 5097 in
2983 5053 3168 5109 textu,
3227 5047 3328 5100 nisi

1752 5116 1892 5186 quod
1933 5115 2184 5180 habeant,
2228 5113 2445 5186 Videtur
2473 5113 2602 5166 mihi
2638 5115 2696 5186 in
2731 5113 2828 5166 hoc
2875 5131 2989 5186 non
3018 5114 3165 5168 valde
3210 5115 3328 5168 lau-

1752 5183 2018 5245 dabiliter,
2045 5194 2187 5240 etc.:
2220 5185 2311 5240 sed
2337 5200 2442 5238 vox
2472 5200 2574 5236 non
2607 5183 2909 5238 redundare
2943 5184 3180 5237 videtur.

1825 5255 1936 5326 (92)
1976 5255 2140 5320 Editi,
2165 5259 2217 5308 in
2256 5253 2522 5326 aliquibus
2558 5252 2787 5326 alligata
2830 5256 3071 5326 negotiis.
3105 5251 3325 5309 Rectius

1752 5322 1856 5382 ms.
1899 5322 2099 5395 Regius
2147 5341 2295 5378 mtm.
2331 5322 2490 5390 1639,
2518 5325 2568 5395 ei
2615 5323 2796 5395 aliquo
2826 5323 3050 5395 alligata
3096 5328 3324 5390 negotio.

1751 5397 1944 5453 Czeteri
1981 5393 2111 5464 mss.
2134 5404 2188 5448 et
2214 5395 2488 5456 Rabanus,
2509 5393 2565 5446 in
2594 5394 2773 5464 aliqua
2797 5393 3017 5461 alligata
3046 5395 3286 5464 negotiis.

1823 5467 1934 5538 (9'5)
1968 5463 2209 5538 Negotii.
2239 5464 2519 5538 Omittitur
2555 5465 2608 5516 in
2664 5463 2838 5538 ed_itis_
2866 5474 2921 5517 et
2966 5465 3017 5518 in
3050 5463 3326 5538 plerisque

1752 5533 2024 5601 ms's.,sed
2060 5533 2390 5592 restituitur
2436 5548 2506 5588 ex
2558 5548 2661 5588 ms.
2694 5533 2878 5604 Regio
2913 5549 3062 5589 num.
3101 5533 3238 5589 1659
3268 5547 3325 5591 et

1752 5607 1999 5662 Rabauo.
2027 5604 2040 5613 ⁸

1823 5675 1934 5749 (9i)
1968 5673 2147 5740 Enim,
2181 5675 2369 5746 inquit.
2406 5672 2535 5730 Hinc
2559 5674 2724 5731 verba
2753 5673 2948 5730 desunt
2974 5674 3029 5730 in
3066 5674 3252 5732 editis.

2944 5839 3024 5902 39
