3744 6146
443 255 580 311 Η.ιὸ

441 389 567 449 gat;
606 378 730 448 quia
767 378 959 434 horum
986 381 1225 436 omnium
1253 382 1482 454 gratiam
1505 397 1611 438 non
1648 384 1873 453 accepit.
1901 383 2007 438 Sed

440 476 507 525 ad
538 472 653 525 hmc
699 472 943 527 dicemus
976 491 989 527 :
1038 472 1190 527 Sicut
1221 484 1304 529 est
1334 476 1465 530 tldes
1508 491 1670 545 quam
1720 476 2011 530 docuimus

441 574 563 616 esse
595 562 645 615 in
679 563 851 629 nobis,
883 573 938 618 et
975 579 1163 619 rursus
1202 575 1286 619 est
1325 568 1455 621 tides
1482 582 1602 637 qua:
1633 583 1728 637 per
1778 570 2010 637 gratiam

445 654 617 712 datur.
651 654 791 708 sicut
818 671 977 721 supra
1001 655 1236 711 diximus
1265 659 1521 726 scriptum
1563 675 1683 713 esse
1707 678 1719 713 :
1747 661 1850 712 Alii
1881 660 2013 728 ﬁdes

443 747 501 799 in
524 746 705 799 eodem
733 744 932 813 Spiritu
954 746 1039 804 “z
1077 750 1149 802 ita
1182 749 1342 802 etiam
1378 750 1428 802 in
1466 766 1789 819 unoquoque
1821 751 2011 803 horum

445 854 566 907 qum
597 855 755 907 supra
788 840 1228 894 enumeravimus
1258 857 1287 895 a
1324 844 1432 897 Deo
1483 859 1579 912 per
1605 843 1836 913 gratiam
1872 842 2014 904 dari,

445 941 532 985 est
564 931 677 1000 (25)
711 941 767 987 et
800 934 851 987 in
885 934 1042 988 nobis
1080 934 1303 1002 aliquid,
1356 936 1420 990 ad
1455 936 1612 1005 cujus
1642 936 2016 1004 unusquisque

445 1040 756 1080 mensuram
801 1026 882 1080 vel
918 1028 1179 1082 rationem
1222 1030 1450 1099 gratiam
1505 1040 1872 1100 promeretur.
1908 1028 2014 1084 Ne—

447 1132 553 1187 que
581 1119 724 1171 enim
759 1118 826 1172 de
860 1118 973 1172 sola
1018 1121 1278 1187 sapientia
1311 1121 1681 1191 accipiendum
1717 1122 1843 1175 illud
1874 1122 2015 1189 quod

447 1211 709 1280 scriptum
744 1220 847 1272 est,
884 1212 1009 1277 quia
1042 1212 1139 1265 etsi
1185 1214 1250 1265 sit
1282 1212 1395 1282 (‘24)
1431 1213 1624 1283 aliquis
1667 1214 1928 1281 perfectus
1961 1215 2017 1266 in

444 1300 574 1369 ﬁliis
602 1303 892 1367 hominum,
920 1305 967 1357 si
1019 1305 1148 1355 desit
1174 1304 1223 1356 ei
1270 1305 1527 1373 sapientia
1565 1321 1682 1375 qua:
1717 1322 1782 1359 ea:
1820 1316 1869 1359 te
1919 1315 2016 1368 est,

449 1390 519 1442 ad
562 1392 786 1445 nihilum
848 1393 1171 1461 reputabitur
1213 1393 1281 1449 ⁸⁵.
1341 1394 1536 1447 Eodem
1585 1410 1817 1465 namque
1862 1396 2019 1449 modo

450 1497 736 1548 possumus
787 1486 969 1539 dit-ere
1003 1503 1016 1537 :
1049 1484 1270 1540 Etiamsi
1311 1487 1382 1540 sit
1431 1487 1625 1556 aliquis
1665 1489 1933 1558 pellectus
1964 1490 2017 1543 iu

450 1580 558 1629 Ιίιιι)
586 1578 698 1648 (25)
732 1578 784 1631 in
817 1579 939 1632 [iliis
977 1580 1279 1646 hominmu,
1311 1582 1354 1637 si
1386 1583 1527 1637 desit
1558 1583 1607 1637 ei
1642 1584 1776 1637 lides
1808 1598 1928 1652 quae
1952 1598 2019 1636 ex

451 1678 539 1721 tua
590 1671 763 1739 gratia
836 1681 941 1736 est,
1006 1673 1057 1726 in
1114 1675 1340 1729 nihilum
1394 1674 1748 1742 reputabitur.
1798 1674 1871 1728 Ita
1919 1676 2018 1727 etsi

448 1758 722 1828 perlectus
759 1761 828 1813 sit
860 1762 980 1830 quis
1022 1763 1073 1817 in
1120 1765 1448 1827 ministerio,
1496 1765 1540 1818 si
1575 1765 1712 1819 desit
1760 1764 1867 1817 eia
1917 1764 2024 1818 Deo

454 1852 737 1906 ministerii
789 1854 985 1921 gratia,
1020 1856 1071 1908 in
1122 1856 1348 1909 nihilum
1393 1857 1732 1926 reputabitur
1763 1855 1896 1928 (‘26).
1947 1856 2021 1909 Ita

451 1946 549 1997 etsi
583 1944 853 2014 perlecms
896 1947 965 1999 sit
1000 1946 1052 1999 in
1102 1946 1350 2000 doctrina
1403 1948 1547 2017 quis,
1598 1958 1652 2001 et
1682 1948 1823 2001 desit
1856 1947 1903 2000 ei
1929 1948 2026 2001 do-

452 2038 640 2091 etrinm
667 2040 838 2107 gratia
876 2039 987 2108 (‘27)
1030 2054 1151 2108 qua:
1183 2054 1247 2094 ex
1279 2039 1387 2093 Deo
1432 2049 1534 2106 est,
1573 2041 1624 2093 in
1667 2040 1896 2093 nihilum
1936 2055 2023 2092 re—

455 2130 750 2198 putabitur.
797 2130 863 2184 Et
898 2131 972 2183 ita
1011 2133 1062 2184 in
1111 2131 1367 2185 omnibus
1415 2131 1502 2186 his
1548 2147 1668 2201 quae
1707 2141 2024 2186 enumerata

456 2229 603 2282 sunt,
653 2230 734 2275 est
766 2223 1013 2289 quaedam
1064 2221 1323 2291 perl‘eCtio
1371 2229 1510 2277 inter
1562 2223 1701 2277 lilios
1747 2224 2024 2277 hominum

458 2326 619 2376 quam
657 2312 842 2369 labore
872 2322 924 2367 et
962 2315 1155 2368 studiis
1201 2314 1438 2384 propriis
1471 2326 1859 2384 assequuntur,
1914 2316 2030 2369 sive

460 2399 512 2452 in
542 2402 831 2469 sapientia,
857 2402 971 2456 sive
1000 2404 1054 2455 in
1088 2404 1364 2468 doctrina,
1412 2403 1527 2458 sive
1554 2404 1607 2457 in
1643 2404 1765 2458 aliis
1792 2402 1982 2460 olIiciis
2012 2425 2024 2459 :

460 2508 579 2559 qua:
612 2502 789 2548 tamen
821 2494 865 2548 si
916 2509 1019 2547 non
1052 2495 1286 2548 habeant
1325 2510 1355 2548 a
1407 2494 1519 2548 Deo
1567 2495 1796 2565 gratiam
1825 2495 2029 2562 datam,

460 2584 593 2637 nihil
650 2595 812 2637 erunt
841 2603 852 2638 :
883 2586 1007 2655 quia
1060 2586 1104 2639 si
1144 2587 1284 2640 desit
1328 2588 1408 2641 eis
1442 2588 1615 2653 gratia
1645 2586 1901 2656 Spiritus.
1933 2602 2032 2642 nec

461 2679 706 2731 membra
733 2693 853 2733 esse
894 2679 1098 2732 Cbrisri
1129 2680 1374 2748 corporis
1422 2691 1665 2749 possunt.
1704 2679 1809 2735 Sed
1853 2681 1906 2733 in
1948 2680 2033 2735 his

463 2772 725 2838 quarritur
749 2771 791 2824 si
827 2780 1004 2838 potest
1024 2786 1147 2828 esse
1193 2774 1369 2841 aliqua
1401 2772 1452 2825 in
1484 2773 1642 2827 nobis
1672 2772 1753 2826 vel
1787 2787 1851 2827 ex
1879 2773 2035 2827 nobis

461 2863 760 2932 prophetia:
787 2864 1013 2934 species,
1050 2880 1169 2932 qua:
1202 2880 1306 2918 non
1350 2875 1517 2917 totum
1551 2856 1745 2919 babe’at
1782 2881 1847 2920 ex
1901 2865 2031 2926 Deo,

464 2956 558 3008 sed
614 2954 1007 3024 aliquantulum
1058 2956 1218 3010 etiam
1270 2955 1381 3025 (‘28)
1425 2972 1490 3009 ex
1544 2955 1798 3009 humanis
1844 2956 2035 3011 studiis

462 3047 667 3114 capiat.
723 3045 834 3101 Hoc
882 3049 1099 3117 quidem
1150 3048 1290 3117 apud
1334 3059 1561 3102 emteros
1593 3047 1746 3100 valde
1780 3042 2035 3115 impossi-

462 3136 573 3191 bile
599 3139 899 3205 videbitur;
944 3141 1084 3210 apud
1125 3140 1345 3194 Paulum
1393 3149 1570 3193 tamen
1604 3140 1883 3195 evidenter
1909 3154 2032 3207 pro-

463 3227 624 3282 batur
657 3232 923 3286 dicentem
960 3249 974 3286 :
1004 3231 1359 3285 zEmulamiui
1402 3242 1575 3284 autem
1604 3231 1755 3284 ’ἄοικα
1801 3229 2026 3299 majora,

465 3320 634 3387 magis
662 3332 836 3374 autent
868 3332 922 3374 ut
967 3324 1277 3388 prophetetis
1307 3323 1371 3374 “.
1399 3321 1455 3376 ln
1499 3338 1605 3391 quo
1630 3323 1774 3377 sicut
1806 3321 2032 3377 aemula-

467 3419 557 3463 tur
584 3414 705 3481 quis
756 3414 1114 3470 ministerium
1144 3414 1276 3486 (29),
1312 3425 1364 3469 et
1394 3415 1717 3481 doctrinam,
1750 3424 1803 3467 et
1832 3415 2028 3468 exhor-

470 3502 747 3571 tationem,
768 3514 822 3559 et
847 3518 1065 3569 cetera,
1093 3522 1188 3575 per
1217 3507 1316 3560 hoc
1342 3507 1484 3573 quod
1510 3505 1732 3559 adhibet
1763 3520 1889 3573 erga
1922 3505 2034 3558 luec

469 3595 707 3648 studium
756 3611 819 3651 ac
860 3596 1127 3660 laborem,
1162 3598 1235 3652 ita
1266 3608 1319 3652 et
1360 3614 1487 3667 erga
1540 3598 1883 3667 prophetiam
1921 3596 2033 3649 ﬁeri

471 3686 667 3741 debere
707 3690 944 3743 ostendit
973 3690 1285 3759 Apostolus.
1312 3689 1488 3745 .Unde
1518 3689 1797 3758 prophetia
1832 3686 2041 3743 .intelli-

543 3798 624 3852 ,η
651 3800 775 3871 ϐω.
801 3816 898 3865 κη’
935 3801 989 3854 9.
1066 3802 1111 3835 ιιι
1145 3803 1273 3871 sap.
1300 3818 1373 3865 rx,
1402 3800 1456 3856 6.
1532 3802 1577 3833 “
1607 3803 1624 3855 l
1650 3800 1775 3857 Cor.
1807 3817 1903 3861 xu.
1934 3802 2031 3867 δίς

472 3883 507 3923 1:
532 3883 585 3929 ι’.
644 3869 731 3933 ⁸24,
767 3872 856 3925 25.
966 3872 1012 3903 ⁵⁰
1045 3872 1060 3925 l
1094 3869 1310 3936 Cor.'tt,
1347 3872 1434 3927 10.
1510 3873 1553 3904 ⁵¹
1584 3873 1744 3926 Hebr.
1777 3888 1850 3939 Iv,
1886 3871 1971 3925 12.

547 3961 657 4027 (25)
693 3961 782 4014 Sic
807 3978 906 4016 ms.
948 3961 1144 4030 Regius
1172 3980 1318 4016 llllm.
1362 3963 1519 4018 1639.
1557 3963 1810 4017 Rahaaus
1839 3973 1893 4017 et
1920 3963 2036 4015 edi-

476 4031 540 4090 ti.
567 4032 656 4101 qui
700 4032 832 4085 editi
877 4033 1212 4085 solummodo
1244 4049 1526 4101 perperam
1570 4034 1765 4086 habent
1814 4035 1911 4085 erit
1942 4047 2039 4099 pro

475 4110 572 4153 est.
608 4099 730 4155 Mss.
769 4116 896 4154 vero
919 4106 1022 4153 duo
1051 4101 1199 4168 Regii
1231 4099 1451 4160 habent.
1482 4115 1556 4156 est
1587 4113 1635 4157 et
1670 4104 1724 4154 iu
1758 4103 1903 4155 trabis
1934 4102 2037 4154 ali-

476 4170 602 4243 quid
648 4174 716 4222 ad
751 4171 900 4239 cujus
943 4174 1184 4243 meritum
1230 4174 1582 4243 unusquisque
1617 4187 1915 4225 mensuram
1958 4171 2038 4226 vel

480 4241 734 4312 rationem
761 4244 944 4308 gratia:
970 4241 1083 4309 (aL.
1114 4243 1361 4312 gratiam)
1390 4241 1730 4305 promeretur.

553 4311 662 4378 (2i)
695 4308 858 4371 Editi,
889 4308 1010 4379 quia
1037 4314 1081 4365 si
1108 4308 1196 4367 iit.
1226 4308 1562 4370 etc.'Deinde
1597 4313 1757 4367 iidem
1800 4310 1954 4375 editi,
1987 4318 2042 4365 et

483 4398 613 4451 mss.
647 4381 753 4451 duo
787 4380 884 4444 bis,
912 4398 1028 4449 qua:
1058 4399 1121 4435 ea:
1150 4382 1252 4435 Deo
1276 4396 1372 4436 est.
1405 4386 1509 4436 Sed
1544 4401 1642 4438 IIIS.
1676 4381 1868 4451 Regius
1892 4397 2038 4434 nuru.

485 4448 625 4503 1659
654 4460 708 4504 et
738 4448 1007 4515 Rabauns,
1037 4470 1152 4522 qua:
1180 4469 1245 4507 ea:
1280 4463 1328 4506 te
1364 4462 1461 4517 est,
1490 4454 1705 4507 sicutet
1735 4448 1897 4516 intra,
1931 4468 2047 4522 qua?

482 4536 551 4573 ea:
583 4533 673 4570 tua
704 4523 877 4583 gratia
904 4533 997 4575 est.

557 4590 669 4662 (2A5)
697 4576 909 4662 infide.
950 4592 1072 4646 llzec
1104 4592 1209 4646 duo
1252 4593 1413 4648 verba
1447 4593 1826 4648 desiderantur
1864 4590 1915 4662 in
1945 4591 2053 4662 edi-

484 4658 575 4715 tis;
615 4660 708 4713 Ms.
744 4658 942 4729 Regius
966 4678 1116 4716 num.
1154 4662 1310 4721 1659.
1337 4664 1393 4715 iu
1421 4663 1522 4728 ﬁde
1550 4675 1597 4717 et
1651 4665 1707 4716 in
1734 4661 1860 4730 ﬁliis
1887 4660 2055 4712 homi-

486 4747 645 4790 num;
676 4732 767 4782 sed
801 4734 981 4785 caeteri
1022 4749 1148 4786 mss.
1179 4746 1232 4785 et
1266 4733 1521 4787 R-tbanus
1553 4746 1610 4786 ut
1646 4735 1697 4787 in
1742 4742 1909 4784 textu.

557 4798 863 4873 (26)rlta_et
900 4804 944 4854 si
989 4803 1248 4871 perfecms
1296 4804 1360 4856 sit
1406 4803 1522 4873 quis
1571 4805 1625 4855 in
1663 4798 2055 4873 ministerio,_si

484 4871 685 4941 «lusitei
719 4887 750 4921 a
778 4869 886 4923 Deo
918 4869 1189 4925 tumis-terti
1216 4869 1496 4941 gratia,'in
1525 4873 1743 4925 nihilum
1785 4869 2055 4937 reputabi-

486 4951 609 5060 tur.t
631 4939 754 4993 Itan:
785 4955 884 4994 nec
917 4942 968 4994 in
997 4943 1178 5007 editis,
1218 4939 1335 4997 'nec
1364 4946 1501 5013 apud
1533 4944 1813 4998 Rabanum
1841 4952 2058 5009 compa-

488 5025 581 5060 ren
615 5047 630 5060 .

488 5025 630 5062 ιέιιι.

560 5073 675 5152 (27)
712 5078 874 5152 Editi,
911 5080 1151 5152 doctrina
1176 5083 1382 5152 gratiae.
1423 5083 1578 5137 male.

564 5150 676 5218 (‘28)
714 5148 912 5202 Etiam.
948 5148 1390 5206 Praeteriitittitur
1422 5154 1473 5206 in
1501 5153 1679 5208 editis.

530 5290 543 5302 .
568 5219 678 5289 (29)
717 5218 865 5302 ‘Editi
892 5258 908 5284 ,
971 5220 1025 5272 iu
1065 5237 1166 5291 quo
1231 5224 1347 5292 quis
1392 5224 1676 5277 tentulatur
1712 5222 1767 5275 in
1818 5220 2059 5275 ministe-

494 5298 888 5431 "ué'tiflsi'uu,
917 5360 1201 5413 secundum
1231 5362 1367 5429 quod
1395 5363 1449 5415 in
1482 5362 1764 5431 Evangelia
1806 5363 2060 5428 scriptum

495 5442 576 5486 est
604 5447 616 5482 :
642 5429 751 5482 Lex
774 5442 820 5482 et
849 5428 1123 5496 Propheta:
1146 5428 1303 5499 usque
1329 5437 1396 5484 ad
1418 5428 1697 5487 Joannem.
1727 5432 1851 5486 llaec
1875 5435 1926 5486 in
1950 5434 2063 5485 edi-

498 5504 571 5554 tis
603 5500 800 5555 frustra
846 5501 1113 5569 requiras,
1154 5504 1247 5556 sed
1293 5504 1651 5557 restituuntur
1695 5518 1763 5557 ex
1809 5502 2063 5557 onmibus

501 5586 631 5626 mss.
667 5582 720 5623 et
745 5570 985 5625 Rabano.

576 5640 687 5710 (51)
722 5641 891 5704 Editi,
925 5642 1015 5695 sed
1055 5640 1223 5711 illam,
1261 5652 1369 5701 etc.
1418 5642 1621 5700 Omnes
1672 5657 1803 5700 vero
1848 5656 1983 5700 mss.
2009 5648 2062 5699 et

505 5712 779 5773 Rabanns.
802 5713 891 5767 sed
913 5713 1026 5780 illa,
1060 5722 1165 5769 etc.
1794 5719 1801 5726 ‘

1879 261 2037 317 ORIG
2046 261 2199 317 ENIS

2060 3096 2103 3155 C

3614 26 3621 221 ἱ

3498 273 3589 333 uti
3620 230 3625 329 ἶ

2041 394 2081 446 Λ
2113 384 2284 451 genda
2311 395 2394 439 est
2413 384 2528 440 haec
2551 401 2711 454 quam
2739 387 2897 442 docet
2923 386 3227 456 Apostolus,
3254 405 3350 442 non
3375 389 3492 444 illam
3511 410 3595 449 esse
3624 364 3627 413 i

2119 490 2213 543 per
2252 490 2411 543 quam
2460 475 2657 529 dicitur
2694 492 2707 527 :
2758 476 2887 531 Ha'c
2930 479 3055 532 dicit
3094 478 3373 544 Dominus;
3398 481 3469 535 illa
3492 493 3598 540 enim
3630 496 3631 501 ‘

2121 581 2292 634 usque
2323 568 2387 619 ad
2416 564 2682 620 Joannem
2706 569 2877 629 stetit,
2908 570 3201 623 secundum
3236 573 3369 639 quod
3409 572 3452 625 in
3475 575 3603 629 Evan.

2119 630 2259 728 gelio
2313 661 2572 726 scriptum
2626 667 2711 714 est
2733 660 2776 691 "
2809 676 2822 711 :
2861 658 2973 743 Leu.-
3023 671 3070 713 et
3110 630 3380 730 Propheta
3405 680 3530 733 usque
3558 670 3605 721 ad
3634 696 3637 743 1

2120 748 2379 802 Joannem
2411 748 2523 819 (50)
2552 764 2566 799 :
2606 751 2700 804 sed
2746 750 2890 803 illam
2922 740 3034 820 (51)
3063 750 3128 803 de
3154 766 3259 818 qua
3290 752 3416 805 idem
3437 755 3609 821 Aposto-
3636 764 3641 883 k

2122 840 2203 883 Ιιις
2232 842 2300 883 sail
2329 841 2374 873 ιδ
2399 860 2411 871 ·
2448 841 2551 883 Π)ιὶ
2579 843 2848 883 ηνηηΙιρΙηΙ
2898 845 3191 883 hamis-illuc
3221 843 3436 883 Innuilur
3456 846 3543 883 [ἴθι
3565 852 3611 883 nl

2122 840 2203 894 lus
2231 842 2303 893 ait
2329 841 2374 873 ⁸⁸
2399 860 2411 894 :
2448 841 2551 906 Qui
2575 843 2868 910 prophetat,
2896 845 3191 897 hominibus
3221 843 3436 910 loquitur
3456 846 3543 912 (5'2)
3564 852 3611 901 ad
3638 840 3643 941 ξ

2122 933 2547 1000 ludiﬁcationem,
2581 946 2627 988 et
2674 937 3113 998 exhortationem,
3151 947 3201 989 et
3252 933 3643 993 consolationem?

2122 964 2547 1000 (CUIIIDHSIUHCUI,
2581 964 2627 988 σι
2674 964 3113 998 τιιηυιιαιιυιιευι,
3151 964 3198 989 ει
3252 964 3611 993 υυιωυιαιιυιιειιι.

2122 1024 2409 1093 Prophetia
2442 1041 2572 1095 ergo
2618 1026 2816 1081 dicitur
2842 1026 2980 1095 apud
3036 1018 3261 1080 Paulum
3296 1043 3409 1081 cum
3444 1029 3541 1098 quis
3560 964 3647 1085 lo-i

2123 1118 2309 1186 quitur
2354 1117 2666 1171 hominibus
2696 1120 2761 1172 ad
2791 1117 3230 1183 aediﬁcationem,
3266 1130 3319 1172 et
3360 1096 3473 1173 cuni
3494 1120 3620 1189 loqui-
3648 1096 3651 1183 ξ

2123 1221 2212 1264 tur
2264 1210 2331 1262 ad
2371 1209 2807 1264 exhortationem
2852 1220 2902 1265 et
2945 1211 3398 1270 consolationem;
3452 1221 3498 1264 et
3536 1214 3653 1269 iliCO‘

2126 1303 2384 1357 adhibere
2422 1302 2661 1356 studium
2702 1303 2768 1356 ad
2818 1302 3192 1372 hujuscemodi
3242 1302 3403 1373 650
3447 1296 3655 1373 proplte-l

2129 1396 2254 1450 tiam
2284 1396 2539 1463 possibile
2568 1396 2725 1450 nobis
2757 1406 2862 1461 est,
2891 1406 2949 1451 et
2980 1405 3065 1450 est
3105 1399 3158 1450 in
3208 1392 3386 1449 nostra
3417 1408 3625 1467 potestate

2128 1498 2185 1541 ut
2220 1488 2373 1542 nobis
2409 1488 2459 1541 io
2492 1489 2605 1542 haec
2630 1503 2846 1557 operam
2891 1488 3163 1559 dantibus,
3193 1488 3240 1541 si
3284 1492 3542 1543 secundum
3568 1508 3626 1544 ra-

2130 1581 2326 1633 tionem
2356 1583 2439 1635 vel
2468 1596 2777 1635 mensuram
2807 1580 2927 1636 ﬁdei
2961 1582 3074 1636 haec
3100 1582 3347 1645 facimus,
3373 1582 3568 1635 addatur
3590 1592 3629 1637 rt

2128 1674 2214 1729 illa
2244 1690 2364 1744 qua:
2394 1690 2457 1728 ex
2493 1674 2601 1729 Deo
2641 1685 2725 1729 est
2755 1674 3034 1744 prephetia
3081 1672 3220 1745 (55).
3265 1673 3355 1727 Est
3386 1684 3542 1727 autem
3565 1689 3628 1727 sc-

2056 1750 2097 1804 Β
2125 1768 2356 1819 cundum
2397 1766 2711 1833 Apostolum
2760 1768 2923 1819 etiam
2972 1766 3075 1817 alia
3119 1765 3333 1832 species
3371 1766 3629 1833 prephetia,

2125 1858 2192 1909 de
2220 1870 2324 1925 qna
2361 1856 2492 1909 dicit
2517 1856 2563 1887 “
2598 1872 2610 1906 :
2648 1856 2708 1909 Si
2759 1871 2879 1910 vero
2932 1855 3270 1923 praphetetis,
3335 1856 3479 1908 intret
3504 1869 3633 1909 autem

2122 1945 2239 2015 quis
2271 1943 2520 2011 inﬁdelis,
2548 1944 2622 1996 vel
2650 1944 2838 2007 idiota,
2868 1944 3119 2012 arguitur
3145 1944 3211 1995 ab
3260 1943 3634 2012 omnibus,judi-

2125 2048 2277 2090 catur
2309 2039 2373 2089 ab
2394 2039 2655 2099 omnibus,
2680 2038 2884 2090 occulta
2924 2051 3124 2105 quoque
3155 2037 3331 2089 cordis
3371 2035 3476 2105 ejus
3509 2039 3636 2089 mani-

2126 2130 2264 2199 festa
2292 2130 2426 2199 ﬁunt
2462 2130 2595 2200 ('54).
2623 2144 2669 2183 et
2699 2142 2821 2183 tunc
2849 2132 3038 2185 cadens
3073 2135 3127 2186 ir:
3169 2132 3360 2199 [aciem
3389 2131 3638 2198 pronuntia-

2126 2225 2198 2277 bit
2242 2225 2366 2293 quia
2407 2239 2521 2276 vere
2562 2221 2703 2278 Deus
2750 2224 2802 2275 in
2853 2224 2995 2277 vobis
3041 2232 3119 2277 est
3166 2221 3304 2293 (55).
3356 2222 3496 2276 Sicut
3533 2222 3640 2275 enim

2128 2314 2360 2381 Spiritus
2392 2314 2482 2366 Dei
2528 2315 2704 2367 omnia
2748 2324 3016 2389 scrutatur
3036 2313 3106 2378 '°,
3138 2313 3209 2366 ita
3257 2323 3316 2367 et
3358 2310 3641 2366 verbnntDei

2128 2406 2309 2459 omnia
2360 2406 2521 2459 etiam
2578 2420 2697 2474 quae
2730 2405 2780 2457 in
2829 2404 3040 2459 occulto
3093 2413 3218 2458 sunt
3280 2412 3641 2473 perscrutatur:

2130 2499 2363 2551 maxime
2392 2513 2512 2551 cum
2550 2498 2759 2550 verbum
2798 2497 2975 2550 vivens
3002 2497 3093 2560 sit,
3126 2505 3174 2548 et
3210 2495 3415 2565 eﬂicaz,
3457 2504 3500 2546 et
3529 2506 3643 2557 pene-

2130 2588 2369 2640 trabilius
2390 2588 2531 2640 omni
2552 2587 2728 2657 gladio
2757 2589 3000 2657 utrinque
3026 2597 3203 2647 acuto,
3229 2590 3503 2655 penetrans
3525 2598 3645 2651 usque

2130 2680 2198 2733 ad
2230 2680 2537 2733 divisionem
2571 2681 2765 2733 animo:
2798 2691 2843 2732 et
2879 2679 3116 2747 spiritus,
3158 2692 3465 2746 compagum
3491 2690 3647 2745 quoque

2132 2789 2192 2825 ac
2224 2771 2573 2825 medullarum
2605 2770 2676 2823 ⁸³.
2707 2770 2917 2824 Etenim
2955 2785 3077 2823 cum
3111 2768 3338 2823 moralis
3364 2766 3416 2820 in
3460 2764 3648 2820 Ecclesia

2134 2878 2312 2919 St‘l'lllO
2337 2872 2598 2918 tractatur
2628 2861 2762 2933 (56),
2796 2873 2921 2915 tunc
2960 2861 3392 2929 uniuscujusque
3437 2859 3561 2912 intra
3592 2871 3652 2910 se-

2135 2957 2421 3023 metipsmn
2478 2954 2811 3009 conscientia
2875 2951 3202 3015 stimulatur,
3259 2948 3654 3021 recognoscentis

2136 3064 2200 3103 ex
2243 3050 2325 3104 his
2360 3064 2479 3117 quas
2522 3050 2775 3103 dicuntur
2817 3049 3032 3116 propria
3061 3055 3308 3114 peccata,
3337 3054 3392 3098 et
3417 3041 3657 3097 recordan-

2140 3144 2208 3196 tis
2236 3143 2281 3196 si
2338 3140 2441 3212 qua
2489 3141 2628 3196 forte
2670 3145 2720 3194 in
2777 3140 2988 3193 occulto
3020 3139 3382 3193 commiserit.
3432 3136 3657 3191 Interdum

2138 3241 2315 3287 autem
2353 3244 2406 3287 et
2449 3234 2733 3287 aestimatio
2763 3223 2875 3303 ipsa
2906 3231 3271 3299 prudentium,
3318 3229 3402 3285 vel
3438 3245 3499 3283 ex
3526 3227 3659 3289 vultu,

2140 3323 2220 3376 vel
2270 3340 2335 3377 ex
2369 3324 2627 3388 moribus,
2680 3324 2763 3377 vel
2815 3338 2881 3377 ex
2920 3331 3066 3375 motu
3112 3319 3533 3389 uniuscujusque
3560 3333 3662 3373 con-

2141 3416 2422 3468 scientiam
2459 3413 2570 3485 (57)
2600 3414 2966 3484 colligentium
2987 3453 3001 3477 ,
3038 3412 3339 3482 prophetia:
3367 3412 3582 3481 Speciem
3608 3420 3666 3462 te-

2142 3517 2251 3562 net.
2286 3506 2407 3561 llaec
2439 3507 2592 3562 nobis
2621 3509 2687 3559 de
2714 3507 3008 3577 prophetia:
3038 3504 3210 3575 gratia
3244 3505 3392 3559 dicta
3421 3506 3539 3558 sint.
3570 3503 3666 3557 Post

2145 3599 2257 3652 haec
2306 3599 2551 3667 sequitur
2590 3614 2603 3651 :
2651 3598 2770 3653 Sive
2826 3597 3170 3651 ministerium
3232 3597 3287 3649 in
3337 3595 3666 3650 ministrando.

2146 3687 2441 3743 Possumus
2480 3690 2594 3744 haec
2635 3689 2819 3742 omnia
2853 3689 2919 3742 ad
2976 3689 3117 3744 illam
3161 3688 3409 3759 regulam
3454 3697 3670 3763 revocare

2368 3802 2410 3833 ‘7
2441 3801 2572 3859 Luc.
2601 3817 2713 3867 xvi,
2750 3799 2839 3857 l6.
2911 3800 2956 3833 ⁸⁸
2982 3802 2998 3857 Ι
3024 3803 3150 3857 Cor.
3180 3817 3291 3869 xiv,
3344 3802 3399 3857 5.
3473 3797 3669 3855 “lCor.

2070 3817 2177 3870 xw,
2208 3804 2261 3858 1.

2219 3960 2330 4030 (32)
2370 3960 2533 4024 Editi,
2577 3958 2814 4030 omnibus
2850 3958 3101 4030 loquitur,
3148 3969 3254 4014 etc.
3292 3958 3498 4014 Deinde
3527 3954 3674 4030 :P_ro-

2144 4027 2315 4100 phetia
2338 4044 2535 4094 autem,
2564 4041 2670 4083 etc.
2715 4029 2812 4083 Ms.
2858 4027 3055 4097 Regius
3100 4045 3245 4083 num.
3288 4030 3454 4092 1659,
3481 4027 3673 4100 homini-

2145 4095 2240 4154 lms
2273 4101 2508 4168 loquitur
2540 4095 2970 4169 ludiﬁcationem,
3003 4111 3049 4152 et
3081 4100 3515 4154 consolationem.
3568 4095 3668 4169 Pro-

2141 4172 2319 4239 phetia
2338 4166 2485 4240 ergo,
2516 4180 2623 4225 etc.
2646 4166 2777 4225 Sed
2822 4171 3003 4225 caeteri
3036 4185 3165 4224 mss.
3196 4181 3249 4224 et
3280 4169 3533 4224 Rabanus
3563 4176 3615 4220 ιιι
3635 4166 3675 4219 in

2145 4250 2314 4294 textu.

2213 4309 2330 4381 (55)
2360 4308 2453 4364 Sic
2485 4325 2587 4364 ms.
2622 4308 2825 4375 Regius
2858 4324 3006 4363 num.
3035 4306 3172 4362 1659
3201 4320 3253 4361 et
3286 4308 3560 4381 Rabanus.
3581 4302 3679 4358 ΕιΙὶ-

2151 4381 2186 4433 ti
2222 4376 2371 4443 vero,
2404 4390 2453 4432 et
2495 4382 2547 4433 in
2576 4393 2753 4432 nostra
2786 4390 3057 4449 potestate,
3098 4388 3155 4429 ut
3185 4380 3333 4432 nobis
3358 4380 3413 4431 iu
3445 4376 3536 4450 Dei
3552 4387 3681 4450 opere

2149 4452 2462 4503 sudantibus
2489 4446 3054 4503 secundum‘rationem
3086 4458 3134 4502 et
3166 4464 3465 4501 mensuram
3491 4446 3627 4515 ﬁdei,
3643 4446 3679 4496 si

2151 4524 2262 4572 ha'c
2287 4521 2530 4586 facimus,
2562 4519 2723 4572 addat
2754 4531 2799 4572 et
2834 4521 2982 4571 illam
3005 4535 3120 4586 qua:
3152 4534 3217 4570 ex
3246 4519 3355 4571 Deo
3382 4530 3457 4571 est
3493 4514 3685 4582 prophe-

2152 4590 2300 4642 tiam.
2338 4593 2449 4641 Duo
2480 4607 2609 4644 mss.
2646 4590 2796 4655 Regii
2826 4589 3030 4653 itidem,
3063 4597 3117 4639 ut
3152 4591 3298 4642 nobis
3348 4591 3403 4643 in
3440 4587 3531 4640 Dei
3561 4596 3684 4652 apere

2152 4661 2499 4732 sudantillus;
2531 4661 2623 4713 sed
2656 4671 2847 4732 caetera
2890 4667 2947 4711 ut
2977 4659 3027 4710 in
3062 4668 3285 4732 textu.__
3650 4720 3661 4732 .

2225 4730 2337 4799 (3i)
2374 4731 2465 4783 Sic
2498 4746 2626 4784 mss.
2674 4730 2914 4797 plerique
2943 4738 2997 4799 et
3032 4730 3182 4781 editi.
3238 4727 3393 4799 Mss.)
3422 4727 3685 4799 vero‘qui-

2156 4794 2545 4871 tlam,'occulta
2595 4794 3022 4871 quisqueeordis
3064 4799 3178 4863 ejus
3222 4797 3501 4866 manifesta
3537 4794 3687 4864 ﬁunt;

2155 4870 2306 4929 editi,
2337 4881 2475 4923 sunt.

2230 4939 2340 5006 (55)
2375 4939 2532 5004 Editi,
2564 4939 2619 4991 in
2650 4937 2794 4991 nobis
2818 4951 2914 4995 est.
3440 5004 3451 5006 ι
3533 5000 3561 5006 _
3679 4997 3689 5006 .

2231 5000 2341 5080 (56)
2394 5011 2483 5063 Sic
2521 5000 2688 5080 recte
2737 5024 2837 5080 ms.
2878 5011 3074 5080 Regius
3127 5026 3275 5064 num.
3328 5004 3482 5060 1659.
3523 5000 3691 5080 (ἰξυιςιί

2158 5071 2287 5132 vero
2315 5071 2445 5134 mss.
2475 5086 2529 5133 et
2558 5079 2684 5132 editi
2714 5094 2727 5129 :
2762 5071 2984 5135 liteuiu:
2998 5097 3113 5133 cum
3147 5094 3358 5132 oramus
3385 5080 3437 5127 in
3479 5071 3693 5128 ecclesia,

2158 5159 2210 5202 et
2255 5167 2423 5203 sermo
2464 5156 2745 5205 tractatur.
2793 5150 2991 5204 Deinde
3032 5151 3192 5211 editi,
3238 5158 3544 5216 perperam,
3589 5152 3694 5192 tunc

2161 5221 2937 5290 imusquisque...stimulatur,
2975 5212 3369 5288 recognoscente
3407 5230 3472 5269 ea:
3496 5212 3574 5265 Itis
3595 5222 3695 5290 (pta:

2160 5276 2408 5341 dicuntur
2428 5276 2652 5362 propria,
2668 5300 2901 5357 peccata,
2923 5276 3238 5362 'record'ante
3264 5290 3309 5362 si
3336 5303 3462 5362 qua,
3487 5294 3587 5362 etc:

2160 5374 2345 5432 otnnes
2383 5352 2601 5432 mssIut
2642 5352 2693 5413 in
2719 5352 2922 5432 (nostro
2968 5370 3148 5422 textu,
3190 5359 3291 5432 nisi
3309 5352 3462 5432 quod
3500 5352 3699 5432 uilli":

2163 5430 2346 5491 beant,
2388 5431 2432 5481 si
2462 5444 2613 5499 qua»;
2654 5430 2820 5499 alius,
2854 5432 2900 5485 si
2926 5432 3075 5500 quid,
3101 5439 3157 5484 et
3190 5423 3429 5500 plet-idne
3461 5423 3699 5479 omittunt

2162 5512 2209 5552 et
2238 5511 2362 5571 ante
2388 5501 2733 5571 recordantis.
2824 5570 2833 5571 ί
3365 5566 3379 5571 _
3484 5561 3498 5571 .
3565 5560 3577 5571 .

2232 5569 2347 5638 (57)
2380 5569 2786 5625 Couscieutiam.
2823 5570 2982 5624 Deest
3014 5570 3067 5623 iu
3092 5568 3251 5623 editis
3279 5576 3334 5621 et
3365 5566 3418 5638 in
3441 5561 3697 5638 plerisque

2164 5630 2435 5708 niss.,'se.t
2462 5642 2761 5698 restituitur
2788 5658 2855 5697 ex
2884 5659 2983 5696 ms.
3023 5641 3190 5710 Regio
3218 5654 3365 5693 num.
3391 5630 3541 5691 1659.
