3744 6146
48 298 156 353 till

948 291 1306 350 COMMENT.
1346 291 1412 347 IN
1448 290 1667 349 EPIST.

1706 289 1798 346 an
1837 291 2003 348 ROM.
2046 292 2175 347 LIB.
2219 256 2308 349 ix.
3117 298 3254 353 1218

47 429 139 485 qua:
165 411 401 483 superius
435 410 581 465 dicta
630 419 751 475 est;
806 409 909 464 hoc
937 422 1020 466 est
1054 428 1068 464 :
1104 408 1226 465 Non
1255 409 1374 479 plus
1400 426 1578 479 sapere
1610 413 1652 470 Α
1684 409 1912 465 fortasse
1932 426 2068 479 opus
2098 424 2240 474 esse,
2266 424 2371 463 non
2408 416 2584 463 tamen
2619 423 2669 464 et
2695 413 2875 481 operis
2911 414 3082 484 ipsius
3112 434 3252 476 unus

45 521 169 579 quam
191 513 384 572 oportet
413 518 596 567 sapere
618 517 639 554 :
672 509 752 562 ιιι,
777 501 927 555 verbi
960 517 1144 560 causa,
1181 500 1422 554 dicamus
1469 516 1573 553 non

45 602 206 656 debere
230 612 350 652 eum
374 596 469 666 qui
522 597 822 660 ministrat,
858 596 911 648 in
943 594 1301 647 ministrando
1336 592 1453 660 plus
1488 609 1579 646 sa-

44 707 146 763 pere
162 705 316 759 quam
344 697 560 757 Oportet
588 702 779 757 sapere
807 704 819 740 :
846 699 897 741 et
926 687 1017 754 qui
1044 686 1222 743 docet,
1252 685 1302 736 in
1331 683 1575 736 doctrina

46 803 127 839 non
155 784 263 852 plus
289 795 486 849 sapere
527 795 689 849 quam
740 786 956 846 oportet
1001 791 1235 844 sapere:
1281 787 1335 829 et
1361 777 1448 842 qui
1477 791 1574 829 ex-

45 880 274 937 hortatur,
299 873 350 927 in
385 872 771 927 exhortatione
799 885 902 922 non
935 869 1053 932 plus
1073 882 1262 936 sapere
1285 865 1395 936 ('58)
1415 881 1576 936 quam

46 978 220 1038 Oportet
244 980 451 1033 sapere.
492 963 641 1017 Multi
680 962 821 1017 enim
855 972 1075 1029 accepto
1113 960 1452 1024 ministerio,
1493 958 1575 1011 vel

47 1069 228 1130 accepta
255 1057 500 1114 doctrina
539 1055 657 1124 plus
703 1063 1001 1121 sapucrunt
1035 1067 1194 1122 quam
1224 1053 1461 1120 oportuit
1487 1067 1574 1104 sa-

44 1168 151 1223 pere
177 1150 280 1222 (59)
308 1167 322 1203 :
351 1160 406 1204 et
448 1150 578 1204 elati
626 1149 680 1202 in
712 1145 1100 1218 arrogantiam,
1136 1146 1216 1198 vel
1255 1146 1307 1198 in
1353 1144 1576 1196 delicias

45 1244 249 1307 resoluti,
292 1241 603 1311 praecipites
650 1249 998 1295 corruerunt.
1038 1236 1141 1303 Qui
1183 1237 1575 1311 eahortaturjn

45 1335 344 1390 exhortando.
374 1332 693 1386 Exhortatio
724 1329 834 1402 (40)
886 1331 1095 1398 species
1122 1338 1208 1384 est
1235 1330 1488 1384 doctrinae
1519 1338 1574 1384 et

45 1428 182 1490 verbi,
207 1441 308 1497 quo
337 1424 553 1480 alnictze
575 1425 769 1478 anima:
809 1424 1210 1493 Scripturarum
1268 1423 1571 1476 divinarum

46 1524 293 1590 prudenter
316 1518 517 1587 aptatis
548 1526 603 1571 et
642 1517 695 1570 in
730 1532 894 1571 unum
948 1515 1189 1569 collectis
1229 1515 1573 1569 sermonibus

49 1612 328 1666 relevantur.
376 1608 593 1664 Accidit
640 1608 784 1661 enim
836 1622 977 1673 srepe
1020 1605 1214 1659 anima:
1268 1604 1574 1658 tribulatio-

47 1718 147 1756 num
175 1701 440 1754 nimietate
465 1698 806 1767 desperatio:
860 1711 958 1750 nec
993 1695 1146 1748 facile
1180 1695 1444 1762 reparari,
1480 1705 1573 1748 aut

48 1792 598 1861 reliciquibuscunuuo
629 1789 812 1843 verbis
862 1797 1058 1862 potest,
1107 1789 1356 1853 quamvis
1405 1787 1570 1855 polita

46 1886 112 1937 illa
132 1886 225 1938 sint
248 1895 301 1937 et
333 1882 663 1950 plausibilia.
697 1879 753 1935 Si
789 1896 916 1933 vero
947 1894 1130 1933 sermo
1159 1879 1365 1931 habens
1402 1879 1573 1931 virtu-

46 1987 126 2031 tem
152 1975 321 2046 gratia:
345 1975 438 2028 Dei
472 1974 635 2027 fuerit
656 1974 952 2033 adhibitus,
986 1981 1111 2025 tunc
1146 1985 1242 2029 cot‘
1268 1970 1388 2039 ejus
1413 1986 1573 2039 pene-

48 2080 147 2131 trat,
185 2081 233 2122 et
275 2068 701 2123 consolationem
749 2065 973 2135 praebet,
1028 2080 1093 2117 ac
1141 2078 1289 2131 spem
1356 2073 1572 2116 rcvoeat

46 2159 371 2228 desperatione
413 2158 689 2219 submota,
755 2156 1051 2208 secundum
1098 2153 1227 2206 illud
1280 2154 1422 2220 quod
1477 2169 1573 2222 per

46 2252 312 2320 prophetam
337 2251 544 2304 dictum
580 2258 662 2302 est
708 2263 738 2300 ιι
790 2246 1017 2300 Domino
1044 2245 1156 2316 (41)
1190 2264 1203 2298 :
1238 2243 1570 2310 Sacerdotes,

46 2338 281 2407 loquimini
304 2341 358 2392 in
388 2340 548 2392 corde
585 2336 883 2391 Jerusalem
920 2336 986 2390 η.

100 2428 128 2481 5
168 2430 261 2493 Qui
288 2428 468 2481 tribuit
492 2429 548 2481 iu
579 2427 935 2489 simplicitate,
966 2426 1055 2494 qui
1074 2438 1260 2493 praeest
1288 2426 1342 2478 in
1370 2426 1570 2478 sollici-

46 2522 209 2584 tudine,
231 2522 316 2592 qui
340 2522 616 2575 miseretur
647 2521 701 2573 in
748 2519 1017 2573 hilaritate
1051 2519 1112 2570 ⁵³.
1151 2519 1248 2583 Qui
1282 2518 1468 2572 tribuit
1518 2526 1571 2571 et

48 2621 225 2680 praestat
253 2613 642 2682 indigentibus,
680 2620 913 2678 oportet,
953 2610 1145 2681 inquit,
1182 2620 1240 2662 ιιι
1277 2611 1329 2662 in
1360 2610 1568 2677 simpli-

49 2708 183 2761 citate
212 2707 384 2761 cordis
413 2707 516 2760 hoc
562 2703 729 2759 faciat
770 2704 915 2773 (42);
949 2705 1051 2759 hoc
1080 2712 1185 2768 est,
1216 2718 1283 2757 ne
1329 2703 1572 2755 videatur

48 2799 224 2866 quidem
254 2798 569 2853 benefacere
602 2796 981 2865 indigentibus,
1013 2796 1175 2849 corde
1209 2811 1337 2848 vero
1360 2794 1569 2870 laudem

48 2899 216 2956 qurerat
239 2890 303 2942 ab
331 2890 662 2943 hominibus.
691 2885 803 2942 Non
826 2897 911 2941 est.
937 2900 1067 2956 ergo
1105 2884 1426 2952 simplicitas
1450 2883 1567 2955 (ιὸ)

58 2979 227 3033 sialiud
251 2981 333 3047 agi
362 2981 609 3034 videatur
642 2981 694 3033 in
726 2978 996 3041 manibus,
1024 2986 1080 3031 et
1119 2977 1263 3029 aliud
1298 2985 1571 3043 quieratur

51 3069 92 3122 in
112 3073 272 3126 corde.
306 3070 404 3137 Qui
436 3086 565 3125 vero
602 3078 793 3139 prteest
821 3067 1103 3133 fratribus,
1134 3068 1218 3122 vel
1252 3068 1342 3136 qui
1377 3077 1569 3136 praeest

50 3161 277 3228 Milesias,
313 3165 362 3217 in
403 3163 765 3218 sollicitudine
794 3174 916 3214 esse
961 3159 1123 3213 debet
1153 3174 1258 3214 non
1310 3159 1572 3212 humana-

56 3269 145 3305 rum
169 3269 461 3320 causarum,
503 3269 599 3308 nec
629 3252 972 3306 saecularium
1000 3265 1179 3303 rerum
1235 3250 1373 3321 (tunc
1424 3251 1569 3304 enim

52 3346 311 3401 sollicitudo
351 3348 527 3401 aliena
562 3349 724 3402 debet.
772 3362 895 3401 esse
929 3346 996 3399 ab
1046 3346 1130 3399 bis
1171 3346 1263 3413 qui
1316 3345 1571 3399 Ecclesiae

53 3438 405 3506 prazsunt):sed
442 3437 602 3491 talem
631 3434 984 3505 recipiam“)
1002 3432 1415 3487 sollicitudinem
1446 3448 1576 3500 qua-

52 3527 132 3583 lem
156 3530 426 3596 Apostolus
455 3530 587 3583 dicit
616 3545 629 3581 :
665 3528 965 3582 Concursus
1006 3527 1059 3578 in
1088 3540 1169 3578 me
1209 3525 1568 3594 quotidianus,

50 3622 304 3675 sollieitudo
332 3624 565 3676 omnium
593 3621 973 3675 Ecclesiarum.
1007 3616 1138 3682 Quis
1161 3616 1487 3683 inﬁrmatur,
1522 3626 1569 3670 et

50 3728 123 3779 ego
148 3731 237 3767 non
276 3714 557 3783 inﬁrmor.’
607 3712 738 3779 Quis
780 3711 1204 3770 scandalizatur,
1245 3717 1292 3761 et
1345 3725 1437 3776 ego
1465 3725 1570 3762 non

49 3818 149 3855 uror
173 3805 255 3859 "'2
285 3806 385 3872 Qui
419 3820 551 3875 ergo
589 3812 787 3875 praeest
820 3802 1077 3857 Ecclesiis
1112 3800 1272 3854 talem
1304 3800 1569 3855 sollicitu-

50 3893 192 3947 dinem
220 3897 413 3951 habere
442 3896 624 3957 debet,
657 3905 710 3950 et
741 3894 885 3948 illaut
921 3894 1081 3945 aliam
1110 3891 1427 3945 saecularem
1468 3890 1567 3943 hu-

50 3983 149 4041 bere
175 3991 379 4042 omnino
407 4005 515 4042 non
546 3988 724 4045 debet.
755 3986 859 4053 Qui
891 3987 1166 4039 miseretur
1192 3984 1247 4037 in
1279 3982 1568 4036 hilaritate.

51 4074 265 4133 Vitlcatur
286 4080 398 4153 (45)
427 4080 675 4134 fortassis
704 4093 869 4132 unum
911 4085 1072 4145 atque
1113 4075 1253 4128 idem
1283 4089 1402 4128 esse
1429 4072 1572 4142 quod

52 4183 178 4238 supra
207 4173 332 4226 dixit
357 4188 370 4224 :
398 4171 506 4237 Qui
536 4169 721 4223 tribuit
752 4169 806 4220 in
835 4166 1194 4235 simplicitate,
1221 4173 1274 4217 et
1304 4164 1404 4216 hoc
1429 4181 1442 4216 :
1470 4160 1573 4227 Qui

53 4266 283 4322 miseretur.
303 4267 415 4339 (46)
452 4268 507 4321 in
529 4266 820 4319 hilaritate.
850 4262 955 4316 Sed
999 4259 1128 4313 mihi
1168 4258 1379 4311 videtur
1407 4270 1571 4309 unum

105 4378 142 4411 "
167 4380 260 4436 lsa.
299 4384 446 4446 ηε..
519 4380 565 4414 ⁸⁸
592 4378 744 4434 Rom.
784 4394 879 4441 xtl,
912 4376 966 4431 8.
1041 4374 1089 4407 ⁸⁸
1116 4372 1155 4427 ll
1180 4374 1304 4428 Cor.
1336 4354 1417 4437 xu,
1440 4371 1532 4435 28,
1560 4370 1650 4426 29.

105 4472 197 4544 (b8)
220 4476 379 4544 Alias,
400 4479 458 4530 in
481 4473 805 4529 exhortando
838 4488 942 4525 non
968 4470 1083 4540 plus
1107 4485 1310 4538 sapere,
1335 4481 1443 4522 etc.
1467 4535 1511 4544 __
1602 4473 1644 4525 D

105 4477 178 4541 (58
220 4477 379 4544 Alias,
400 4479 458 4530 iu
481 4477 805 4529 exhortando
838 4488 942 4525 non
968 4477 1083 4540 plus
1107 4485 1310 4538 sapere,
1335 4481 1443 4522 etc.

103 4477 197 4615 (39)
233 4546 386 4613 Editi,
437 4558 758 4614 perperam,
794 4557 949 4611 quam
991 4548 1187 4609 oportet
1228 4555 1429 4607 sapere.
1464 4535 1566 4590 Ms.

54 4626 179 4676 unus,
206 4633 351 4683 quam
389 4622 647 4683 oporteret
681 4628 881 4678 sapere.

105 4679 548 4751 (40)Ἐα1ιοτιὶιιὶο.
582 4684 739 4737 Deest
775 4684 826 4734 in
859 4679 1038 4751 editis.

106 4746 312 4820 (Hills.
342 4757 540 4819 Regius
575 4770 724 4808 num.
771 4750 929 4812 1639,
960 4750 1088 4803 dicit
1132 4747 1408 4802 Dominus.
1461 4746 1568 4802 Sed

56 4826 195 4874 ueteri
223 4841 368 4885 mss.,
401 4824 656 4878 Ralmnus
677 4833 728 4876 et
750 4822 879 4874 editi
912 4831 969 4872 ut
999 4821 1050 4871 in
1083 4831 1251 4871 textu.

56 4955 75 5010 ﬁ
108 4893 199 5010 (ΑΞ)
237 4896 393 4959 Editi,
428 4904 648 4962 oportet,
682 4891 870 4960 inquit,
904 4890 961 4943 in
1001 4890 1335 4956 simplicitate
1391 4887 1567 4939 cordis

78 4976 136 5010 ωε
174 4980 329 5010 ntere-

78 4976 136 5013 ωε
155 4976 329 5019 Ιηεετε.

372 5036 498 5095 duo,
528 5032 648 5087 Non
679 5041 753 5085 est
785 5046 905 5098 ergo
927 5031 1060 5103 bona
1084 5026 1426 5103 simplicitas,
1450 5035 1562 5078 etc.

56 5094 136 5153 Sed
162 5094 282 5157 bona
304 5094 574 5167 amittitur
607 5104 661 5155 in
693 5094 859 5154 antea
892 5100 1071 5161 editis,
1115 5110 1170 5152 et
1197 5099 1248 5150 in
1298 5095 1568 5163 plerisque

56 5183 157 5244 illis:
187 5184 235 5227 et
260 5176 394 5244 apud
437 5174 739 5228 Rabanum.
761 5169 999 5244 “Deinde
1036 5184 1136 5223 ms.
1171 5167 1372 5237 Regius
1414 5181 1562 5218 num.

57 5235 161 5311 1659
184 5235 373 5300 omittit
399 5255 580 5311 prwest
615 5241 888 5310 fratribus,
925 5238 1019 5311 vel.

107 5309 199 5383 (44)
224 5313 380 5371 Recte
399 5303 503 5368 'ms.
536 5303 926 5383 Re'giusnutn.
967 5306 1130 5383 i659,
1173 5306 1413 5376 recipiat.
1449 5303 1566 5357 tlte-

59 5378 293 5456 leti_tuss.,
324 5378 655 5456 llabanttsct
682 5381 834 5443 editi,
872 5378 1148 5456 recipiant.
1237 5444 1249 5456 .

109 5450 202 5521 (45)
227 5458 312 5511 Sic
341 5471 440 5510 ms.
470 5453 667 5520 Regius
691 5466 853 5521 num.
874 5448 1031 5521 1659.
1060 5448 1252 5501 Castori
1277 5459 1407 5498 vero
1437 5458 1563 5497 mss.

58 5528 95 5568 Ct
117 5520 245 5580 editi.
282 5522 514 5579 Videtur.
551 5521 750 5575 Deinde
773 5520 928 5579 editi,
957 5521 1184 5572 dixerat.

110 5592 201 5659 (46)
235 5595 567 5669 Μξηιιρςὶιιξ
596 5608 746 5669 nunt.
784 5589 1025 5669 1659,_et
1061 5588 1171 5669 hic,
1209 5585 1311 5652 Qui
1351 5585 1568 5669 misere:

59 5653 135 5721 lui.
160 5653 251 5718 etc.
282 5653 512 5731 Editiﬂt
535 5664 654 5722 hoc,
682 5661 736 5713 id
761 5670 859 5727 est,
879 5660 968 5731 qui
999 5659 1293 5726 miseretur,
1323 5665 1428 5713 etc.
1458 5653 1565 5711 Sed

60 5734 197 5785 ueteri
224 5750 346 5791 mss.
379 5746 435 5789 ut
460 5736 512 5790 iu
546 5741 716 5788 textu.

1607 1753 1648 1807 Β

1679 500 1924 556 allectus.
1953 501 2108 553 Aliud
2132 510 2213 554 est
2246 500 2390 553 enim
2424 502 2555 554 dare
2583 502 2861 573 indigenti,
2891 516 2947 559 et
2993 506 3135 564 aliud
3168 519 3255 564 est

1677 591 1868 648 alit-ctu
1907 593 2293 648 misericordiae
2321 610 2441 648 cum
2470 595 2746 665 indigente
2779 601 2969 665 partiri
3002 617 3015 653 :
3050 609 3101 656 et
3132 602 3251 656 ideo

1678 700 1783 737 non
1839 684 1951 737 vult
2003 685 2053 736 in
2107 685 2195 738 tali
2229 701 2394 755 opere
2441 702 2560 741 esse
2602 688 2894 742 tristitiam.
2957 691 3057 759 Qui
3105 695 3252 747 euint

1678 784 1950 841 pra-rogat
1984 772 2094 845 (47)
2131 776 2411 844 pecuniam
2466 792 2642 841 suam,
2689 779 2732 832 si
2780 780 3011 835 infidelis
3052 783 3144 850 sit,
3198 795 3255 837 et

1679 874 2020 932 recepturum
2066 880 2126 918 se
2167 866 2452 932 desperet,
2495 868 2808 922 necessario
2859 879 3111 938 tauquam
3159 875 3253 942 qtti

1676 969 1794 1008 eam
1828 956 2125 1024 perdiderit
2169 959 2542 1010 contristatur.
2595 959 2695 1023 Qui
2737 975 2865 1014 vero
2910 976 3029 1015 cum
3063 962 3165 1017 lide
3198 974 3255 1018 et

1677 1062 1769 1116 spe
1799 1047 1899 1101 hoc
1921 1047 2052 1117 agit.
2086 1049 2135 1100 in
2168 1048 2438 1102 hilaritate
2469 1062 2523 1104 et
2549 1050 2733 1106 lmtilia
2767 1054 2877 1121 agit
2907 1054 3040 1124 (48),
3073 1066 3253 1110 certus

1676 1141 1817 1207 quod
1855 1155 2019 1209 parva
2075 1141 2187 1194 haec
2236 1156 2354 1209 qua:
2400 1158 2500 1209 pro
2546 1145 2798 1198 mandato
2840 1146 2929 1199 Dei
2973 1147 3250 1213 expendit,

1676 1233 1924 1302 ingentes
1974 1233 2073 1286 sibi
2114 1247 2244 1301 opes
2291 1235 2595 1289 caelestium
2637 1238 2972 1304 divitiarum,
3028 1240 3251 1309 insuper

1675 1335 1852 1378 autem
1887 1335 1942 1378 et
1964 1335 2221 1379 aeternam
2253 1326 2537 1381 conferant
2568 1331 2754 1383 vitam.

1680 1482 1684 1485 _
1747 1416 1798 1469 4.
1846 1416 2095 1469 Charitas
2135 1417 2246 1470 sine
2288 1418 2623 1472 simulatione
2665 1419 2730 1471 ⁵⁸.
2788 1419 2896 1483 Ego
2939 1429 3068 1489 puto
3109 1422 3252 1489 quod

1673 1511 1853 1563 Omnis
1875 1509 2115 1564 charitas
2136 1527 2253 1577 qme
2273 1528 2377 1565 non
2397 1522 2477 1565 est
2499 1514 2793 1567 secundum
2819 1514 3006 1575 Deum.
3027 1515 3255 1570 simula-

1675 1610 1725 1653 ta
1748 1600 1841 1661 sit,
1869 1611 1923 1654 et
1946 1617 2072 1655 vera
2110 1619 2214 1655 non
2248 1604 2338 1656 sit.
2375 1603 2580 1656 Etenim
2619 1615 2836 1659 creator
2874 1607 3070 1659 anima:
3111 1608 3257 1661 Deus

1675 1692 1876 1747 idcirco
1898 1695 1944 1749 ei
1968 1710 2091 1748 cum
2118 1697 2330 1751 caeteris
2352 1696 2646 1751 virtutibus
2665 1698 2825 1750 etiam
2846 1696 3097 1753 allectum
3119 1701 3249 1752 eba-

1677 1784 1840 1856 651
1891 1787 2069 1840 ritatis
2112 1789 2363 1852 inseruit,
2416 1799 2472 1843 ιιι
2497 1789 2681 1860 diligat
2713 1790 2917 1857 Deum,
2949 1800 3002 1843 et
3035 1807 3097 1845 ea
3131 1806 3252 1858 qam

1677 1877 1793 1929 vult
1842 1877 2000 1931 Deus.
2037 1879 2168 1953 Qum
2208 1894 2334 1949 ergo
2368 1896 2503 1948 epus
2535 1882 2636 1936 hoc
2671 1882 2724 1934 in
2755 1884 2992 1935 animam
3035 1883 3253 1938 dederit

1678 1968 2004 2033 charitatis,
2041 1970 2350 2041 quicunque
2395 1972 2543 2043 aliud
2593 1973 2792 2042 aliquid
2838 1973 2947 2044 (49)
2998 1974 3255 2029 dilexerit

1677 2071 1838 2125 quam
1881 2060 2067 2122 Deum,
2096 2070 2150 2114 et
2177 2076 2297 2129 qua:
2324 2062 2431 2115 Deo
2467 2062 2680 2130 placent
2704 2099 2719 2123 ,
2755 2063 2993 2119 charitas
3021 2064 3073 2117 in
3098 2079 3164 2119 eo
3187 2064 3252 2117 li-

1679 2158 1762 2201 cta
1786 2157 1841 2200 et
1866 2150 2118 2203 simulata
2143 2152 2363 2206 dicenda
2389 2163 2491 2207 est.
2521 2151 2623 2206 Sed
2652 2163 2708 2207 et
2735 2154 2779 2208 si
2802 2155 2922 2223 quis
2944 2156 3250 2225 proximum

1679 2255 1835 2293 suum
1866 2239 2068 2309 diligat,
2103 2252 2155 2295 et
2183 2260 2302 2295 cum
2320 2257 2593 2299 errantem
2616 2260 2737 2299 eum
2756 2246 3077 2300 videritnou
3103 2262 3252 2300 com-

1680 2340 1914 2395 moneat,
1938 2347 2043 2385 non
2068 2333 2328 2402 corrigat,
2355 2335 2605 2388 simulata
2630 2335 2869 2390 charitas
2895 2338 2992 2391 ista
3022 2337 3253 2392 dicentia

1677 2430 1779 2474 est.
1818 2420 1885 2475 Et
1919 2421 2040 2475 ideo
2072 2424 2205 2476 nihil
2265 2424 2464 2480 habere
2502 2427 2886 2493 adulatorium,
2940 2430 3071 2484 nihil
3099 2429 3253 2484 fuca-

1680 2519 1789 2563 tum
1823 2512 2062 2566 charitas
2106 2514 2284 2579 debet,
2318 2515 2459 2567 sicut
2500 2523 2553 2568 et
2599 2516 2724 2569 alibi
2772 2518 2910 2571 idt-m
2957 2519 3250 2588 Apostolus

1677 2601 1802 2654 dicit
1834 2619 1847 2654 :
1872 2601 2117 2656 Charitas
2140 2607 2202 2656 de
2225 2608 2381 2658 corde
2413 2622 2566 2673 puro,
2595 2616 2642 2659 et
2669 2610 2987 2663 conscientia
3022 2610 3179 2675 bona,
3199 2621 3251 2665 et

1675 2693 1781 2761 [ide
1804 2711 1906 2747 non
1933 2696 2057 2762 ﬁcta
2089 2697 2209 2751 δ”.»

1747 2787 1798 2841 5.
1831 2785 2077 2841 0dientes
2122 2788 2319 2842 malum
2345 2829 2360 2853 ,
2406 2790 2733 2847 oti/iterantes
2771 2792 2904 2847 bona
2945 2793 3015 2846 ⁵³.
3050 2792 3247 2850 Mirum

1675 2876 1904 2933 fortasse
1936 2879 2026 2943 sit,
2060 2878 2202 2948 quod
2236 2879 2377 2932 inter
2402 2890 2596 2934 caetera
2632 2881 2771 2936 bona
2804 2882 3058 2937 virtutum
3086 2898 3244 2938 assu—

1678 2970 1844 3023 mitur
1890 2970 2051 3023 etiam
2097 2969 2311 3034 odium,
2359 2980 2414 3024 et
2461 2979 2716 3040 tanquam
2767 2973 3135 3029 necessarium
3179 2976 3249 3031 ab

1675 3061 1934 3130 Apostolo
1965 3059 2076 3131 (50)
2104 3062 2339 3129 ponitur.
2377 3062 2526 3116 Unde
2556 3074 2761 3116 certum
2789 3074 2871 3117 est
2913 3065 3093 3120 inesse
3125 3067 3247 3120 ani-

1677 3167 1778 3206 ma:
1806 3152 1914 3206 odii
1946 3150 2198 3205 allectum
2227 3170 2239 3204 :
2281 3161 2363 3205 est
2392 3155 2534 3207 enim
2578 3153 2849 3209 laudabile
2890 3155 3069 3209 odi5se
3095 3156 3246 3218 vitia,

1673 3245 1859 3319 odisse
1894 3252 2135 3313 peccata.
2171 3241 2281 3296 Nisi
2326 3245 2470 3298 enim
2514 3245 2636 3313 quis
2682 3248 2808 3300 odio
2851 3245 3047 3300 habeat
3096 3247 3246 3309 vitia,

1674 3353 1783 3391 non
1820 3348 2000 3407 potest
2043 3354 2260 3404 amare,
2293 3354 2395 3393 nec
2426 3352 2756 3393 conservare
2800 3340 3054 3393 virtutes.
3087 3339 3248 3393 Verbi

1675 3431 1870 3498 gratia,
1898 3431 1941 3483 si
1977 3431 2099 3499 quis
2139 3431 2459 3500 pudicitiam
2491 3432 2763 3484 custodire
2792 3441 3091 3499 proponat,
3138 3447 3246 3485 non

1677 3529 1848 3591 potest
1883 3538 2000 3576 eam
2055 3531 2171 3576 tuto
2212 3536 2454 3584 servare,
2489 3520 2594 3575 nisi
2639 3522 2824 3575 odium
2872 3524 3148 3592 quoddam
3189 3532 3246 3577 et

1675 3614 2100 3667 exsecrationem
2150 3618 2438 3668 adversum
2466 3614 2856 3682 impudicitiam
2899 3624 3099 3668 sumat.
3133 3613 3244 3668 Dif-

1676 3704 1835 3760 ﬁcilis
1866 3705 2041 3769 enim,
2070 3717 2124 3760 et
2154 3705 2306 3759 valde
2353 3703 2583 3765 diﬂicilis
2624 3715 2708 3759 est
2749 3705 2840 3759 illa
2886 3706 3244 3770 continentia,

1675 3796 1764 3849 nbi
1793 3797 2131 3850 desideratur
2165 3796 2294 3850 illttd
2323 3812 2350 3848 a
2379 3812 2486 3865 quo
2516 3796 2818 3850 abstinetur
2841 3836 2856 3862 ,
2886 3807 2940 3851 et
2974 3798 3247 3864 cupiditas

1676 3888 1840 3941 animi
1860 3888 1977 3942 solo
2005 3898 2147 3941 metu
2177 3887 2339 3941 futuri
2361 3887 2551 3957 judicii
2583 3888 2912 3942 refrenatur.
2936 3889 3247 3945 Periculosa

1678 3977 1822 4041 btec,
1858 3992 1913 4034 et
1948 3979 2105 4033 valde
2136 3980 2431 4049 periculosa
2464 3991 2627 4047 sunt,
2660 3981 2762 4034 nisi
2794 3983 3089 4035 secundum
3119 3997 3247 4035 con~

1678 4070 1856 4124 silium
1880 4072 2122 4140 Apostoli
2154 4074 2398 4127 odientes
2425 4073 2586 4139 mala,
2607 4084 2661 4127 et
2693 4075 2956 4142 impacata
2982 4075 3248 4145 quodam-

1680 4163 1839 4217 modo
1872 4163 1983 4236 (5i)
2014 4163 2298 4219 adversum
2332 4181 2396 4219 ea
2429 4167 2671 4220 odiorum
2718 4167 2858 4221 bella
2906 4177 3247 4237 peragenles,

1681 4256 1760 4309 sic
1803 4255 2175 4310 adlncreamus
2220 4258 2377 4310 bono.
2434 4257 2841 4313 Observandum
2907 4259 3068 4313 etiam
3116 4259 3243 4322 hoc,

1726 4370 1773 4403 "
1806 4372 2068 4431 Burman.
2099 4373 2148 4427 9.
2245 4373 2312 4405 ⁸⁵*
2343 4373 2358 4426 1
2389 4373 2529 4427 Tim.
2566 4390 2606 4438 ι,
2632 4389 2684 4428 v.
2792 4373 2838 4405 “
2872 4373 3026 4427 Rom.
3065 4390 3158 4437 χιι,
3191 4375 3245 4431 9.

1744 4467 1857 4538 (47)
1900 4469 1993 4522 Sic
2040 4486 2227 4524 tmtues
2281 4485 2409 4523 nzss.
2473 4470 2665 4525 nostri.
2713 4467 2969 4523 Rabanus
3021 4485 3150 4524 vero
3189 4480 3247 4525 et

1671 4539 1825 4600 editi,
1860 4552 2058 4606 erogat.

1745 4609 1858 4674 (48)
1893 4609 2017 4665 Mss.
2059 4612 2187 4671 duo,
2220 4612 2316 4661 hoc
2336 4610 2480 4677 agit;
2518 4618 2571 4663 et
2603 4618 2785 4676 postca
2809 4608 2961 4663 editi.
2994 4618 3163 4662 certus
3193 4620 3243 4663 et

1672 4679 1833 4748 quod,
1862 4691 1967 4732 etc.
1998 4680 2195 4733 Deinde
2235 4681 2391 4733 iidem
2436 4681 2564 4732 editi
2595 4692 2648 4732 et
2687 4694 2813 4731 mss.
2844 4680 3109 4747 plerique.
3154 4696 3246 4732 c1-

1671 4751 1847 4817 pendit
1884 4750 2257 4818 indigentibus,
2299 4751 2396 4801 sibi
2436 4766 2578 4818 opes.
2626 4758 2733 4803 etc.
2764 4750 2870 4802 Sed
2903 4765 3004 4802 ms.
3044 4749 3247 4819 Regius

1675 4834 1823 4872 num.
1857 4820 1994 4874 1659
2020 4830 2074 4872 et
2104 4820 2356 4873 Rabanus
2382 4832 2439 4873 ut
2470 4823 2520 4872 in
2554 4830 2737 4871 nostro
2769 4828 2937 4873 textu.

1746 4888 1859 4956 (49)
1885 4890 1975 4943 Sic
2006 4907 2107 4955 ms,
2132 4889 2331 4958 Regius
2360 4906 2507 4942 num.
2540 4889 2697 4943 1639.
2730 4889 2925 4943 Gtt-teri
2951 4902 3081 4942 vero
3107 4903 3243 4944 mss.

1675 4968 1729 5012 ct
1761 4961 1912 5023 editi,
1949 4961 2043 5012 hoc
2071 4975 2198 5024 Opus
2233 4961 2409 5012 anima
2438 4961 2636 5012 dederit
2667 4960 2841 5025 (editi,
2869 4959 3034 5025 dedit)
3065 4960 3246 5012 chari-

1675 5031 1793 5088 tati,
1817 5033 2108 5098 quicunque
2140 5030 2287 5082 aliud
2310 5028 2649 5099 altquid,etc.
2678 5027 2958 5090 Rahanus,
2989 5030 3088 5081 hoc
3112 5044 3243 5096 opus

1673 5100 1728 5150 in
1774 5100 1952 5151 anima
2002 5101 2202 5153 dederit
2229 5140 2244 5163 ,
2288 5101 2548 5152 charitate
2577 5100 2874 5168 quicunque
2902 5099 3077 5161 aliud,
3110 5107 3243 5163 etc.,

1670 5171 1875 5292 ῗὲἓίἓδο
1903 5170 2122 5239 aliquid,
2153 5172 2298 5239 quod
2326 5172 2486 5224 etiam
2507 5171 2713 5224 omittit
2738 5186 2836 5223 ms.
2864 5168 3066 5239 Regius
3089 5183 3240 5222 num.

1741 5308 1853 5379 (50)
1878 5308 2042 5374 Editi,
2066 5308 2257 5381 Mirum
2289 5308 2513 5379 fortasse
2533 5309 2796 5381 siquidem
2817 5309 2957 5363 inter
2984 5319 3244 5364 cratera...

1669 5381 1965 5432 necessario
1993 5380 2057 5431 ab
2087 5379 2362 5443 Apostolo,
2388 5391 2496 5433 etc.

1742 5449 1854 5518 (5|)
1885 5448 2047 5513 Editi,
2079 5450 2309 5503 odientes
2339 5450 2557 5513 malum,
2581 5458 2631 5503 et
2654 5458 2890 5516 peccata,
2913 5456 2963 5502 et
2995 5451 3251 5519 quodam-

1670 5522 1825 5572 modo
1850 5558 1867 5583 ,
1900 5528 2007 5573 etc.
2060 5519 2318 5573 Rabanus
2344 5558 2359 5581 ,
2412 5521 2469 5572 in
2516 5532 2727 5584 peccata
2753 5558 2768 5579 ,
2816 5533 2914 5588 pro
2956 5522 3243 5588 impacata.

1674 5589 1875 5643 Deinde
1906 5604 2009 5645 ms.
2038 5589 2236 5659 Regius
2270 5604 2424 5646 num.
2453 5589 2591 5648 i659
2623 5590 2771 5646 addit
2800 5591 2876 5645 sic
2914 5603 3040 5646 ante
3066 5591 3250 5643 adita:-

1676 5675 1903 5716 reamus.
