3744 6146
492 312 633 370 1219

1940 308 2260 367 ORIGENIS

3580 315 3693 372 1220

487 429 630 498 quod
655 428 794 484 sicut
825 429 877 483 in
905 424 1026 481 aliis
1048 425 1178 480 dicit
1204 444 1218 481 :
1241 423 1344 492 Qui
1379 425 1614 480 adhaeret
1648 423 1895 491 Domino,
1926 440 2064 477 unus
2098 435 2140 486 Α
2175 431 2277 475 tur.
2306 418 2434 476 Scio
2461 429 2640 475 autem
2672 421 2726 475 in
2765 421 3041 478 nonnullis
3066 421 3380 479 Latinorum
3407 428 3695 496 exemplari-

487 521 705 584 spiritus
747 532 820 576 est
856 520 904 553 ⁸⁷
924 563 940 586 ,
971 520 1044 573 ita
1072 528 1124 573 et
1159 518 1249 573 hic
1275 518 1405 572 dicit
1440 536 1454 573 :
1481 517 1866 572 Adbaereamus
1896 517 2057 581 bono,

486 612 609 667 siue
663 611 827 667 dubio
876 622 936 666 ut
990 610 1270 680 contingat
1325 610 1482 664 nobis
1536 624 1703 663 unum
1757 622 1879 663 esse
1934 621 2058 661 cum

487 704 653 760 bono.

560 795 614 850 6.
663 794 985 850 Charitatem
1024 790 1382 861 fraternitatis
1422 791 1639 845 invicem
1682 790 1959 859 diligentes
1988 789 2058 841 ⁵⁸.

489 887 603 942 Hoc
636 886 967 945 mandatum,
995 893 1054 938 ut
1077 883 1362 953 diligamus
1391 883 1644 944 invicem,
1669 883 1811 937 sicut
1837 890 1891 935 et
1920 881 2060 937 Deus

488 975 680 1033 dilexit
706 991 804 1030 nos
826 976 893 1039 ",
918 990 1038 1029 cum
1063 975 1134 1028 sit
1158 977 1389 1044 primum
1411 983 1528 1042 post
1549 972 1777 1041 primum
1803 971 2057 1041 (primum

492 1081 727 1137 namque
757 1078 843 1121 est
862 1065 1085 1135 diligere
1110 1065 1275 1119 Deu'm
1300 1082 1316 1132 ;
1342 1075 1395 1119 et
1417 1064 1558 1118 inter
1580 1063 1828 1119 homines
1861 1063 2056 1116 iterum

490 1158 595 1214 hoc
617 1159 847 1229 primum
871 1167 977 1220 est,
1006 1166 1065 1212 ut
1091 1157 1321 1235 invicem
1352 1156 1684 1227 diligamus),
1711 1157 1893 1211 nescio
1924 1171 2060 1226 quo-

491 1252 653 1306 modo
698 1251 852 1318 quasi
891 1249 1140 1304 ultimum
1186 1257 1241 1302 et
1286 1248 1465 1303 minus
1514 1251 1881 1303 necessarium
1917 1250 2060 1302 inter

488 1342 736 1397 homines
783 1340 1057 1411 spernitur
1083 1382 1098 1404 ,
1129 1349 1184 1394 et
1218 1340 1399 1394 odium
1433 1340 1575 1409 quod
1631 1340 1787 1394 nobis
1837 1340 2057 1394 insitum

485 1448 608 1489 esse
635 1433 873 1487 diximus
912 1435 981 1488 ad
1007 1433 1109 1488 hoc
1142 1442 1200 1485 ut
1232 1432 1372 1486 mala
1413 1433 1539 1486 odio
1570 1433 1891 1498 habeamus,
1920 1449 2058 1502 pra:-

487 1533 703 1592 postero
744 1521 936 1576 ordine
978 1535 1296 1576 exercemus
1339 1522 1393 1574 in
1443 1521 1600 1576 bonis
1632 1521 1788 1591 (52),
1834 1532 1889 1576 et
1932 1523 2059 1576 vitia

487 1613 667 1667 carnis
695 1627 759 1667 ac
802 1623 1021 1679 peccata
1054 1611 1338 1679 diligentes
1370 1611 1568 1668 fratres
1609 1613 1738 1668 odio
1770 1614 2055 1671 habemus.

484 1702 596 1760 Nec
628 1704 786 1760 aliter
810 1705 1007 1759 accidit
1029 1707 1207 1761 odisse
1239 1721 1340 1762 nos
1370 1721 1489 1775 qua:
1530 1721 1632 1760 non
1674 1716 1887 1774 oportet
1920 1706 2055 1778 (55),

487 1794 588 1849 nisi
620 1796 744 1866 quia
791 1796 1064 1865 diligimus
1109 1811 1227 1866 qua:
1261 1812 1366 1851 non
1394 1804 1627 1864 opertet.
1669 1795 1890 1851 Fratres
1926 1812 2057 1867 ergo

481 1880 732 1951 iubemur
756 1883 1000 1955 diligere,
1041 1900 1144 1938 non
1185 1884 1432 1952 judicare
1459 1884 1595 1957 (54).
1637 1885 1694 1939 Si
1730 1887 1874 1941 enim
1900 1897 2059 1957 putas

485 1976 721 2043 aliquem
747 1975 968 2045 impium
1005 1990 1142 2036 esse.
1178 1987 1230 2030 et
1262 1977 1382 2031 ideo
1413 1993 1534 2031 eum
1565 1992 1668 2031 non
1699 1976 1911 2044 iudicas
1930 1972 2058 2033 dili-

487 2064 759 2133 gendum,
805 2065 928 2118 audi
983 2067 1125 2134 quod
1165 2065 1411 2121 Christus
1459 2083 1553 2134 pro
1593 2069 1768 2136 impiis
1820 2078 2058 2124 mortuus

486 2166 560 2208 est
591 2156 657 2209 ⁸⁸.
697 2155 803 2210 Aut
851 2157 894 2210 si
937 2159 1060 2226 quia
1110 2168 1365 2227 peccator
1407 2169 1488 2213 est
1534 2159 1704 2213 frater
1746 2170 1902 2223 tuus,
1937 2162 2059 2216 ideo

485 2259 609 2298 eum
646 2261 750 2300 non
787 2256 940 2317 putas
971 2247 1339 2317 diligendum,
1375 2251 1498 2302 audi
1535 2250 1662 2320 quia
1697 2250 1935 2307 Christus
1965 2251 2059 2306 Je-

485 2351 575 2388 sus
593 2336 646 2388 in
670 2337 805 2388 hunc
831 2338 1086 2390 mundum
1112 2338 1249 2390 venit
1271 2351 1567 2406 peccatores
1593 2340 1768 2394 salvos
1793 2340 1966 2409 facere
1988 2343 2054 2397 “.

488 2424 548 2481 ει
595 2440 723 2481 vero
747 2426 925 2495 justus
952 2437 1077 2492 est,
1119 2429 1287 2483 multo
1335 2431 1503 2501 magis
1535 2431 1824 2488 dilectione
1865 2432 2058 2504 dignus

487 2526 592 2582 est,
646 2517 898 2572 Dominus
931 2520 1073 2574 enim
1101 2519 1271 2591 diligit
1297 2520 1473 2590 justas
1505 2522 1570 2576 “.

557 2608 611 2662 7.
644 2608 854 2663 Honore
885 2611 1105 2665 invicem
1145 2613 1515 2678 prtevenientes
1545 2612 1612 2668 ⁸³.
1651 2612 1762 2667 Hoc
1793 2622 1879 2668 est
1915 2615 2057 2684 quod

487 2708 544 2752 et
575 2698 831 2754 Dominus
860 2702 1077 2767 docuit,
1115 2717 1236 2756 cum
1266 2714 1478 2757 notaret
1519 2702 1744 2758 Scribas
1771 2714 1826 2758 et
1863 2704 2056 2760 Phari—

489 2805 627 2845 sacos
667 2791 839 2860 prima
887 2794 988 2848 sibi
1028 2794 1142 2849 loca
1192 2796 1244 2849 in
1308 2796 1571 2850 conviviis
1611 2797 1951 2854 vindicantes
1991 2800 2056 2865 “,

488 2892 545 2935 et
578 2882 818 2948 doceret,
852 2894 910 2938 ut
944 2900 1067 2938 cum
1104 2897 1322 2939 vocatus
1353 2886 1521 2943 lueris
1558 2896 1614 2942 tu
1641 2887 1710 2943 ad
1736 2904 1970 2956 coenam,
2003 2892 2057 2945 in

489 2971 781 3027 novissimo
806 2973 924 3029 loco
955 2977 1236 3031 recumbas
1263 2976 1400 3048 (55).

558 3062 614 3118 8.
655 3063 1028 3118 Sollicitudine
1072 3082 1176 3120 non
1219 3070 1356 3138 pigri
1382 3070 1450 3123 “.
1495 3068 1758 3140 Superius
1799 3088 1922 3129 eum
1968 3078 2056 3144 qui

490 3163 683 3221 praeest
709 3194 725 3221 ,
772 3157 828 3210 in
873 3159 1239 3214 sollicitudine
1280 3163 1475 3217 debere
1517 3179 1638 3219 esse
1680 3168 2055 3224 commonuit:

496 3260 642 3301 nunc
669 3262 797 3302 vero
818 3251 1066 3305 onmihus
1086 3252 1177 3306 dat
1205 3254 1304 3308 hoc
1334 3255 1384 3308 iu
1416 3271 1701 3311 commune
1725 3261 2058 3322 mandatum,

489 3351 560 3392 ne
601 3340 723 3407 quis
771 3353 1012 3395 nostrum
1051 3345 1234 3399 audiat
1282 3359 1313 3399 a
1357 3347 1615 3403 Domino:
1649 3348 1807 3405 Serve
1839 3354 1973 3406 male
2011 3362 2059 3406 et

490 3431 637 3499 piger
661 3430 728 3483 “.
1220 3448 1225 3455 '

560 3520 615 3575 9.
643 3519 843 3589 Spiritu
867 3523 1119 3592 ferventes
1144 3527 1210 3582 ⁸⁷.
1245 3527 1311 3582 Ει
1339 3528 1439 3584 hoc
1464 3530 1529 3583 ad
1554 3531 1839 3602 impigrum
1870 3543 1926 3588 et
1953 3534 2061 3589 sol-

492 3610 698 3667 licitum
731 3625 953 3683 spectat.
987 3617 1111 3671 Vult
1146 3622 1288 3674 enim
1315 3621 1427 3691 (56)
1460 3631 1515 3675 ut
1545 3638 1662 3688 nos,
1692 3625 1783 3693 qui
1819 3627 1918 3680 sub
1946 3627 2061 3695 lege

492 3703 716 3773 spiritus
746 3707 999 3773 vivimus,
1024 3712 1153 3765 nihil
1183 3713 1488 3773 remissum.
1517 3715 1652 3768 nihil
1685 3717 1920 3785 lepidum
1953 3718 2057 3770 ha-

495 3797 717 3853 beamus
745 3800 795 3852 in
828 3803 1003 3867 nobis,
1029 3804 1121 3855 sed
1152 3820 1273 3857 cum
1301 3804 1515 3861 {crvore
1532 3808 1779 3875 spiritus,
1802 3819 1856 3862 et
1879 3810 2057 3864 calore

494 3890 616 3943 lidei
650 3901 840 3944 cuncta
872 3909 995 3960 pera
1006 3910 1218 3962 gamus.

566 3979 652 4034 10.
689 3981 907 4035 Domino
939 3986 1213 4038 servientes
1247 3985 1311 4039 ⁸⁸.
1352 3984 1440 4040 lllc
1473 3982 1700 4040 Domino
1732 3992 1929 4050 servit.
1965 3991 2054 4045 oui

494 4083 674 4140 potest
704 4073 884 4127 dicere
915 4091 927 4128 :
968 4074 1132 4128 Nobis
1164 4093 1296 4131 unus
1326 4080 1578 4135 Dominus
1606 4081 1760 4134 Iesus
1792 4080 2056 4138 Christus.

495 4181 589 4233 per
617 4181 768 4230 quem
804 4168 978 4219 omnia
998 4206 1013 4229 ,
1039 4175 1087 4220 et
1121 4185 1216 4223 nos
1245 4188 1337 4239 per
1386 4174 1553 4241 ipsum
1582 4174 1626 4205 δ’
1647 4214 1661 4237 ,
1709 4188 1807 4227 nec
1837 4173 1975 4225 ultra
2009 4190 2057 4226 ct

499 4266 593 4310 aut
621 4257 784 4313 libido
807 4298 822 4325 ,
857 4268 949 4313 aut
982 4264 1207 4314 avaritia
1237 4303 1253 4329 ,
1283 4275 1375 4317 aut
1412 4266 1584 4320 inanis
1612 4265 1782 4335 gloria
1813 4265 2060 4318 domina-

2160 513 2264 568 bus
2294 515 2505 577 haberi,
2531 516 2754 580 tempori
2774 515 3080 580 servientes,
3114 516 3257 585 quod
3284 531 3389 570 non
3421 518 3546 571 mihi
3577 520 3699 576 vide-

2161 614 2246 659 tur
2282 605 2667 659 convenienter
2709 604 2972 659 insertum
2994 647 3009 670 ,
3048 607 3154 661 nisi
3205 610 3250 660 si
3281 606 3394 677 (57)
3429 609 3544 677 quis
3582 608 3699 665 forte

2160 698 2233 750 ita
2287 698 2487 751 dictum
2533 706 2723 767 putet,
2760 708 2820 751 ut
2869 699 2923 751 in
2972 698 3092 752 aliis
3140 700 3280 753 idem
3308 701 3584 769 Apostolus
3606 706 3696 760 ait:

2162 787 2383 858 Tempus
2408 790 2556 845 breve
2580 801 2676 855 est,
2698 800 2933 859 superest
2958 801 3013 845 ut
3045 791 3136 861 qui
3157 792 3347 846 habent
3377 809 3578 857 uxores,
3603 805 3702 850 tan-

2157 893 2315 947 quam
2342 894 2444 932 non
2474 878 2718 933 habentes
2750 882 2850 934 sint
2876 881 2921 914 ⁷ο
2949 898 2964 944 ;
2995 881 3079 936 vel
3120 890 3181 935 ut
3215 882 3344 936 illud
3377 883 3576 937 dictum
3600 896 3696 940 est:

2160 968 2490 1025 Redimentes
2519 980 2741 1039 tempus,
2775 977 3024 1040 quoniam
3056 974 3167 1027 dies
3206 974 3336 1026 mali
3362 984 3488 1027 sunt
3509 975 3569 1027 ".

2230 1059 2318 1113 11.
2371 1058 2475 1126 Spe
2522 1061 2844 1129 gaudentes,
2876 1063 2932 1114 in
2981 1060 3321 1115 tribulatione
3365 1063 3613 1131 patientes
3643 1065 3699 1119 ".

2161 1149 2268 1220 Spe
2291 1151 2484 1218 gaudet
2506 1151 2596 1219 qui
2628 1166 2735 1206 non
2765 1153 2983 1220 respicit
3011 1168 3073 1207 ea
3097 1167 3219 1221 qua:
3240 1153 3515 1219 videmur,
3543 1156 3627 1208 sed
3645 1170 3696 1210 ea

2158 1257 2276 1311 qum
2310 1257 2413 1295 non
2440 1242 2689 1296 videntur
2716 1243 3062 1311 exspectat"
3086 1260 3102 1308 ;
3131 1254 3187 1297 et
3212 1243 3302 1311 qui
3333 1244 3439 1297 scit
3467 1244 3588 1309 quia
3614 1261 3700 1299 non

2158 1341 2278 1385 sunt
2307 1332 2577 1400 condignae
2601 1336 2870 1401 passiones
2908 1331 3064 1401 hujus
3106 1334 3351 1399 temporis
3389 1335 3462 1386 ad
3495 1333 3700 1402 futuram

2159 1423 2380 1493 gloriam
2409 1439 2527 1493 quae
2567 1423 2877 1476 revelabitur
2919 1425 2972 1476 in
2997 1423 3145 1477 nobis
3166 1424 3233 1476 ⁷⁵.
3263 1424 3414 1478 Idem
3447 1426 3562 1490 ipse
3588 1427 3697 1480 etin

2161 1515 2510 1569 tribulatione
2536 1514 2749 1582 patiens
2789 1515 2930 1579 erit;
2964 1515 3087 1583 quia
3121 1515 3396 1568 tribulatio
3428 1517 3700 1582 patientiam

2159 1614 2427 1667 operatur,
2449 1604 2707 1670 patientia
2723 1604 3105 1671 probationem,
3120 1606 3358 1672 probatio
3380 1622 3503 1660 vero
3520 1608 3698 1674 spem",

2160 1695 2205 1749 si
2233 1705 2417 1750 taurea
2448 1709 2755 1749 sermonem
2787 1696 2877 1763 qui
2908 1697 3257 1766 subsequitur
3292 1698 3624 1766 impleamus,
3659 1699 3699 1753 id

2090 1773 2133 1832 Β
2163 1795 2245 1839 est
2276 1786 2504 1839 orationi
2552 1788 2805 1840 instantes
2831 1786 2897 1840 ⁷⁸.
2931 1786 2988 1840 lu
3033 1801 3143 1856 quo
3181 1788 3327 1842 enim
3378 1804 3491 1842 non
3535 1789 3702 1844 subicit

2160 1879 2392 1932 humana
2428 1877 2729 1946 fragilitas.
2762 1878 3027 1933 auxilium
3048 1877 3143 1933 Dei
3166 1878 3509 1936 orationibus
3536 1881 3701 1951 implo-

2160 1975 2384 2025 randum
2409 1982 2512 2026 cst.

2229 2062 2316 2116 12.
2355 2061 2547 2117 Usibus
2572 2060 2686 2132 (58)
2716 2070 3021 2117 sanctorum
3047 2065 3501 2119 communicantes
3522 2067 3584 2118 ".
3617 2066 3703 2120 le-

2161 2153 2289 2208 mini
2327 2154 2378 2208 in
2399 2154 2601 2208 Latinis
2640 2155 3041 2222 exemplaribus
3072 2157 3245 2225 magis
3307 2156 3501 2211 haberi
3530 2157 3701 2229 :65)

2160 2244 2426 2300 Memoriis
2448 2258 2752 2299 εαιιειοτιιηι
2783 2246 3222 2301 communicantes
3246 2262 3265 2299 .'
3294 2263 3490 2301 verum
3516 2263 3606 2301 nos
3625 2266 3699 2303 "et:

2159 2336 2605 2391 consuetudinem
2655 2337 2974 2402 turbamus,
3017 2352 3115 2392 nec
3145 2339 3359 2394 veritati
3412 2339 3701 2409 praejudica-

2162 2442 2301 2492 mus,
2329 2428 2562 2480 maxime
2586 2443 2708 2482 cum
2734 2437 3025 2497 utrumque
3050 2430 3334 2484 conveniat
3355 2432 3697 2488 aadiﬁcationi.

2159 2515 2295 2570 Nam
2343 2517 2528 2571 usibus
2569 2528 2878 2572 sanctorum
2925 2519 3147 2573 honeste
3190 2529 3246 2573 et
3289 2521 3582 2589 decenter,
3620 2538 3703 2580 non

2160 2604 2317 2673 quasi
2349 2603 2464 2676 (59)
2485 2606 2680 2675 stipem
2710 2607 3075 2677 indigentibus
3099 2611 3357 2678 praebere,
3391 2614 3489 2667 sed
3515 2627 3701 2670 censum

2162 2707 2401 2750 nostrum
2422 2712 2544 2752 cum
2570 2697 2704 2767 ipsis
2728 2700 3122 2767 quodammodo
3149 2702 3347 2758 habere
3364 2718 3701 2772 communem,

2160 2799 2213 2861 et
2243 2790 2554 2845 nieiuinisse
2591 2799 2903 2846 sanctorum
2948 2793 3062 2849 sive
3097 2794 3151 2847 in
3188 2795 3440 2852 collectis
3482 2798 3701 2851 solemni-

2163 2884 2283 2945 bus,
2310 2882 2425 2937 sive
2451 2897 2548 2952 pro
2576 2897 2641 2938 eo
2675 2893 2734 2936 ut
2757 2898 2826 2937 ex
2863 2885 3235 2941 recordatione
3259 2902 3453 2943 eorum
3484 2889 3701 2961 proﬁcia-

2163 2990 2307 3039 mus,
2350 2974 2532 3042 aptum
2569 2984 2623 3028 et
2652 2976 2986 3030 conveniens
3011 2977 3240 3034 videtur.

2234 3064 2320 3117 13.
2348 3063 2774 3133 Hospitalitatem
2797 3074 3052 3119 sectantes
3076 3066 3141 3122 ⁷⁸.
3166 3066 3338 3132 Quam
3367 3069 3530 3138 digne
3553 3070 3705 3138 hospi-

2110 3145 2128 3165 ¹
2163 3155 2366 3209 talitem
2409 3157 2667 3211 sectantis
2702 3157 3121 3211 muniﬁcentiam
3169 3159 3282 3228 (60)
3329 3176 3439 3214 uno
3487 3175 3703 3216 sermone

2161 3248 2604 3316 comprehendit!
2648 3248 2842 3302 Dicens
2870 3249 3015 3302 enim
3053 3252 3365 3303 sectandam
3400 3267 3524 3307 esse
3549 3254 3703 3320 hospi-

2164 3338 2450 3403 talitatem,
2481 3354 2584 3393 non
2618 3339 2749 3393 illud
2771 3339 2943 3393 solum
2974 3343 3235 3409 ostendit,
3258 3353 3316 3397 ut
3340 3347 3636 3398 venientem
3654 3347 3703 3396 aJ

2162 3446 2260 3485 nos
2292 3432 2559 3501 hospitem
2606 3432 3004 3502 suscipiamus;
3053 3435 3146 3488 sed
3190 3444 3245 3488 et
3280 3436 3706 3504 rcquiramus,et

2162 3524 2373 3578 solliciti
2411 3524 2600 3590 simus,
2638 3534 2694 3578 et
2718 3534 3013 3588 sectemur,
3042 3540 3101 3576 ac
3121 3525 3507 3594 perquiramus
3533 3526 3706 3602 ubique

2167 3616 2404 3683 hospites
2427 3656 2443 3681 ,
2486 3617 2678 3671 necubi
2727 3616 2862 3670 forte
2908 3617 2960 3670 in
3014 3617 3205 3686 plateis
3233 3620 3456 3672 sedeant
3489 3618 3630 3689 (6|).
3656 3636 3706 3673 ne

2163 3717 2313 3761 extra
2348 3715 2548 3762 tectum
2576 3706 2818 3772 jaceant.
2851 3709 3157 3763 Recordare
3184 3708 3286 3763 Lot
3314 3711 3382 3776 ⁷³,
3418 3721 3467 3765 et
3496 3712 3705 3765 invenies

2162 3798 2306 3868 quod
2335 3812 2439 3852 non
2475 3799 2624 3852 illam
2662 3800 2932 3868 hospites,
2968 3802 3063 3854 sed
3094 3802 3207 3870 ipse
3244 3804 3525 3871 quaesierit
3553 3805 3706 3873 hospi-

2166 3903 2280 3956 tes;
2308 3902 2363 3947 et
2397 3894 2497 3946 hoc
2531 3902 2650 3946 erat
2678 3891 3100 3961 hospitalitatem
3133 3897 3353 3948 sectari.

2237 3987 2321 4040 14.
2367 3985 2664 4039 Benedicite
2698 3986 3117 4054 persequentibus
3161 4003 3285 4054 vos,
3329 3990 3640 4050 benedicite,
3666 3998 3703 4041 et

2166 4079 2324 4133 nolite
2354 4080 2661 4133 maledicere
2695 4079 2829 4150 (62).
2875 4078 3134 4134 Moralem
3176 4080 3354 4134 locum
3403 4081 3564 4138 latius
3588 4084 3704 4151 Apo-

2166 4173 2336 4225 stolus
2378 4186 2682 4241 exsequens
2702 4210 2716 4235 ,
2748 4180 2900 4225 actus
2920 4209 2936 4235 ,
2966 4181 3200 4225 mentem
3224 4212 3239 4237 ,
3270 4175 3596 4242 propositum
3616 4214 3629 4239 ,
3655 4189 3705 4225 os

2168 4277 2379 4331 quoque
2405 4263 2579 4330 ipsum
2616 4262 3029 4331 discipulorum,
3059 4262 3408 4333 linguamque
3438 4266 3703 4335 componit.

602 4420 648 4456 ⁸⁷
674 4422 693 4475 1
723 4422 846 4477 Cor.
883 4437 957 4480 γι.
990 4422 1073 4474 17.
1150 4420 1194 4456 ⁸⁸
1226 4418 1380 4471 llom.
1412 4434 1509 4478 xu,
1542 4419 1623 4470 10.
1701 4417 1746 4449 '9
1774 4417 1927 4470 .Ioan.
1957 4431 2048 4479 xv,

2246 4415 2292 4447 ⁶⁰
2327 4416 2486 4471 Rom.
2513 4432 2575 4477 ν,
2610 4417 2664 4472 6.
2739 4419 2780 4450 ⁶¹
2812 4418 2827 4471 l
2859 4418 2998 4472 Tim.
3026 4436 3067 4476 ι.
3093 4420 3180 4474 15.
3252 4421 3298 4453 ⁸¹
3329 4421 3468 4476 Psal.
3498 4421 3705 4482 cxr.\',8.

497 4494 543 4529 ‘3
570 4492 723 4545 Rom.
783 4509 877 4551 ιιιι,
937 4490 1017 4544 10.
1094 4491 1138 4521 ⁸⁸
1171 4488 1297 4540 an.
1335 4504 1442 4551 XIV,
1475 4488 1504 4538 7
1527 4529 1540 4548 ,
1588 4488 1672 4539 1U.
1748 4488 1791 4518 ⁸⁸
1824 4487 1979 4541 Rtun.
2007 4502 2078 4539 XII
2110 4526 2127 4550 ,
2190 4486 2274 4539 11.

1685 4557 1729 4589 ⁷¹
1775 4557 1968 4623 Ephes.
2005 4571 2033 4604 v
2060 4595 2075 4618 ,
2111 4556 2199 4609 16.

500 4650 620 4692 \‘lll.
660 4633 743 4686 18.
820 4634 866 4664 ⁷⁸
906 4631 1061 4683 Rom.
1093 4646 1154 4696 ν,
1184 4630 1256 4690 '5,
1285 4628 1338 4682 4.
1414 4627 1459 4658 ⁷⁸
1493 4626 1647 4679 Rom.
1688 4641 1803 4690 xu,
1848 4626 1936 4679 12.
2008 4627 2052 4657 '"

2173 4627 2223 4678 tl.
2253 4626 2342 4680 13.
2414 4625 2619 4681 "Rom.
2651 4644 2724 4681 xu
2753 4671 2766 4696 ,
2800 4630 2884 4685 15.

498 4566 543 4599 ⁶⁹
579 4565 595 4617 l
629 4564 750 4617 Cor.
786 4577 904 4620 vni,
943 4562 994 4615 6.
1071 4561 1115 4592 ’¹⁰
1143 4561 1157 4612 l
1189 4560 1312 4609 (lor.
1352 4573 1425 4611 vu
1458 4598 1469 4615 .
1496 4558 1586 4611 9.9.

2354 4486 2398 4517 ⁵⁸
2430 4486 2750 4550 Mutiluxxv,
2779 4488 2866 4542 9.6.
2964 4490 3007 4521 ⁸⁷
3042 4490 3194 4543 Boni.
3227 4506 3325 4554 ιιιι,
3370 4494 3459 4546 11.
3524 4492 3566 4523 (⁸
3594 4492 3702 4544 ibid.

2866 4560 2910 4591 ⁷³
2939 4560 2978 4613 ΙΙ
3025 4559 3152 4613 Cor.
3176 4577 3238 4633 iv
3265 4601 3279 4623 ,
3317 4561 3406 4618 18.
3482 4562 3527 4594 ’⁸
3566 4561 3703 4615 Rom.

2870 4670 2884 4685 .
2960 4629 3008 4662 ⁷⁸
3037 4630 3176 4687 Gen.
3204 4646 3293 4685 xix
3315 4633 3419 4695 ,1.

2306 4555 2352 4588 '"
2399 4556 2658 4623 Bonum,
2692 4559 2774 4613 1‘2.

572 4798 685 4866 (52)
716 4796 805 4851 Sic
831 4808 975 4850 recte
1003 4796 1257 4850 Rabanus
1283 4805 1337 4847 et
1367 4794 1517 4847 editi.
1550 4791 1678 4846 Mss.
1704 4807 1832 4847 vero
1863 4793 2060 4857 nostri,
2096 4796 2138 4852 D
2168 4803 2221 4850 et
2256 4794 2392 4866 intra
2425 4794 2585 4866 habet
2615 4796 3005 4849 necessitatibus
3042 4812 3140 4863 pro
3173 4796 3372 4850 usibus.

502 4873 559 4925 in
588 4870 755 4923 nobis.

574 4939 687 5010 (55)
718 4938 873 5010 bidui,
905 4953 1054 5007 quem
1094 4944 1444 5010 nonoportet.

725 5002 938 5061 Fratres
974 5023 1094 5080 ergo
1125 5004 1635 5080 jubemurdiligere,
1668 5018 1771 5056 non
1792 5002 2060 5070 judicare.

502 5076 628 5136 Haec
658 5076 1033 5133 desiderantur
1064 5077 1116 5128 in
1144 5076 1295 5128 libris
1322 5076 1502 5129 editis.

572 5149 685 5218 (55)
716 5149 874 5207 Editi,
903 5156 952 5198 et
977 5147 1147 5207 docet,
1184 5153 1636 5218 utqcumpocatus
1663 5142 1825 5218 fueris
1869 5146 1936 5218 ad
1965 5157 2065 5218 cae-

507 5212 733 5283 nam,'in
762 5218 1037 5270 novissimo
1066 5216 1355 5267 recumbas.
1389 5214 1516 5267 Mss.
1548 5214 1766 5283 quidam
1806 5222 1853 5265 et
1876 5212 2067 5283 Baha-

504 5306 604 5344 nus
634 5289 812 5343 itidem
838 5298 884 5339 et
912 5287 1077 5338 docet.
1112 5284 1207 5337 Ms.
1233 5286 1430 5352 Regius
1461 5301 1608 5336 num.
1642 5282 1798 5346 1659,
1823 5282 2065 5337 edocens.

504 5358 610 5416 Sed
646 5358 823 5411 czcteri
859 5371 1016 5416 mss.,
1054 5355 1277 5415 rectius,
1306 5366 1354 5405 et
1381 5357 1610 5408 doceret.

575 5428 686 5501 (56)
716 5428 807 5501 Sic
830 5425 1156 5501 ms._chiu_s
1179 5438 1338 5501 num.
1367 5424 1525 5477 1659.
1556 5422 1907 5501 Οειειθτίηνιςιιο
1936 5435 2066 5501 mss.

504 5509 561 5555 et
581 5488 774 5561 ‘editi,
820 5496 885 5550 Et
928 5498 1023 5549 hoc
1041 5488 1131 5547 'ad
1174 5495 1433 5563 integrant
1471 5500 1687 5562 spectat.
1741 5488 1861 5544 Vult
1904 5492 2066 5556 enim,

499 5578 608 5626 etc.

576 5637 687 5711 (57)
719 5638 874 5711 [_)cest
904 5638 951 5690 si
984 5635 1036 5688 in
1067 5634 1249 5688 editis.
1278 5631 1684 5711 Mss:_qui_dam,
1712 5630 1888 5701 siqui.
1974 5698 1991 5711 _
2017 5699 2029 5711 ο

579 5639 663 5707 (57
719 5638 874 5692 Deest
904 5638 951 5690 si
984 5637 1036 5688 in
1067 5637 1249 5688 editis.
1278 5637 1412 5688 Mss.
1440 5637 1684 5701 quidam,
1712 5637 1888 5701 siqui.
2017 5699 2029 5711 δ

579 5637 691 5781 (58)
725 5709 815 5763 Sic
857 5722 1048 5763 omnes
1085 5720 1214 5760 mss.
1248 5715 1306 5758 et
1347 5703 1498 5760 editi.
1527 5701 1781 5757 Babauus
1815 5714 1945 5757 vero
1974 5698 2066 5757 hic

2239 4864 2653 4943 (59)‘lla_hauus,
2687 4883 2778 4918 nec
2807 4868 3181 4943 consuetudine
3211 4871 3550 4943 turbamur...
3581 4862 3701 4943 Nam

2170 4936 2564 4988 necessitatibus
2609 4946 2911 4989 sanctorum
2959 4937 3171 4989 honeste
3219 4938 3367 4993 dicit.
3402 4952 3503 4988 non
3548 4936 3701 4997 quasi,

2170 5017 2274 5059 etc.
2313 5005 2479 5076 Paulo
2527 5004 2661 5057 infra
2716 5022 2817 5061 ms.
2875 5006 3072 5076 Regius
3121 5022 3269 5057 num.
3312 5005 3700 5072 1639.quoqua

2170 5078 2324 5128 modo
2348 5075 2536 5127 habere
2564 5091 2908 5129 communem.
2946 5075 3145 5130 Deinde
3168 5076 3448 5138 Rabauus,
3473 5076 3519 5125 id
3545 5084 3702 5139 aptum

2168 5156 2216 5198 et
2248 5145 2553 5197 conveniens
2582 5146 2803 5198 videtur.

2241 5212 2355 5282 (60)
2391 5214 2487 5266 Ms.
2519 5213 2717 5282 Ilcgius
2745 5230 2894 5269 num.
2927 5215 3098 5278 1659,
3128 5211 3500 5280 hospitalitatis
3546 5208 3703 5261 muni-

2169 5283 2455 5351 ﬁcentiam.
2484 5282 2675 5338 Cameri
2704 5295 2904 5345 mss.et
2925 5287 3074 5349 editi,
3102 5284 3504 5350 hospitalitatem
3522 5289 3704 5333 secten-

2171 5354 2239 5406 tis
2268 5354 2736 5421 magniﬁcentiam.

2380 5422 2630 5499 gillthth
2657 5424 2791 5499 forte
2816 5424 2870 5499 in
2898 5422 3084 5499 plateis
3107 5422 3339 5476 sedeant.
3490 5488 3502 5499 θ

2265 5423 2352 5491 61)
2383 5423 2545 5485 Editi,
2568 5440 2630 5476 ne
2657 5424 2791 5491 forte
2816 5424 2870 5476 in
2898 5423 3084 5490 plateis
3107 5423 3339 5476 sedeant.

2241 5423 2352 5563 (62)
2377 5491 2467 5545 Sic
2492 5493 2619 5545 editi
2652 5502 2707 5547 et
2734 5493 3004 5563 liabaﬁnus.
3030 5493 3157 5546 Mss.
3180 5506 3311 5546 vero
3343 5488 3503 5563 nostri
3531 5497 3703 5563 omnes

2171 5560 2374 5618 habent
2419 5564 2789 5619 tantummodo
2811 5601 2827 5630 ,
2861 5562 3196 5632 Benedicite,
3223 5572 3270 5617 et
3316 5561 3468 5616 nolite
3500 5560 3703 5613 maledi-

2170 5646 2305 5686 cere.
