3744 6146
124 315 243 370 12ΞΙ

1053 313 1404 374 COMMENT.
1444 315 1511 372 IN
1545 316 1765 372 EPIST.
1798 319 1891 373 AD
1923 318 2091 375 ROM.
2126 319 2253 376 LIB.
2294 322 2386 378 lX.

3220 335 3359 392 Im

121 432 221 486 Non
251 432 359 486 vult
384 432 672 489 credentes
697 432 919 490 Christo
948 435 1016 490 de
1045 451 1144 491 ore
1169 453 1269 492 suo
1298 438 1543 509 proferre
1572 455 1686 495 ma-
1714 443 1762 501 A
1785 443 1876 512 qui
1903 444 2050 512 ﬂent,
2075 445 2325 513 quoniam
2352 447 2454 515 ipsi
2483 448 2895 506 consolabuntur
2914 453 2984 509 ⁸⁷.
3019 454 3077 511 Si
3104 459 3228 527 quis
3267 460 3361 518 lict

119 526 379 590 ledictum,
405 527 499 581 sed
526 527 661 581 bene
689 525 856 595 loqui,
881 528 1020 585 bene
1053 531 1255 596 dicere,
1286 534 1423 588 bene
1450 535 1683 603 precari,

119 626 171 669 ut
193 631 254 669 ex
290 614 393 670 hoc
423 627 476 671 et
511 614 637 672 b'oni
684 618 887 674 domini
944 621 1086 675 servi
1116 661 1130 684 ,
1162 632 1218 676 et
1267 623 1392 679 boni
1439 627 1683 698 magistri

116 706 393 760 credantur
417 722 538 761 esse
571 708 839 777 discipuli.
871 709 1163 767 Sciendum
1205 725 1387 771 tamen
1424 726 1507 773 est
1537 720 1681 790 quod

115 811 280 851 serino
305 798 391 852 hic
414 799 808 857 benedictionis
828 803 879 856 in
908 803 1206 875 Scripturls
1227 808 1447 864 diverse
1472 813 1680 881 positus

118 886 395 941 invenitur.
424 888 558 943 Nam
580 901 635 945 et
661 891 803 947 Deus
826 895 1152 952 benedicere
1179 899 1261 952 vel
1288 900 1557 966 homines,
1593 904 1679 957 vel

116 986 292 1030 cretera
323 993 446 1045 qua:
468 994 768 1046 creaverat,
789 984 1125 1040 invenitur”
1150 1007 1164 1051 ;
1190 999 1244 1042 et
1266 990 1514 1045 homines
1538 991 1674 1062 (63),

118 1067 189 1120 vel
211 1077 419 1122 caetera:
452 1081 718 1127 creaturae
752 1075 918 1131 Deum
949 1078 1271 1135 benedicere
1321 1083 1580 1152 iubentur
1603 1086 1673 1140 ⁸⁸.

116 1158 207 1212 Sed
237 1159 324 1213 Dei
356 1162 573 1229 quidem
604 1165 906 1223 benedictio
929 1170 1130 1240 aliquid
1150 1175 1513 1245 muneris(6i)
1532 1192 1673 1232 sem-

116 1265 201 1318 per
225 1250 309 1305 bis
358 1255 452 1322 qui
496 1255 565 1308 ab
596 1272 662 1311 eo
688 1257 1080 1314 benedicuntur
1118 1262 1357 1330 impertit
1384 1287 1396 1319 :
1426 1267 1671 1323 homines

1791 551 1891 605 pro
1923 537 2160 603 peccatis
2183 538 2319 602 suis,
2346 539 2391 592 si
2421 541 2542 608 quis
2572 552 2693 609 post
2723 543 2978 600 delictum
3021 547 3359 608 convertitur

1790 629 1856 680 ad
1891 629 2286 696 ptenitentiam,
2315 641 2369 685 et
2395 645 2636 689 errorem
2667 650 2820 691 suum
2842 638 3097 710 lacrymis
3121 642 3287 712 lavat,
3308 648 3356 703 si

1787 720 1909 787 quis
1940 720 2242 789 iogemiscit
2273 723 2437 777 etiam
2467 725 2518 778 in
2546 727 2859 786 habitacqu
2893 732 2996 787 isto
3041 735 3272 803 positus,
3299 751 3358 796 et

1787 812 1852 863 ad
1880 811 2156 866 Christum
2207 815 2383 869 redire
2418 815 2726 881 desiderat,
2761 830 2818 876 et
2852 834 3100 880 sanctum
3135 829 3353 884 deside.

1787 901 1924 956 rium
1953 903 2317 976 lacryniarum
2338 907 2652 977 profusione
2669 911 2878 967 solatur
2899 917 3032 987 (70),
3060 918 3353 989 jungamus

1783 1008 1906 1048 cum
1936 995 2133 1052 talibus
2162 997 2429 1070 lacrymas
2453 1013 2693 1066 nostras,
2711 1015 2764 1059 et
2789 1010 3019 1076 gemitus
3042 1025 3347 1080 sociemus;

1781 1101 1903 1139 nam
1938 1088 2050 1156 (71)
2084 1090 2302 1144 tristitia
2331 1108 2450 1162 quia
2471 1098 2757 1150 secundum
2798 1099 2969 1152 Deum
2996 1110 3092 1164 est,
3121 1102 3348 1159 salutem

1778 1177 2019 1233 stabilem
2057 1198 2152 1249 per
2181 1186 2537 1250 pamitentiam
2567 1200 2817 1257 aperatur
2837 1190 2905 1244 ⁸⁸.

1848 1292 1934 1347 16.
1971 1293 2210 1363 ldipsum
2232 1299 2447 1352 invicem
2476 1302 2752 1355 sentientes
2774 1302 2841 1356 θ’.
2879 1301 3070 1358 Sermo
3103 1306 3203 1364 iste
3236 1325 3346 1366 non

1776 1393 1967 1437 natura
2000 1386 2102 1447 sui,
2128 1387 2221 1441 sed
2245 1389 2692 1457 interpretatione
2718 1395 3004 1451 obscurior
3035 1399 3213 1455 factus
3235 1411 3343 1457 est.

1775 1474 1889 1530 Hoc
1916 1486 2003 1531 est
2026 1478 2168 1531 enim
2191 1481 2332 1549 quod
2353 1482 2506 1547 dicit,
2533 1492 2592 1537 ut
2623 1484 2696 1538 ita
2727 1486 2792 1539 de
2820 1486 2989 1542 fratre
3019 1491 3341 1558 sentiamus,

1771 1578 1831 1620 ut
1863 1567 1930 1622 de
1965 1570 2119 1624 nobis
2149 1573 2315 1641 ipsis;
2343 1580 2399 1628 et
2428 1575 2500 1629 ita
2534 1579 2760 1635 velimus
2786 1582 3035 1650 proximo
3054 1623 3070 1648 ,
3118 1588 3261 1641 sicut
3288 1596 3346 1641 et

1912 1621 1923 1622 γ
2009 1621 2115 1624 ,Ἴκτ
2151 1621 2315 1641 ..νγ-τ,
2347 1621 2398 1628 ν-
2430 1621 2500 1629 --κ
2545 1621 2760 1635 -νηιιιιιυ
2787 1621 3070 1650 γιυωιιιιυ,
3118 1621 3261 1641 οιινιιι
3288 1621 3338 1641 Cl

115 1631 453 1685 provocamur
470 1621 813 1689 abinimicis,
834 1625 920 1679 vel
937 1642 1057 1680 cum
1084 1627 1405 1699 instigamur
1433 1634 1662 1702 injuriis,
1771 1660 1929 1715 nobis
1958 1659 2242 1716 volumus:
2278 1674 2338 1717 ιη
2367 1676 2421 1719 ει
2463 1666 2717 1724 Dominus
2750 1672 2800 1725 in
2848 1672 3140 1745 Evangelia
3169 1678 3338 1733 dicit:

116 1719 276 1745 mnnnl
320 1726 388 1745 nn
429 1728 530 1745 πει-Λ
562 1715 861 1745 ωσιΙΛιΙῖΛΙῖο
891 1717 1168 1745 νηηΙΑΛειιο..
1208 1723 1492 1745 ---ι,1-------
1520 1743 1529 1745 _
1574 1743 1614 1745 μ
1649 1728 1662 1745 ι

115 1719 281 1833 ξῃθηθι
320 1726 388 1764 ne
428 1728 530 1782 pro
562 1715 863 1770 maledictis
890 1717 1171 1773 maledicta
1208 1723 1533 1793 reddamus;
1567 1728 1662 1782 59d
1771 1751 1901 1816 Quae
1938 1753 2096 1808 vultis
2131 1766 2188 1809 ut
2227 1757 2429 1826 faciant
2470 1762 2609 1816 vobis
2641 1764 2899 1833 homines,
2939 1715 3119 1824 eadem
3158 1781 3209 1825 et
3251 1788 3339 1827 vos

132 1803 353 1833 nolam...
378 1805 521 1833 "una
545 1804 658 1833 ἐπι...
683 1811 1052 1833 .ι,...,.-..-.ε..--
1082 1812 1265 1833 -,--ει.ε.
1311 1815 1402 1833 --ιε
1453 1816 1483 1833 μ
1524 1818 1624 1833 ι-..
1699 1822 1734 1833 ,ι

115 1797 355 1858 laciamus
377 1805 522 1872 quod
545 1804 659 1873 ipse
680 1811 745 1862 de
761 1814 1057 1879 semetipso
1079 1812 1292 1879 scribit,
1310 1815 1403 1870 ubi
1434 1816 1659 1872 dicit“:
1698 1822 1736 1876 Β
1763 1797 1819 1909 ἧι

115 1889 491 1959 Haledicimur,
518 1906 568 1950 et
595 1897 947 1955 benedicimus
975 1901 1111 1974 (66).

173 1982 251 2037 15.
283 1981 528 2039 Gaudere
558 2003 675 2039 cum
723 1990 1110 2057 gaudentibus,
1149 1996 1276 2063 ﬂere
1323 2013 1440 2051 cum
1482 1998 1664 2068 ﬂenti-

113 2071 191 2124 bus
218 2071 282 2126 ⁸³.
319 2072 579 2128 Habenda
608 2085 690 2129 est
717 2078 882 2131 etiam
918 2079 970 2134 in
1007 2083 1107 2137 hoc
1137 2097 1451 2154 competens
1475 2086 1587 2159 (67)
1611 2097 1666 2143 et

113 2175 218 2230 apta
262 2166 559 2221 distinctio.
610 2166 726 2220 Non
789 2173 929 2224 enim
984 2175 1395 2247 quibuscunque
1455 2181 1664 2248 gaudiis

111 2252 520 2310 Christianorum
552 2260 741 2327 gaudia
775 2262 1035 2318 socianda
1087 2281 1216 2321 sunt
1241 2308 1256 2331 ,
1291 2283 1388 2324 nec
1432 2271 1662 2340 quibus-

112 2358 304 2416 cunqne
345 2346 564 2402 ﬂetibus
613 2350 864 2423 lacrytna:
909 2364 1111 2411 nostra:
1164 2358 1453 2429 jungendze
1514 2373 1657 2419 sunt.

112 2435 276 2506 Neque
303 2443 447 2494 enim
480 2444 524 2497 si
552 2444 761 2498 videam
789 2447 1027 2515 gaudere
1057 2450 1291 2519 aliquem
1325 2469 1489 2524 super
1515 2471 1657 2526 qu.e-

112 2536 185 2579 stu
214 2532 476 2597 pecuniae,
505 2545 597 2588 aut
624 2537 1022 2603 possessionum
1041 2539 1342 2611 latitudine,
1366 2554 1460 2598 aut
1487 2561 1659 2601 saecu-

111 2616 225 2673 laris
258 2622 480 2678 horroris
509 2628 824 2693 eminentia,
847 2633 1214 2701 congratulari
1234 2636 1405 2691 debeo
1439 2639 1656 2701 talibus.

109 2706 187 2775 qui
222 2709 382 2762 sciam
438 2714 582 2780 quod
624 2715 934 2784 huiusmodi
972 2722 1165 2791 gaudia
1215 2724 1390 2780 luctus
1429 2742 1664 2798 sequan-

111 2806 186 2850 tur
208 2808 260 2852 et
288 2800 554 2871 lacrymae.
586 2804 647 2858 In
677 2814 884 2861 tantum
914 2812 1115 2866 etenim
1150 2814 1260 2887 (68)
1291 2831 1400 2871 non
1426 2829 1508 2873 est
1536 2836 1658 2889 gau-

110 2892 325 2946 dendum
362 2894 433 2950 de
472 2896 687 2963 talibus,
729 2909 791 2954 ut
829 2901 1090 2960 Dominus
1126 2907 1402 2979 discipulis
1438 2913 1551 2967 suis
1590 2928 1662 2970 ne

115 2980 221 3035 inde
241 2984 456 3052 quidem
485 2988 715 3055 gaudere
736 2993 1065 3046 concesserit
1093 2997 1233 3063 quod
1266 3000 1527 3053 daemonia
1557 3005 1656 3057 sibi

113 3071 343 3127 videbant
382 3090 505 3131 esse
532 3079 789 3145 subjecta.
828 3085 919 3137 sed
951 3083 1027 3136 ait
1054 3084 1171 3139 eis:
1205 3084 1389 3142 Nolite
1432 3093 1659 3159 gaudere

111 3165 218 3228 quia
242 3166 503 3220 dtemonia
548 3169 689 3222 vobis
715 3172 949 3240 subjecta
988 3184 1112 3227 sunt
1134 3196 1153 3239 ,-
1189 3178 1279 3230 sed
1305 3184 1548 3248 gaudete,
1572 3183 1657 3235 in-
1686 3206 1725 3258 ε

113 3256 231 3318 quit,
260 3258 381 3327 quia
414 3262 629 3314 nomina
654 3274 823 3317 vestra
851 3266 1045 3334 scripta
1066 3280 1184 3320 sunt
1213 3269 1267 3322 in
1295 3271 1427 3323 libro
1450 3273 1566 3327 vita:
1589 3274 1658 3329 ⁸⁵.

114 3344 170 3399 Et
201 3365 290 3404 uos
317 3368 451 3422 ergo
495 3354 540 3408 si
582 3356 861 3412 videamus
904 3359 972 3411 ab
1008 3359 1188 3428 aliquo
1225 3362 1336 3416 tale
1361 3378 1494 3431 opus
1524 3367 1660 3435 geri,

112 3443 310 3505 quodin
340 3445 483 3498 caelo
516 3447 681 3501 scribi
706 3447 924 3516 dignum
957 3450 1061 3514 sit,
1095 3453 1207 3505 sive
1247 3452 1472 3520 justitize
1502 3472 1660 3523 opus.

112 3528 209 3583 sive
227 3533 529 3598 charitatis,
558 3537 670 3590 sive
704 3541 869 3606 pacis,
898 3542 1011 3594 sive
1056 3543 1474 3611 misericordiae;
1505 3558 1559 3600 et
1590 3550 1660 3603 ita

111 3630 319 3688 gestum,
354 3635 412 3677 ut
443 3627 493 3679 in
527 3627 664 3679 libro
694 3629 816 3681 vitm
851 3630 1037 3687 referri
1073 3648 1364 3697 mereatur.
1401 3637 1659 3693 debemus

114 3713 322 3779 gaudere
350 3732 474 3770 cum
512 3717 707 3774 talibus
735 3720 868 3791 (69).
896 3721 1001 3776 Sed
1032 3733 1085 3777 et
1110 3724 1155 3778 si
1187 3741 1347 3795 quem
1378 3729 1657 3784 videamus

113 3805 167 3855 ab
196 3820 374 3862 errore
403 3823 743 3876 conversum,
766 3823 817 3865 et
841 3815 1039 3869 relictis
1069 3817 1385 3885 ignorantia:
1419 3822 1656 3878 tenebris

113 3897 165 3946 ad
201 3895 365 3952 lucem
396 3901 646 3957 veritatis
681 3904 926 3967 venisse,
960 3916 1011 3960 et
1039 3900 1430 3965 'remissionem
1465 3928 1654 3980 pecca-

112 3994 286 4049 torum.
315 4000 369 4045 et
400 3994 625 4061 gratiam
655 3998 827 4050 sancti
867 3995 1098 4066 Spiritus
1151 4004 1415 4057 meruisse
1441 4044 1454 4065 .
1484 4005 1669 4073 debe-,

110 4091 213 4133 mus
244 4086 479 4149 gaudere
512 4100 632 4138 cum
662 4089 874 4142 talibus.
902 4089 1164 4145 Similiter
1184 4102 1361 4146 autem
1391 4096 1518 4164 ﬂere
1534 4113 1651 4149 cum

109 4170 347 4238 ﬂentibus,
375 4193 482 4231 non
505 4193 622 4231 cum
644 4179 747 4235 illis
776 4184 866 4250 qui
897 4181 1025 4237 llent
1055 4195 1293 4239 mortuos
1319 4201 1443 4240 suos
1470 4187 1538 4251 ⁸⁸,
1563 4189 1649 4255 ju-

111 4260 297 4331 bemur,
321 4275 415 4319 aut
435 4269 524 4336 qui
558 4266 684 4321 ﬂent
717 4270 908 4323 damna
940 4271 1240 4335 saecularia,
1268 4273 1502 4329 scientes
1522 4276 1647 4342 quia

116 1356 231 1396 vero
258 1343 427 1398 Deum
455 1346 777 1404 benedicere
799 1391 815 1415 ,
848 1368 945 1420 pro
969 1368 1035 1407 eo
1065 1356 1205 1423 quod
1233 1366 1315 1410 est
1349 1356 1586 1423 laudare,
1616 1368 1672 1414 et

114 1433 295 1501 gratias
336 1435 563 1500 referre,
611 1439 886 1497 dicuntur.
912 1441 1012 1497 Hic
1061 1455 1239 1499 tamen
1264 1447 1551 1516 Apostolus
1585 1451 1669 1506 di-

115 1538 227 1575 cens
253 1524 384 1594 (65),
406 1524 728 1596 Benedicite,
760 1542 807 1585 et
832 1533 991 1587 nolite
1011 1537 1342 1602 maledicere,
1367 1543 1519 1609 quasi
1543 1557 1664 1598 cum

1824 1843 1922 1896 cite
1954 1843 2058 1899 illis
2087 1847 2155 1902 9°.

1791 1988 1805 2002 .
1834 1953 1921 2009 17.
1955 1954 2079 2010 Νοη
2106 1957 2217 2010 alta
2246 1963 2547 2029 sentientes,
2573 1965 2664 2017 sed
2696 1967 2985 2024 humilibus
3008 1974 3340 2030 consentien-

1764 2052 1838 2098 tes
1866 2045 1933 2098 ’⁵.
1965 2045 2282 2116 Superbiam
2311 2066 2406 2119 per
2447 2057 2625 2109 omnia
2660 2056 2773 2129 (72)
2811 2061 3179 2131 refugiendam
3226 2069 3331 2122 do-

1763 2146 1895 2202 cet;
1932 2139 2035 2193 hoc
2064 2141 2209 2195 enim
2258 2144 2394 2199 dicit
2437 2146 2544 2199 alta
2589 2151 2812 2204 sentire.
2852 2152 3014 2224 653
3045 2155 3112 2209 Et
3138 2158 3336 2214 merito

1762 2228 2012 2297 superbia
2060 2229 2315 2300 fugienda
2357 2246 2462 2299 est,
2491 2251 2612 2291 cum
2651 2241 2930 2310 Scriptura
2998 2247 3165 2313 dicat,
3207 2252 3335 2320 quia

1758 2319 1969 2373 initium
1994 2323 2295 2379 discedendi
2327 2344 2357 2380 a
2404 2328 2534 2391 Deo,
2567 2333 2810 2399 superbia
2856 2344 2933 2388 est
2964 2336 3029 2386 9'.
3063 2337 3207 2394 Bene
3228 2319 3337 2395 fau-

1763 2420 1868 2467 tem
1898 2429 2004 2469 uno
2020 2431 2268 2473 sermone
2296 2420 2683 2478 institutionem
2714 2427 3028 2483 humilitatis
3050 2434 3330 2499 exposuit;

1760 2506 2064 2562 consentire
2098 2509 2243 2563 enim
2292 2513 2602 2578 humilibus,
2653 2526 2708 2571 et
2737 2532 2923 2574 amare
2968 2522 3218 2589 humiles,
3247 2534 3334 2579 at-

1761 2607 1864 2661 que
1895 2594 2163 2652 inclinare
2202 2613 2262 2653 se
2295 2601 2361 2653 ad
2399 2617 2516 2665 eos,
2563 2603 2667 2659 hoc
2702 2616 2784 2659 est
2823 2622 3174 2666 consuescere
3204 2613 3330 2667 imi-

1764 2685 1864 2738 tari
1914 2700 2038 2739 eum
2096 2690 2189 2758 qui
2239 2706 2359 2745 cum
2413 2694 2465 2747 in
2516 2692 2689 2749 forma
2748 2697 2842 2751 Dei
2886 2710 3052 2767 esset,
3099 2700 3329 2759 formam

1759 2777 1898 2831 servi
1954 2782 2213 2848 suscepit,
2264 2792 2319 2835 et
2372 2784 2679 2841 humiliavit
2731 2802 2790 2843 se
2837 2804 3008 2861 usque
3059 2793 3127 2848 ad
3179 2808 3327 2850 mor-

1761 2877 1865 2923 tem
1897 2870 1965 2925 9’.

1830 2983 1919 3037 18.
1953 2983 2136 3040 Nolite
2155 3002 2266 3042 esse
2296 2989 2575 3057 prudentes
2601 2997 2742 3062 apud
2762 2999 3099 3067 vosmetipsos
3121 3001 3188 3054 “.
3221 3000 3330 3069 Qui

1758 3073 1857 3128 sibi
1894 3077 1994 3146 ipsi
2019 3079 2256 3147 prudens
2298 3096 2421 3137 esse
2460 3084 2688 3147 videtur,
2736 3086 2823 3140 hic
2857 3103 2976 3141 cum
3009 3094 3323 3161 arrogantia

1760 3165 1956 3241 stultus
1979 3175 2097 3231 est;
2130 3179 2438 3246 necpotest
2475 3186 2655 3225 veram
2679 3174 2995 3239 sapientiam
3032 3175 3125 3230 Dei
3162 3178 3323 3246 scire,

1766 3259 1859 3314 qur
1886 3261 2039 3300 suam
2070 3245 2343 3303 stultitiun
2372 3251 2525 3320 quasi
2559 3253 2874 3321 sapientiam
2909 3259 3055 3312 colit.
3090 3256 3331 3326 Denique

1763 3338 1816 3392 in
1862 3342 2229 3410 superioribus
2275 3344 2414 3399 hanc
2457 3344 2622 3401 fuisse
2670 3348 3060 3404 incredulitatis
3108 3366 3328 3405 causam

1760 3428 1980 3496 Iudaeis,
2011 3434 2123 3502 ipse
2148 3435 2344 3489 Paulus
2370 3436 2603 3503 edocuit,
2627 3439 2813 3493 dicens
2831 3441 2899 3494 de
2918 3441 3015 3503 eis,
3038 3443 3161 3511 quia
3188 3444 3332 3513 igno-

1763 3532 1943 3578 rantes
1985 3523 2081 3578 Dei
2111 3525 2411 3594 justitiam,
2453 3539 2503 3581 et
2547 3546 2695 3582 suam
2732 3530 3003 3598 justitiam
3038 3544 3326 3601 querentes

1761 3625 2010 3680 statuere,
2025 3619 2255 3686 justitia:
2286 3619 2378 3673 Dei
2400 3637 2500 3674 non
2522 3632 2643 3676 sunt
2670 3623 2887 3692 subjecti
2911 3625 2976 3678 ⁵⁵.
3010 3625 3097 3680 Sic
3119 3642 3246 3697 ergo
3270 3637 3328 3682 et

1760 3710 1849 3774 qui
1884 3712 2023 3776 apud
2054 3711 2402 3778 semetipsum
2442 3713 2658 3779 sapiens
2699 3724 2803 3777 est,
2842 3730 2946 3769 non
2985 3724 3164 3783 potest
3197 3730 3321 3771 esse

1757 3799 1972 3866 sapiens
1997 3801 2138 3870 apud
2166 3802 2358 3875 Deum.

1825 3914 1913 3968 19.
1950 3913 2102 3969 Nulli
2126 3918 2325 3972 malum
2353 3936 2448 3989 pro
2477 3921 2616 3974 malo
2639 3920 2911 3976 reddenles
2936 3922 3003 3975 ".
3036 3921 3091 3977 Si
3121 3922 3321 3978 malum

1754 4006 1956 4061 inferre
1988 4024 2212 4077 peccare
2244 4020 2347 4081 est,
2387 4026 2442 4069 et
2466 4015 2690 4069 reddere
2718 4014 2916 4067 malum
2949 4028 3079 4079 non,
3112 4025 3170 4069 ut
3201 4017 3321 4085 qui-

1752 4098 1971 4154 busdam
2001 4102 2231 4167 videtur,
2258 4104 2456 4173 justum
2482 4115 2585 4170 est,
2614 4105 2898 4160 sedsimile
2915 4118 3190 4175 peccatum
3214 4117 3323 4175 est,

1749 4197 1860 4256 aut,
1884 4198 1943 4244 ut
1958 4206 2059 4261 ego
2084 4192 2490 4265 arbitror,etiam
2503 4197 2737 4265 gravius.
2758 4194 2889 4249 Nam
2910 4196 2996 4251 ille
3016 4196 3105 4265 qui
3124 4198 3322 4254 malum

1747 4280 1896 4348 prior
1933 4281 2131 4347 intulit,
2165 4283 2303 4339 forte
2336 4286 2449 4355 (75)
2482 4301 2585 4339 non
2615 4285 2784 4339 sensit
2811 4288 3008 4342 malum
3028 4304 3147 4344 esse
3177 4292 3319 4359 quod

109 4352 247 4421 hujus
282 4357 462 4412 steculi
495 4362 711 4414 tristitia
756 4372 969 4414 mortem
1001 4373 1246 4429 operatur
1270 4364 1337 4417 ⁸⁸.
1372 4363 1482 4417 Νοιι
1521 4376 1646 4420 sunt
1748 4371 1890 4425 fecit.
1912 4372 2013 4440 Qui
2031 4386 2208 4429 autem
2230 4352 2694 4442 reddiditmalum,
2716 4394 2781 4433 eo
2799 4378 2917 4449 ipso
2936 4395 3042 4448 quo
3061 4381 3131 4434 ad
3156 4381 3322 4436 ulcis-

112 4452 229 4510 ergo
261 4445 509 4516 lacrymte
540 4460 735 4503 nostra:
778 4450 1061 4519 iungenda:
1093 4466 1214 4505 cum
1249 4453 1443 4508 talibus
1482 4471 1497 4520 ;
1551 4458 1643 4510 sed
1744 4464 1974 4518 cendum
1994 4477 2075 4519 est
2098 4478 2294 4534 motus,
2323 4469 2701 4525 confessusest
2720 4472 2955 4526 sensisse
2986 4472 3182 4526 malmn
3201 4488 3322 4529 esse

112 4542 212 4582 cum
235 4534 335 4588 illis
358 4536 590 4591 ﬂendum
617 4544 778 4594 estde
804 4542 998 4610 quibus
1032 4542 1158 4596 .iicit
1187 4544 1475 4603 Dominus:
1499 4547 1648 4605 Beati
1685 4547 1726 4601 D
1754 4558 1897 4623 quod
1923 4557 2174 4612 reddidit.
2217 4559 2285 4613 Et
2314 4561 2433 4614 ideo
2467 4561 2859 4631 respiciendum
2889 4577 3104 4633 semper
3136 4573 3222 4620 est
3251 4566 3320 4618 ad

166 4673 209 4704 ³⁸⁵
243 4674 449 4765 £62.},
479 4677 566 4731 ‘22.
642 4679 858 4765 sinliau:
882 4680 1064 4765 Ruﬁ?
1091 4698 1227 4765 seq.“
1308 4685 1546 4765 “fallier.
1588 4708 1654 4755 tv,

1869 4694 1915 4725 ⁸³
1945 4692 2099 4747 Rom.
2131 4712 2227 4759 xu,
2254 4698 2340 4751 15.
2414 4698 2461 4730 ⁸⁵
2495 4699 2626 4754 Luc.
2659 4717 2713 4763 κ,
2736 4699 2827 4753 ‘20.
2902 4699 2947 4730 ⁸⁸
2979 4698 3169 4754 Matth.
3200 4716 3319 4765 vm,

112 4741 184 4796 Ξῖ·
223 4746 286 4833 .‘i.’
316 4748 351 4800 "
376 4750 509 4833 .‘E‘u-
540 4765 632 4833 ut.
662 4750 752 4833 '0;
777 4822 790 4833 .
816 4751 857 4782 ³⁷
880 4750 1131 4833 Matth-.3
1401 4741 1654 4833 "per?

1815 4765 1886 4816 |0_
1945 4741 2415 4831 *έθηίίίιιῖιΐέιῇν16-
2496 4741 3005 4833 δῖ”ᾖέιῆἶιῗνέιιΛὶ
3081 4771 3124 4803 ἰ
3162 4742 3320 4829 lium:

112 4827 193 4877 sn,
219 4818 299 4870 l6.
376 4818 421 4850 θ’
448 4819 611 4874 Eccli.
655 4822 817 4882 χ,14.
915 4822 961 4853 ⁵³
992 4821 1181 4888 Philip.
1212 4840 1274 4887 ll,
1301 4824 1355 4880 6.
1455 4827 1501 4859 ³⁷⁵
1533 4831 1649 4883 lion

1815 4835 1917 4896 .16.
2015 4818 2430 4905 πῐιιιέιίῖὶζέ.
2536 4818 2764 4895 «nisi.
2811 4818 3036 4904 ιζίῖξῐῆ.

167 4932 271 5001 (ϐὗ)
327 4936 500 5001 Editi,
533 4954 650 5007 qua:
704 4941 930 5002 creavit,
981 4943 1270 5010 invenitur,
1304 4946 1428 4998 item
1476 4948 1650 5003 homi-

113 5013 206 5061 tres,
231 5015 333 5060 etc.

168 5072 270 5144 (64)
301 5074 396 5130 Ms.
430 5092 567 5130 unus
591 5087 644 5131 et
672 5077 948 5144 Rabanus,
978 5079 1127 5133 aliud
1157 5086 1411 5138 muneris.

169 5142 509 5226 (65)“0icens.
535 5149 697 5226 Deest
729 5150 784 5226 in
815 5142 993 5226 antea
1004 5153 1184 5226 editis,
1218 5166 1273 5208 et
1298 5160 1348 5209 in
1374 5154 1645 5226 plerisque

112 5214 508 5284 ms_s._Rabanus
533 5218 698 5272 habet
731 5219 805 5271 ait
837 5235 933 5284 pro
959 5214 1178 5275 (ίὶεεηε.⁷
1374 5214 1389 5225 ’
1557 5214 1571 5226 ’
1603 5214 1636 5255 ⁸

170 5282 269 5353 (66)
294 5286 456 5353 Editi,
484 5289 576 5341 sed
599 5282 965 5343 benedicimus.

294 5354 454 5427 Etliti,
479 5361 637 5410 etiam
664 5360 748 5410 hic
774 5371 1084 5427 competens,
1113 5372 1220 5415 etc.

170 5421 269 5492 (68)
300 5423 527 5480 Etenim.
558 5429 715 5481 Deest
743 5429 796 5482 in
834 5421 982 5483 libris
1014 5421 1171 5485 antea
1202 5432 1383 5487 editis.

132 5493 269 5570 “(69)
294 5493 394 5550 Ms.
423 5495 625 5564 Regius
660 5512 807 5552 num.
838 5498 1003 5569 1659,
1041 5502 1130 5555 hic
1166 5512 1221 5556 et
1252 5504 1425 5570 inira,
1465 5505 1531 5559 de
1563 5515 1646 5561 ta-

110 5564 249 5617 tibus.

168 5632 272 5704 (70)
294 5634 383 5690 Sic
405 5645 549 5692 recte
578 5653 679 5692 ms.
713 5636 912 5704 Regius
942 5654 1090 5693 num.
1123 5640 1280 5696 1659.
1303 5642 1492 5697 Οεειθτὶ
1520 5660 1648 5702 vero

111 5713 223 5784 mss:
252 5716 304 5760 et
328 5708 454 5761 editi
478 5748 493 5773 ,
519 5721 566 5761 et
591 5718 877 5784 secundum
919 5710 1234 5764 desiderium
1282 5713 1647 5784 lacrymarum

106 5773 386 5844 profusione
401 5778 626 5834 lavatur.
647 5779 924 5846 Rabanus,
936 5789 986 5835 et
1002 5790 1241 5837 sanctum
1256 5773 1645 5844 desidErium...

1758 4952 1923 5008 lavat.

1826 5024 1937 5094 (7i)
1973 5022 2131 5077 Nam.
2165 5026 2316 5080 Deest
2351 5028 2401 5080 in
2446 5027 2603 5081 editis
2630 5037 2683 5080 et
2732 5028 2786 5080 in
2834 5027 3109 5096 plerisque
3159 5043 3316 5090 m<s..

1755 5097 1845 5168 sed
1890 5096 2190 5168 t'esl_il.t_tilur
2223 5114 2284 5149 ex
2322 5097 2562 5168 Rabano.
2600 5097 2700 5151 Ms.
2737 5097 2940 5168 Regius
2974 5114 3120 5154 num.
3156 5099 3313 5162 lb'ﬁu,

1754 5163 1934 5253 baltei,
1970 5163 2171 5253 (Tristia
2206 5168 2341 5220 enim
2378 5184 2474 5236 pro
2502 5163 2994 5253 Nam-tristitia“...
3063 5250 3076 5253 Α
3126 5251 3137 5253 Δ
3212 5235 3244 5253 ﬂ

1825 5232 1935 5317 (ἷξε)
1970 5235 2060 5287 Sic
2090 5252 2277 5290 omnes
2315 5232 2443 5317 ltlSS.
2474 5248 2529 5317 et
2556 5236 2829 5317 Rabanus.
2859 5236 2994 5317 Editi
3022 5250 3167 5317 vero.
3205 5235 3315 5291 Su-

1748 5303 1980 5373 perbiam
2014 5321 2170 5367 super
2212 5311 2465 5363 omnia...
2499 5308 2597 5359 hoc
2631 5310 2771 5360 enim
2812 5306 3186 5373 beneplacitum
3235 5318 3311 5360 est

1749 5370 1980 5457 [lemnEt
2010 5377 2196 5456 merito
2220 5379 2462 5457 superbia
2503 5377 2754 5457 fugienda
2785 5388 2891 5439 est,
2920 5370 3037 5457 eum
3062 5379 3314 5457 scriptum

1750 5442 1838 5514 sit,
1869 5441 2009 5514 Quia
2027 5446 2231 5497 initium
2255 5441 2611 5500 discedeudi'a
2642 5448 2748 5501 Deo
2770 5446 3010 5514 superbia
3038 5457 3112 5499 est
3163 5441 3316 5501 Unde

1751 5510 2030 5586 Apostolus
2060 5516 2122 5586 in;
2152 5531 2254 5568 uno
2298 5515 2597 5586 (Rabaous,
2629 5519 2683 5569 in
2717 5510 2909 5583 primo)
2942 5530 3179 5571 sermone
3230 5520 3315 5572 in-

1752 5580 2076 5635 stitutionem
2105 5580 2419 5639 humilitatis
2442 5580 2789 5641 commendat.

1823 5661 1932 5733 (7'5)
1976 5658 2152 5712 Forte.
2198 5659 2370 5739 Deest
2406 5660 2459 5710 in
2499 5659 2658 5739 editis
2687 5665 2742 5739 e_t
2768 5655 3138 5739 inplerisque
3182 5673 3314 5716 mss.

1751 5727 1965 5788 necnon
2004 5739 2061 5785 et
2096 5729 2238 5798 apud
2277 5728 2576 5798 Rabanum.
2616 5727 2724 5783 Sed
2760 5727 3061 5783 restituitur
3101 5743 3170 5786 ex
3207 5745 3318 5785 uno

1723 5791 1856 5862 zms.
1894 5801 2061 5875 Regio
2095 5792 2248 5856 num.
2286 5797 2442 5857 l6i0.
