3744 6146
436 276 578 333 122⁸5

1897 274 2219 332 ORIGENIS

3527 273 3638 329 liii

431 408 556 450 eum
586 391 674 461 qui
714 391 891 447 dixit:
921 388 1055 445 Mihi
1085 391 1394 459 vindictam,
1424 407 1517 464 ego
1546 392 1853 461 retribuam,
1874 394 2000 450 dicit
2031 402 2074 457 Α
2110 389 2417 452 retribuam,
2440 387 2571 443 dicit
2602 385 2866 443 Dominus
2898 388 2941 444 ³.
2977 386 3042 443 Ili
3071 389 3163 456 qui
3196 388 3402 459 seipsos
3423 404 3515 447 non
3543 396 3637 450 via-

431 483 693 538 Dominus
732 480 799 533 °".

500 572 589 629 20.
615 570 961 626 Providentes
989 570 1124 624 bona
1152 585 1329 623 coram
1351 571 1587 625 omnibus
1614 570 1912 626 hominibus
1933 573 2001 629 ".

430 664 627 721 Coram
665 664 919 717 omnibus
962 663 1272 716 hominilms
1329 663 1575 732 providet
1608 667 1728 730 quis
1763 666 1926 726 bona,
1956 666 2005 721 si

431 772 537 810 non
598 755 812 827 placeat
869 756 1206 826 singulorum
1265 757 1349 808 vel
1393 757 1557 821 vitiis,
1603 757 1684 811 vel
1741 758 2002 811 lauribus.

427 847 681 917 Alioquin
738 847 1012 902 contraria
1073 848 1181 900 erit
1229 846 1341 916 (74)
1392 846 1478 899 illa
1526 848 1771 916 Apostoli
1833 848 2004 916 ipsius

428 941 695 995 sententia
736 954 856 1008 quae
893 939 1065 994 dicit:
1096 937 1208 1008 Ego
1236 941 1280 993 si
1309 940 1610 994 hominibus
1653 940 1860 1008 placere
1900 942 2006 994 vel-

428 1032 551 1096 lem,
583 1031 782 1086 Christi
803 1049 983 1087 servus
1030 1049 1134 1086 non
1164 1049 1330 1086 essent
1357 1033 1424 1088 θ’.
1461 1031 1568 1087 Sed
1595 1036 1685 1102 qui
1721 1035 1840 1088 vita:
1867 1049 2001 1096 suat,

431 1137 485 1180 ct
522 1143 753 1190 morum,
786 1138 946 1197 atque
977 1136 1190 1182 actuum
1225 1137 1369 1182 tenet
1400 1128 1619 1191 libram,
1658 1141 1714 1183 ut
1743 1146 1845 1183 non
1878 1147 2002 1199 pus-

426 1217 497 1270 sit
537 1220 604 1272 ab
645 1219 752 1270 ullo
788 1220 1065 1272 hominum
1105 1219 1450 1286 reprehendi,
1493 1221 1596 1274 iste
1637 1223 1773 1275 bona
1818 1237 2000 1275 coram

426 1312 675 1365 cuuiiluis
706 1311 1015 1365 hominibus
1054 1312 1319 1378 providet.
1354 1312 1459 1366 Sed
1507 1323 1563 1365 et
1608 1313 1710 1368 hoc
1743 1314 2003 1367 adverta-

430 1417 569 1467 mus,
613 1402 881 1469 quomodo
938 1417 1043 1455 non
1094 1403 1230 1456 dixit
1277 1404 1582 1471 Apostolus,
1638 1417 1696 1458 nt
1750 1408 2003 1459 Omnibus

432 1494 741 1563 placeamus
778 1492 912 1565 (75),
944 1495 1060 1557 sed,
1098 1505 1154 1547 ut
1190 1496 1568 1564 provideamus
1619 1498 1758 1550 bona
1811 1513 1996 1551 coram

426 1586 676 1639 oumilms
708 1585 1032 1650 hominibus,
1075 1588 1176 1640 hoc
1213 1596 1295 1640 est
1334 1598 1390 1640 ut
1437 1603 1661 1653 agamus
1732 1602 1830 1641 nos
1864 1591 1999 1642 bona

426 1692 608 1731 coram
647 1677 897 1733 omuihus
940 1678 1247 1733 hominibus
1300 1679 1414 1734 sive
1455 1680 1557 1735 illis
1586 1680 1833 1751 placeant
1870 1696 1999 1751 quae

426 1770 563 1824 bona
602 1781 748 1837 sunt,
773 1772 888 1825 sive
928 1788 1032 1825 non
1068 1774 1337 1841 placeant.

486 1860 575 1911 21.
605 1858 664 1911 Si
689 1860 935 1926 possibile
958 1873 1058 1927 est,
1080 1863 1216 1931 quod
1237 1879 1302 1915 ea:
1328 1865 1467 1918 vobis
1487 1876 1584 1932 est,
1607 1883 1723 1920 cum
1746 1869 1985 1922 omnibus

417 1948 713 2004 hominibus
740 1969 917 2019 pacem
945 1955 1186 2008 habentes
1209 1955 1247 2006 ⁸.
1276 1953 1465 2011 Sciens
1487 1959 1773 2027 Apostolus
1799 1953 1985 2029 pacem

417 2039 559 2093 inter
600 2057 733 2110 quos
774 2059 877 2112 pax
913 2044 1161 2112 habetur,
1205 2063 1313 2101 non
1358 2063 1423 2103 ex
1459 2067 1564 2104 una
1602 2060 1771 2121 parte,
1801 2053 1894 2108 sed
1920 2069 1984 2107 ex

415 2141 643 2200 utraque
684 2143 964 2199 constare,
1004 2153 1074 2191 ne
1106 2153 1205 2193 nos
1247 2140 1465 2196 alterius
1501 2143 1736 2207 animus,
1770 2144 1812 2200 si
1848 2144 1985 2200 forte

416 2221 711 2291 impacatus
740 2228 1000 2292 evenerit,
1023 2245 1052 2282 a
1076 2230 1215 2285 bono
1238 2232 1382 2300 pacis
1406 2232 1666 2304 impedire
1688 2236 1980 2303 videretur,

413 2314 900 2372 moderatissimum
948 2320 1095 2375 dedit
1125 2333 1454 2393 praeceptum
1484 2343 1496 2378 :
1526 2335 1587 2380 ut
1624 2326 1839 2382 interim
1872 2328 1981 2397 (76)

421 2416 608 2458 thter
655 2406 871 2460 animus
906 2422 1122 2475 semper
1168 2409 1237 2462 sit
1292 2422 1517 2477 paratus
1567 2410 1634 2463 ad
1690 2426 1900 2480 pacem,
1942 2422 1998 2466 et

418 2498 701 2550 discordia:
728 2499 881 2566 culpa
915 2514 1020 2552 non
1054 2514 1221 2567 penes
1254 2516 1370 2563 nos,
1414 2501 1506 2554 sed
1553 2516 1720 2568 penes
1765 2502 1994 2558 alterum

418 2600 645 2643 constet.
683 2587 786 2643 Sed
828 2590 1062 2645 fortasse
1104 2592 1248 2645 dicat
1286 2592 1527 2662 aliquis:
1558 2593 1845 2659 Quomodo
1893 2610 1992 2663 po-

418 2685 525 2733 test
554 2677 666 2731 licri
694 2688 752 2732 ut
786 2693 973 2747 pacem
1000 2694 1121 2733 cum
1152 2681 1404 2734 omnibus
1452 2682 1762 2735 hominibus
1791 2683 1995 2738 hahea-

417 2770 577 2824 mus?
614 2769 679 2823 Et
717 2771 844 2839 quid
892 2769 1150 2825 faciemus
1198 2774 1264 2826 de
1320 2772 1603 2841 Scriptura
1644 2789 1764 2840 qua:
1811 2776 1990 2831 dicit:

423 2858 623 2913 Furem
670 2863 904 2924 videbas,
949 2873 996 2915 et
1047 2864 1397 2916 concurrebas
1447 2882 1567 2918 cum
1610 2865 1722 2927 illo,
1778 2876 1826 2920 et
1871 2884 1992 2921 cum

415 2951 675 3005 adulteris
702 2954 991 3020 portionem
1023 2966 1168 3007 tuam
1205 2956 1429 3021 ponebas
1455 2955 1515 3008 ’?
1542 2956 1665 3009 ideo
1700 2973 1828 3025 ergo
1859 2958 1994 3013 bene

415 3044 705 3112 Apostolus
758 3044 1009 3098 addidit:
1041 3044 1195 3109 Quod
1253 3061 1318 3097 ea:
1363 3046 1508 3099 vobis
1557 3057 1670 3110 est;
1727 3048 1831 3100 hac
1883 3059 1960 3101 est

415 3135 559 3203 quod
597 3136 873 3203 proposito
924 3144 1108 3188 vestro
1165 3144 1218 3189 et
1273 3135 1393 3189 ﬁdei
1450 3146 1646 3190 vestrae
1709 3140 1983 3193 convenit.

414 3227 550 3282 Cum
583 3227 740 3280 malis
764 3228 907 3282 enim
939 3226 1139 3281 habere
1177 3242 1366 3296 pacem
1398 3239 1452 3281 et
1481 3229 1823 3294 societatem,
1861 3227 1986 3282 fidei

414 3329 614 3373 nostrae
653 3318 766 3390 (77)
819 3321 1205 3387 propositoque
1256 3336 1362 3373 non
1417 3320 1697 3383 convenit,
1739 3322 1990 3387 quamvis

412 3418 469 3462 et
493 3409 599 3462 alia
636 3409 691 3462 in
727 3408 845 3463 loco
901 3410 1070 3477 possit
1120 3411 1305 3463 haberi
1350 3409 1650 3463 distinctio.
1711 3411 1869 3464 Aliud
1904 3423 1991 3466 est

413 3500 561 3554 enim
608 3501 853 3556 homines
892 3517 1099 3565 amare,
1140 3502 1284 3555 aliud
1318 3503 1554 3556 crimina
1605 3504 1848 3574 diligere.
1883 3503 1986 3570 Qui

414 3593 660 3647 homines
703 3604 870 3658 amat,
911 3603 1055 3647 amat
1101 3604 1403 3647 creaturam
1452 3593 1546 3646 Dei
1582 3606 1596 3646 :
1630 3594 1722 3661 qui
1761 3594 1987 3649 crimina

412 3686 610 3756 diligit,
634 3686 830 3740 diaboli
851 3696 1094 3740 sectatur
1115 3686 1330 3740 inventa
1349 3686 1482 3755 (78).
1503 3685 1602 3752 Qui
1622 3700 1750 3755 ergo
1765 3688 1985 3755 perfecti

412 3791 560 3843 sunt,
617 3781 762 3847 ipsos
816 3780 868 3833 iu
924 3781 1121 3849 quibus
1169 3782 1401 3833 oderunt
1451 3781 1681 3834 crimina
1741 3782 1986 3836 homines

409 3881 596 3925 amant
623 3889 638 3925 :
663 3881 718 3925 et
755 3871 880 3925 odio
913 3871 1173 3925 habentes
1203 3871 1257 3924 iu
1294 3873 1374 3925 eis
1401 3870 1528 3925 illud
1560 3872 1703 3940 quod
1736 3885 1982 3942 peccant,

412 3960 540 4015 illud
575 3962 717 4030 quod
750 3961 889 4015 Deus
905 3962 1112 4015 creavit
1138 3976 1323 4015 amare
1359 3976 1464 4014 non
1493 3962 1770 4015 desinunt.

478 4052 570 4105 ‘22.
606 4050 729 4105 Non
768 4069 854 4105 vos
891 4052 1242 4115 vindicantes,
1268 4053 1584 4114 clmrissinti,
1614 4054 1704 4105 sed
1750 4053 1870 4106 date
1902 4052 1982 4104 lo-

412 4161 530 4197 cum
561 4145 676 4197 irw.
716 4145 981 4212 Scriptum
1026 4156 1100 4198 est
1141 4147 1276 4199 enim
1307 4163 1326 4199 :
1359 4145 1491 4199 Mihi
1536 4147 1841 4206 vindictam,
1892 4160 1984 4215 ego

1205 4285 1250 4318 ³⁸
1290 4287 1447 4340 Rom.
1493 4303 1590 4348 xu,
1625 4287 1713 4340 17.

1295 4358 1316 4388 ⁵
1352 4356 1508 4411 Rom.
1539 4373 1638 4421 xu,
1671 4356 1764 4411 20.

517 4285 564 4317 "’
611 4284 765 4340 Deut.
798 4302 972 4348 χχχιι,
1017 4284 1105 4341 '55.

411 4370 511 4421 xu,
552 4354 636 4411 19.
713 4356 731 4388 ⁴
773 4355 930 4411 Rom.
962 4372 1027 4419 ιι,
1061 4355 1115 4419 5,
1146 4354 1198 4411 6.

1972 3088 2060 3143 ’C

1810 4287 1855 4319 ⁹⁹
1887 4285 2065 4341 Galat.
2091 4284 2247 4351 4,10.

1867 4357 1889 4389 ⁸
1919 4356 2112 4409 Matth.
2143 4353 2308 4420 v,i9.;
2341 4353 2473 4408 Luc.
2500 4369 2574 4419 γι,
2605 4354 2674 4408 27
2702 4370 2816 4423 seq.

2108 482 2313 546 dicant,
2345 482 2613 550 quomodo
2653 481 2748 535 ira:
2794 482 2973 536 locum
3020 483 3171 547 dent,
3213 483 3493 552 dupliciter
3530 489 3635 543 mihi

2108 574 2322 627 videtur
2345 573 2590 642 intelligi.
2624 573 2757 627 Nam
2786 576 2970 630 ethoc
3003 576 3120 642 ipso
3150 576 3292 643 quod
3333 578 3473 632 verbi
3503 593 3635 633 causa

2109 680 2324 717 manum
2383 665 2567 718 manui
2630 681 2736 719 non
2798 664 3041 720 referunt
3093 666 3231 737 (79),
3294 678 3386 720 aut
3431 670 3639 726 convicio

2108 746 2411 809 convicium
2462 772 2565 809 nou
2607 756 2861 820 reddunt,
2907 759 3001 811 ira:
3053 757 3197 812 illius
3243 760 3337 828 qui
3377 757 3499 814 fecit
3520 762 3637 830 inju-

2110 845 2242 900 riam
2266 848 2680 916 pertranseundi
2706 858 2761 902 et
2790 851 3152 905 evanescendi
3183 852 3358 905 locum
3390 852 3637 910 dederunt.

2104 936 2274 992 Nemo
2309 939 2455 992 enim
2487 940 2558 992 ita
2596 938 2816 994 rabidus
2839 940 3169 1006 invenietur,
3206 943 3324 1012 qui,
3363 944 3502 998 illata
3532 948 3641 1017 inju.

2105 1029 2208 1093 ria,
2260 1030 2303 1082 si
2357 1031 2528 1084 vict-tu
2591 1045 2697 1084 non
2753 1034 2999 1101 recipiat,
3055 1035 3259 1089 iterum
3301 1036 3514 1103 smviat;
3561 1042 3639 1094 sed

2103 1123 2257 1189 quasi
2292 1120 2461 1176 ullust)
2488 1141 2550 1178 ac
2586 1125 2800 1193 digesto
2830 1125 3037 1191 furore,
3074 1127 3391 1183 necessario
3411 1129 3638 1184 mitescit.

2102 1213 2200 1267 Est
2230 1228 2356 1283 ergo
2380 1224 2433 1267 et
2461 1217 2664 1285 grande
2706 1216 2915 1271 lucrum
2956 1218 3048 1271 ubi
3085 1227 3140 1272 et
3182 1219 3459 1287 peccantis
3494 1221 3645 1275 multi-

2103 1302 2235 1357 tudo
2279 1306 2649 1371 c0mpescitur
2698 1317 3081 1376 peccatorum,
3131 1319 3186 1361 et
3238 1310 3493 1379 injuriam
3527 1315 3642 1379 passi

2101 1392 2361 1460 patientia
2399 1393 2511 1463 (80)
2544 1394 2843 1463 probabilis
2871 1396 2930 1449 lit
2968 1399 3108 1465 apud
3142 1398 3335 1452 Deutn.
3365 1398 3459 1452 Est
3485 1412 3641 1455 autem

2102 1496 2154 1539 et
2183 1487 2282 1540 hoc
2312 1488 2468 1541 modo
2496 1487 2588 1546 ira:
2617 1487 2795 1541 locum
2824 1490 2980 1554 dare,
3015 1491 3230 1558 quando
3277 1507 3378 1560 pro
3432 1493 3511 1546 his
3544 1508 3641 1561 qua:

2098 1576 2409 1647 inferuntur
2454 1578 2668 1645 injuriis
2714 1581 2805 1649 qui
2859 1591 3108 1651 peccant,
3164 1585 3461 1640 secundum
3501 1583 3644 1653 ipsius

2100 1670 2249 1725 Pauli
2295 1673 2657 1741 sententiam,
2704 1670 2839 1726 iram
2889 1674 2990 1728 sibi
3052 1677 3431 1731 thesaurizant
3479 1678 3530 1732 in
3575 1681 3644 1733 die

2028 1751 2070 1805 Β
2102 1764 2217 1829 iraa,
2268 1774 2397 1819 tunc
2437 1781 2558 1819 cum
2606 1764 2788 1819 reddet
2844 1765 2986 1820 Deus
3035 1768 3331 1836 unicuique
3385 1770 3643 1825 secundum

2100 1872 2261 1924 cpi-ra
2289 1872 2385 1910 sua
2417 1856 2464 1909 ι.
2515 1854 2570 1909 Si
2611 1872 2740 1926 ergo
2770 1846 3129 1925 nosmetipsos
3169 1858 3524 1927 vindicemus,
3561 1877 3644 1915 uuu

2099 1954 2461 2015 estmagnum
2490 1949 2631 2016 quod
2674 1963 2772 2014 pro
2819 1949 3017 2018 injuria
3066 1961 3319 2019 suscepta
3378 1952 3640 2015 reddimus,

2098 2037 2252 2091 verbi
2301 2052 2488 2101 causa,
2542 2046 2634 2091 aut
2687 2038 2920 2107 palmam
2986 2056 3088 2108 pro
3133 2042 3337 2109 palma,
3385 2041 3541 2113 654
3571 2057 3646 2096 aut

2101 2142 2297 2182 saxum
2338 2143 2435 2196 pro
2463 2142 2617 2194 Saxo,
2642 2137 2734 2182 aut
2759 2144 2859 2198 pro
2892 2133 3213 2186 centumelia
3263 2136 3643 2204 sermunis(8l)

2101 2219 2372 2273 sermonis
2393 2219 2746 2275 nihilominus
2766 2223 3172 2277 contumeliam.
3195 2225 3250 2276 Si
3276 2239 3411 2279 vero
3435 2240 3647 2278 reserve-

2101 2324 2221 2365 mus
2249 2325 2311 2364 ea
2336 2311 2586 2365 vindictae
2613 2311 2727 2372 Dei.
2758 2313 2811 2366 iu
2836 2328 2900 2368 eo
2930 2312 3040 2386 (82)
3071 2317 3159 2383 qui
3189 2316 3327 2371 liesit
3366 2332 3462 2371 nos
3489 2317 3638 2372 locum

2099 2404 2292 2458 damus
2333 2402 2449 2466 irae,
2483 2402 2557 2455 illi
2586 2401 2706 2455 sine
2729 2403 2893 2457 dubio
2917 2420 3078 2474 quam
3102 2403 3203 2460 sibi
3228 2407 3348 2474 ipse
3373 2407 3485 2462 Suis
3516 2408 3646 2460 malis

2096 2495 2310 2550 actibus
2336 2495 2694 2558 thesaurizat,
2722 2508 2840 2564 qua:
2867 2495 2938 2551 de
2964 2511 3028 2549 eo
3056 2499 3109 2552 iu
3145 2496 3357 2566 judicio
3388 2497 3478 2553 Dei
3510 2498 3646 2551 multo

2097 2588 2377 2654 graviores
2445 2603 2607 2657 quam
2674 2602 2774 2641 nos
2835 2590 3045 2648 iulerre
3106 2608 3438 2661 possumus,
3499 2594 3647 2662 exigat

2096 2690 2308 2745 pteuas.

2164 2767 2257 2823 ‘35.
2300 2771 2406 2824 Sed
2435 2772 2481 2826 si
2514 2773 2755 2826 csurierit
2784 2772 3027 2826 inimicus
3063 2782 3206 2838 tuus,
3250 2775 3374 2828 ciba
3408 2775 3585 2839 ilmni;
3610 2778 3646 2830 si

2093 2859 2304 2921 sitiet-it,
2342 2866 2523 2928 pdtum
2559 2862 2628 2914 da
2669 2861 2752 2914 illi
2793 2875 2812 2914 :
2851 2861 2950 2913 Itoc
2987 2863 3125 2915 enim
3167 2862 3379 2928 faciens
3425 2862 3644 2915 carbones

2093 2951 2229 3020 ignis
2269 2968 2512 3021 congeras
2570 2969 2727 3021 super
2772 2963 2931 3022 caput
2976 2952 3134 3021 ejus“
3162 2951 3644 3024 (85).‘lla:cquideut

2095 3056 2151 3099 et
2180 3045 2441 3101 Dominus
2469 3047 2520 3100 in
2550 3047 2856 3115 Evattgeliis
2888 3045 3130 3114 praecipit
3169 3046 3210 3098 ⁸.
3244 3047 3310 3098 Et
3337 3048 3576 3115 quamvis
3598 3047 3639 3097 iu

2096 3137 2381 3206 propatulo
2412 3137 2484 3192 sit
2510 3137 2817 3192 intellectus
2848 3140 2973 3201 iste,
3001 3153 3107 3207 quo
3129 3141 3433 3192 secundum
3468 3155 3526 3191 ea
3549 3155 3647 3207 qua.

2093 3242 2259 3296 Supra
2292 3228 2553 3293 diximus,
2589 3231 2640 3282 in
2671 3238 2934 3298 quantum
2978 3230 3213 3283 inimicis
3253 3239 3310 3283 et
3353 3230 3644 3284 laedentibus

2092 3336 2198 3373 non
2232 3321 2401 3375 solum
2443 3324 2614 3374 vicem
2646 3337 2750 3374 non
2801 3322 3096 3386 reddimus,
3136 3322 3232 3375 sed
3261 3336 3319 3375 et
3352 3324 3490 3376 horia
3529 3340 3647 3391 pra:-

2095 3426 2323 3478 stamus,
2386 3413 2439 3465 in
2497 3420 2703 3465 tantum
2764 3424 2956 3479 pinnas
3003 3428 3187 3466 eorum
3238 3412 3292 3465 in
3339 3412 3431 3467 Dei
3464 3412 3645 3480 judicio

2092 3505 2432 3559 cumulamus
2459 3506 2561 3575 (est
2598 3505 2744 3558 enim
2786 3521 2911 3559 vere
2953 3505 3098 3574 justa
3149 3505 3434 3559 damnatio
3490 3508 3534 3561 si
3565 3522 3642 3559 ar-

2095 3608 2328 3667 guantur
2352 3607 2478 3650 ante
2504 3597 2672 3650 Deum
2697 3596 2784 3650 his
2807 3597 3055 3651 intulisse
3084 3596 3222 3649 mala
3261 3614 3291 3649 a
3316 3599 3515 3666 quibus
3536 3614 3644 3666 per-

2091 3689 2335 3756 ceperint
2377 3687 2561 3759 boua),
2608 3697 2788 3742 tamen
2830 3691 3106 3742 videamus
3154 3703 3223 3742 ne
3276 3687 3424 3744 forte
3452 3686 3649 3758 dignius

2090 3780 2291 3849 aliquid
2329 3782 2561 3835 mandati
2612 3782 2771 3850 hujus
2821 3781 3093 3836 contineat
3149 3781 3484 3836 intellectus.
3529 3783 3647 3835 Dicit

2089 3874 2234 3926 enim
2294 3884 2349 3927 et
2401 3872 2667 3928 Jeremias
2723 3875 2983 3943 propheta
3030 3873 3142 3944 (84)
3185 3874 3253 3926 ad
3299 3873 3644 3942 peccatricem

2018 4028 2025 4035 η
2064 4028 2067 4035 ί
2093 3963 2257 4018 tiliam
2284 3963 2618 4035 Babylonis:
2657 3964 2834 4017 [labes
2860 3965 3112 4018 carbones
3162 3964 3319 4033 ignis,
3359 3968 3485 4018 sede
3510 3979 3645 4030 super

2085 4071 2198 4115 eos,
2223 4054 2275 4106 Ιιὶ
2303 4065 2456 4109 erunt
2483 4057 2576 4109 tibi
2612 4058 2665 4110 in
2703 4057 3028 4126 adjutorium
3052 4057 3096 4108 τ.
3126 4055 3404 4112 Fortassis
3446 4072 3572 4127 ergo
3599 4067 3645 4109 et

2090 4147 2179 4200 hic
2209 4148 2295 4202 isti
2334 4149 2604 4202 carbones
2640 4149 2778 4218 ignis
2806 4147 2897 4216 qui
2933 4157 3330 4218 congregantur
3370 4163 3534 4217 super
3561 4163 3643 4201 ca-

2356 4282 2534 4339 ‘Rom.
2566 4300 2662 4338 ιιι.
2702 4284 2786 4338 18.
2863 4286 2884 4316 ³
2915 4283 3054 4337 Psal.
3099 4301 3243 4350 ηις,
3276 4285 3362 4339 18.
3438 4285 3463 4317 ⁸
3503 4286 3638 4340 Rom.

2891 4355 2912 4386 ⁷
2942 4355 3042 4409 lsa.
3073 4371 3214 4409 XLVII
3229 4397 3240 4417 .
3264 4358 3354 4411 M.

485 4473 597 4547 (74)
644 4476 738 4530 Sic
784 4492 975 4531 omnes
1022 4491 1154 4531 mss.
1191 4486 1247 4529 et
1295 4475 1574 4547 Rabanus.
1628 4475 1770 4529 Editi
1830 4491 1980 4538 vero,
2017 4483 2063 4540 ι)
2088 4477 2261 4536 ipsum
2299 4474 2439 4547 quod
2481 4474 2690 4527 oderint
2724 4476 2970 4541 crimina,
3003 4487 3109 4533 etc.
3149 4475 3254 4531 Sed
3290 4478 3493 4532 rectius
3528 4490 3641 4531 mss.

417 4543 756 4600 Providentes
779 4547 934 4608 bona,
964 4564 1067 4599 non
1086 4557 1293 4599 tantum
1320 4561 1495 4599 coram
1542 4545 1669 4610 Deo,
1699 4550 1790 4599 sed
1816 4547 1979 4599 etiam

416 4631 594 4679 coram
624 4619 864 4670 omnibus
897 4617 1217 4671 hominibus.
1264 4615 1454 4671 Coram
1505 4614 1823 4680 hominibus,
1863 4632 1985 4668 coa-

414 4687 584 4739 traria
625 4689 748 4751 erit,
787 4699 921 4751 etc.,
961 4685 1176 4741 omissis
1217 4684 1568 4751 iutermediis,
1615 4686 1851 4738 omnibus
1889 4688 1984 4738 Ito-

414 4757 640 4809 minibus
676 4740 921 4820 pr'ovidet'
946 4759 1061 4827 quis
1086 4759 1244 4821 bona,
1271 4758 1317 4811 si
1355 4771 1457 4827 non
1498 4740 1702 4825 placeat
1749 4755 1985 4827 singulo-

412 4840 529 4885 rum
557 4827 638 4879 vel
660 4827 817 4889 vitiis,
847 4827 926 4881 vel
954 4825 1206 4896 moribus.
1239 4826 1510 4896 Alioquin,
1541 4834 1673 4888 etc.,
1704 4840 1832 4879 mss.
1868 4825 1984 4896 ple:

413 4897 601 4963 rique,
629 4913 731 4950 non
764 4907 818 4967 ut
841 4898 1043 4963 placeat
1068 4894 1086 4967 (
1104 4897 1198 4961 al.,
1220 4893 1415 4967 utnon
1445 4895 1681 4966 placeat)
1705 4905 1807 4950 etc.
1871 4893 1982 4949 Sed

412 4967 617 5036 rectius
648 4982 747 5020 ms.
774 4966 975 5036 Regius
1014 4963 1164 5024 num.
1208 4963 1366 5024 1659,
1398 4974 1455 5017 ιιι
1490 4967 1542 5019 in
1572 4963 1740 5018 textu.

485 5034 598 5108 (75)
634 5036 795 5108 Editi,
834 5033 1093 5106 quomodo
1140 5054 1244 5092 non
1285 5036 1422 5091 dixit
1463 5036 1767 5103 Apostolus,
1816 5033 1982 5089 Itami-

411 5106 917 5177 nibus‘placeamus.
945 5108 1057 5169 sed,
1090 5118 1198 5163 etc.

482 5173 600 5248 (76)
636 5176 725 5232 Sic
753 5193 852 5232 ms.
889 5177 1086 5245 Regius
1111 5194 1258 5232 num.
1291 5176 1429 5233 1659
1457 5186 1512 5231 et
1556 5176 1832 5232 Rabanus.
1862 5173 1981 5231 Ca:-

411 5250 514 5302 teri
556 5263 684 5303 vero
713 5263 845 5303 mss.
868 5257 924 5302 et
943 5248 1095 5313 editi,
1127 5260 1180 5302 ut
1201 5248 1338 5302 inter
1362 5248 1626 5313 inimicos,
1658 5258 1765 5303 etc.

483 5318 596 5390 (77)
638 5316 803 5385 Editi,
850 5328 1051 5390 vestrae,
1088 5317 1499 5390 Amale.gDeinde
1548 5318 1708 5390 iidem
1745 5324 1800 5371 et
1844 5330 1974 5372 mss.

450 5387 681 5458 le‘rique,
704 5389 952 5459 quamvis
978 5400 1022 5442 et
1043 5388 1149 5459 a_lio
1178 5389 1232 5440 in
1263 5388 1398 5450 loco,
1424 5398 1532 5459 etc.
1562 5388 1667 5442 Sed
1694 5396 1839 5442 recte
1867 5402 1968 5442 ms.

408 5401 681 5511 pilenque,
704 5404 944 5459 quamvis
978 5401 1022 5442 et
1043 5401 1149 5440 ano
1178 5405 1232 5440 in
1263 5401 1398 5450 toco,
1424 5401 1532 5444 etc.
1562 5401 1667 5442 Sed

463 5460 615 5527 egius
645 5475 789 5512 num.
835 5456 971 5512 1659
993 5468 1046 5510 et
1070 5457 1323 5512 Rabanus
1352 5468 1410 5510 ut
1438 5458 1690 5527 inktextn.

486 5525 599 5596 (78;
622 5527 697 5581 lta
723 5543 825 5582 ms.
857 5527 1055 5596 Regius
1078 5544 1226 5582 num.
1252 5527 1387 5582 1659
1408 5536 1463 5580 et
1480 5525 1759 5582 Rabanus.
1781 5526 1974 5582 Ctetcri

410 5612 541 5650 vero
594 5614 724 5652 mss.
779 5609 837 5652 et
891 5599 1057 5662 editi,
1131 5596 1342 5650 Diaboli
1398 5607 1625 5650 sectator
1689 5600 1974 5651 invenitur.

411 5665 615 5720 Deinde
652 5683 781 5722 mss.
824 5668 1086 5737 plerique,
1134 5666 1392 5721 Rabauus
1434 5676 1487 5720 et
1522 5666 1814 5737 cd_iti,~hoc
1862 5668 1975 5733 ipso

411 5752 511 5805 quo
537 5737 654 5807 (aL,
683 5735 845 5808 quod)
877 5735 1097 5794 oderunt
1131 5739 1371 5802 crimina,
1399 5744 1505 5793 etc.
1553 5735 1652 5793 Ms.
1688 5752 1846 5803 unus,
1875 5737 1972 5791 hoc

2090 4546 2198 4600 duo
2238 4546 2373 4599 utin
2407 4556 2593 4598 nostro
2622 4555 2794 4598 textu.

2161 4614 2397 4686 (79)Sic
2442 4629 2631 4686 omnes
2682 4632 2811 4669 mss.
2865 4614 3020 4686 Editi‘
3048 4630 3197 4680 vero,
3243 4632 3459 4671 manum
3496 4632 3643 4671 manu

2090 4683 2193 4740 non
2217 4683 2469 4753 referunt,
2501 4684 2906 4747 Geuebrardus,
2937 4683 3210 4754 referiunt.

2160 4755 2272 4825 (80)
2309 4756 2476 4818 Alias,
2509 4762 2566 4826 et,
2591 4754 2807 4824 injuria:
2840 4755 2934 4826 (al.
2965 4756 3304 4825 iniuriarum)
3342 4757 3517 4822 passio
3551 4772 3641 4826 pa-

2089 4826 2292 4894 tientia,
2323 4837 2426 4880 etc.
2453 4841 2468 4884 ;
2503 4825 2654 4888 alias,
2681 4835 2726 4877 et
2761 4826 3015 4894 iajuriam
3036 4841 3223 4893 passus
3242 4829 3514 4893 patientia.
3543 4839 3639 4880 etc.

2089 4893 2294 4949 Deinde
2324 4911 2424 4949 tus.
2454 4895 2653 4961 Regius
2681 4893 2828 4948 num.
2862 4894 3001 4949 1659
3029 4907 3081 4947 et
3111 4894 3369 4950 Rabauus
3390 4900 3638 4950 otnittunl.

2088 4967 2325 5035 quando.
2355 4965 2445 5019 sed
2485 4963 2774 5035 restituunt
2802 4967 2981 5019 caeleri
3007 4979 3138 5017 mss.
3168 4978 3222 5017 et
3252 4969 3402 5020 editi.

2156 5035 2268 5105 (81)
2296 5032 2583 5089 Sermonis.
2611 5033 2894 5088 Omittitur
2915 5036 2965 5088 in
2992 5036 3167 5095 editis,
3194 5047 3247 5087 et
3279 5038 3331 5088 in
3358 5052 3454 5089 ms.
3483 5035 3639 5105 Regio

2084 5120 2211 5159 num
2250 5104 2417 5168 1659,
2466 5117 2520 5157 et
2556 5105 2697 5172 apud
2736 5104 3050 5169 Rabanum;
3098 5106 3191 5158 sed
3241 5109 3544 5160 restituitur
3572 5104 3638 5157 ex

2083 5185 2216 5229 caue
2226 5178 2297 5229 ris
2325 5191 2455 5230 mss.

2153 5245 2266 5316 (82)
2294 5245 2460 5312 Alias,
2487 5242 2547 5299 Si
2575 5261 2695 5300 vero
2728 5261 2990 5300 servemus
3017 5261 3079 5298 ea
3104 5245 3439 5300 vindicta...
3462 5245 3553 5313 qui
3581 5245 3641 5297 de

2080 5331 2161 5369 εο.
2190 5327 2298 5369 etc.

2146 5356 2406 5457 (ἑῇ-δίο
2451 5402 2552 5440 ms.
2594 5384 2997 5456 Regiusuum.
3047 5384 3207 5449 1659,
3269 5384 3554 5457 Rabauus,_
3590 5395 3640 5437 et

2079 5455 2453 5509 editi.'Cazteri
2485 5472 2611 5511 vero
2645 5455 2774 5511 mss.
2807 5472 3088 5524 congregas
3126 5473 3284 5522 super
3324 5455 3634 5524 caputejus.

2152 5525 2264 5595 (84)
2299 5525 2437 5578 Dicit
2469 5529 2607 5580 enim
2639 5536 2688 5582 et
2719 5526 2979 5580 Jcremias
2999 5522 3273 5595 praplteta.
3320 5527 3409 5581 Vel
3456 5522 3640 5595 Orige-

2079 5594 2198 5657 nes,
2246 5594 2333 5649 νει
2381 5596 2630 5661 Rulinus,
2681 5597 2766 5650 vel
2818 5596 3065 5650 fortassis
3102 5594 3344 5664 uterque
3386 5594 3636 5648 memoria

2076 5665 2269 5746 lapsus
2298 5677 2382 5721 est
2416 5664 2668 5725 Jcretnite
2715 5666 3038 5725 ascriboudo
3083 5666 3231 5738 quod
3272 5682 3340 5723 ex
3372 5664 3509 5721 lsaia
3547 5667 3634 5719 de-

2073 5744 2364 5810 promitur.
