3744 6146
138 264 265 320 12Ξ5

1076 268 1432 326 COMMENT.
1475 267 1540 321 IN
1581 266 1803 324 EPIST.
1839 269 1930 322 AD
1965 271 2136 328 ROM.
2179 272 2308 329 LIB.
2345 275 2432 330 IX.

3244 283 3382 337 129.6

133 405 223 462 put
263 394 493 454 inimici,
547 395 598 448 in
657 395 988 461 adiutoriunt
1047 397 1218 464 ipsius
1275 401 1705 464 congregantur.
1737 394 1783 449 A
1811 392 1931 461 ipso
1959 393 2059 448 sibi
2087 395 2267 448 datam
2295 396 2528 464 gratiam
2570 397 2932 462 confitentur;
2976 398 3069 454 sed
3115 410 3209 453 aut
3255 417 3382 470 pro-

131 485 304 540 Potest
329 487 472 540 enim
520 486 634 540 ﬁeri
664 496 722 539 ut
752 487 966 541 animus
1000 486 1151 541 ferus
1193 502 1258 541 ac
1295 486 1565 540 barbarus
1602 487 1701 541 ini-

133 578 247 631 mici
276 575 416 645 (85),
447 577 490 631 si
518 578 714 632 sentiat
753 577 1072 632 beneﬁcium
1111 589 1384 649 nostrum,
1422 581 1466 634 si
1511 580 1702 634 huma-

132 670 369 728 nitatem.
421 671 464 723 si
519 670 795 733 all'ectum,
848 671 892 724 si
955 670 1214 739 pietatem
1275 671 1491 732 videat,
1547 688 1696 727 com-

131 761 468 830 punctionem
513 762 692 815 cordis
738 764 940 830 capiat,
981 765 1258 816 commissi
1302 765 1696 834 paenitudinem

129 859 289 918 gerat.
317 861 373 904 et
401 867 466 904 ex
490 852 591 906 hoc
635 852 773 918 ignis
816 853 868 904 in
919 867 985 906 eo
1036 853 1252 920 quidam
1314 855 1694 917 succendatur,

128 944 207 1009 qni
229 959 349 997 eum
383 959 479 1012 pro
507 947 782 1001 commissi
811 946 1141 1000 conscientia
1181 945 1291 1018 (86)
1335 957 1612 1015 torqueat,
1641 956 1696 1001 et

127 1037 340 1103 adurat;
377 1046 434 1092 et
470 1037 555 1091 isti
593 1047 756 1092 erunt
792 1039 1058 1094 carbones
1093 1039 1230 1110 ignis
1268 1039 1360 1107 qui
1407 1052 1571 1107 super
1608 1053 1699 1091 ca-

127 1137 212 1195 put
237 1127 353 1194 eius
387 1143 453 1182 ex
486 1138 677 1184 nostro
723 1131 1107 1185 misericordiae
1158 1141 1213 1186 et
1268 1131 1486 1199 pietatis
1529 1145 1695 1200 opere

125 1232 538 1288 congregantur.
579 1220 754 1291 Caput
779 1237 929 1287 vero,
971 1222 1271 1292 principale
1302 1224 1488 1277 cordis
1511 1223 1696 1291 appel-

125 1312 258 1365 latur
289 1329 303 1366 :
331 1322 388 1367 et
418 1312 611 1367 merito
636 1321 798 1379 caput
845 1313 1066 1378 dicitur,
1123 1316 1278 1385 cujus
1330 1315 1609 1370 intellectu
1642 1322 1696 1368 et

122 1403 396 1471 prudentia
432 1404 672 1456 membra
699 1414 963 1474 reguntur
992 1405 1265 1459 universa.

180 1494 266 1549 24.
293 1494 425 1549 Νοιὶ
447 1497 591 1550 vinci
621 1514 652 1549 a
684 1496 846 1559 malo,
883 1497 974 1549 sed
999 1499 1144 1551 vinre
1175 1499 1230 1551 in
1255 1499 1388 1552 bono
1423 1497 1620 1550 malum
1648 1497 1689 1550 ⁸.

120 1586 354 1641 Vincitur
391 1604 422 1640 a
454 1589 618 1653 malo,
657 1589 747 1657 qui
788 1591 942 1644 malis
981 1601 1305 1659 provocatus
1358 1591 1530 1644 reddit
1581 1607 1693 1644 ma-

121 1678 238 1730 lum.
290 1676 347 1731 ln
405 1677 547 1732 bono
595 1688 771 1733 autem
827 1681 992 1735 vincit
1049 1681 1250 1733 malum
1306 1683 1395 1748 qui
1453 1683 1691 1749 acceptis

119 1769 262 1823 malis
295 1771 535 1837 restituit
566 1772 728 1828 bona.
782 1773 1004 1828 Certum
1060 1783 1143 1828 est
1183 1775 1324 1828 enitn
1383 1775 1522 1828 hanc
1565 1789 1684 1827 esse

119 1861 230 1914 mali
282 1871 558 1925 naturam,
619 1875 678 1918 ut
723 1879 788 1918 ex
847 1866 1113 1920 similibus
1159 1867 1272 1920 suis
1321 1874 1580 1935 augeatur
1631 1874 1685 1918 et

117 1964 348 2017 crescat;
384 1954 528 2008 sicut
559 1955 665 2024 igni
694 1956 739 2010 si
772 1956 947 2026 ignem
977 1957 1209 2027 iungas;
1248 1957 1382 2010 sicut
1423 1957 1466 2008 si
1508 1955 1684 2008 noctis

117 2045 338 2100 tenebris
376 2047 520 2102 acris
542 2046 656 2118 (87)
693 2048 935 2102 nubilum
989 2051 1248 2103 societur.
1305 2049 1509 2101 Bonum
1553 2061 1684 2100 vero

116 2136 154 2190 si
178 2135 461 2200 adhibeas,
506 2142 900 2194 exterminatur
953 2139 1174 2192 malum.
1209 2139 1494 2192 Contraria
1533 2154 1681 2190 nam-

115 2243 207 2297 que
230 2231 523 2285 contrariis
561 2231 922 2300 perimuntur,
988 2233 1126 2285 sicut
1159 2246 1252 2300 per
1301 2246 1495 2300 aquam
1544 2231 1680 2298 ignis

113 2322 482 2389 exstinguitur,
526 2333 581 2376 et
609 2337 702 2391 per
739 2323 910 2377 lucem
956 2326 1194 2377 tenebrat
1245 2322 1516 2393 fugantur.
1574 2322 1679 2376 Sed

115 2411 334 2467 fortasse
359 2413 509 2467 dicat
539 2413 735 2481 aliquis
784 2413 1004 2467 Paulum
1036 2429 1132 2482 per
1189 2414 1517 2480 imperitiam
1553 2427 1675 2466 ser.

112 2507 327 2568 monisa
361 2508 639 2576 proposito
673 2509 968 2573 decidisse;
1013 2509 1296 2581 proposuit
1336 2508 1482 2563 enim
1531 2509 1674 2579 loqui

113 2593 172 2648 de
217 2595 374 2650 donis
421 2598 717 2666 gratiarum
774 2615 893 2669 qua:
949 2617 1044 2668 per
1100 2601 1360 2670 Spiritum
1425 2612 1676 2657 sanctum

110 2683 311 2738 dantur.
364 2687 434 2742 Et
479 2689 694 2758 quidem
729 2692 869 2758 quod
908 2691 982 2745 ait
1018 2711 1031 2746 :
1077 2693 1199 2746 Sive
1230 2693 1528 2762 prophetia,
1569 2694 1676 2748 sive

110 2779 472 2845 ministerium,
503 2782 610 2834 sive
637 2783 902 2850 doetrina,
927 2786 1031 2838 sive
1053 2786 1348 2838 exhortatio
1375 2785 1416 2848 ’,
1449 2794 1675 2854 possunt

111 2869 212 2924 hazc
253 2872 321 2925 ad
359 2872 500 2927 dona
544 2874 806 2943 spiritalia
848 2877 1138 2944 pertinere.
1173 2877 1443 2932 Fortassis
1483 2889 1537 2931 et
1570 2875 1673 2931 hoc

109 2965 238 3031 quod
260 2967 543 3034 sequitur:
578 2965 681 3032 Qui
708 2969 889 3020 tribuit
913 2969 968 3020 in
991 2963 1345 3039 simplicitate,
1372 2970 1462 3037 qui
1487 2979 1672 3037 prteest

1805 483 1937 552 prite
1979 485 2258 539 industria
2303 487 2599 552 ascribunt,
2644 497 2738 541 aut
2793 503 2960 557 super
3008 489 3285 553 magistris
3329 500 3384 540 et

1803 575 2204 630 institutoribus
2264 577 2588 647 gloriantur.
2659 577 2823 632 Nobis
2896 591 3075 632 autem
3143 580 3383 633 ostendit

1799 667 2090 736 Apostolus
2135 684 2294 723 omne
2332 669 2472 738 quod
2519 669 2717 725 bonum
2764 680 2868 735 est,
2911 686 2940 723 a
2989 669 3096 724 Deo
3143 685 3288 734 esse,
3327 679 3381 725 et

1800 774 1901 827 per
1940 759 2205 830 Spiritum
2244 774 2491 831 sanctum
2519 761 2851 824 dari,«sicut
2879 775 2933 818 et
2959 761 3195 817 Jacobus
3245 778 3379 830 apo—

1799 853 1968 906 stolus
2000 853 2132 907 dicit
2167 870 2180 906 :
2220 852 2386 907 Omne
2427 856 2611 908 datum
2652 856 2843 908 bonum
2896 868 2945 909 et
2990 873 3141 909 omne
3181 857 3379 909 donum

1797 943 2081 1011 periectum
2115 944 2389 998 desursum
2437 957 2510 997 est
2557 947 2877 1000 descendens
2927 964 2959 1000 ιι
3017 948 3176 1001 Patre
3219 947 3378 1000 lumi-

1800 1051 1926 1088 num
1956 1035 2038 1100 ";
2079 1045 2136 1088 nt
2165 1038 2254 1106 qui
2288 1037 2564 1106 gloriatur,
2598 1038 2652 1090 in
2684 1037 2906 1092 Domino
2938 1039 3194 1109 glorietur
3223 1038 3288 1094 ‘3.

1866 1128 1956 1182 25.
2001 1130 2292 1183 Videamus
2331 1145 2460 1201 ergo
2509 1145 2649 1183 nunc
2686 1131 2813 1198 quid
2843 1132 3028 1185 etiam
3077 1132 3130 1186 in
3179 1146 3377 1187 conse-

1797 1221 2084 1290 quentibus
2133 1219 2382 1289 adjungat
2437 1221 2777 1288 Apostolus:
2818 1222 3001 1277 Omnis
3049 1224 3230 1276 anima
3280 1241 3375 1288 po-

1797 1313 2073 1365 testatibus
2121 1313 2520 1366 sublimioribus
2561 1313 2834 1382 subjaceat
2877 1316 2921 1346 "‘
2963 1315 3099 1386 (91).
3150 1315 3374 1370 Videtur

1798 1405 1928 1458 mibi
1967 1405 2019 1458 in
2051 1405 2154 1458 hoc
2188 1404 2342 1457 valde
2379 1404 2722 1461 laudabiliter
2753 1407 2991 1460 animam
3037 1410 3369 1470 nominasse,

1795 1513 1953 1566 quam
1990 1496 2274 1566 subiacere
2312 1499 2673 1564 potestatibus
2703 1499 2880 1567 jubet.
2910 1497 3195 1567 Nunquam
3227 1500 3373 1553 enim

1796 1591 2045 1654 dixisset,
2078 1590 2256 1644 omnis
2302 1592 2524 1660 spiritus
2574 1592 2853 1659 subiaceat
2909 1592 3186 1659 potestati,
3244 1591 3365 1656 sed,

1795 1681 1965 1733 omnis
1994 1680 2192 1733 anima.
2222 1681 2296 1734 De
2321 1697 2425 1749 qua
2455 1681 2758 1735 dillerentia
2783 1696 2927 1750 saepe
2954 1679 3067 1748 jam
3106 1682 3366 1746 diximus,

1795 1771 1938 1840 quod
1989 1771 2257 1824 interdum
2310 1787 2405 1838 per
2464 1772 2737 1836 animam,
2800 1774 3073 1826 interdum
3113 1788 3210 1841 per
3249 1789 3369 1827 car-

1789 1876 1936 1926 nem,
1987 1861 2259 1916 interdum
2319 1877 2414 1928 per
2473 1863 2748 1930 spiritum,
2815 1863 2979 1919 homo
3031 1865 3365 1920 nominatur.

1788 1952 1892 2006 Sed
1932 1967 2055 2006 cum
2106 1969 2134 2005 a
2176 1962 2331 2022 parte
2379 1953 2597 2007 meliore
2651 1955 3012 2011 nominandus
3055 1967 3159 2021 est,
3213 1961 3366 2027 quasi

1785 2043 1876 2111 qui
1945 2043 2208 2112 spiritalis
2273 2043 2506 2111 intelligi
2594 2043 2829 2108 debeat,
2923 2047 3150 2115 spiritus
3231 2050 3367 2104 dici-

1786 2145 1874 2188 tur
1917 2153 1932 2190 :
1982 2137 2198 2203 quando
2239 2135 2307 2188 ab
2348 2134 2644 2198 inferiore,
2692 2138 2872 2191 anima
2927 2157 2940 2192 :
2991 2154 3117 2192 cum
3163 2157 3294 2194 vero
3333 2160 3366 2196 a

1782 2226 1946 2298 655
1977 2227 2247 2282 deteriore
2279 2229 2614 2291 nominatur,
2645 2243 2777 2284 caro
2807 2230 3005 2284 dicitur
3038 2250 3052 2286 :
3082 2243 3136 2296 et
3169 2233 3362 2287 borum

1785 2321 2097 2374 testimonia
2121 2323 2188 2376 de
2211 2321 2508 2390 Scripturis
2531 2337 2672 2390 saepe
2697 2324 3043 2391 protulimus.
3063 2325 3215 2380 Nunc
3236 2341 3366 2396 ergo

1782 2413 2038 2481 quoniam
2074 2422 2344 2480 praecepta
2364 2406 2715 2467 credentibus
2745 2415 3221 2484 ponitApostolus,
3249 2418 3366 2470 vult

1782 2521 1881 2560 nos
1905 2506 2173 2573 quietem,
2206 2517 2464 2574 quantum
2515 2507 2568 2559 in
2612 2506 2768 2560 nobis
2794 2517 2896 2570 est,
2929 2509 3214 2575 praesentis
3243 2508 3364 2563 vita:

1779 2611 2076 2666 pacemque
2114 2613 2350 2652 servare.
2388 2597 2454 2651 Et
2502 2598 2550 2652 si
2605 2599 2824 2667 quidem
2862 2599 2998 2653 tales
3048 2615 3236 2654 sumus
3265 2603 3360 2668 qui

1778 2689 2049 2759 conjuncti
2111 2691 2339 2744 Domino
2387 2707 2526 2744 unus
2561 2706 2683 2744 cum
2722 2706 2788 2744 eo
2833 2692 3058 2760 spiritus
3091 2693 3259 2748 simus
3291 2694 3360 2756 ⁸⁵,

1778 2781 2009 2836 Domino
2029 2781 2263 2837 dicimur
2288 2796 2409 2837 esse
2438 2783 2685 2852 subjecti.
2714 2783 2770 2837 Si
2805 2799 2931 2839 vero
2957 2785 3194 2839 nondum
3225 2785 3360 2840 tales

1775 2889 1981 2936 sumus,
2015 2875 2110 2928 sed
2141 2876 2447 2930 communis
2475 2877 2650 2929 adhuc
2671 2878 2851 2930 anima
2883 2887 2967 2932 est
2990 2878 3040 2932 in
3061 2878 3215 2933 nobis
3236 2894 3358 2947 quae

1776 2965 1976 3020 habeat
2009 2966 2211 3035 aliquid
2248 2965 2406 3034 huius
2438 2968 2656 3030 mundi,
2686 2983 2808 3036 quae
2841 2971 2913 3022 sit
2941 2971 2988 3024 ei
3019 2970 3200 3040 aliquo
3232 2972 3354 3026 alii-

108 3056 156 3108 in
183 3056 556 3117 sollicitudine,
619 3061 709 3128 qui
752 3060 1029 3113 miseretur
1071 3061 1124 3114 in
1173 3060 1445 3114 hilaritate
1478 3059 1543 3123 ιθ,
1577 3075 1669 3113 su-
1698 3083 1741 3140 ο
1776 3068 1898 3127 gata
1932 3057 2149 3125 negotio
2174 3056 2309 3126 (92),
2339 3057 2463 3110 huic
2492 3069 2756 3127 praecepta
2785 3060 3076 3130 Apostolus
3102 3061 3274 3130 ponit,
3301 3071 3357 3116 et

111 3151 611 3219 perioribusmossit
654 3153 910 3222 adiungi:
967 3171 1028 3208 ea
1073 3169 1198 3208 vero
1247 3169 1367 3222 quae
1397 3154 1665 3224 posthaec

108 3255 392 3305 enumerat,
429 3256 488 3298 ut
516 3245 588 3298 sit
615 3247 847 3299 charitas
881 3249 995 3300 sine
1021 3246 1391 3310 simulatione,
1425 3248 1661 3300 odientes

110 3334 285 3388 malum
307 3376 322 3400 ,
358 3336 687 3390 adhaerentes
709 3340 840 3390 bono
863 3379 876 3403 ,
901 3340 1159 3394 charitate
1188 3341 1546 3409 fraternitatis
1584 3340 1668 3392 in-

108 3427 249 3478 vicem
289 3429 566 3497 diligentes
589 3469 605 3493 ,
649 3431 846 3483 honore
870 3433 1085 3485 invicem
1114 3434 1484 3497 praevenientes
1514 3435 1582 3495 “,
1608 3443 1662 3487 et

108 3531 283 3573 caetera
311 3521 645 3588 huiusmodi,
681 3531 951 3590 praecepta
985 3525 1163 3591 potius
1191 3524 1336 3577 dicat
1359 3541 1479 3578 esse
1497 3540 1662 3594 quam

107 3611 251 3669 dona.
294 3613 402 3668 Sed
434 3615 841 3670 consideremus
876 3617 1187 3686 diligentius
1235 3632 1302 3671 ne
1342 3617 1480 3673 forte
1525 3634 1662 3687 quo-

108 3702 234 3756 niam
261 3705 480 3773 quidem
534 3706 587 3759 in
634 3707 718 3761 his
761 3708 1017 3761 omnibus
1052 3706 1309 3761 moralem
1337 3708 1513 3762 locum
1549 3721 1662 3761 tra-

104 3802 235 3860 ctare
258 3795 514 3860 iustituit,
543 3807 599 3850 et
640 3814 745 3852 nou
772 3799 949 3852 solum
985 3801 1036 3851 in
1065 3800 1169 3852 lide
1209 3801 1459 3855 veritatis
1492 3801 1664 3854 stabi-

107 3881 196 3938 lem
239 3897 295 3940 et
340 3889 697 3953 immobilem,
756 3907 938 3944 verum
997 3902 1051 3945 et
1099 3893 1153 3945 in
1211 3892 1449 3946 moribus
1496 3910 1663 3947 orna-

107 3982 205 4029 tum
244 3977 355 4050 (88)
395 3978 572 4033 facere
600 3981 988 4041 Christianum,
1021 3981 1142 4036 ideo
1171 3984 1238 4034 ad
1276 3996 1500 4035 munera
1529 3998 1658 4051 gra-

107 4067 287 4123 tiarutn
321 4073 488 4124 etiam
533 4072 752 4125 moralia
786 4084 1052 4141 praecepta
1099 4075 1391 4144 coniungat
1448 4074 1661 4145 (89),nt

104 4163 336 4216 ostendat
374 4161 708 4219 Christianis
744 4164 908 4218 etiam
961 4167 1076 4221 lucc
1137 4183 1234 4235 per
1282 4167 1374 4220 Dei
1425 4170 1657 4235 gratiam

103 4251 225 4306 dari.
259 4256 400 4311 Sunt
430 4260 573 4310 enim
620 4270 676 4312 et
723 4260 965 4314 nonnulli
1013 4261 1291 4328 gentilium
1341 4265 1657 4330 compositis

103 4348 326 4404 moribus
373 4359 429 4404 et
480 4351 704 4405 honeste
753 4351 1014 4406 institutis
1043 4349 1179 4420 (90),
1216 4354 1307 4421 qui
1341 4363 1519 4408 tamen
1555 4357 1656 4409 hoc

1777 3147 1908 3203 dicit
1945 3159 2004 3202 ut
2035 3147 2275 3215 subjecta
2333 3150 2406 3202 sit
2457 3151 2813 3218 potestatibus
2870 3153 3096 3209 mundi:
3131 3157 3252 3224 quia
3300 3166 3356 3210 et

1776 3241 2033 3295 Dominus
2074 3241 2228 3321 dixit,
2260 3251 2318 3294 ut
2365 3241 2417 3296 hi
2453 3244 2541 3312 qui
2592 3245 2795 3300 habent
2831 3246 2883 3299 in
2939 3262 2999 3301 se
3047 3249 3348 3316 superscri-

1769 3333 2009 3402 ptionem
2022 3332 2276 3396 Caesaris,
2303 3334 2526 3388 reddant
2544 3335 2740 3392 Ctesari
2758 3353 2878 3405 quae
2900 3349 3022 3392 sunt
3040 3338 3269 3394 Caasaris
3285 3341 3348 3395 "‘.

1771 3424 1962 3479 Petrus
1985 3432 2039 3477 et
2065 3421 2303 3477 Joannes
2346 3425 2477 3479 nihil
2511 3426 2783 3482 habebant
2828 3434 2970 3498 quod
3004 3430 3206 3486 Caesari
3231 3435 3353 3488 red-

1770 3518 1989 3582 tierent;
2027 3516 2162 3570 dicit
2186 3516 2330 3570 enim
2360 3515 2557 3574 Petrus
2583 3540 2594 3574 ε
2638 3523 2843 3577 Aurum
2870 3534 2916 3577 et
2942 3535 3215 3593 argentum
3245 3542 3348 3580 non

1767 3608 1928 3662 habeo
1967 3609 2029 3661 ¹⁷.
2064 3609 2164 3674 Qui
2193 3610 2296 3664 hoc
2327 3628 2430 3666 non
2463 3614 2645 3674 habet,
2672 3631 2772 3670 nec
2797 3615 2996 3670 Caesari
3021 3618 3350 3688 babetquod

1769 3703 1982 3764 reddat,
2016 3717 2119 3756 nec
2151 3702 2292 3756 unde
2345 3705 2756 3763 sublimioribus
2787 3709 3062 3777 subiaceat
3102 3719 3346 3778 potesta-

1767 3794 1930 3848 tibus.
1972 3794 2072 3861 Qui
2113 3814 2236 3852 vero
2276 3799 2437 3853 habet
2462 3809 2555 3851 aut
2591 3802 2898 3866 pecuniam,
2924 3812 3017 3856 attt
3046 3805 3349 3880 possessio-

1764 3901 1883 3950 nes,
1933 3901 2028 3941 aut
2067 3890 2266 3958 aliquid
2311 3891 2363 3944 in
2416 3891 2618 3945 saeculo
2676 3894 2868 3962 ueg0tii
2910 3893 3058 3964 (95),
3115 3895 3343 3949 audiat:

1765 3977 1952 4032 Omnis
1984 3982 2165 4033 anima
2195 3981 2539 4048 potestatibus
2573 3983 2960 4039 sublimioribus
2979 3986 3247 4056 subjaceat
3278 3987 3342 4041 ¹⁸.

1829 4073 1919 4126 9.6.
1938 4071 2059 4126 Non
2077 4083 2151 4126 est
2174 4075 2523 4143 enim,inquit
2543 4075 2675 4145 (94),
2693 4087 2920 4143 potestas
2945 4080 3051 4132 nisi
3077 4096 3110 4133 a
3136 4078 3243 4134 Deo
3273 4081 3340 4133 η.

1761 4164 1900 4218 Dicit
1952 4165 2182 4218 fortasse
2210 4166 2406 4232 aliquis
2435 4185 2447 4218 :
2481 4166 2620 4231 Quid
2649 4169 2816 4236 ergo?
2843 4167 2911 4222 Et
2959 4169 3048 4223 illa
3091 4179 3336 4240 potestas

1758 4277 1878 4330 qua:
1913 4276 2100 4315 servos
2130 4259 2220 4313 Dei
2273 4261 2646 4328 persequitur,
2681 4261 2840 4315 lidem
2871 4263 3168 4332 impugnat,
3208 4263 3341 4317 reli-

1757 4353 1969 4422 gionem
1999 4350 2286 4414 subvertit,
2331 4366 2360 4402 a
2404 4351 2514 4404 Deo
2551 4352 2669 4404 est?
2695 4354 2774 4405 Ad
2810 4353 2912 4425 hoc
2949 4353 3187 4408 breviter
3243 4369 3335 4408 re-

103 4437 258 4504 ipsum
294 4443 440 4510 quod
469 4444 691 4507 habent,
725 4459 831 4498 non
868 4449 934 4499 ad
965 4444 1131 4498 Deum
1161 4446 1426 4510 relerunt,
1455 4460 1554 4500 nec
1589 4449 1655 4501 ab
1690 4443 1733 4497 D
1761 4442 2167 4513 spondebimus.
2201 4439 2372 4495 Nemo
2414 4452 2498 4497 est
2540 4445 2634 4510 qui
2686 4442 2894 4498 nesciat
2925 4447 3067 4514 quod
3111 4455 3166 4499 et
3194 4446 3344 4500 visus

703 4583 723 4614 ⁹
753 4583 884 4637 ibid.
933 4583 987 4646 6,
1034 4582 1086 4636 8.
1199 4583 1241 4613 ¹⁰
1290 4583 1419 4638 ibitl.
1472 4584 1524 4637 8.

627 4654 667 4684 ³⁵
695 4654 710 4706 1
745 4653 867 4707 Cor.
899 4668 974 4716 ιι,
1007 4653 1086 4706 l7.

164 4772 264 4838 (85)
292 4773 453 4837 Editi,
489 4785 543 4826 ut
572 4789 771 4834 amens,
813 4771 977 4830 ferus,
1005 4784 1053 4820 et
1091 4771 1349 4821 barbarus
1380 4771 1644 4822 inimicus.

164 4843 268 4912 (86)
296 4843 388 4896 Sic
412 4844 613 4897 rectius
655 4858 756 4894 tus.
793 4841 994 4910 Regius
1039 4857 1195 4912 num.
1250 4842 1402 4895 1659.
1454 4840 1646 4894 (Σίνιδι-ἰ

103 4908 216 4964 vero
249 4908 377 4968 mss.
413 4923 468 4966 et
494 4915 646 4976 editi,
676 4928 770 4979 pro
805 4908 1084 4966 commisso
1128 4908 1247 4980 (aL,
1277 4927 1371 4977 pro
1399 4915 1652 4963 commis-

103 4981 183 5049 sis)
208 4984 552 5042 conscientite,
567 4993 672 5037 etc.

165 5053 269 5120 (87)
295 5053 464 5114 Alias,
498 5055 630 5107 sicut
659 5053 794 5122 ignis
817 5051 936 5119 (al.,
966 5051 1096 5119 igni)
1126 5052 1171 5104 si
1205 5051 1373 5120 ignem
1413 5049 1610 5119 jungas
1636 5063 1654 5101 :

103 5121 218 5175 sicut
250 5127 415 5177 noctis
439 5130 664 5178 tenebrat
688 5121 736 5176 si
761 5125 919 5183 aeris,
953 5134 1060 5175 etc.

166 5195 270 5260 (88)
302 5193 430 5248 Mss.
465 5195 709 5262 plerique
759 5201 814 5245 et
852 5193 1004 5254 editi,
1062 5192 1350 5262 stabilemt
1378 5197 1652 5262 ver_um_et

105 5259 420 5326 immobilem,
466 5259 532 5318 in
577 5259 812 5317 moribus
855 5273 1118 5325 ornatum,
1153 5273 1256 5315 etc.
1307 5260 1405 5313 Ms.
1447 5259 1653 5329 Regius

105 5346 236 5387 num.
287 5335 442 5398 1659,
484 5335 748 5396 stabilem,
798 5348 976 5386 verum
1013 5342 1060 5383 et
1103 5333 1159 5383 in
1207 5331 1444 5384 omnibus
1490 5347 1651 5383 orna-

86 5409 222 5464 tum,
247 5421 375 5467 etc..
403 5405 606 5459 omisso
635 5402 973 5457 immobilem.
1007 5401 1261 5455 Rabanus
1285 5443 1299 5462 ,
1330 5400 1572 5454 stabilem
1599 5407 1649 5452 et

105 5473 401 5528 immobilem
425 5516 440 5537 ,
484 5476 718 5527 moribus
743 5482 1010 5532 ornatum,
1037 5481 1163 5526 etc..
1204 5474 1407 5526 omisso
1449 5485 1647 5524 verum.

107 5538 198 5593 Sed
235 5546 510 5612 legendum
548 5546 762 5598 videtur
799 5546 940 5598 utin
975 5552 1161 5597 nostro
1185 5551 1351 5598 textu.

165 5613 268 5682 (89)
304 5617 460 5678 Editi,
486 5616 775 5683 coniungit.

167 5685 273 5753 (90)
300 5684 458 5748 Editi,
491 5682 718 5738 honestis
752 5684 1045 5740 institutis:
1073 5682 1164 5753 sed
1196 5696 1384 5753 omnes
1427 5695 1570 5753 mss.
1595 5689 1651 5734 et

107 5748 346 5809 Rullianus
394 5767 452 5808 ιιι
492 5758 541 5809 in
575 5767 742 5809 textu.
799 5754 1054 5811 Fortasse
1102 5751 1408 5821 legendum,
1451 5762 1500 5805 et
1553 5752 1653 5806 Ito-

325 5851 594 5912 PATROL.
635 5852 752 5912 Gn.
802 5847 975 5912 XIV.

161 4579 179 4609 ⁸
205 4579 358 4635 Rom.
394 4599 489 4647 χιι,
538 4582 626 4636 9.1.

105 4647 141 4677 “
162 4647 310 4706 Rom.
345 4671 466 4718 xm,
496 4655 546 4707 l.

1631 4584 1670 4614 ¹¹
1704 4582 1834 4636 ibid.
1879 4583 1911 4633 9
1970 4589 2025 4633 et
2070 4579 2156 4633 -l0.

1169 4653 1213 4684 “
1238 4653 1426 4706 Matth.
1465 4671 1600 4716 xxu,
1629 4655 1721 4708 2i.

2258 4577 2300 4607 ¹¹
2338 4575 2524 4634 Jacob.
2563 4595 2600 4640 ι,
2653 4579 2740 4632 l7.

2284 4648 2328 4678 ιθ
2353 4650 2507 4703 Rom.
2556 4665 2675 4714 sui,
2709 4650 2756 4702 l.

2851 4578 2940 4632 ¹³Ι
3003 4578 3128 4634 Cor.
3162 4591 3206 4644 t,
3249 4581 3340 4640 3i.

1802 4653 1841 4682 ”
1876 4655 1996 4706 Act.
2033 4666 2114 4713 tn,
2148 4649 2201 4702 6.
2284 4649 2328 4678 ¹⁸
2353 4650 2507 4703 Rom.
2556 4665 2675 4713 xttt,
2709 4650 2756 4702 l.
2837 4649 2879 4678 "
2913 4649 3041 4703 ibid.

1760 4781 1900 4822 neste
1928 4768 2178 4821 instituti.

1834 4837 1945 4910 (9|)
2000 4838 2166 4910 Editi,
2215 4837 2483 4910 videamus
2537 4851 2660 4910 ergo
2709 4853 2844 4910 nunc
2879 4837 3005 4910 quid
3063 4838 3118 4890 in
3164 4854 3340 4910 conse-

1759 4905 2035 4973 quentibus
2067 4909 2204 4960 dicat
2245 4906 2546 4972 Apostolus.
2577 4905 2762 4959 Omnis
2799 4907 3071 4961 animum.
3124 4909 3339 4962 subdita

1761 4981 1847 5032 sit.
1889 4977 2106 5031 Videtur
2128 4976 2255 5028 mihi
2287 4979 2340 5028 in
2368 4975 2463 5028 hoc
2486 4976 2638 5028 valde
2680 4975 3045 5040 laudabiliter,
3081 4987 3186 5031 etc.
3227 4979 3336 5032 Sed

1760 5064 1949 5102 oumes
1995 5063 2123 5100 mss.
2173 5048 2341 5100 nostri
2385 5055 2440 5099 et
2478 5045 2733 5099 Rabanus
2778 5056 2837 5098 ut
2883 5047 2938 5100 in
2992 5056 3176 5111 textu,
3234 5049 3336 5102 nisi

1760 5118 1900 5187 quod
1939 5117 2192 5182 habeant,
2236 5115 2452 5169 Videtur
2481 5115 2610 5168 mihi
2647 5117 2703 5187 in
2739 5115 2834 5169 hoc
2882 5133 2986 5170 non
3025 5116 3173 5170 valde
3217 5117 3335 5170 lau-

1761 5186 2025 5247 dabiliter,
2052 5196 2155 5242 etc.
2181 5204 2194 5240 z
2227 5187 2318 5242 sed
2345 5203 2451 5241 vox
2480 5203 2582 5239 non
2616 5186 2916 5240 redundare
2950 5187 3187 5240 videtur.

1833 5257 1950 5380 (921)
1983 5256 2148 5322 Editi,
2172 5261 2224 5310 in
2263 5256 2530 5324 aliquibus
2572 5255 2794 5324 alligata
2838 5259 3078 5326 negotiis.
3111 5254 3333 5311 ReCIius

1833 5346 1864 5380 ι.
1954 5329 2106 5380 cuius
2155 5343 2304 5380 num.
2338 5325 2498 5380 1659.
2528 5328 2576 5379 ei
2623 5325 2802 5380 aliauo
2833 5326 3057 5380 alliaata
3103 5331 3331 5380 negotio.

1761 5325 1864 5384 ms.
1907 5325 2106 5396 Regius
2155 5343 2304 5380 num.
2338 5325 2498 5394 1659,
2528 5328 2576 5379 ei
2623 5325 2802 5395 aliquo
2833 5326 3057 5394 alligata
3103 5331 3331 5394 negotio.

1759 5398 1951 5454 Caneri
1989 5411 2118 5466 mss.
2141 5406 2195 5450 et
2222 5397 2496 5458 Rabanus,
2518 5396 2572 5448 in
2601 5397 2780 5466 aliqua
2804 5396 3024 5464 alligata
3053 5398 3292 5466 negotiis.

1831 5469 1942 5539 (95)
1976 5465 2208 5535 Negotii.
2246 5466 2528 5539 Omittitur
2562 5468 2615 5519 in
2672 5465 2844 5539 editis,
2873 5477 2928 5519 et
2973 5468 3025 5520 in
3057 5465 3334 5539 plerisque

1759 5535 2040 5607 ms's.,sed
2091 5537 2398 5593 restituitur
2445 5551 2514 5591 ex
2567 5551 2669 5590 ms.
2702 5535 2884 5607 Regio
2920 5535 3070 5592 num.
3108 5536 3246 5592 1659
3275 5550 3332 5594 et

1760 5608 2006 5662 Rabauo.
2034 5606 2047 5614 “

1830 5676 1941 5750 (94)
1975 5675 2155 5741 Enim,
2188 5677 2378 5748 inquit.
2414 5675 2542 5732 Haec
2567 5677 2731 5734 verba
2761 5677 2955 5732 desunt
2981 5677 3037 5732 in
3073 5676 3259 5735 editis.

2952 5842 3031 5904 39
