3744 6146
345 211 478 266 ηὲῖ

1841 205 2164 263 ORIGENIS

3390 282 3404 297 .
3482 212 3596 266 test

343 330 500 382 nobis
521 343 548 381 a
585 325 695 384 Deo
713 326 941 382 donatus
971 335 1073 392 est,
1101 335 1154 381 et
1182 326 1423 389 auditus,
1456 333 1510 380 et
1536 338 1748 381 sensus.
1787 325 1919 380 Cdm
1949 329 1998 385 Α
2025 339 2115 377 vos
2149 324 2213 377 ab
2263 323 2344 377 his
2382 339 2503 393 qua:
2555 321 2714 377 idolis
2766 322 3143 385 immolantur.
3177 335 3225 379 et
3262 327 3534 398 sanguine.
3560 338 3597 383 et

343 439 477 494 ergo
510 438 538 477 a
572 421 681 477 Deo
708 421 1008 475 habeamus
1040 423 1174 485 haec,
1211 419 1263 474 in
1293 429 1566 490 potestate
1613 430 1795 474 tamen
1828 434 1928 474 no.

344 524 458 569 stra
494 523 576 569 est
614 522 674 568 ut
704 516 822 568 visu
856 512 939 566 vel
982 515 1047 567 ad
1099 510 1240 565 bona
1274 512 1360 567 vei
1395 515 1461 566 ad
1497 512 1650 567 ~mala
1678 519 1924 577 utamur;

344 607 597 661 similiter
628 604 742 678 (9.5)
775 616 830 660 et
860 606 1075 670 auditu,
1107 617 1162 660 et
1190 613 1337 662 motu
1369 620 1648 670 manuum,
1681 613 1737 658 et
1770 605 1928 673 cogi-
1956 624 1959 627 ·

347 699 554 753 tatione
581 712 774 753 sensus
804 717 816 752 :
849 708 906 753 et
956 698 1011 752 in
1049 700 1152 753 hoc
1192 708 1274 753 est
1300 697 1505 767 justum
1534 695 1801 765 judicium
1836 696 1928 751 Dei

345 793 487 864 quod
520 792 603 847 his
634 807 754 861 qua?
802 793 893 847 ille
922 793 988 847 ad
1036 808 1171 848 usus
1211 792 1381 847 bonos
1416 790 1583 856 dedit,
1622 805 1720 844 nos
1748 790 1928 843 abuti-

346 901 470 941 mur
501 884 611 958 (96)
639 887 707 940 ad
738 886 903 955 impia
934 896 991 940 et
1030 885 1212 955 iniqua
1247 884 1570 939 ministeria.
1603 882 1680 939 Ita
1721 898 1852 953 ergo
1875 891 1931 938 et

346 986 589 1046 potestas
620 979 799 1033 onmis
825 994 853 1032 a
890 978 999 1034 Deo
1027 980 1150 1031 data
1184 987 1267 1032 est
1305 977 1376 1030 ad
1400 976 1691 1030 vindictam
1717 975 1930 1043 quidem

345 1071 632 1135 malorum,
659 1071 873 1125 laudent
904 1086 1022 1126 vero
1059 1072 1313 1123 bonorum
1336 1070 1405 1132 ’°,
1438 1069 1582 1124 sicut
1615 1069 1759 1124 idetu
1788 1072 1931 1136 Apo-

347 1167 519 1221 stolus
546 1168 598 1220 in
623 1166 1079 1234 subsequentibus
1103 1165 1235 1218 dicit
1262 1163 1328 1214 ²¹.
1359 1162 1476 1217 Erit
1515 1170 1693 1216 autem
1724 1162 1928 1231 justum

344 1248 733 1331 judicium‘Dei
765 1272 897 1329 erga
925 1272 1021 1312 eos
1045 1256 1143 1337 qui
1170 1265 1454 1324 acceptam
1484 1264 1810 1323 potestatem
1838 1269 1927 1309 se-

346 1350 581 1405 cundum
616 1363 740 1403 suas
775 1349 1102 1419 impietates,
1137 1356 1192 1403 et
1227 1361 1332 1402 non
1385 1346 1685 1401 secundum
1718 1344 1929 1399 divinas

348 1444 660 1501 tetnperant
690 1433 867 1505 leges.

402 1528 504 1584 '27.
539 1528 608 1584 Et
635 1529 758 1584 ideo
783 1527 915 1582 dicit
942 1549 952 1584 :
979 1526 1169 1597 Itaque
1189 1529 1279 1596 qui
1314 1526 1508 1581 resistit
1535 1526 1807 1595 potestati,
1829 1525 1928 1580 Dei

347 1621 671 1677 ortlinationi
720 1622 949 1685 resistit;
997 1621 1089 1689 qui
1132 1630 1306 1674 autem
1352 1621 1629 1684 resistunt,
1678 1621 1780 1689 ipsi
1829 1621 1929 1674 sibi

2030 416 2330 484 suﬁ‘ocatis.
2351 426 2397 470 et
2427 415 2796 485 fornicatione,
2832 434 2864 470 a
2894 418 3085 488 quibus
3121 420 3472 473 custodientes
3499 437 3598 475 oat-

2033 509 2283 573 metipsos
2336 508 2460 562 bene
2514 508 2699 577 agetis.
2740 508 2919 564 Valete
2941 511 3011 565 ³⁷.
3044 510 3099 566 In
3133 512 3217 566 his
3246 528 3381 583 ergo
3420 528 3600 583 praece-

2032 602 2149 675 ptis.
2176 604 2228 654 in
2264 600 2464 669 quibus
2491 600 2622 655 dicit
2649 601 2786 656 nihil
2815 601 3045 673 amplius
3074 604 3465 672 imponendum
3494 620 3599 661 esse

2031 694 2215 747 oneris
2253 696 2338 749 his
2391 692 2485 762 qui
2534 710 2600 748 ex
2636 696 2888 765 gentibus
2930 697 3185 761 credunt,
3215 698 3318 751 nisi
3367 706 3428 751 ut
3452 698 3599 751 absti-

2033 798 2199 840 neant
2227 802 2285 842 se
2324 790 2389 845 ab
2420 790 2507 844 his
2523 805 2644 858 quae
2676 788 2832 844 idolis
2853 788 3225 855 immolantur,
3251 799 3306 845 et
3331 790 3601 858 sanguine,

2031 887 2086 932 et
2112 877 2409 946 suffocatis,
2425 891 2479 936 et
2501 881 2889 948 fornicatione,
2914 896 3092 951 neque
3118 881 3476 937 homicidium
3494 898 3601 952 pro-

2036 972 2272 1035 hibetur,
2333 988 2506 1043 neque
2559 975 2912 1042 adulterium,
2949 989 3125 1045 neque
3170 972 3403 1045 furtum,
3435 989 3599 1044 neque

2033 1059 2406 1114 masculorum
2436 1062 2780 1126 concubitus,
2818 1078 2993 1132 neque
3018 1073 3210 1118 caetera
3239 1065 3474 1118 crimina
3498 1080 3603 1133 qua

2031 1150 2231 1206 divinis
2268 1162 2321 1206 et
2349 1153 2609 1216 htunauis
2642 1155 2850 1226 legibus
2890 1156 3209 1223 puniuntur.
3246 1155 3407 1223 Quod
3446 1157 3489 1210 si
3523 1157 3605 1212 illa

2032 1242 2145 1303 sola
2173 1258 2295 1313 qua:
2318 1260 2479 1315 supra
2506 1248 2823 1302 memoravit
2846 1247 2947 1319 (l).
2970 1246 3308 1302 observanda
3336 1249 3471 1303 dicit
3496 1263 3606 1304 esse

2030 1332 2381 1402 Chrisuanis,
2414 1337 2686 1392 videbitur
2721 1339 2804 1393 eis
2844 1340 2909 1393 de
2950 1340 3162 1393 caeteris
3203 1340 3421 1394 dedisse
3450 1338 3606 1393 licen-

2032 1427 2181 1482 tiam.
2222 1427 2329 1482 Sed
2360 1428 2482 1483 vide
2519 1429 2922 1484 ordinationem
2957 1427 3193 1500 Spiritus
3225 1430 3401 1483 sancti
3437 1448 3450 1482 :
3482 1445 3606 1495 quo-

2031 1518 2179 1573 niam
2210 1520 2428 1589 quidem
2474 1532 2671 1577 ctetera
2706 1522 2937 1577 crimina
2971 1522 3153 1577 steculi
3189 1520 3399 1593 legibus
3444 1523 3605 1577 vindi-

2032 1623 2322 1679 cantur,et
2363 1597 2696 1684 superﬂuum
2734 1617 3021 1670 videbatur
3036 1630 3155 1671 esse
3182 1631 3245 1671 ea
3274 1633 3417 1672 nunc
3436 1618 3606 1672 divina

340 1714 740 1768 damnationem
778 1712 1061 1784 acquirunt
1090 1713 1133 1743 “
1159 1711 1295 1783 (97).
1328 1710 1445 1765 Non
1476 1712 1564 1766 hic
1594 1713 1661 1766 de
1691 1711 1796 1766 illis
1832 1726 1926 1780 po-
1962 1696 2005 1751 Β
2036 1703 2154 1776 lege
2203 1705 2506 1773 prohiberi,
2553 1721 2674 1776 qua:
2706 1705 3039 1763 suliicieuter
3072 1709 3306 1763 humana
3356 1709 3470 1780 lege
3500 1710 3606 1779 ple-

350 1804 639 1858 testatibns
659 1803 793 1858 dicit
814 1817 935 1872 quas
958 1803 1368 1873 persecutiones
1399 1786 1642 1858 inferunt
1664 1802 1824 1868 ﬁdei;
1855 1803 1926 1858 ibi

341 1896 493 1949 enim
518 1895 811 1949 dicendum
842 1907 925 1948 est
956 1913 968 1947 :
1011 1893 1119 1947 Deo
1150 1903 1349 1961 oportet
1379 1894 1739 1961 obtemperare
1758 1895 1927 1963 magis

344 2003 506 2053 quam
561 1986 858 2041 hominibus
884 1987 929 2017 “
949 2026 964 2051 ,
994 1986 1086 2040 sed
1121 1986 1188 2039 de
1228 1986 1348 2040 istis
1392 1986 1772 2042 communibus
1797 1986 1928 2041 dicit

341 2096 470 2151 qua:
500 2096 606 2135 non
631 2090 754 2136 sunt
782 2080 960 2134 timori
990 2080 1112 2134 boni
1134 2082 1330 2148 operis.
1351 2082 1443 2135 sed
1472 2082 1598 2134 mali
1616 2081 1663 2113 “
1687 2096 1702 2136 :
1729 2081 1929 2151 quibus

350 2172 539 2242 utique
564 2173 658 2242 qui
702 2172 924 2237 resistit,
952 2171 1067 2241 ipse
1116 2172 1215 2225 sibi
1263 2173 1667 2227 damnationem
1704 2188 1801 2243 pro
1835 2188 1929 2243 ge-

348 2270 554 2319 storum
591 2275 811 2318 suorum
836 2261 1102 2332 qualitate
1138 2263 1436 2332 conquirit.

416 2356 506 2413 ‘28.
538 2355 626 2411 Vis
651 2366 849 2420 autem,
881 2356 1080 2425 inquit,
1111 2372 1214 2410 non
1244 2360 1427 2412 timere
1451 2362 1799 2426 potestatem?
1842 2362 1928 2432 {ac

336 2447 485 2515 quod
525 2446 720 2501 bonum
752 2454 850 2513 est,
876 2456 923 2500 et
952 2446 1164 2500 habebis
1190 2447 1398 2502 laudem
1427 2464 1493 2502 ea:
1516 2448 1648 2511 illa;
1675 2450 1769 2505 Dei
1788 2453 1928 2506 enim

346 2540 588 2596 minister
615 2549 691 2595 est
716 2539 810 2594 tibi
835 2539 890 2594 in
915 2540 1130 2594 bonum.
1153 2538 1216 2595 Si
1248 2550 1424 2596 autem
1455 2544 1596 2610 quod
1630 2543 1828 2598 malum
1848 2556 1928 2601 est

348 2633 555 2702 feceris,
583 2634 744 2688 time:
767 2649 871 2702 non
907 2635 1045 2688 enim
1074 2637 1186 2689 sine
1216 2648 1383 2689 causa
1425 2635 1663 2705 gladium
1707 2649 1928 2705 portat:

344 2722 448 2778 Dei
470 2723 613 2778 enim
634 2724 878 2779 minister
901 2734 981 2779 est
1007 2740 1025 2778 :
1051 2724 1240 2780 uindex
1274 2727 1329 2780 in
1349 2728 1430 2779 ira
1451 2727 1499 2779 ei
1521 2728 1611 2798 qui
1642 2730 1785 2799 quod
1809 2746 1926 2784 ma-

345 2818 458 2871 lum
482 2826 559 2871 est
585 2818 692 2887 agit
713 2818 780 2870 ¹³.
815 2816 992 2873 Movet
1029 2834 1114 2874 me
1143 2819 1196 2873 in
1222 2820 1307 2875 his
1329 2821 1676 2876 sermonibus
1704 2821 1926 2890 Paulus,

347 2909 497 2980 quod
536 2919 860 2980 potestatem
890 2910 1073 2965 saeculi
1100 2920 1156 2966 et
1184 2911 1425 2979 judicem
1463 2912 1652 2967 mundi
1699 2913 1790 2969 Dei
1829 2916 1929 2969 mi-

349 3004 579 3057 n'islrum
630 3002 794 3068 dicit;
832 3012 886 3057 et
920 3003 1024 3057 hoc
1065 3018 1171 3057 non
1215 3002 1418 3067 semel,
1455 3004 1550 3058 sed
1601 3006 1840 3061 secundo
1875 3015 1929 3062 et
1955 3044 2000 3106 Ο

351 3094 510 3148 tertio
544 3093 762 3161 repetit.
787 3092 960 3148 Velim
1000 3109 1130 3164 ergo
1156 3095 1434 3163 requirere
1466 3099 1740 3165 quomodo
1759 3097 1925 3167 judex

349 3183 535 3238 mundi
566 3183 656 3238 Dei
690 3183 937 3237 minister
961 3183 1052 3237 sit.
1088 3182 1398 3238 Invenimus
1431 3183 1693 3252 scriptum
1742 3185 1793 3240 in
1821 3184 1927 3241 Ac-

347 3274 493 3330 tibus
520 3274 909 3345 apostolorum,
937 3275 1065 3343 quia
1091 3274 1479 3330 convenientes
1522 3277 1573 3329 in
1599 3291 1766 3330 unum
1794 3291 1925 3345 apo-

346 3368 471 3426 stoli
502 3377 809 3422 statuerunt
853 3367 1073 3426 decreta
1106 3382 1227 3437 quae
1257 3371 1553 3422 observare
1603 3366 1924 3425 deberemus

350 3477 450 3517 nos
499 3459 590 3530 qni
631 3474 701 3515 ex
757 3459 1010 3530 gentibus
1046 3458 1375 3513 credidimus
1412 3458 1637 3515 Christo
1693 3459 1832 3532 (98),
1869 3460 1923 3515 in

346 3554 546 3625 quibus
578 3553 695 3608 haec
722 3551 1108 3607 continentur:
1141 3550 1378 3618 Apostoli
1415 3563 1464 3606 et
1487 3552 1775 3623 presbyteri
1803 3553 1926 3623 {ra-

346 3646 513 3702 tribus
539 3647 627 3717 qui
652 3656 775 3700 sunt
809 3644 951 3713 apud
980 3644 1338 3707 Antiochiam,
1363 3652 1411 3698 et
1452 3642 1694 3714 Syriam,
1716 3655 1766 3699 et
1794 3643 1927 3700 Cili-

344 3739 510 3805 ciam,
536 3738 777 3793 omnibus
807 3739 899 3808 qui
918 3754 983 3793 ea:
1009 3737 1246 3806 gentibus
1284 3737 1642 3802 crediderunt,
1676 3740 1921 3794 salutem.

348 3830 615 3897 Quoniam
634 3829 846 3900 quidem
876 3829 1172 3883 audi-vimus
1211 3828 1469 3899 quosdam
1509 3829 1677 3884 exisse
1710 3846 1743 3883 a
1776 3830 1925 3886 nobis

342 3932 395 3977 et
442 3921 749 3991 perturbare
799 3937 915 3988 vos,
952 3921 1141 3991 quibus
1184 3937 1289 3974 non
1339 3921 1715 3977 mandavimus
1737 3923 1803 3977 ".
1862 3924 1926 3979 Et

347 4022 468 4083 post
505 4013 784 4083 aliquanta
834 4013 1052 4069 additur
1096 4030 1111 4065 :
1169 4010 1379 4066 Placuit
1416 4028 1540 4081 ergo
1572 4012 1690 4085 (99)
1740 4025 1924 4071 sancto

349 4100 581 4171 Spiritui
603 4113 651 4156 et
679 4102 849 4168 nobis,
883 4101 1017 4156 nihil
1043 4101 1270 4168 amplius
1313 4104 1593 4172 superponi
1615 4106 1758 4159 vobis
1783 4122 1921 4176 pou-

347 4194 510 4261 deris,
533 4202 725 4262 prwter
761 4211 824 4249 ea
857 4209 974 4265 quae
1003 4195 1299 4248 necessaria
1330 4205 1472 4257 sunt,
1505 4204 1563 4249 ut
1604 4197 1917 4256 abstineatis

414 4308 460 4340 ³ο
489 4306 508 4360 1
535 4307 682 4364 Petr.
719 4323 777 4372 ιι,
835 4307 923 4363 14.
1011 4308 1055 4339 ’⁸
1084 4305 1242 4361 Rom.
1290 4322 1409 4375 xm,
1440 4308 1497 4368 5.
1526 4309 1578 4362 4.

347 4382 395 4418 ’θ
424 4381 542 4434 Act.
566 4377 756 4445 xvﬂb,
784 4378 880 4434 ‘24.
957 4379 999 4409 "’
1034 4379 1165 4433 ibid.
1190 4378 1282 4442 ‘28,
1303 4378 1396 4434 ‘29.

419 4473 534 4543 (95)
572 4471 664 4525 Sic
695 4486 796 4525 ms.
818 4470 1029 4542 Regius
1056 4487 1207 4525 num.
1237 4470 1399 4543 1959.
1421 4471 1610 4528 Cteteri
1639 4490 1768 4530 vero
1794 4494 1927 4533 mss.
1962 4484 2010 4543 D

345 4555 403 4600 et
432 4541 722 4601 ‘Rabanus.
758 4557 878 4595 cum
917 4541 1045 4611 ergo
1070 4542 1181 4595 haec
1205 4559 1238 4594 a
1281 4541 1387 4613 D_eo
1417 4545 1523 4596 sint
1544 4583 1559 4606 ,
1583 4544 1637 4597 in
1674 4555 1927 4613 potestate

348 4628 525 4669 tamen
555 4622 739 4665 nostra
762 4615 952 4684 astuti
976 4617 1088 4684 visu
1137 4614 1214 4684 vel
1255 4611 1323 4664 ad
1349 4613 1509 4677 bona,
1532 4613 1609 4667 vel
1643 4611 1712 4669 ad
1739 4618 1880 4670 mala
1905 4636 1924 4684 ;

349 4685 614 4747 similiter,
653 4683 957 4755 etc._Edtti,
990 4682 1125 4737 Cum
1154 4683 1266 4735 htrc
1308 4698 1430 4751 ergo
1471 4700 1501 4736 a
1529 4684 1640 4738 Deo
1673 4687 1728 4740 in
1772 4682 1924 4755 pote;

351 4763 490 4810 state
520 4762 703 4806 nostra
734 4752 877 4815 sint;
910 4762 1084 4808 tamen
1114 4756 1192 4806 uti
1223 4756 1336 4807 uisu
1365 4754 1442 4805 uel
1486 4757 1553 4807 ad
1580 4756 1715 4810 bona
1743 4752 1818 4812 vel
1854 4760 1926 4812 ad

343 4825 493 4879 mala
517 4837 817 4891 possumus.

421 4893 532 4967 (9(5)
560 4891 728 4957 Editi,
758 4894 848 4967 his
871 4910 1000 4963 quos
1034 4895 1104 4967 ad
1149 4894 1393 4967 ususrille
1424 4896 1583 4950 bonos
1611 4895 1785 4967 dedit,
1830 4917 1923 4956 nos

346 4962 640 5033 abutimur,
658 4973 775 5017 etc.
800 4962 930 5019 Mss.
956 4966 1176 5033 quidam
1209 4966 1410 5020 habent
1438 4967 1740 5021 abutamur.

419 5034 534 5106 (97)
571 5032 908 5106 Qui__-autem
957 5032 1225 5097 resistunt,
1252 5036 1354 5105 ipsi
1384 5035 1483 5090 sibi
1525 5040 1920 5095 damnationem

346 5102 647 5177 acquirunt.
673 5102 799 5158 Haec
830 5119 1003 5177 neque
1035 5107 1087 5159 in
1120 5122 1253 5159 mss‘.
1272 5102 1613 5177 'nequeqapud
1638 5106 1916 5164 Rabanutn

351 5175 859 5246 reperiutitur;_sed
891 5186 1106 5246 esstaut
1141 5179 1192 5228 in
1224 5178 1401 5246 editis.
1443 5175 1646 5233 Deinde
1674 5196 1777 5234 ms.
1807 5180 1914 5235 Re-

348 5242 660 5318 gius_tttl_ttt.
685 5244 851 5318 4659,
884 5242 1131 5318 Non.th
1157 5250 1222 5300 de
1245 5245 1372 5318 illis,
1406 5256 1511 5318 etc.

420 5316 533 5387 (98)
556 5315 1022 5380 Editi,»credimus
1062 5315 1289 5369 Christo.
1334 5315 1537 5387 Deinde
1581 5318 1742 5372 iidem
1781 5321 1912 5375 editi

348 5397 405 5460 e_t
431 5385 575 5460 mss.
623 5387 1170 5460 quidatn,_.qui_sunt
1202 5385 1515 5460 Antiochia,
1556 5399 1605 5460 et
1652 5388 1842 5460 Syriae,
1872 5401 1921 5444 et

349 5457 575 5513 Cilicia.
610 5454 715 5510 Sed
751 5471 856 5511 ms.
893 5454 1096 5528 Regius
1125 5473 1277 5528 uuln.
1322 5456 1460 5513 1659
1488 5468 1542 5511 et
1576 5454 1837 5515 Rabanus
1865 5472 1919 5515 ut

351 5528 408 5581 iu
437 5537 623 5603 IIDSU’O
660 5535 831 5592 textu,
872 5526 1151 5597 nisi‘quod
1186 5526 1441 5583 Rabanus
1476 5529 1675 5586 habeat
1700 5547 1794 5600 per
1825 5546 1925 5603 pro

348 5601 491 5666 apud
500 5636 513 5650 .

423 5666 535 5734 (99)
595 5666 761 5737 Editi,
790 5678 984 5727 autem.
1015 5666 1124 5726 Sed
1152 5683 1339 5726 omnes
1370 5683 1503 5727 mss.
1548 5680 1603 5729 et
1641 5669 1926 5741 Rabanus,

345 5751 491 5798 alio.

1673 4314 1720 4350 ³⁸
1765 4313 1894 4369 ibid.
1918 4316 1973 4371 2.

1473 4381 1518 4413 ³⁸
1541 4380 1699 4437 Rom.
1729 4400 1792 4449 tt,
1825 4386 1911 4440 12.
1985 4388 2030 4421 ’θ
2061 4387 2249 4442 Matth.
2283 4404 2410 4451 xxv,
2443 4388 2533 4443 21.

2029 1806 2288 1861 ctuntur;
2313 1796 2479 1870 656
2505 1797 2594 1852 illa
2626 1799 2740 1854 sola
2768 1800 2835 1853 de
2864 1799 3064 1870 quibus
3091 1799 3226 1854 nihil
3258 1801 3502 1855 humana.
3525 1802 3604 1856 lex

2029 1892 2241 1948 dixerat
2272 1901 2325 1948 et
2353 1909 2476 1963 qua:
2526 1892 2776 1964 religioni
2808 1894 3136 1949 videbantur
3170 1896 3485 1962 convenire,
3514 1897 3605 1950 de-

2029 1986 2203 2039 cernit
2234 1983 2343 2056 (2).
2378 1984 2458 2039 Ex
2491 1999 2602 2055 quo
2637 1996 2866 2055 apparet
2904 1985 3141 2054 judicem
3187 1988 3374 2041 mundi
3406 1998 3605 2058 partem

2030 2076 2324 2131 maximam
2372 2074 2469 2129 Dei
2503 2075 2636 2146 legis
2671 2077 2919 2145 implere.
2949 2076 3145 2133 Omnia
3189 2078 3338 2130 enim
3385 2077 3603 2131 crimina

2028 2183 2150 2239 qua:
2174 2169 2441 2226 vindicari
2473 2172 2589 2225 vult
2623 2169 2787 2234 Deus,
2815 2186 2920 2224 non
2952 2186 3051 2242 per
3083 2170 3365 2225 antistites
3384 2179 3440 2225 et
3466 2171 3603 2239 priu-

2028 2261 2176 2330 cipes
2202 2261 2596 2329 Ecclcsiarum,
2628 2263 2722 2318 sed
2747 2277 2845 2331 per
2875 2260 3317 2330 mundijudicem
3343 2261 3423 2334 (3)
3441 2263 3605 2316 voluit

2030 2353 2331 2418 vindicari;
2377 2364 2433 2409 et
2474 2356 2579 2409 hoc
2625 2356 2805 2411 sciens
2860 2356 3082 2421 Paulus,
3114 2366 3262 2412 recte
3302 2372 3426 2412 eum
3457 2358 3602 2411 mini-

2028 2454 2202 2499 strum
2228 2444 2319 2499 Dei
2341 2443 2590 2498 nominat
2612 2451 2669 2498 et
2698 2445 2968 2501 vindicem
3000 2447 3055 2501 in
3097 2461 3221 2502 eum
3248 2448 3327 2517 (4)
3354 2447 3444 2516 qui
3468 2447 3611 2517 quod

2028 2533 2227 2589 malum
2257 2545 2340 2590 est
2375 2537 2510 2604 agit.
2535 2535 2692 2601 Quod
2715 2545 2895 2590 autem
2927 2536 3063 2592 dicit
3090 2538 3156 2593 de
3180 2545 3447 2606 potestate
3467 2560 3479 2592 :
3499 2534 3609 2590 Fac

2027 2626 2167 2696 quod
2202 2628 2395 2682 bonum
2432 2637 2528 2691 est,
2561 2638 2611 2682 et
2640 2629 2854 2683 habebis
2882 2630 3094 2685 laudem
3127 2647 3192 2686 ea:
3219 2648 3304 2695 ea,
3334 2631 3500 2688 altius
3526 2648 3609 2688 re-

2029 2720 2359 2791 quirendum
2388 2720 2525 2776 mihi
2555 2721 2791 2777 videtur.
2819 2722 2938 2778 Non
2981 2724 3126 2779 enim
3159 2728 3499 2781 consuetudo
3534 2735 3610 2782 est

2030 2814 2395 2884 potestatibus
2447 2816 2634 2871 saeculi
2692 2816 2917 2873 laudare
2965 2820 3065 2874 hos
3113 2822 3206 2890 qui
3263 2835 3370 2875 non
3412 2820 3610 2876 iuerint

2031 2907 2330 2963 criminosi.
2358 2905 2494 2962 Nam
2523 2919 2821 2979 peccantes
2839 2911 3059 2980 quidem
3085 2914 3340 2982 puniunt,
3366 2929 3471 2969 non
3496 2931 3609 2985 pec-

2031 3010 2224 3056 cantes
2257 3013 2387 3056 vero
2416 3000 2640 3056 laudare
2666 3002 2748 3056 eis
2787 3017 2907 3058 mos
2938 3004 3119 3060 nullus
3144 3016 3247 3061 est.
3288 3006 3393 3062 Sed
3430 3008 3607 3063 videa-

2034 3109 2157 3149 mus
2187 3108 2257 3149 ne
2282 3091 2424 3149 forte
2444 3091 2644 3149 Paulus
2665 3092 2829 3148 etiam
2855 3110 2980 3150 cum
3011 3097 3238 3152 moralia
3268 3098 3484 3154 videtur
3513 3102 3608 3155 do-

2035 3200 2181 3254 cere,
2210 3183 2457 3240 inserere
2485 3198 2700 3254 semper
2750 3185 2915 3239 etiam
2960 3186 3028 3242 de
3076 3158 3362 3261 mysteriis
3410 3190 3606 3260 aliquid

2033 3292 2141 3332 non
2167 3276 2411 3333 omittat.
2462 3277 2673 3333 Etenim
2703 3280 2882 3336 sciens
2912 3280 2992 3353 (5)
3029 3285 3172 3351 quod
3204 3300 3385 3338 omnes
3426 3286 3516 3354 qui
3554 3286 3608 3339 in

2032 3370 2146 3441 lege
2182 3382 2545 3439 peccaverunt,
2579 3388 2674 3439 per
2701 3374 2865 3442 legem
2887 3376 3278 3445 judicabantur
3299 3377 3382 3432 "2
3421 3394 3609 3432 unum-

2030 3474 2300 3531 quemque
2324 3471 2510 3516 autem
2539 3463 2592 3517 in
2623 3463 2829 3532 judicio
2856 3465 2946 3519 illa
2972 3465 3059 3521 lex
3090 3466 3212 3521 sine
3233 3467 3399 3523 dubio
3423 3477 3609 3539 arguet

2032 3558 2329 3607 secundum
2380 3554 2524 3622 quod
2577 3555 2715 3610 vixit
2753 3555 3115 3627 (ostendimus
3141 3568 3327 3614 autem
3360 3571 3606 3615 sanctum

2033 3642 2297 3715 Spiritum
2321 3645 2373 3699 in
2404 3644 2588 3700 multis
2616 3647 2867 3704 humana:
2897 3648 3002 3719 legi
3034 3650 3209 3705 locum
3234 3651 3470 3724 dedisse)
3493 3668 3609 3707 cer-

2036 3744 2149 3789 tum
2183 3744 2268 3789 est
2299 3749 2429 3803 ergo
2460 3734 2540 3807 (6)
2572 3737 2701 3805 quia
2741 3737 2795 3791 in
2828 3739 2917 3792 die
2951 3738 3144 3806 judicii
3174 3740 3400 3796 habebit
3443 3741 3604 3797 etiam

2031 3844 2097 3885 ex
2128 3830 2250 3884 istis
2281 3829 2485 3900 legibus
2513 3828 2725 3885 laudem
2749 3830 2896 3901 apud
2923 3831 3087 3887 Deum
3119 3831 3166 3888 is
3195 3834 3291 3902 qui
3321 3834 3457 3889 nihil
3480 3850 3608 3891 con-

2033 3930 2117 3976 tra
2149 3932 2383 3977 statutas
2404 3923 2743 3978 commiserit
2772 3923 2940 3995 leges,
2970 3940 3092 3980 cum
3122 3926 3335 3983 dicetur
3359 3927 3411 3983 ei
3441 3942 3471 3980 a
3502 3929 3604 3983 Do-

2031 4016 2218 4071 mino:
2253 4016 2421 4087 Euge,
2458 4033 2600 4073 serve
2626 4017 2756 4071 bone
2789 4027 2839 4073 et
2867 4018 3079 4087 ﬁdelis,
3115 4036 3274 4088 super
3311 4036 3479 4090 pauca
3502 4020 3604 4090 [ui-

2028 4111 2096 4162 sti
2134 4108 2329 4177 ﬁdelis,
2368 4127 2526 4181 super
2571 4114 2739 4163 multa
2772 4118 2821 4165 te
2850 4112 3168 4169 constituam
3190 4114 3259 4167 ".
3311 4113 3600 4169 Sciendum

2030 4210 2214 4256 tamen
2247 4212 2330 4257 est
2358 4204 2503 4273 quod
2527 4203 2678 4273 justo
2709 4203 2794 4257 lea:
2824 4220 2928 4256 non
2958 4214 3033 4257 est
3062 4206 3258 4272 posita,
3283 4207 3373 4260 sed
3397 4206 3598 4277 injustis

2072 4317 2120 4389 ff
2147 4321 2265 4389 Act.
2305 4333 2357 4379 ν,
2393 4316 2487 4389 29.
2561 4319 2608 4349 ⁸⁵
2630 4316 2788 4371 Rom.
2813 4333 2931 4384 xm,
2953 4316 3008 4373 5.
3084 4319 3132 4351 ”
3156 4319 3290 4375 ibid.
3319 4319 3354 4375 3
3382 4328 3436 4376 et
3483 4334 3596 4389 ειη.

2110 4481 2186 4549 ll)
2221 4478 2385 4544 Editi,
2415 4480 2717 4534 memoravi.

2108 4551 2185 4622 (2)
2216 4551 2379 4622 Editi,
2425 4552 2671 4619 quoniam
2698 4550 2912 4619 quidem
2948 4562 3137 4608 cwtera
3168 4553 3395 4608 crimina
3422 4555 3596 4609 seculi

2036 4620 2237 4690 legibus
2256 4620 2596 4690 judicantur,
2625 4631 2672 4672 et
2700 4623 3024 4690 superﬂuum
3055 4625 3333 4677 videbatur
3368 4642 3429 4679 ea
3466 4640 3595 4679 nunc

2035 4693 2211 4764 divina
2246 4694 2354 4761 lege
2400 4692 2689 4764 prohibere,
2718 4694 3191 4764 quteusuﬁicienter
3233 4696 3465 4749 humana
3494 4695 3594 4763 lege

2032 4763 2368 4830 plectuntur;
2395 4762 2488 4814 illa
2513 4761 2629 4817 sola
2651 4763 2714 4814 de
2753 4761 2965 4828 quibus"
2983 4763 3116 4817 nihil
3142 4765 3379 4819 humana
3406 4768 3486 4819 lex
3512 4761 3593 4816 di-

2031 4842 2215 4902 xerat,
2259 4832 2499 4902 religioni
2552 4836 2677 4899 (ms.
2719 4830 2919 4900 Regius
2967 4850 3115 4888 num.
3154 4832 3296 4889 i639
3340 4838 3426 4892 hic
3454 4835 3593 4889 addit

2031 4900 2228 5040 tame?)
2258 4900 2533 4957 videbatur
2580 4904 2851 4956 convenire
2872 4904 3147 4959 decernere
3177 4904 3478 4976 (Rabanus,
3509 4908 3593 4959 de-

2031 4989 2167 5026 cerut
2199 5010 2214 5026 .
2931 5018 2937 5023 .

2027 4989 2214 5026 cerui).

2094 5042 2173 5112 (ὃ)
2209 5041 2376 5106 Alias,
2403 5042 2631 5109 judices.

2098 5112 2175 5184 (4)
2224 5113 2385 5176 Editi,
2410 5122 2459 5165 et
2497 5112 2734 5181 judicem
2776 5117 2832 5168 in
2873 5131 3013 5175 eum,
3045 5126 3151 5171 etc.
3190 5115 3395 5172 Deinde
3440 5117 3590 5172 iidem

2024 5182 2163 5236 editi
2176 5193 2243 5256 _et
2265 5197 2408 5256 mss.
2443 5185 2684 5256 qnidam,
2706 5184 2772 5238 Et
2803 5188 2899 5239 hoc
2921 5187 3058 5256 quod
3087 5188 3216 5239 dicit
3245 5189 3312 5241 ds
3329 5198 3589 5255 potestate,

2026 5261 2135 5307 etc.
2170 5253 2276 5307 Sed
2322 5268 2426 5306 ms.
2467 5252 2664 5325 Regius
2701 5272 2849 5310 num.
2900 5252 3038 5312 i659
3070 5268 3124 5312 et
3172 5252 3423 5312 Rabanus
3458 5268 3513 5311 ut
3539 5258 3588 5311 iu

2018 5333 2205 5377 nostro
2239 5331 2409 5379 textu.

2086 5393 2175 5472 (5)
2210 5393 2302 5475 Sic
2333 5408 2520 5449 onmes
2547 5411 2678 5452 mss.
2706 5396 2877 5452 nostri
2904 5406 2957 5452 et
2980 5396 3135 5452 editi.
3158 5398 3416 5453 Rabanus
3439 5410 3582 5455 vero.

2027 5470 2187 5516 etiam
2218 5470 2406 5528 sciens,
2437 5476 2543 5519 etc.

2101 5532 2178 5604 (6)
2216 5533 2382 5604 Ergo.
2431 5536 2587 5590 Deest
2621 5536 2673 5590 in
2709 5538 3038 5592 editionihus
3067 5537 3277 5593 Erasmi
3322 5548 3375 5594 et
3414 5536 3582 5591 Getiea-

2028 5602 2233 5659 hrardi.
2259 5602 2451 5659 caeteri
2480 5608 2614 5665 editi
2633 5607 2833 5664 habent
2862 5608 3022 5663 enim.
3042 5607 3149 5666 Sed
3172 5626 3360 5668 omnes
3386 5623 3506 5665 mss.
3528 5610 3579 5659 et

2032 5670 2311 5744 Rahanus,
2345 5692 2485 5747 ergo.
