3744 6146
479 316 620 373 1219

1928 300 2247 360 ORIGENIS

3558 298 3670 355 1220

474 433 618 503 quod
643 432 782 487 sicut
813 430 865 485 in
893 426 1014 483 aliis
1036 425 1167 481 dicit
1193 443 1206 480 :
1230 422 1333 490 Qui
1368 422 1602 477 adhteret
1637 419 1883 486 Domino,
1914 433 2052 471 unus
2087 427 2127 479 Α
2162 423 2266 467 tur.
2294 409 2421 468 Scio
2448 418 2628 465 autem
2660 410 2714 463 in
2753 407 3028 465 nonnullis
3052 406 3364 463 Latinorum
3392 411 3672 479 exemplari-

476 525 695 589 spiritus
736 534 809 578 est
845 522 892 555 ⁸⁷
912 564 929 588 ,
959 521 1033 574 ita
1061 528 1113 574 et
1148 517 1238 573 hic
1264 516 1395 571 dicit
1429 533 1445 571 :
1470 514 1856 569 Adhtereamus
1884 511 2045 574 bono,

475 617 598 672 sine
654 615 816 670 dubio
866 624 925 668 ut
980 610 1260 681 contingat
1316 607 1472 662 nobis
1526 620 1692 660 unum
1747 616 1868 658 esse
1924 615 2048 654 cum

477 709 644 764 bono.

552 800 605 855 6.
654 797 977 854 Charitatem
1016 792 1373 862 fraternitatis
1414 788 1631 843 invicem
1673 785 1950 854 diligentes
1979 782 2049 835 ⁸⁸.

481 892 595 947 Hoc
628 889 958 947 mandatum,
986 894 1046 939 ut
1068 884 1353 953 diligamus
1383 881 1636 940 invicem,
1661 879 1803 933 sicut
1829 884 1882 929 et
1911 875 2051 930 Deus

480 980 673 1037 dilexit
699 993 796 1033 nos
818 978 886 1041 ",
909 991 1030 1030 cum
1055 975 1127 1029 sit
1151 975 1381 1043 primum
1403 978 1521 1040 post
1541 968 1769 1038 primum
1795 966 2050 1036 (primum

485 1084 720 1140 namque
750 1080 835 1124 est
855 1067 1078 1137 diligere
1103 1064 1268 1119 Deum
1293 1080 1309 1130 ;
1335 1072 1388 1118 et
1410 1062 1551 1116 inter
1573 1059 1821 1114 homines
1854 1058 2050 1111 iterum

484 1163 589 1219 hoc
611 1163 841 1233 primum
865 1168 971 1222 est,
999 1167 1059 1213 ut
1085 1156 1315 1234 invicem
1346 1153 1678 1225 diligamus),
1704 1152 1886 1206 nescio
1917 1165 2055 1221 quo-

486 1257 647 1311 modo
692 1253 846 1323 quasi
885 1251 1134 1307 ultimum
1180 1257 1235 1303 et
1280 1247 1459 1301 minus
1508 1246 1875 1300 necessarium
1911 1243 2055 1296 inter

483 1347 732 1402 homines
778 1342 1053 1413 spernitur
1078 1383 1094 1405 ,
1125 1349 1180 1395 el
1213 1339 1394 1393 odium
1428 1338 1571 1407 quod
1625 1337 1782 1390 nobis
1832 1334 2052 1389 insitum

481 1453 604 1495 esse
631 1436 869 1490 diximus
909 1435 1104 1489 adhoc
1137 1441 1196 1486 ut
1227 1431 1367 1485 mala
1409 1432 1535 1484 odio
1566 1430 1886 1493 habeamus,
1915 1443 2055 1497 prae-

482 1538 700 1598 postero
741 1524 933 1579 ordine
974 1535 1293 1577 exercemus
1335 1520 1389 1572 in
1439 1519 1596 1572 bonis
1629 1517 1784 1587 (52),
1830 1526 1885 1571 et
1929 1517 2056 1570 vitia

484 1617 665 1672 carnis
693 1630 757 1670 ac
799 1624 1018 1682 peccata
1052 1612 1335 1679 diligentes
1368 1609 1565 1665 fratres
1606 1609 1736 1664 odio
1767 1609 2054 1664 habemus.

483 1708 595 1764 Nec
627 1708 784 1763 aliter
808 1708 1004 1762 accidit
1027 1707 1206 1761 odisse
1237 1720 1338 1761 nos
1368 1720 1487 1773 qua:
1528 1718 1630 1757 non
1672 1710 1884 1770 oportet
1917 1700 2053 1771 (55),

2148 506 2252 560 bus
2282 505 2493 567 haberi,
2520 504 2743 569 tempori
2764 502 3068 565 servientes,
3102 501 3245 569 quod
3273 515 3374 554 non
3405 501 3527 554 mihi
3557 502 3676 558 vide-

2149 607 2236 651 tur
2270 595 2656 650 convenienter
2698 592 2961 647 insertum
2983 632 2998 655 ,
3036 592 3142 646 nisi
3194 594 3239 644 si
3268 589 3381 660 (57)
3413 592 3525 659 quis
3562 592 3677 648 forte

2150 690 2223 743 ita
2277 689 2477 743 dictum
2522 694 2714 757 putet,
2750 695 2811 739 ut
2859 686 2912 738 in
2962 683 3269 738 aliisidem
3297 683 3565 753 Apostolus
3587 687 3675 743 ait:

2153 779 2373 849 Tempus
2398 781 2546 834 breve
2571 790 2666 844 est,
2689 786 2924 847 superest
2948 786 3002 830 ut
3035 777 3125 846 qui
3147 776 3335 829 habent
3365 792 3559 839 uxores,
3585 788 3682 832 tan-

2148 885 2306 939 quam
2333 885 2436 924 non
2465 868 2709 922 habentes
2741 869 2843 922 sint
2867 867 2912 900 ⁷ο
2940 884 2955 930 ;
2986 866 3070 921 vel
3110 874 3172 920 ut
3205 864 3332 918 illud
3367 866 3557 920 dictum
3582 878 3676 923 est:

2152 960 2483 1016 Redimentes
2511 970 2733 1028 tempus,
2767 963 3016 1027 quoniam
3046 958 3159 1011 dies
3198 957 3326 1010 mali
3352 967 3473 1010 sunt
3493 958 3552 1009 ⁷⁸.

2223 1051 2312 1105 11.
2365 1049 2469 1116 Spe
2516 1049 2837 1118 gaudentes,
2869 1049 2924 1100 in
2973 1033 3312 1098 tribulatione
3357 1046 3594 1113 patientes
3624 1046 3679 1102 τ’.

2153 1142 2262 1212 Spe
2285 1141 2479 1208 gaudet
2500 1140 2590 1208 qni
2622 1154 2728 1194 non
2758 1138 2977 1206 respicit
3004 1153 3066 1191 ea
3090 1151 3213 1205 quae
3233 1138 3500 1200 videntur,
3527 1138 3608 1190 sed
3627 1154 3679 1192 ea

2153 1250 2271 1303 quae
2306 1248 2408 1285 non
2435 1232 2683 1285 videntur
2709 1227 3056 1298 exspectat'”
3081 1244 3096 1292 ;
3126 1238 3182 1281 et
3206 1226 3296 1294 qui
3326 1227 3428 1279 scit
3455 1227 3571 1292 quia
3597 1243 3680 1282 non

2153 1332 2273 1377 sunt
2302 1322 2573 1390 condigna:
2596 1323 2865 1389 passiones
2902 1317 3060 1386 hujus
3102 1316 3346 1383 temporis
3384 1318 3450 1369 ad
3483 1315 3682 1385 futuram

2155 1415 2376 1485 gloriam
2405 1429 2523 1483 qua:
2564 1410 2872 1464 revelabitur
2914 1410 2967 1462 in
2993 1408 3141 1462 nobis
3163 1407 3230 1460 ⁷⁸.
3259 1407 3406 1461 ldem
3438 1408 3547 1472 ipse
3573 1418 3615 1461 et
3640 1409 3679 1461 iu

2157 1505 2507 1561 tribulatione
2533 1502 2745 1571 patiens
2785 1501 2926 1564 erit;
2961 1500 3084 1569 quia
3119 1498 3392 1551 tribulatio
3420 1499 3682 1565 patientiam

2156 1605 2424 1659 aperatur,
2446 1593 2703 1660 patientia
2720 1591 3103 1658 probationem,
3118 1589 3356 1657 probatio
3379 1604 3492 1642 vero
3508 1590 3680 1656 spent",

2158 1687 2203 1741 si
2230 1696 2414 1740 mutet)
2445 1697 2753 1739 sermonem
2785 1683 2877 1750 qui
2905 1682 3255 1751 subsequitur
3290 1681 3610 1749 impleamus,
3643 1681 3684 1735 id

487 1799 588 1853 nisi
620 1799 744 1869 quia
790 1798 1063 1867 diligimus
1107 1812 1226 1866 qua:
1259 1811 1365 1850 non
1387 1766 1626 1862 oportet.
1668 1766 1889 1846 Fratres
1925 1766 2055 1861 ergo
2088 1766 2132 1825 Β
2162 1786 2244 1831 εει
2275 1776 2503 1869 "alieni
2551 1776 2803 1869 illum“
2829 1772 2904 1869 7‘.
2929 1772 2986 1826 lu
3032 1786 3141 1869 quo
3180 1771 3327 1869 enim
3378 1785 3483 1869 non
3525 1770 3686 1825 sumen

482 1885 732 1956 iubemur
756 1886 1000 1956 diligere,
1041 1900 1143 1938 non
1185 1884 1431 1952 judicare
1458 1881 1594 1953 (54).
1637 1881 1693 1935 Si
1729 1882 1872 1936 enim
1899 1891 2058 1951 putas

487 1980 721 2047 aliquem
748 1978 968 2047 impium
1005 1991 1142 2037 esse.
1179 1986 1230 2029 et
1262 1976 1382 2030 ideo
1413 1990 1535 2029 eum
1565 1988 1667 2027 non
1699 1972 1911 2039 iudicas
1930 1965 2058 2027 dili-

488 2068 760 2137 gendum,
806 2067 929 2121 audi
983 2067 1126 2135 quod
1166 2065 1411 2119 Christus
1460 2080 1554 2131 pro
1593 2065 1768 2132 impiis
1820 2071 2058 2117 mortuus

487 2170 561 2213 est
592 2160 658 2213 “.
699 2158 804 2212 Aut
852 2159 897 2213 si
939 2159 1061 2227 quia
1111 2166 1366 2227 peccator
1407 2166 1490 2210 est
1535 2156 1704 2210 frater
1747 2164 1903 2218 tuus,
1938 2156 2060 2209 ideo

488 2264 610 2304 eum
648 2264 752 2303 non
789 2257 942 2319 putas
972 2248 1298 2318 diligendum
1325 2287 1341 2309 ,
1377 2248 1500 2300 audi
1537 2246 1663 2316 quia
1699 2245 1937 2300 Christus
1967 2245 2061 2299 Je-

488 2356 579 2393 sus
596 2341 648 2392 in
673 2340 808 2392 hunc
835 2339 1088 2391 mundum
1114 2338 1251 2390 venit
1274 2348 1569 2404 peccatores
1595 2335 1771 2389 salvos
1796 2335 1969 2404 facere
1991 2336 2057 2389 “.

492 2429 552 2486 Si
599 2444 726 2483 vero
751 2428 929 2498 justus
956 2437 1081 2492 est,
1123 2428 1290 2482 multo
1339 2429 1506 2499 magis
1538 2427 1827 2483 dilectione
1868 2426 2061 2497 dignus

491 2531 597 2586 est,
651 2521 903 2574 Dominus
934 2521 1077 2575 enim
1105 2518 1276 2589 diligit
1301 2517 1476 2587 justas
1509 2519 1574 2573 “.

563 2613 616 2666 7.
649 2611 859 2666 Honore
891 2612 1110 2665 invicem
1151 2611 1520 2677 prtevem'entes
1551 2609 1617 2664 ⁸³.
1656 2608 1766 2662 Hoc
1797 2617 1883 2663 est
1919 2608 2062 2678 quod

493 2713 549 2757 et
581 2702 837 2756 Dominus
865 2703 1082 2767 docuit,
1121 2716 1242 2755 cum
1272 2711 1484 2754 notaret
1524 2699 1749 2755 Scribas
1777 2709 1831 2753 et
1868 2699 2061 2753 Phari-

496 2809 633 2850 sacos
673 2794 845 2862 prima
892 2794 994 2848 sibi
1034 2793 1149 2848 loca
1199 2795 1251 2847 in
1314 2792 1578 2847 conviviis
1617 2792 1956 2848 vindicantes
1998 2792 2062 2857 “,

496 2896 551 2939 et
585 2885 825 2950 doceret,
859 2895 917 2939 nt
951 2901 1074 2939 cum
1111 2895 1330 2939 vocatus
1360 2883 1528 2940 fueris
1565 2893 1621 2938 tu
1649 2883 1717 2939 ad
1743 2899 1977 2949 coenam,
2010 2885 2064 2938 in

497 2975 788 3030 novissimo
813 2975 932 3030 loco
963 2976 1244 3030 recumbas
1272 2974 1410 3046 (55).

567 3065 622 3120 8.
663 3065 1037 3121 Sollicitudine
1081 3082 1184 3120 non
1228 3069 1364 3137 pigri
1391 3068 1458 3121 ⁸⁸.
1504 3065 1766 3137 Superius
1807 3083 1929 3123 eum
1976 3069 2064 3137 qui
2094 3101 2136 3159 ο

499 3165 735 3225 praeest,
782 3158 838 3213 in
882 3159 1249 3213 sollicitudine
1290 3162 1485 3215 debere
1527 3175 1647 3215 esse
1689 3161 2065 3216 commonuit:

505 3263 652 3304 tunc
679 3265 806 3304 vero
828 3251 1077 3306 omnibus
1096 3251 1188 3305 dat
1215 3254 1314 3307 hoc
1344 3253 1394 3307 in
1426 3268 1711 3307 commune
1735 3255 2068 3316 mandatum,

500 3354 571 3395 ne
612 3342 734 3410 quis
782 3354 1024 3397 nosuum
1062 3344 1245 3398 audiat
1293 3359 1324 3398 a
1369 3345 1626 3399 Domino:
1660 3344 1817 3400 Serve
1849 3347 1984 3400 male
2022 3355 2070 3399 et

502 3435 648 3503 piger
672 3432 740 3486 “.

573 3524 628 3579 9.
656 3523 856 3592 Spiritu
881 3525 1132 3594 ferventes
1157 3527 1222 3581 ⁸⁷.
1258 3526 1323 3581 Ει
1351 3527 1451 3582 hoc
1476 3527 1541 3581 ad
1566 3527 1851 3598 impigrum
1881 3536 1938 3582 et
1965 3527 2072 3583 sol-

505 3614 712 3670 licitum
744 3627 967 3685 spectat.
1000 3617 1125 3672 Vult
1159 3621 1302 3673 enim
1328 3619 1440 3689 (56)
1473 3628 1529 3672 ut
1558 3634 1675 3684 nos,
1705 3620 1795 3688 qui
1831 3621 1931 3674 sub
1959 3621 2073 3689 lege

506 3707 730 3777 spiritus
760 3709 1012 3774 vivimus,
1038 3711 1167 3764 nihil
1196 3711 1501 3769 remissum,
1531 3711 1665 3763 nihil
1697 3711 1933 3780 tepidum
1966 3711 2071 3763 ba-

509 3801 732 3856 beamus
760 3803 810 3854 in
843 3803 1017 3866 nobis,
1044 3804 1136 3856 sed
1167 3818 1288 3857 cum
1315 3801 1529 3858 fervore
1546 3804 1792 3871 spiritus,
1817 3813 1870 3856 et
1893 3804 2071 3857 calore

510 3896 632 3947 lidei
665 3903 855 3947 cuncta
887 3909 1234 3962 peragamus.

581 3983 668 4037 10.
705 3984 924 4037 Domino
955 3986 1229 4037 servientes
1263 3984 1327 4037 ⁸⁸.
1368 3981 1455 4036 Ille
1488 3979 1716 4034 Domino
1748 3985 1944 4043 servit,
1980 3983 2069 4037 oni

510 4086 691 4144 potest
720 4076 901 4128 dicere
931 4092 944 4128 :
986 4073 1149 4127 Nobis
1180 4092 1313 4129 unus
1343 4077 1595 4131 Dominus
1623 4076 1777 4130 Jesus
1809 4074 2072 4131 Christus.

512 4185 605 4237 per
633 4184 784 4234 quem
822 4169 995 4221 omnia
1016 4206 1030 4230 ,
1057 4175 1105 4219 et
1138 4184 1234 4222 nos
1263 4186 1354 4238 per
1403 4171 1571 4237 ipsum
1599 4170 1643 4200 θ’
1664 4208 1679 4232 ,
1726 4182 1824 4221 nec
1854 4166 1992 4219 ultra
2025 4182 2073 4218 ct

516 4271 611 4315 aut
638 4260 801 4315 libido
825 4301 841 4327 ,
875 4269 967 4314 aut
999 4263 1225 4314 avaritia
1254 4302 1271 4327 ,
1301 4273 1393 4314 aut
1430 4263 1602 4316 inanis
1631 4260 1800 4330 gloria
1830 4258 2077 4313 domina-

2159 1871 2391 1925 bumana
2428 1867 2729 1936 fragilitas.
2761 1864 3021 1920 auxilium
3047 1862 3142 1919 Dei
3166 1862 3500 1917 orationibus
3525 1862 3686 1932 implo-

2160 1967 2384 2017 randum
2409 1972 2513 2016 cst.

2230 2053 2317 2107 l2.
2357 2052 2548 2107 Usibus
2573 2049 2686 2120 (58)
2717 2056 3022 2104 sanctorum
3048 2048 3493 2102 communicantes
3514 2048 3573 2100 ".
3604 2047 3688 2101 le-

2162 2145 2290 2199 mini
2328 2145 2378 2199 in
2401 2143 2602 2198 Latinis
2640 2141 3042 2209 exemplaribus
3074 2141 3246 2209 magis
3312 2138 3495 2193 haberi
3522 2138 3685 2210 τω)

2163 2236 2428 2291 Memoriis
2450 2248 2755 2287 sanctorum
2784 2231 3225 2287 communicantes
3249 2245 3268 2282 :
3298 2245 3483 2283 verum
3509 2245 3594 2282 nus
3612 2247 3685 2285 nec

2162 2325 2608 2382 consuetudinem
2658 2325 2977 2387 turbamus,
3020 2337 3118 2376 nec
3148 2322 3366 2377 veritati
3416 2320 3687 2391 praeiudica-

2165 2433 2304 2483 mus,
2332 2417 2566 2471 maxime
2588 2430 2712 2470 cum
2738 2425 3029 2483 utrumque
3053 2413 3342 2467 conveniat
3362 2414 3683 2468 aediﬁcationi.

2164 2506 2299 2562 Nam
2346 2507 2532 2561 usibus
2573 2516 2882 2561 sanctorum
2929 2505 3152 2558 honeste
3195 2512 3250 2557 et
3296 2503 3573 2568 decenter,
3608 2518 3688 2559 non

2164 2594 2322 2664 quasi
2354 2593 2468 2667 (59)
2490 2595 2685 2663 stipem
2715 2592 3080 2663 indigentibus
3105 2594 3366 2662 prabere,
3398 2594 3487 2648 sed
3511 2608 3688 2650 censum

2168 2698 2406 2741 nostrum
2427 2702 2549 2741 cum
2575 2686 2709 2756 ipsis
2733 2686 3129 2754 quodammodo
3155 2687 3357 2740 habere
3373 2699 3688 2751 communem,

2166 2790 2220 2851 et
2250 2779 2559 2834 meminisse
2597 2787 2909 2833 sanctorum
2954 2778 3069 2833 sive
3104 2778 3158 2832 in
3195 2778 3443 2833 collectis
3482 2779 3690 2833 solemni-

2170 2876 2290 2936 bus,
2318 2872 2432 2926 sive
2457 2886 2554 2941 pro
2583 2885 2648 2926 eo
2681 2880 2741 2924 ut
2764 2885 2833 2925 ex
2870 2870 3242 2925 recordatione
3267 2885 3457 2926 eorum
3486 2870 3689 2942 proﬁcia-

2170 2980 2315 3029 mus,
2358 2962 2540 3033 aptum
2575 2972 2629 3017 et
2659 2963 2993 3017 conveniens
3018 2962 3247 3019 videtur.

2243 3055 2328 3108 13.
2356 3053 2783 3121 Hospitalitatem
2805 3059 3060 3106 sectantes
3084 3051 3151 3107 ⁷⁸.
3175 3051 3350 3116 Quam
3380 3052 3528 3120 digne
3550 3050 3694 3118 hospi-

2172 3146 2375 3200 talitem
2418 3145 2676 3199 sectantis
2711 3144 3131 3198 muniﬁcentiam
3179 3143 3293 3212 (60)
3342 3158 3446 3197 ιιιιο
3490 3156 3693 3196 sermone

2171 3237 2614 3307 comprehendit!
2657 3236 2852 3289 Dicens
2880 3235 3024 3289 enim
3063 3236 3380 3288 sectandam
3412 3249 3524 3287 esse
3548 3234 3693 3300 hospi-

2174 3329 2460 3392 talitatem,
2492 3344 2595 3382 non
2629 3327 2759 3381 illud
2783 3327 2954 3380 solum
2984 3328 3244 3394 ostendit,
3270 3337 3331 3381 ut
3354 3325 3693 3380 venientetnal

2174 3438 2272 3476 nos
2303 3423 2570 3491 hospitem
2617 3419 3015 3490 suscipiamus;
3064 3419 3158 3472 sed
3202 3428 3256 3472 et
3294 3418 3696 3487 rcqniramus,et

2173 3515 2384 3570 solliciti
2423 3513 2613 3579 simus,
2650 3521 2706 3565 et
2730 3521 3025 3574 sectemur,
3053 3525 3115 3562 ac
3133 3508 3513 3578 perquiramus
3537 3506 3697 3583 ubique

2180 3607 2456 3675 hospites,
2498 3605 2690 3659 necubi
2739 3603 2875 3657 forte
2920 3603 2973 3655 in
3027 3602 3217 3671 plateis
3245 3603 3469 3655 sedeant
3496 3598 3698 3670 (6|),ne

2177 3709 2326 3752 extra
2361 3706 2561 3752 tectum
2590 3694 2831 3760 iaceant.
2865 3695 3169 3749 Recordare
3198 3693 3303 3747 Lot
3332 3694 3398 3760 ⁷⁸,
3432 3703 3479 3747 et
3505 3692 3697 3746 invenies

2176 3789 2320 3860 quod
2349 3802 2453 3843 non
2489 3788 2638 3842 illum
2676 3787 2946 3855 hospites,
2981 3786 3077 3840 sed
3108 3786 3221 3855 ipse
3259 3786 3532 3855 Qttmsierit
3558 3783 3699 3851 hospi-

2180 3894 2294 3946 tes;
2322 3892 2377 3938 et
2411 3884 2511 3936 hoc
2545 3890 2665 3936 erat
2693 3878 3115 3949 hospitalitatem
3147 3880 3371 3932 sectari.

2251 3977 2337 4031 14.
2383 3975 2680 4029 Benedicite
2714 3972 3132 4041 persequentibus
3178 3987 3304 4037 vos,
3347 3970 3698 4029 benedicite,et

2182 4070 2340 4125 nolite
2370 4068 2677 4122 maledicere
2712 4066 2845 4137 (6‘2).
2891 4064 3150 4119 Moralem
3190 4064 3373 4118 locum
3420 4063 3569 4117 latius
3592 4063 3699 4129 Apo-

2182 4163 2353 4217 stolus
2395 4174 2699 4230 exsequens
2719 4198 2733 4223 ,
2765 4166 2916 4212 actus
2937 4196 2951 4221 ,
2982 4166 3217 4210 mentem
3241 4196 3256 4219 ,
3289 4155 3630 4225 propositum,
3653 4165 3700 4202 os

2185 4267 2398 4323 quoque
2423 4253 2597 4320 ipsum
2634 4250 3047 4318 discipulorum,
3076 4247 3426 4317 linguamque
3455 4243 3699 4314 componit.

620 4423 666 4459 ⁸⁷
694 4425 710 4478 l
742 4425 864 4479 Cor.
902 4437 976 4481 vt.
1010 4422 1092 4474 l7.
1169 4419 1213 4455 ⁸⁸
1244 4417 1399 4469 ltom.
1432 4430 1528 4475 χιιι,
1562 4415 1643 4467 10.
1720 4413 1765 4444 '9
1793 4411 1945 4465 J0an.
1976 4424 2066 4471 xv,
2102 4408 2190 4462 12.
2214 4477 2227 4481 _
2252 4406 2311 4481 _°°
2345 4406 2505 4481 liam.
2532 4421 2594 4481 ν.
2629 4405 2682 4460 6.
2758 4404 3025 4481 ⁶¹ΑΙΔΤίιηΔἱ
3045 4404 3198 4481 ιλ15.
3272 4404 3318 4436 θ’
3350 4403 3483 4481 Psal.
3513 4396 3701 4481 (διῇξι

517 4498 562 4533 ⁸⁸
589 4477 768 4549 Βοιέιξ
802 4510 897 4552 xtl,
956 4477 1036 4545 l0.
1113 4491 1157 4521 οδ
1190 4487 1317 4539 an.
1354 4501 1462 4548 xw,
1494 4485 1524 4535 7
1547 4525 1560 4545 ,
1608 4484 1692 4535 10.
1768 4483 1811 4513 ⁸⁵
1844 4481 1998 4534 Rmn.
2027 4494 2073 4532 XI

518 4570 562 4603 ‘9
599 4568 617 4617 l
648 4567 770 4617 Cor.
806 4578 925 4617 vnt.
962 4564 1014 4615 6.
1091 4561 1136 4592 ⁷ο
1163 4560 1178 4611 I
1209 4559 1332 4608 Cor.
1373 4570 1445 4610 vtt
1478 4596 1490 4612 .
1516 4554 1607 4607 29.
1705 4553 1750 4584 ἰ
1793 4551 1987 4617 Ephes.
2023 4563 2053 4597 ν

2181 4477 2293 4564 ⁵11.

2181 4567 2219 4600 ›.

518 4570 562 4603 ⁸³
599 4568 617 4620 l
648 4567 770 4620 Cor.
806 4578 925 4621 vnt,
962 4564 1014 4615 6.
1091 4561 1136 4592 ⁷ο
1163 4560 1178 4611 I
1209 4559 1332 4608 Cor.
1373 4570 1445 4610 vtt
1478 4596 1490 4612 .
1516 4554 1607 4607 29.

2373 4476 2417 4507 ⁵⁸
2449 4475 2769 4537 Μιιιῑὶι.Χκν,
2798 4474 2885 4529 ‘26.
2982 4476 3025 4506 ⁸⁷
3061 4474 3213 4527 Rom.
3245 4489 3346 4537 xtl,
3391 4476 3474 4527 11.
3536 4470 3575 4501 ε’
3600 4468 3698 4521 ibid.

2325 4546 2372 4579 τ’
2418 4546 2678 4611 Bonum,
2713 4546 2794 4600 1'3.
2885 4546 2930 4578 ⁷³
2958 4545 2997 4597 ll
3044 4543 3172 4597 Cor.
3205 4560 3258 4597 tv
3285 4584 3300 4606 ,
3339 4542 3424 4598 18.
3497 4540 3540 4572 ’⁸
3575 4538 3700 4592 liont.

521 4614 769 4696 snt-flii.-
820 4614 1080 4685 ii'liom.
1113 4646 1175 4694 v,
1205 4629 1239 4681 5
1264 4666 1276 4689 ,
1305 4627 1359 4681 4.
1435 4625 1480 4655 ⁷⁸
1514 4623 1668 4676 Rom.
1710 4614 1955 4685 ιιι,’12.
2028 4620 2072 4649 ⁷⁷

2181 4619 2243 4670 .d.
2274 4617 2362 4671 15.
2434 4614 2639 4669 7"Rom.
2671 4631 2744 4668 XII
2773 4659 2788 4684 ,
2820 4616 2905 4671 15.
2979 4614 3027 4646 ⁷⁸
3057 4615 3195 4670 Gen.
3224 4629 3315 4668 at:
3336 4652 3355 4677 ,
3386 4614 3436 4668 1.

593 4802 706 4871 (52)
738 4800 826 4854 Sic
852 4809 998 4852 recte
1025 4796 1279 4850 Rabanus
1306 4803 1360 4846 et
1390 4792 1540 4845 editi.
1572 4788 1700 4843 Mss.
1726 4801 1853 4842 vero
1885 4785 2081 4849 nostri,
2117 4788 2160 4843 D
2188 4794 2243 4840 et
2266 4783 2607 4871 [illlrmhabct
2636 4782 3026 4837 necessitatibus
3064 4796 3160 4871 piri)
3193 4779 3393 4871 usibus.

524 4877 580 4930 in
610 4873 777 4928 nobis.

597 4943 710 5014 (55)
740 4940 896 5014 liditi,
928 4953 1077 5008 quem
1117 4942 1467 5014 non-oportet:

748 4995 961 5083 Fratres
997 5024 1117 5083 ergo
1149 4995 1659 5083 ju_beinur_diligere,
1691 5013 1793 5051 non
1815 4995 2082 5065 judicare.

525 5073 651 5140 Huic
682 5073 1321 5135 desiderantur'inlibris
1348 5073 1527 5126 editis.

596 5152 710 5222 (55)
741 5151 898 5209 Editi,
926 5156 976 5222 et
1002 5147 1172 5205 docet,
1208 5150 1660 5222 utrumn-iocatus.
1687 5136 1849 5222 [ueris
1892 5139 1960 5222 τιπεί
1989 5151 2088 5222 fae-

531 5206 758 5286 na‘mfin
787 5206 1062 5271 novissimo
1091 5214 1384 5286 recumbas.
1415 5211 1541 5264 Mss.
1574 5209 1799 5286 quidam
1830 5206 2090 5286 et‘Raba-

529 5275 630 5348 iiiis
658 5275 838 5346 itidem
863 5299 910 5341 et
937 5288 1103 5339 docet.
1137 5283 1233 5335 Ms.
1261 5283 1456 5350 Regius
1487 5275 1634 5332 num.
1666 5276 1824 5341 1659,
1849 5275 2089 5330 edocens.

529 5363 637 5421 Sed
671 5360 848 5413 caeteri
885 5373 1042 5416 mss.,
1080 5354 1304 5413 rectius,
1333 5363 1380 5403 et
1408 5354 1636 5421 doceret.

601 5431 712 5504 (56)
743 5429 833 5504 Sic
857 5425 1184 5504 ins._Regiu_s
1207 5436 1365 5504 num.
1393 5420 1551 5474 1659.
1582 5416 1933 5504 Οιιξιθιίυνςιεο
1962 5428 2092 5504 mss.

531 5482 801 5562 et‘editi,
847 5497 912 5551 Et
955 5482 1159 5550 hocvad
1201 5495 1461 5561 integrant
1498 5495 1714 5558 spectat.
1768 5482 1888 5538 Vult
1930 5484 2092 5548 enim,

527 5582 635 5630 etc.

604 5625 715 5711 (57)
747 5640 901 5694 Deest
932 5639 979 5692 si
1012 5636 1065 5689 in
1096 5632 1277 5688 editis.
1306 5626 1712 5711 Ihm-quidam,
1740 5625 1785 5704 si
1803 5625 1965 5711 qui.‘

608 5642 691 5711 (57
747 5640 901 5694 Deest
932 5640 979 5692 si
1012 5640 1065 5689 in
1096 5640 1277 5688 editis.
1308 5640 1441 5685 Mss.
1468 5640 1712 5698 quidam,
1740 5641 1915 5704 siqui.
2045 5692 2057 5704 .

608 5640 719 5783 158)
754 5710 844 5766 Sic
886 5722 1077 5765 omnes
1115 5719 1243 5759 mss.
1278 5713 1334 5757 et
1376 5699 1527 5757 editi.
1556 5698 1809 5752 Rabanus
1843 5707 1973 5751 vero
2003 5692 2093 5749 hic

2260 4853 2372 4925 (59)
2405 4854 2675 4915 liabanns,
2709 4870 2799 4905 nec
2829 4839 3202 4925 consuetudine
3233 4854 3563 4925 turbamur...
3590 4839 3701 4925 Non:

2192 4920 2587 4979 necessitatibus
2631 4932 2932 4976 sanctorum
2981 4923 3193 4973 honeste
3241 4920 3389 4975 dicit.
3422 4931 3521 4966 non
3563 4923 3701 4976 quast.

2193 5007 2298 5050 etc.
2336 4995 2501 5049 Paulo
2550 4991 2684 5045 infra
2739 5008 2840 5046 ms.
2898 4992 3094 5060 Regius
3143 5004 3292 5060 num.
3334 4985 3700 5060 i639,_qnoquu

2193 5070 2348 5119 modo
2371 5064 2559 5116 habere
2587 5077 2930 5115 communem.
2968 5055 3167 5114 Deinde
3190 5058 3467 5118 Rabanus,
3492 5055 3539 5104 id
3562 5059 3703 5117 aptum

2192 5146 2239 5190 et
2273 5135 2576 5187 conveniens
2606 5134 2827 5185 videtur.
3487 5192 3493 5193 γ
3674 5183 3682 5193 _

2266 5203 2379 5273 (60)
2416 5202 2741 5273 Msaliegius
2769 5216 2917 5254 num.
2950 5192 3521 5273 i659,_.‘tospitalitatis
3564 5192 3704 5273 muni-

2195 5264 2481 5342 ﬁcentiam.
2509 5264 2699 5326 Caneri
2729 5281 2928 5331 tnss.et
2950 5272 3099 5334 editi,
3127 5265 3526 5333 hospitalitatem
3544 5264 3704 5311 sectario

2197 5345 2265 5397 tis
2293 5342 2762 5412 magnificentiam.

2292 5405 2571 5481 6|)vEditi,
2593 5427 2656 5462 ne
2683 5411 2817 5481 forte
2842 5409 2896 5481 in
2924 5407 3111 5481 plateis
3133 5405 3363 5459 sedeant.
3468 5477 3477 5481 Δ
3516 5467 3526 5478 _

2292 5414 2378 5481 61)
2408 5414 2571 5474 Editi,
2593 5427 2656 5462 ne
2683 5414 2817 5478 forte
2842 5414 2896 5461 in
2924 5414 3111 5475 plateis
3133 5414 3363 5459 sedeant.

2268 5414 2379 5554 in?)
2404 5481 2494 5535 Sic
2519 5481 2646 5533 editi
2679 5489 2733 5534 et
2760 5480 3030 5554 Babaptts.
3053 5476 3183 5554 biss.
3206 5488 3335 5554 vero
3368 5467 3705 5554 nostriﬂott'l‘lf

2198 5534 2401 5609 habetit
2426 5534 2815 5607 tantummodo
2837 5587 2854 5615 ,
2887 5547 3223 5614 Benedicite,
3250 5553 3295 5599 et
3341 5540 3494 5596 nolite
3526 5534 3704 5591 maledi-

2198 5637 2332 5678 cere.
