3744 6146
163 245 296 300 1921

1115 255 1466 315 COMMENT.
1507 259 1573 314 IN
1607 261 1826 318 EPIST.
1861 265 1952 319 AD
1985 266 2153 323 ΗΘΜ.
2189 269 2315 325 LIB.
2356 273 2447 328 lX.

3281 296 3300 348 1
3312 295 3419 350 9.22

157 363 273 417 Non
307 366 419 419 vult
446 368 734 426 credentes
759 370 980 429 Christo
1010 374 1077 429 de
1107 392 1204 431 ore
1230 395 1330 433 suo
1360 382 1604 450 proferre
1635 401 1748 439 ma-
1775 389 1822 446 Λ
1847 390 1936 457 qui
1964 392 2110 459 ﬂent,
2137 395 2386 462 quoniam
2414 398 2516 466 ipsi
2545 402 2955 461 consolabuntur
2975 409 3044 465 ⁸⁷.
3081 411 3137 468 Si
3165 417 3288 485 quis
3328 419 3420 476 ﬂet

157 455 412 485 huius“...
466 462 558 485 ...με
587 463 718 485 1.---
751 463 893 485 I___-9
943 467 968 485 ι.
989 483 1000 485 μ
1063 483 1069 485 Α
1130 471 1164 485 ε.
1347 476 1358 485 .
1707 481 1718 485 -

154 455 439 523 ledictum,
465 462 558 515 sed
587 463 722 517 bene
750 463 916 533 loqui,
943 467 1080 524 bene
1113 471 1315 536 dicere,
1347 476 1483 531 bene
1510 481 1742 546 precari.

153 558 218 600 ut
243 563 310 601 ex
350 548 453 603 hoc
483 563 536 605 et
572 552 696 607 b'oni
745 556 947 612 domini
1004 562 1189 625 servi,
1223 573 1277 618 et
1327 565 1451 621 boni
1498 573 1742 641 magistri

149 639 453 694 credantur
477 657 597 696 esse
631 645 897 714 discipuli.
931 648 1222 707 Sciendum
1265 666 1445 713 tamen
1483 671 1564 716 est
1596 639 1740 733 quod

148 742 338 785 sermo
365 732 451 786 hic
476 733 866 794 benedictionis
887 741 937 795 in
966 742 1264 814 Scripturis
1285 749 1505 806 diverse
1531 757 1738 823 positus

149 816 455 874 invenitur.
483 823 615 879 Nam
638 839 692 881 et
719 829 860 884 Dens
886 833 1209 892 benedicere
1237 841 1318 894 vel
1345 842 1614 910 homines,
1651 849 1736 901 vel

147 917 350 962 caetera
384 928 502 980 qua:
525 931 824 984 creaverat,
846 922 1120 980 invenitur
1135 929 1182 960 ”
1207 948 1220 992 ;
1247 941 1300 983 et
1324 932 1570 988 homines
1595 936 1731 1006 (65),

147 999 235 1051 vel
262 1011 476 1056 ctrtene
509 1018 773 1064 creaturae
808 1013 974 1068 Deum
1005 1017 1326 1076 benedicere
1377 1026 1636 1094 jnbentur
1660 1031 1729 1085 θι.

146 1089 255 1142 Sed
291 1093 382 1146 Dei
416 1097 628 1163 quidem
660 1102 960 1160 benedictio
984 1109 1185 1179 aliquid
1206 1089 1438 1170 muneris
1455 1119 1728 1187 (61)sem-

145 1197 247 1248 per
278 1184 367 1238 his
417 1190 508 1256 qui
552 1191 619 1243 ab
651 1209 716 1246 eo
744 1194 1134 1253 benedicuntur
1173 1203 1411 1271 impertit
1438 1230 1450 1263 :
1481 1210 1725 1268 homines

145 1288 281 1328 vero
316 1277 482 1332 Deum
511 1281 830 1341 benedicere
853 1329 868 1352 ,
902 1307 998 1359 pro
1023 1308 1089 1346 eo
1119 1297 1258 1364 quod
1287 1309 1368 1351 est
1403 1299 1640 1368 laudare,
1669 1314 1725 1359 et

142 1366 351 1432 gratias
394 1369 615 1435 referre,
665 1376 938 1436 dicuntur.
966 1380 1065 1436 llic
1115 1395 1291 1440 tamen
1318 1389 1603 1458 Apostolus
1639 1396 1722 1450 di-

141 1471 276 1507 cens
307 1457 440 1528 (65'),
461 1459 780 1532 Benedicite,
812 1481 859 1522 et
885 1472 1042 1526 nolite
1065 1477 1393 1544 maledicere,
1419 1486 1570 1552 quasi
1596 1502 1716 1542 cum

139 1563 505 1616 provocamur
523 1557 593 1609 ab
612 1557 864 1626 inimicis,
887 1564 971 1617 vel
989 1582 1108 1619 cum
1136 1567 1457 1640 instigamur
1484 1577 1713 1646 injuriis,

139 1653 334 1696 monet
376 1660 441 1698 ne
481 1663 580 1716 pro
613 1652 914 1708 maledictis
942 1657 1221 1713 maledicta
1259 1666 1583 1736 reddamus;
1617 1673 1712 1726 Sed

138 1730 409 1791 iaciamus
431 1741 571 1806 quod
597 1741 709 1808 ipse
730 1748 795 1798 de
812 1753 1107 1818 semetipso
1129 1754 1341 1820 scribit,
1361 1759 1452 1812 ubi
1483 1761 1708 1816 dicit":
1748 1767 1786 1821 Β

138 1822 539 1893 Haledicimur,
569 1843 616 1885 et
645 1834 995 1893 benedicimus
1025 1841 1160 1913 (66).

206 1916 299 1969 15.
335 1915 576 1973 Gaudere
607 1939 723 1976 cum
772 1929 1158 1996 gaudentibus,
1197 1936 1324 2003 [iere
1372 1957 1487 1993 cum
1530 1943 1712 2010 ﬂenti-

135 2004 228 2056 bus
260 2005 330 2060 ⁸³.
371 2006 626 2063 Habenda
657 2022 737 2065 est
765 2016 929 2068 etiam
967 2018 1016 2072 in
1055 2023 1154 2077 hoc
1185 2040 1498 2096 competens
1522 2004 1634 2102 (67)
1659 2043 1712 2088 et

133 2109 258 2162 apta
310 2100 606 2156 distinctio.
657 2103 773 2157 Non
837 2111 976 2162 enim
1032 2115 1442 2189 quibuscunque
1501 2125 1710 2191 gaudiis

131 2186 566 2245 Christianorum
599 2197 787 2263 gaudia
821 2201 1081 2257 socianda
1134 2221 1301 2270 sunt,
1337 2226 1432 2265 nec
1479 2215 1708 2282 quihus-

130 2293 352 2350 cunque
394 2281 608 2337 ﬂetibus
659 2287 908 2359 lacryma:
955 2305 1156 2350 nostra:
1209 2299 1498 2370 jungendte
1559 2318 1702 2364 sunt.

129 2369 321 2439 Neque
350 2378 492 2428 enim
524 2379 567 2431 si
597 2380 804 2433 videam
834 2386 1072 2452 gaudere
1101 2390 1335 2459 aliquem
1371 2411 1532 2465 super
1559 2415 1701 2468 que-

129 2470 215 2512 stu
253 2467 518 2531 pecuniae,
549 2481 640 2524 aut
668 2475 1066 2539 possessionum
1085 2479 1386 2552 latituame,
1410 2497 1503 2541 aut
1531 2505 1702 2544 Siccu-

127 2551 264 2606 laris
300 2556 523 2612 honoris
551 2564 866 2629 eminentia,
890 2573 1256 2640 congratulari
1278 2578 1447 2632 debeo
1483 2582 1699 2646 talibus,

122 2641 215 2708 qui
260 2643 426 2697 sciam
482 2649 624 2715 quod
667 2651 976 2720 hujusmodi
1015 2663 1205 2729 gaudia
1257 2665 1431 2722 luctus
1471 2687 1707 2741 sequan-

127 2741 214 2784 tur
243 2743 300 2786 et
331 2734 595 2804 lacrymze.
630 2741 688 2793 ln
718 2752 925 2799 tantum
955 2753 1156 2806 etenim
1192 2755 1301 2827 (68)
1334 2775 1441 2813 non
1468 2773 1549 2817 est
1577 2781 1699 2833 gau-

123 2827 367 2880 dendum
407 2829 474 2884 de
514 2832 727 2900 talibus,
771 2846 830 2891 ut
870 2839 1130 2899 Dominus
1167 2848 1442 2920 discipulis
1479 2827 1605 2911 suis
1631 2872 1703 2914 ne

128 2915 254 2968 inde
277 2918 495 2985 quidem
525 2925 754 2990 gaudere
776 2933 1104 2985 concesserit
1133 2939 1273 3002 quod
1306 2941 1566 2996 ilieuionia
1597 2950 1696 3002 sibi

126 3005 384 3060 videbant
424 3024 543 3065 esse
571 3015 828 3080 subjecta,
867 3023 958 3074 sed
991 3022 1066 3075 ait
1093 3025 1210 3079 eis:
1245 3025 1427 3083 Nolite
1471 3038 1698 3100 gaudere

1852 497 1951 551 pro
1984 487 2220 550 peccatis
2243 489 2379 552 suis,
2407 489 2451 543 si
2483 493 2602 560 quis
2633 506 2752 562 post
2783 497 3036 556 delictum
3081 505 3418 568 convertitur

1851 576 1916 626 ad
1951 577 2345 643 ptenitentiam,
2375 593 2428 635 et
2455 597 2694 641 errorem
2726 605 2880 644 suum
2903 594 3155 665 lacrymis
3181 600 3345 670 lavat,
3366 608 3415 661 si

1847 667 1967 733 quis
1999 669 2300 736 i‘ngemiscit
2333 674 2495 728 etiam
2527 677 2577 729 in
2607 680 2917 740 habitaculo
2951 687 3054 743 isto
3100 693 3329 759 positus,
3357 710 3414 755 et

1847 759 1910 809 ad
1938 759 2214 815 Christum
2265 765 2442 820 redire
2477 767 2783 835 desiderat,
2821 785 2876 830 et
2911 791 3156 836 sanctum
3193 787 3410 843 deside-

1847 848 1981 903 rium
2010 851 2374 924 lacrymarum
2396 859 2710 927 profusione
2727 866 2935 922 solatur
2957 872 3087 943 (70),
3117 876 3409 947 jungamus

1841 955 1962 994 cum
1993 943 2189 1000 talibus
2220 947 2486 1020 lacrymas
2510 966 2750 1020 nostras,
2768 969 2820 1013 et
2846 966 3074 1030 gemitus
3098 984 3402 1038 soeiemns;

1837 1047 1959 1085 nam
1994 1036 2105 1103 (71)
2141 1040 2357 1094 tristitia
2387 1060 2505 1112 qua:
2527 1052 2813 1104 secundum
2854 1054 3023 1108 Deum
3052 1068 3146 1120 est,
3176 1061 3402 1118 salutem

1833 1125 2074 1180 stabilem
2112 1147 2207 1197 per
2236 1136 2592 1198 paenitentiam
2623 1154 2872 1210 aperatur
2893 1145 2960 1199 ⁸⁸.

1903 1240 1987 1294 16.
2025 1241 2264 1311 ldipsum
2286 1249 2501 1303 invicem
2530 1256 2806 1309 sentientes
2829 1256 2894 1310 ⁸ο.
2933 1257 3124 1314 Sermo
3157 1264 3256 1322 iste
3289 1284 3399 1325 non

1830 1341 2020 1385 natura
2054 1335 2154 1395 sui,
2182 1337 2274 1390 sed
2298 1339 2746 1408 interpretatione
2772 1349 3057 1406 obscurior
3088 1356 3265 1413 factus
3288 1371 3394 1415 est.

1827 1420 1941 1476 Hoc
1968 1435 2055 1478 est
2079 1427 2219 1480 enim
2244 1433 2384 1499 quod
2405 1433 2558 1498 dicit,
2587 1445 2643 1489 ut
2676 1437 2748 1491 ita
2779 1440 2845 1493 de
2873 1443 3040 1498 fratre
3071 1449 3392 1516 sentiamus,

1823 1525 1882 1566 ut
1914 1515 1982 1569 de
2017 1519 2169 1573 nobis
2200 1523 2366 1590 ipsis;
2395 1533 2450 1579 et
2481 1527 2551 1580 ita
2587 1532 2812 1588 velimus
2839 1538 3121 1606 proximo,
3169 1544 3311 1598 sicut
3340 1556 3396 1600 et

1822 1606 1980 1662 nobis
2009 1608 2293 1666 volumus:
2329 1624 2389 1668 ut
2419 1627 2472 1670 et
2514 1619 2768 1677 Dominus
2802 1626 2851 1678 in
2901 1628 3190 1701 Evangelio
3219 1637 3387 1691 dicit:

1821 1697 1950 1762 Qua:
1988 1702 2146 1756 vultis
2182 1715 2237 1758 ut
2278 1708 2479 1776 faciant
2521 1715 2659 1768 vobis
2692 1717 2949 1787 homines,
2989 1697 3167 1780 eadem
3207 1739 3258 1783 et
3300 1747 3387 1786 vos

1813 1787 1971 1855 facile
2003 1792 2108 1847 illis
2137 1796 2204 1852 ’°.

1841 1934 1852 1948 .
1883 1901 1970 1955 17.
2003 1902 2126 1957 Non
2154 1907 2264 1960 alta
2295 1915 2595 1981 sentientes,
2621 1918 2712 1970 sed
2745 1921 3033 1980 Immilibus
3057 1933 3386 1988 consentien-

1811 1998 1886 2044 tes
1914 1993 1980 2046 “.
2013 1993 2329 2064 Superbiam
2359 2017 2453 2069 per
2495 2010 2671 2061 omnia
2708 2010 2820 2082 (7‘2)
2859 2016 3225 2086 rel'ugiendam
3273 2028 3377 2080 do-

1810 2092 1897 2137 cet
1928 2101 1942 2148 ;
1979 2087 2081 2141 hoc
2112 2090 2255 2143 enim
2305 2094 2440 2149 dicit
2484 2097 2590 2150 alta
2636 2105 2858 2157 sentire.
2900 2107 3061 2180 653
3092 2112 3158 2165 Et
3185 2117 3380 2171 merito

1809 2176 2058 2243 superbia
2107 2178 2360 2248 fugienda
2403 2198 2508 2248 est,
2537 2204 2657 2243 cum
2697 2176 2990 2263 Scriptura
3021 2176 3210 2269 vdicat,
3253 2211 3380 2277 quia

1805 2265 2014 2320 initium
2040 2271 2340 2329 discedendi
2372 2295 2403 2330 a
2450 2279 2578 2342 Deo,
2612 2287 2855 2351 superbia
2903 2300 2978 2343 est
3011 2292 3074 2341 9’.
3109 2293 3252 2351 Bene
3280 2314 3380 2352 au-

1809 2366 1913 2413 lem
1943 2377 2048 2415 uno
2065 2379 2311 2422 sermone
2341 2371 2727 2431 institutionem
2759 2381 3073 2439 humilitatis
3095 2393 3373 2457 exposuit;

1805 2454 2108 2509 consentire
2143 2459 2285 2512 enim
2335 2463 2646 2530 humilibus,
2697 2480 2751 2524 et
2781 2487 2966 2528 amare
3013 2479 3260 2546 humiles,
3291 2494 3376 2537 at-

1804 2553 1908 2606 que
1938 2541 2206 2600 inclinare
2245 2563 2304 2602 se
2338 2552 2404 2604 ad
2443 2568 2558 2616 eos,
2607 2557 2709 2612 hoc
2746 2571 2827 2614 est
2866 2578 3216 2622 consuescere
3247 2571 3372 2626 imi-

1807 2632 1906 2684 tari
1957 2648 2080 2686 eum
2139 2640 2230 2706 qui
2281 2656 2400 2695 cum
2456 2646 2506 2698 in
2559 2645 2730 2702 forma
2791 2652 2884 2706 Dei
2929 2667 3094 2723 esset,
3141 2657 3370 2717 formam

1801 2724 1938 2777 servi
1997 2731 2254 2796 suscepit,
2305 2743 2359 2785 et
2413 2735 2719 2797 humiliavit
2774 2757 2832 2798 se
2879 2760 3048 2816 usque
3100 2751 3168 2804 ad
3220 2768 3367 2809 mor-

1803 2823 1906 2869 tem
1939 2818 2005 2872 9³.

1871 2930 1958 2983 18.
1993 2931 2175 2989 Nolite
2195 2952 2306 2992 esse
2336 2941 2614 3006 prudentes
2642 2952 2781 3015 apud
2802 2956 3139 3023 vosmetipsos
3161 2959 3228 3012 ⁸⁸.
3262 2959 3370 3027 Qui

1798 3019 1896 3074 sibi
1935 3024 2033 3092 ipsi
2059 3029 2294 3094 prudens
2337 3047 2459 3088 esse
2500 3037 2727 3101 videtur,
2777 3041 2862 3094 hic
2896 3058 3014 3097 cum
3049 3053 3361 3118 arrogantia

2715 3099 2721 3101 ν
3120 3099 3360 3118 ._O_"“_

123 3099 247 3162 quia
276 3100 541 3154 dazmonia
586 3105 728 3158 vobis
754 3110 986 3178 subjecta
1027 3125 1191 3179 sunt;
1228 3120 1318 3170 sed
1343 3099 1586 3189 gaudete,
1612 3127 1695 3179 in—
1724 3152 1762 3202 Ο
1799 3112 1995 3186 Stultus
2018 3123 2135 3179 est;
2169 3131 2476 3227 nec-potest
2514 3130 3046 3227 veruinsapietitiain
3201 3137 3361 3226 seire,

125 3191 232 3227 nni]
295 3193 422 3227 ηηῖη
453 3198 666 3227 “nmis...
691 3212 860 3227 ..λ-ι....
893 3204 1080 3227 --..:-_._
1258 3210 1269 3227 ς
1340 3213 1389 3227 ιι.
1523 3216 1534 3226 .
1629 3219 1665 3227 ...
1804 3206 1892 3227 mn
1925 3208 2074 3227 annm
2109 3207 2248 3227 οιηιιι
2283 3211 2380 3227 ιη..
2413 3218 2559 3227 nn--.
2599 3218 2800 3227 --__-__.
2841 3226 2846 3227 ,
2881 3226 2902 3227 η
3061 3225 3067 3227 .

125 3191 260 3253 (ψει,
295 3193 422 3259 quia
453 3198 666 3249 nomina
691 3212 860 3254 "eum
889 3204 1081 3272 scripta
1104 3221 1221 3260 sum
1251 3210 1304 3263 in
1333 3213 1463 3264 libro
1489 3216 1603 3269 vim,
1627 3219 1695 3273 δι’
1728 3191 1762 3202 "
1804 3206 1896 3259 qm
1925 3208 2076 3248 suam
2109 3195 2380 3253 stultitinn
2410 3203 2561 3270 quasi
2597 3207 2912 3273 sapientiam
2948 3215 3093 3268 colit.
3127 3215 3368 3284 Denique

126 3279 189 3332 Et
227 3301 327 3337 nos
356 3302 486 3355 ergo
531 3289 576 3343 si
619 3293 897 3349 videamus
941 3298 1009 3350 ab
1045 3299 1224 3368 aliquo
1264 3303 1372 3358 tale
1399 3322 1531 3373 opus
1561 3313 1696 3379 geri,

122 3378 265 3440 quod
295 3377 346 3428 in
379 3379 518 3432 caelo
552 3383 716 3437 scribi
742 3385 960 3453 dignum
993 3389 1097 3452 sit,
1131 3392 1243 3446 sive
1283 3394 1508 3461 iustitiae
1539 3416 1695 3468 opus.

121 3464 232 3516 sive
255 3467 564 3533 cbaritatis,
592 3473 704 3526 sive
739 3479 904 3543 pacis,
934 3481 1046 3532 sive
1091 3483 1509 3553 misericordiae;
1541 3503 1594 3543 et
1625 3494 1694 3546 ita

120 3565 355 3622 gestum,
393 3570 446 3610 ut
479 3562 527 3614 in
561 3563 698 3615 libro
729 3566 850 3620 vitae
886 3569 1072 3624 referri
1108 3589 1398 3639 mereatur,
1437 3581 1693 3637 debemus

123 3649 358 3714 gaudere
387 3666 508 3704 cum
545 3653 740 3710 talibus
768 3658 902 3729 (69).
931 3660 1034 3715 Sed
1067 3673 1119 3717 et
1144 3665 1189 3719 si
1221 3682 1380 3736 quem
1413 3672 1690 3728 videamus

122 3741 183 3790 ab
218 3755 410 3795 errore
439 3758 775 3812 conversum,
801 3760 850 3802 et
875 3754 1072 3808 relictis
1102 3757 1417 3825 ignorantia!
1453 3767 1688 3822 tenebris

120 3832 180 3881 ad
222 3830 400 3884 lucem
430 3837 678 3892 veritatis
715 3842 958 3905 venisse,
993 3855 1043 3899 et
1073 3840 1461 3907 'remissionem
1498 3873 1686 3923 pecca-

119 3929 318 3982 torum.
349 3934 402 3978 et
432 3931 656 3995 gratiam
688 3936 858 3988 sancti
899 3935 1130 4004 Spiritus
1183 3947 1446 4000 meruisse
1473 3987 1485 4008 ,
1515 3949 1698 4017 deheg

117 4028 234 4068 mus
270 4020 510 4082 gaudere
543 4037 662 4073 cum
693 4027 905 4080 talibus.
933 4028 1194 4085 Similiter
1216 4043 1391 4088 autem
1423 4039 1548 4106 ﬂere
1565 4058 1682 4094 cum

115 4107 379 4174 ﬂentibus,
408 4127 511 4165 non
535 4129 652 4166 cum
675 4116 777 4171 illis
807 4122 897 4187 qui
927 4120 1055 4176 llent
1085 4137 1322 4180 mortuos
1349 4143 1472 4183 suos
1502 4132 1567 4195 ⁸⁵,
1593 4134 1678 4199 ju-

116 4197 326 4265 bemur,
353 4208 443 4252 aut
465 4204 554 4270 qui
587 4202 713 4256 llent
746 4207 937 4260 damna
969 4211 1269 4276 smcularia,
1298 4216 1530 4272 scientes
1551 4220 1675 4286 quia

113 4289 271 4356 hujus
309 4293 490 4345 δαναιιί
523 4297 738 4349 tristitia
785 4311 997 4352 mortem
1030 4314 1275 4367 aperatur
1301 4306 1366 4359 ⁸⁸.
1400 4306 1510 4360 Non
1550 4321 1674 4364 sunt

117 4389 238 4445 ergo
288 4378 537 4448 lacrynne
567 4395 763 4438 nostra:
806 4387 1088 4457 jungemhe
1122 4407 1241 4444 cum
1277 4395 1470 4450 talibus
1511 4415 1524 4463 ;
1579 4403 1670 4454 Sed

1800 3284 1853 3337 in
1900 3290 2266 3356 superioribus
2313 3295 2450 3349 hanc
2495 3297 2658 3353 fuisse
2708 3301 3096 3360 incredulitatis
3146 3324 3363 3363 causam

1796 3375 2015 3443 Jndreis,
2047 3382 2159 3450 ipse
2186 3383 2380 3439 Paulus
2407 3388 2639 3454 edocuit,
2665 3393 2849 3447 dicens
2868 3396 2934 3449 de
2954 3397 3051 3459 eis,
3075 3401 3198 3468 quia
3225 3403 3367 3470 igno-

1798 3479 1978 3524 rantes
2022 3471 2116 3526 Dei
2147 3475 2447 3543 justitiam,
2489 3491 2538 3532 et
2583 3499 2731 3535 suam
2767 3485 3038 3552 justitiam
3074 3503 3361 3558 querentes

1795 3571 2044 3628 statuere,
2060 3568 2289 3634 justitia:
2322 3570 2414 3624 Dei
2435 3589 2535 3625 non
2557 3585 2678 3628 sunt
2705 3577 2923 3646 subjecti
2947 3581 3010 3634 ⁸³.
3044 3582 3132 3637 Sic
3155 3601 3281 3655 ergo
3306 3596 3362 3641 et

1794 3656 1881 3719 qui
1917 3660 2056 3722 apud
2089 3661 2435 3728 semetipsum
2477 3666 2692 3731 sapiens
2734 3678 2837 3732 est,
2876 3687 2980 3724 non
3020 3682 3197 3738 potest
3231 3689 3354 3730 esse

1790 3745 2004 3811 sapiens
2031 3751 2171 3818 apud
2200 3752 2391 3823 Deum.

1857 3861 1944 3914 19.
1983 3862 2135 3917 Nulli
2159 3868 2356 3922 malum
2385 3888 2480 3938 pro
2510 3874 2648 3927 malo
2672 3875 2943 3930 recidentes
2969 3878 3035 3932 ³⁸.
3070 3878 3124 3934 Si
3155 3881 3352 3936 malum

1786 3952 1987 4008 inferre
2020 3973 2244 4025 peccare
2275 3971 2378 4031 est,
2419 3978 2473 4020 et
2498 3968 2720 4020 reddere
2750 3969 2948 4022 malum
2981 3985 3110 4035 non,
3145 3984 3201 4027 ut
3233 3977 3352 4043 qui-

1783 4044 2002 4100 busdam
2034 4051 2261 4117 videtur,
2288 4055 2487 4122 justum
2513 4068 2615 4123 est,
2646 4061 2929 4115 sedsimile
2947 4075 3221 4130 peccatum
3246 4076 3353 4134 est,

1779 4145 1888 4202 aut,
1914 4146 1972 4190 ut
1989 4155 2088 4208 ego
2116 4143 2767 4217 arbitror,etiamgravius.
2789 4149 2918 4203 Nam
2941 4153 3026 4206 ille
3047 4154 3134 4221 qui
3154 4157 3351 4212 malum

1777 4228 1925 4294 prior
1963 4229 2160 4296 intulit,
2196 4233 2332 4289 forte
2366 4237 2478 4306 (75)
2511 4255 2614 4291 non
2645 4240 2813 4293 sensit
2841 4244 3038 4298 malum
3057 4260 3176 4300 esse
3207 4251 3348 4316 quod

1777 4319 1918 4372 iecit.
1940 4321 2041 4387 Qui
2060 4335 2236 4378 autem
2260 4328 2486 4382 reddidit
2504 4331 2722 4395 malum,
2745 4349 2808 4386 eo
2828 4334 2945 4403 ipso
2965 4351 3071 4404 quo
3091 4338 3159 4390 ad
3185 4340 3350 4394 ulcis-

1772 4412 2002 4465 Cendum
2022 4426 2102 4467 est
2126 4428 2321 4484 motus,
2351 4421 2634 4477 confessus
2648 4436 2729 4476 est
2748 4427 2982 4481 sensisse
3015 4429 3210 4484 malum
3230 4447 3349 4488 esse

115 4479 230 4518 cum
257 4468 363 4521 illis
385 4469 617 4525 ﬂendum
645 4481 805 4530 estde
832 4481 1025 4547 quibus
1059 4482 1185 4536 Jicit
1215 4485 1467 4543 Dominus
1489 4511 1502 4545 :
1527 4491 1675 4548 Beati
1712 4493 1753 4546 D
1781 4506 1923 4569 quod
1950 4505 2200 4560 reddidit.
2245 4509 2312 4562 Et
2341 4512 2459 4565 ideo
2494 4514 2886 4582 respiciendum
2917 4533 3131 4588 semper
3165 4532 3249 4577 est
3279 4526 3347 4576 ad

176 4609 223 4640 ‘°
265 4608 474 4692 {ie-nat,
505 4613 592 4666 ‘22.
669 4615 884 4692 “illan,
909 4636 995 4692 in.
1118 4639 1227 4692 seq.

115 4678 195 4731 ξε.
265 4681 309 4711 εδ
341 4681 376 4733 ιι
410 4684 533 4756 cur.
566 4701 658 4750 vn,
689 4687 770 4740 10.
841 4678 1274 4756 ετιιιςιιιιι.ν,“5.

114 4752 322 4813 xn,i6.
400 4753 842 4818 “Eccli.x,14.
940 4761 986 4791 η
1017 4752 1206 4828 Philip.
1237 4767 1378 4828 “,6.

176 4868 291 4936 (65)
352 4870 523 4935 Editi,
557 4890 673 4942 quae
728 4879 954 4940 creavit,
1006 4883 1293 4952 invenitur,
1328 4889 1451 4941 item
1501 4892 1672 4947 homi-

113 4952 192 4988 nes
204 4978 217 4996 ,
247 4951 355 4994 CIC.

322 5009 418 5082 bis.
454 5027 590 5064 unus
613 5024 666 5067 et
695 5014 971 5082 Rabanus,
1001 5020 1149 5073 aliud
1180 5029 1432 5080 muneris.

176 5079 530 5170 (65),!)licens.
555 5085 718 5170 ‘De'est
752 5079 1206 5170 mantela-editis,
1241 5107 1295 5148 et
1320 5079 1666 5170 inplerisqup

111 5148 530 5222 mssxRabanus
555 5153 720 5208 habet
753 5157 826 5207 ait
858 5173 954 5222 pro
982 5148 1204 5215 dicens:
1396 5148 1421 5168 Γ
1579 5148 1592 5170 ³
1625 5160 1656 5198 ⁸

175 5217 285 5287 (66)
313 5219 475 5287 Edili,
506 5226 598 5275 sed
620 5217 986 5282 benedicimus.

175 5288 283 5357 ‘67)
312 5289 474 5367 liditi,
499 5297 657 5346 etiam
685 5297 774 5367 hic?
794 5311 1104 5367 competens,
1133 5313 1240 5356 etc.

173 5357 283 5426 (68)
314 5357 546 5429 Etenim.
578 5365 733 5417 Deest
763 5366 816 5418 in
853 5357 1002 5420 libris
1035 5357 1190 5425 antea
1221 5374 1401 5429 editis.

172 5430 283 5499 (o9)
309 5427 412 5482 Ms.
443 5429 643 5497 Regius
680 5450 826 5489 num.
857 5437 1022 5508 1659,
1061 5441 1148 5495 hic
1185 5454 1239 5497 et
1271 5427 1442 5511 mira,
1485 5449 1549 5502 de
1582 5459 1664 5504 ta-

107 5496 259 5551 tibus.

171 5568 284 5638 (70)
309 5567 567 5645 Sicrecte
596 5588 696 5627 ms.
732 5573 929 5641 Regius
961 5593 1108 5632 num.
1141 5581 1297 5636 1639.
1321 5584 1508 5640 Caeteri
1537 5604 1665 5645 vero

108 5651 231 5690 mss.
262 5649 318 5693 et
344 5642 471 5694 editi
495 5681 509 5704 ,
537 5655 583 5695 et
609 5653 894 5699 secundum
937 5649 1251 5704 desiderium
1299 5654 1664 5725 lacrymarum

102 5710 403 5779 profusione
419 5712 642 5769 lavatur.
665 5715 940 5783 Rabanus,
953 5727 1002 5772 et
1019 5730 1256 5776 sanctum
1273 5710 1661 5788 desiditrium...

1335 4628 1378 4658 ⁸³
1409 4629 1423 4680 I
1450 4630 1573 4687 Cor.
1613 4652 1683 4698 Iv,
1725 4637 1801 4691 12.

1353 4700 1396 4772 9⁸
1427 4699 1464 4752 ll
1510 4703 1634 4772 Cor.
1668 4723 1736 4760 vn
1767 4751 1780 4772 ,
1831 4711 1911 4762 10.

1481 4771 1525 4801 ⁸⁵
1558 4775 1713 4829 Rom.
1750 4771 1941 4842 $1.16.

1895 4642 1940 4671 ⁸³
1971 4641 2125 4694 an.
2157 4649 2365 4708 xn,13.
2441 4650 2485 4680 ⁸⁵
2521 4652 2652 4706 an.
2685 4671 2738 4714 κ,
2762 4654 2854 4708 ‘20.

1990 4714 2034 4743 ⁸⁹
2065 4714 2318 4782 |lmu.xu,
2360 4719 2440 4773 16.

2041 4784 2085 4814 ⁸⁵
2112 4784 2265 4840 Ιίδιιι.
2313 4804 2364 4855 x,
2399 4794 2454 4845 5.

2929 4655 2973 4686 ⁸⁵
3005 4655 3194 4710 Matth.
3228 4674 3344 4724 vm,

2521 4724 2564 4753 9°
2595 4724 2780 4777 Matth.
2819 4725 3030 4789 vn,12.
3107 4728 3148 4759 ἰ
3188 4730 3344 4786 Rom.

2561 4794 2788 4848 “Rom.
2837 4813 2932 4859 xu,
2976 4797 3060 4852 17.

1781 4899 1945 4955 lavat.

1849 4971 1961 5040 (71)
1997 4970 2154 5052 Nam.
2188 4976 2437 5052 Deestjn
2470 4980 2705 5052 editisel
2756 4983 2808 5035 in
2859 4982 3132 5052 plerisque
3183 5002 3338 5048 m<s.,

1778 5044 1868 5090 sed
1914 5045 2213 5122 restituitur
2245 5064 2305 5098 ex
2345 5048 2584 5122 Rabano.
2624 5050 2723 5105 Ms.
2761 5044 2962 5122 Regius
2997 5044 3143 5111 num.
3180 5057 3334 5120 165:),

1776 5109 1956 5211 baltei,
1992 5111 2192 5211 Z‘ristia
2229 5119 2363 5170 enim
2401 5136 2496 5186 pro
2525 5109 2970 5211 Ngmlﬂ‘lslll‘ltt‘.“
3005 5192 3015 5202 '
3233 5193 3265 5211 ﬂ

1870 5181 1956 5211 Tt
2005 5182 2081 5211 ‘in
2113 5201 2296 5211 n........-
2503 5201 2544 5211 ,..
2641 5209 2686 5211 ν.
2902 5208 2907 5211 .
2983 5205 3013 5211 .,
3044 5207 3160 5211 -ηη,

1846 5179 1956 5249 (72)
1992 5182 2081 5234 Sic
2112 5201 2298 5239 omnes
2337 5179 2464 5242 mss.
2497 5201 2549 5242 et
2578 5189 2851 5272 Rabanus,
2881 5192 3015 5272 Etliti
3044 5207 3188 5272 vero,
3226 5193 3336 5247 Su-

1846 5250 1997 5272 -qu..-
2044 5270 2095 5272 γυ
2363 5262 2368 5268 υ
2529 5261 2539 5272 ι
2728 5265 2737 5272 .

1769 5250 2000 5307 perbiam
2035 5270 2190 5315 super
2233 5262 2485 5314 omnia...
2521 5261 2617 5311 hoc
2653 5265 2792 5314 enim
2834 5262 3205 5328 beneplacitum
3256 5275 3330 5316 est

1770 5316 1998 5411 Deo.nl£t
2033 5326 2216 5402 merito
2241 5331 2482 5392 superbia
2524 5330 2774 5411 fugienda
2806 5343 2911 5393 est,
2941 5316 3057 5411 cum
3082 5335 3332 5411 scriptun:

1769 5389 1858 5468 sit,
1889 5388 2026 5451 Quia
2048 5393 2250 5446 initium
2275 5388 2630 5468 discedendi}
2662 5401 2767 5455 Deo
2790 5401 3029 5468 superbia
3057 5414 3130 5454 est
3181 5401 3333 5458 Unde

1770 5456 2048 5536 Apostolus
2081 5464 2132 5514 in
2173 5481 2273 5516 uno
2302 5465 2615 5536 7(Rabanus,
2649 5471 2702 5522 in
2736 5456 2927 5535 primo)
2960 5486 3196 5526 sermone
3248 5478 3331 5528 in-

1770 5527 2093 5583 stitutionem
2124 5527 2437 5588 humilitatis
2461 5527 2806 5591 commendat.

1841 5607 1950 5679 ('75)
1995 5606 2170 5659 Forte.
2216 5608 2387 5691 Deest.
2425 5610 2476 5660 in
2517 5610 2675 5691 editis
2705 5618 2759 5691 et
2786 5611 2855 5663 εἰη
2873 5610 3153 5691 plerisque
3198 5629 3329 5671 mss.

1768 5694 1982 5733 necnon
2022 5687 2077 5731 et
2113 5678 2254 5745 apud
2295 5678 2592 5734 Rabanum.
2634 5679 2739 5734 Sed
2777 5678 3078 5736 restituitur
3117 5697 3182 5737 ex
3221 5699 3333 5739 uno

1741 5736 1872 5807 gms.
1911 5748 2077 5822 Regio
2113 5736 2264 5803 nam.
2303 5748 2457 5805 1610.
