3744 6146
381 255 524 313 1225

1842 252 2164 311 ORlGENlS

3503 246 3638 300 ίὲξι

377 388 502 430 cum
531 370 619 441 qui
659 370 837 426 dixit:
866 367 1001 425 Mihi
1031 370 1339 438 vindictam,
1370 387 1462 443 ego
1491 371 1798 440 retribuam,
1819 373 1946 429 dicit
1977 380 2020 435 Α
2056 367 2362 431 retribuam,
2386 366 2516 421 dicit
2550 363 2812 421 Dominus
2844 367 2887 421 ³.
2923 364 2988 421 lii
3016 367 3109 434 qui
3140 366 3356 436 scipsos
3380 379 3487 421 non
3520 369 3636 423 vin-

375 462 639 517 Dominus
678 459 745 513 ⁸⁷.

445 551 535 609 20.
560 550 907 605 Providentes
935 549 1070 603 bona
1097 565 1274 602 coram
1296 550 1533 603 omnibus
1559 549 1858 604 hominibus
1879 552 1947 608 ⁸⁸.

376 644 573 701 Coram
611 643 865 697 oumibus
907 642 1218 696 hominibus
1274 642 1520 711 providet
1553 644 1673 708 quis
1708 644 1872 705 bona,
1901 645 1950 699 si

377 751 483 790 non
543 735 758 807 placeat
815 734 1151 805 singulorum
1212 736 1294 788 vel
1338 736 1502 800 vitiis,
1549 736 1630 789 vel
1686 736 1948 790 moribus.

373 827 627 896 Alioquin
684 825 958 881 contraria
1019 827 1126 879 erit
1175 825 1286 895 (74)
1337 825 1423 878 illa
1472 827 1717 895 Apostoli
1778 826 1950 895 ipsius

373 920 641 974 sententia
682 933 801 986 quae
839 918 1011 973 dicit:
1042 916 1154 987 Ego
1181 920 1226 972 si
1255 919 1556 972 hominibus
1599 918 1807 986 placere
1846 920 1952 973 vel-

374 1012 497 1076 lem,
529 1010 729 1066 Christi
748 1028 929 1067 servus
976 1028 1079 1065 non
1110 1028 1275 1065 essent
1302 1012 1369 1066 θ’.
1406 1010 1513 1066 Sed
1541 1014 1630 1081 qui
1666 1013 1787 1066 vita:
1813 1028 1946 1075 suat,

376 1117 431 1159 ct
468 1122 699 1169 morum,
732 1118 892 1176 alque
922 1116 1136 1161 actuum
1171 1116 1315 1160 tenet
1345 1106 1564 1169 libram,
1603 1119 1660 1162 ut
1689 1125 1791 1161 non
1824 1125 1949 1178 pns-

372 1197 443 1250 sit
482 1199 550 1251 ab
590 1198 698 1250 nllu
734 1199 1011 1251 hominum
1052 1198 1396 1265 reprehendi,
1439 1200 1541 1252 iste
1582 1201 1718 1254 bona
1764 1216 1946 1254 coram

372 1292 621 1344 Onmibus
651 1290 961 1344 hominibus
999 1291 1265 1358 providet.
1300 1290 1405 1344 Sed
1453 1302 1509 1344 et
1554 1292 1657 1346 hoc
1689 1293 1949 1346 adverta-

376 1396 515 1446 nms,
559 1381 826 1449 quomodo
884 1396 989 1434 non
1041 1382 1176 1435 dixit
1223 1383 1528 1450 Apostolus,
1585 1396 1641 1436 ut
1696 1386 1950 1437 Omnibus

367 1464 688 1543 placeamus
724 1472 858 1544 (75),
890 1475 1006 1535 sed,
1045 1483 1101 1525 ut
1136 1475 1515 1543 provideamus
1566 1476 1705 1528 bona
1756 1491 1942 1529 coram

372 1565 622 1619 omnibus
654 1564 978 1628 hominibus,
1021 1566 1122 1619 hoc
1159 1575 1242 1619 est
1280 1576 1336 1619 ιιι
1383 1582 1608 1632 agamus
1678 1581 1776 1620 nos
1811 1569 1946 1620 bona

372 1671 554 1710 coram
594 1657 843 1712 otunibus
886 1657 1193 1712 hominibus
1247 1659 1360 1713 sive
1401 1659 1504 1713 illis
1533 1658 1779 1730 placeant
1816 1675 1946 1730 quae

372 1749 510 1804 bona
548 1760 694 1816 sunt,
719 1751 834 1805 sive
875 1767 979 1805 non
1014 1752 1283 1820 placeant.

433 1840 522 1891 Ἦ.
552 1837 610 1890 Si
636 1839 882 1905 possibile
904 1852 1004 1905 est,
1026 1842 1162 1910 quod
1183 1858 1248 1895 ea:
1274 1843 1414 1897 vobis
1434 1854 1531 1910 est,
1553 1862 1670 1898 cum
1693 1847 1931 1901 omnibus

364 1928 660 1983 hominibus
686 1947 864 1999 pacem
891 1934 1133 1986 habentes
1155 1934 1193 1986 ί.
1223 1933 1411 1990 Sciens
1434 1938 1719 2006 Apostolus
1745 1931 1931 2007 paCem

364 2018 505 2072 inter
546 2036 680 2089 quos
720 2038 824 2091 pax
860 2023 1107 2092 habetur,
1151 2042 1259 2081 non
1304 2043 1369 2082 ex
1406 2045 1511 2083 una
1548 2038 1718 2100 parte,
1747 2031 1840 2086 sed
1867 2047 1932 2086 ex

362 2120 589 2180 utraque
630 2122 910 2177 constare,
951 2132 1020 2170 ne
1051 2133 1152 2171 nos
1193 2118 1411 2174 alterius
1447 2122 1682 2185 animus,
1716 2123 1759 2178 si
1794 2122 1931 2178 forte

362 2200 658 2270 impacatus
686 2207 947 2270 evenerit,
969 2224 998 2261 a
1022 2209 1161 2263 bono
1184 2210 1328 2279 pacis
1353 2211 1612 2282 impedire
1634 2214 1927 2281 videretur,

360 2294 847 2351 moderatissimum
894 2298 1042 2353 dedit
1072 2311 1400 2372 przeceptum
1430 2321 1442 2356 :
1472 2314 1533 2359 ut
1571 2304 1785 2360 interim
1819 2306 1928 2376 (76)

368 2396 556 2438 llOSlel‘
602 2385 818 2439 animus
853 2401 1069 2454 semper
1115 2388 1184 2440 sit
1239 2400 1463 2455 paratus
1513 2388 1580 2441 ad
1636 2404 1846 2458 pacem,
1888 2400 1944 2444 et

364 2477 649 2529 discordia:
676 2478 827 2544 culpa
862 2492 966 2530 non
1001 2493 1167 2546 penes
1200 2493 1316 2542 nos,
1360 2479 1453 2533 sed
1500 2493 1667 2547 penes
1712 2481 1940 2536 alterum

365 2579 592 2622 constet.
630 2566 733 2623 Sed
775 2569 1009 2624 lortasse
1051 2571 1195 2623 dicat
1233 2570 1474 2640 aliquis:
1505 2571 1792 2637 Quomodo
1840 2588 1939 2641 po-

365 2665 472 2712 test
500 2657 612 2710 lieri
640 2667 698 2711 ut
733 2671 919 2725 pacem
946 2673 1067 2712 cum
1099 2659 1351 2713 omnibus
1399 2661 1708 2714 hominibus
1738 2662 1942 2716 habea-

365 2749 524 2803 mus?
562 2747 626 2802 Et
664 2750 791 2818 quid
838 2748 1097 2804 faciemus
1144 2752 1211 2805 de
1267 2751 1550 2820 Scriptura
1591 2767 1712 2819 qua:
1757 2754 1937 2809 dicit:

371 2837 571 2892 Furem
616 2841 851 2903 videbas,
895 2852 943 2894 et
993 2843 1343 2895 concurrebas
1394 2860 1514 2896 cum
1557 2844 1669 2906 illo,
1725 2854 1773 2899 et
1818 2862 1939 2899 cum

363 2931 621 2985 adulteris
649 2933 938 2999 portionem
970 2944 1115 2985 (nam
1153 2934 1377 3000 ponebas
1402 2934 1462 2986 ’ἲ
1489 2934 1613 2988 Ideo
1647 2951 1775 3004 ergo
1807 2936 1941 2991 bene

362 3023 652 3092 Apostolus
705 3023 910 3077 addidit
941 3038 957 3077 :
988 3023 1141 3088 Quod
1201 3040 1265 3076 ea:
1310 3025 1455 3077 vobis
1504 3035 1617 3090 est;
1674 3026 1778 3078 hoc
1830 3037 1908 3079 est

363 3114 507 3182 quod
544 3116 820 3182 proposito
871 3123 1056 3167 vestro
1112 3122 1167 3168 et
1221 3113 1340 3167 lidei
1398 3125 1592 3168 vestrae
1657 3119 1931 3171 convenit.

361 3206 497 3262 Cum
530 3206 687 3259 malis
712 3207 854 3261 enim
886 3205 1086 3259 habere
1125 3221 1313 3275 pacem
1345 3216 1400 3260 et
1428 3208 1770 3272 societatem,
1808 3205 1932 3261 ﬁdei

363 3309 561 3352 nostra:
600 3298 714 3370 (77)
767 3300 1152 3366 propositoque
1203 3314 1309 3352 non
1364 3299 1645 3362 convenit,
1686 3300 1937 3365 quamvis

360 3399 416 3441 et
440 3388 547 3441 alia
583 3388 638 3441 in
675 3387 792 3443 loco
848 3389 1018 3456 possit
1067 3390 1252 3442 haberi
1298 3388 1597 3442 distinctio.
1658 3389 1817 3443 Aliud
1852 3400 1938 3444 est

360 3480 508 3533 enim
556 3480 801 3536 homines
839 3496 1046 3545 amare,
1088 3481 1231 3534 aliud
1266 3481 1501 3534 erimina
1552 3482 1795 3552 diligere.
1831 3482 1933 3548 Qui

361 3572 608 3627 homines
651 3583 818 3637 amat,
858 3582 1003 3626 amat
1049 3583 1350 3626 creaturam
1400 3572 1494 3625 Dei
1529 3585 1543 3625 :
1578 3572 1670 3639 qui
1708 3572 1935 3627 crimina

360 3665 558 3735 diligit,
582 3665 778 3719 diaboli
798 3674 1042 3719 sectatur
1063 3665 1277 3719 inventa
1297 3664 1429 3733 (78).
1451 3663 1550 3730 Qui
1569 3678 1696 3732 ergo
1712 3666 1931 3733 perfecti

360 3770 508 3823 sunt,
565 3760 710 3826 ipsos
764 3759 816 3812 in
872 3759 1068 3828 quibus
1116 3759 1349 3812 oderunt
1399 3759 1629 3812 crimina
1688 3760 1933 3814 homines

358 3861 544 3905 amant
571 3869 586 3904 :
611 3860 665 3904 et
703 3850 828 3904 odio
860 3849 1121 3904 habentes
1151 3849 1204 3903 in
1242 3851 1322 3903 eis
1349 3849 1476 3903 illud
1508 3850 1651 3918 quod
1684 3863 1929 3919 peccant,

361 3939 488 3995 illud
523 3941 665 4009 quod
697 3940 836 3994 Deus
854 3940 1059 3994 creavit
1085 3954 1271 3994 amare
1307 3954 1412 3993 non
1441 3940 1717 3993 desinunt.

426 4031 518 4085 22.
554 4028 676 4084 Non
715 4048 802 4084 vos
839 4031 1190 4095 vindicantes,
1215 4031 1533 4092 clmrissimi,
1561 4032 1652 4083 sed
1698 4031 1817 4084 date
1849 4030 1930 4082 lo-

360 4140 479 4177 cum
509 4124 624 4177 ἐγω.
664 4124 928 4191 Scriptum
974 4134 1048 4177 est
1089 4126 1274 4178 enim:
1306 4123 1439 4177 Mihi
1484 4125 1789 4183 vindictam.
1840 4139 1931 4192 ego

1153 4264 1198 4297 ’⁸
1238 4265 1396 4319 Rom.
1440 4280 1538 4325 xu,
1573 4265 1662 4318 l7.

1243 4336 1264 4366 ³
1300 4334 1456 4388 Rcui.
1487 4351 1586 4398 xu,
1619 4333 1712 4389 20.

465 4263 512 4295 ’⁷
558 4263 712 4319 Deut.
745 4280 919 4327 xxx",
964 4262 1052 4320 55.

359 4349 459 4399 xu,
501 4333 585 4390 l9.
660 4334 678 4366 ⁴
720 4334 877 4391 Rom.
910 4350 975 4396 ιι,
1009 4335 1063 4398 5,
1093 4333 1146 4388 6.

1921 3068 1935 3093 ’
1966 3066 2007 3121 C

1758 4264 1802 4297 °’
1835 4263 2013 4318 Galat.
2040 4279 2084 4329 ι,
2109 4261 2195 4316 10.

1815 4335 1837 4367 ⁸
1867 4334 2060 4387 Matth.
2091 4331 2256 4398 v,i9.;
2288 4331 2421 4386 Luc.
2448 4347 2523 4398 vt,
2552 4332 2622 4385 27
2650 4348 2764 4401 seq.

2054 460 2259 524 dicant,
2290 460 2560 528 qumnodo
2598 459 2694 514 ira:
2740 459 2919 513 locum
2964 461 3118 525 dent,
3160 460 3458 529 dupliciter
3503 461 3632 516 mihi

2054 553 2267 605 videtur
2291 551 2536 621 intelligi.
2570 551 2703 605 Nam
2732 553 2917 607 ethoc
2949 553 3066 620 ipso
3096 553 3239 621 quod
3283 554 3432 608 verbi
3469 567 3630 607 causa

2054 658 2269 696 manum
2328 643 2513 696 manui
2576 657 2682 696 non
2744 641 2986 697 referunt
3039 643 3177 715 (79),
3241 654 3335 697 aut
3385 644 3633 699 convicio

2053 724 2357 787 convicium
2407 750 2511 787 non
2554 734 2807 798 reddunt,
2854 736 2947 803 ira:
2998 735 3143 789 illius
3189 737 3284 806 qui
3323 734 3461 790 fecit
3488 736 3630 805 inju-

2055 824 2188 878 riam
2212 826 2627 894 pertranseundi
2653 837 2707 880 et
2736 828 3099 882 evanescendi
3129 830 3304 882 locum
3337 829 3628 885 dederunt.

2050 914 2220 970 Nemo
2255 916 2401 970 enim
2433 918 2504 970 ita
2542 916 2762 972 rabidus
2785 918 3115 985 invenietur,
3152 921 3270 989 qui,
3308 921 3462 975 illata
3499 923 3632 992 inin.

2050 1007 2154 1071 ria,
2207 1008 2249 1060 si
2303 1009 2474 1062 vicem
2537 1024 2643 1063 non
2700 1012 2945 1079 recipiat,
3001 1012 3195 1067 iterum
3246 1014 3475 1079 smviat;
3531 1017 3630 1067 sed

2049 1101 2204 1167 quasi
2238 1098 2407 1154 eti‘uso
2434 1119 2497 1156 ac
2533 1104 2747 1170 digesto
2777 1103 2983 1169 lurore,
3020 1106 3337 1160 necessario
3360 1106 3626 1160 mitescit.

2049 1192 2146 1246 Est
2177 1207 2303 1262 ergo
2327 1202 2379 1245 et
2408 1194 2611 1262 grande
2652 1194 2861 1248 lucrum
2902 1196 2993 1249 ubi
3031 1205 3087 1249 et
3129 1196 3410 1264 peccantis
3451 1196 3635 1250 multi-

2049 1281 2181 1336 tudo
2226 1284 2595 1349 cOmpescitur
2644 1295 3028 1352 peccatorum,
3078 1297 3132 1339 et
3185 1287 3448 1355 injuriam
3488 1288 3631 1356 paSsi

2048 1370 2306 1438 patientia
2345 1371 2457 1442 (80)
2490 1371 2789 1440 probabilis
2817 1373 2877 1426 lit
2914 1375 3056 1442 apud
3090 1375 3279 1429 Deum.
3308 1375 3409 1429 Est
3439 1388 3629 1431 autem

2048 1473 2101 1517 et
2130 1465 2229 1518 hoc
2259 1467 2414 1518 modo
2442 1465 2534 1524 ira:
2563 1465 2742 1519 locum
2771 1467 2926 1530 dare,
2962 1468 3177 1534 quando
3223 1484 3321 1537 pro
3379 1470 3467 1522 his
3503 1484 3628 1537 qua:

2049 1554 2356 1609 inferuntur
2400 1555 2615 1622 injuriis
2661 1558 2751 1626 qui
2805 1568 3054 1627 peccant,
3112 1562 3409 1616 secundum
3456 1560 3632 1630 ipsius

2047 1648 2196 1703 Pauli
2242 1651 2603 1716 sententiam,
2651 1648 2786 1704 iram
2836 1650 2936 1705 sibi
2998 1654 3377 1709 thesaurizant
3428 1655 3485 1709 ln
3541 1657 3632 1710 die

2048 1743 2164 1808 irte,
2216 1753 2343 1797 tunc
2383 1759 2505 1796 cum
2553 1741 2735 1796 reddet
2790 1742 2932 1797 Deus
2982 1745 3275 1813 unicuique
3328 1748 3629 1802 secundqu

2046 1850 2208 1902 Opt'l‘il
2235 1850 2331 1888 sua
2364 1833 2411 1887 ⁸.
2462 1832 2517 1887 Si
2557 1849 2687 1903 ergo
2717 1824 3076 1903 nosmeiipsos
3116 1835 3476 1903 vindicemus,
3520 1854 3629 1892 non

2046 1932 2408 1994 estmagnum
2437 1927 2578 1993 quod
2621 1940 2719 1992 pro
2766 1926 2964 1996 injuria
3012 1938 3265 1997 suscepta
3320 1929 3623 1992 reddimus,

2044 2015 2198 2070 verbi
2248 2030 2435 2078 causa,
2489 2024 2582 2069 aut
2633 2015 2866 2084 palmam
2933 2033 3033 2087 pro
3080 2019 3280 2087 palma,
3327 2018 3493 2090 654
3533 2033 3631 2074 aut

2047 2120 2243 2160 saxum
2284 2121 2381 2174 pro
2411 2119 2563 2170 saxo,
2589 2115 2681 2160 aut
2706 2121 2805 2175 pro
2838 2110 3161 2163 centumelia
3211 2113 3481 2165 sermonis
3507 2114 3627 2181 (δι)

2048 2197 2318 2251 sermonis
2340 2197 2693 2252 nihilominus
2713 2200 3119 2254 contumeliam.
3143 2202 3197 2253 Si
3223 2216 3304 2254 vei
3320 2218 3353 2256 ο
3379 2217 3632 2256 reserve-

2047 2302 2168 2343 mus
2195 2303 2257 2342 ea
2281 2288 2533 2343 vindictae
2560 2288 2674 2349 Dei.
2706 2291 2759 2344 iu
2783 2306 2848 2345 eo
2877 2290 2987 2363 (8'2)
3018 2294 3106 2360 qui
3136 2293 3272 2348 likle
3308 2309 3408 2348 nos
3435 2293 3617 2349 laeum

2046 2381 2239 2437 damus
2280 2380 2396 2444 irtc,
2430 2380 2504 2433 illi
2534 2379 2654 2434 sine
2676 2381 2840 2434 dubio
2864 2397 3025 2451 quam
3048 2383 3151 2437 sibi
3176 2384 3290 2451 ipse
3314 2384 3431 2439 suis
3465 2384 3629 2437 malis

2042 2471 2257 2527 actibus
2283 2472 2642 2535 thesaurizat,
2670 2486 2787 2542 quae
2815 2472 2885 2529 de
2911 2489 2976 2527 eo
3003 2476 3056 2529 in
3093 2473 3299 2543 judicio
3330 2474 3423 2530 Dei
3458 2476 3630 2529 multo

2044 2567 2324 2631 graviores
2391 2581 2554 2635 quam
2622 2580 2721 2619 nos
2782 2568 2993 2626 iut'etre
3053 2585 3381 2639 possumus,
3444 2572 3631 2641 exigat

2043 2668 2256 2723 ptenas.

2111 2745 2204 2801 ‘35.
2247 2749 2353 2802 Sed
2382 2750 2428 2804 si
2461 2751 2702 2804 csurierit
2730 2750 2974 2803 inimicus
3011 2759 3154 2815 tuus,
3198 2753 3316 2805 ciba
3350 2752 3503 2806 imm:
3526 2771 3549 2817 ;
3583 2757 3632 2808 si

2039 2836 2251 2897 sitieril,
2289 2844 2471 2906 patum
2505 2840 2575 2891 da
2616 2839 2699 2891 illi
2739 2853 2760 2892 :
2798 2838 2897 2891 hoc
2935 2840 3073 2892 enim
3114 2839 3322 2906 faciens
3367 2840 3630 2893 carbones

2041 2928 2177 2999 ignis
2216 2946 2459 2999 congeres
2517 2947 2675 2999 super
2720 2940 2877 3000 caput
2924 2930 3083 2999 ejus'
3110 2928 3629 3001 (83).‘l|aecquidem

2043 3034 2099 3077 et
2128 3023 2388 3079 Dominus
2415 3024 2467 3078 in
2497 3024 2803 3092 Evangeliis
2835 3023 3079 3091 praecipit
3116 3023 3158 3075 ⁸.
3191 3024 3257 3076 Et
3281 3026 3537 3091 quamvis
3566 3026 3624 3077 in

2044 3115 2328 3184 propatulo
2359 3115 2431 3170 sit
2458 3115 2764 3170 intellectus
2796 3118 2920 3178 iste,
2949 3131 3055 3185 quo
3077 3117 3375 3169 secundum
3411 3133 3471 3169 ea
3500 3133 3630 3185 qnze

2041 3220 2206 3274 supra
2239 3207 2499 3270 diximus,
2536 3207 2587 3260 in
2618 3216 2881 3275 quantum
2926 3207 3161 3260 inimicis
3201 3217 3256 3260 et
3297 3208 3629 3263 laedentibus

2040 3314 2146 3352 non
2179 3299 2349 3353 solum
2390 3301 2561 3351 vicem
2593 3314 2697 3352 non
2749 3299 3045 3364 reddimus,
3084 3299 3180 3354 sed
3210 3313 3265 3353 et
3297 3301 3434 3353 bona
3475 3318 3631 3369 pra:-

2042 3404 2271 3456 stamus,
2333 3391 2385 3442 in
2444 3398 2650 3442 tantum
2712 3403 2904 3457 pinnas
2950 3405 3136 3443 eorum
3185 3390 3238 3443 iu
3284 3389 3374 3444 Dei
3408 3389 3629 3457 judicio

2040 3483 2379 3537 cutnulamns
2406 3483 2509 3553 (est
2545 3483 2692 3537 enim
2733 3498 2858 3537 vere.
2901 3483 3046 3551 jnsta
3097 3483 3377 3536 damnatio
3433 3485 3479 3538 si
3520 3502 3623 3538 ar-

2042 3586 2275 3644 guantur
2300 3585 2426 3627 ante
2452 3574 2620 3628 Deum
2645 3574 2732 3628 his
2755 3575 3003 3629 intulisse
3032 3573 3169 3627 mala
3209 3592 3238 3627 a
3262 3577 3458 3644 quibus
3484 3593 3626 3645 pcr-

2038 3667 2282 3734 Cepcrint
2324 3665 2509 3736 bona),
2555 3675 2736 3720 tamen
2778 3668 3055 3720 videamus
3104 3682 3172 3720 ne
3225 3665 3368 3721 forte
3395 3664 3632 3735 dignius

2037 3758 2239 3827 aliquid
2277 3759 2510 3813 mandati
2560 3760 2718 3828 hujus
2769 3758 3041 3813 contineat
3098 3759 3427 3814 intellectus.
3474 3761 3631 3815 Dicit

2036 3851 2182 3903 enim
2241 3862 2297 3904 et
2349 3850 2615 3905 Jeremias
2670 3853 2932 3921 propheta
2978 3851 3091 3922 (84)
3134 3852 3201 3904 ad
3245 3852 3623 3920 peccatricem

1966 4004 1972 4013 l
2012 3941 2205 4013 ~liliatn
2232 3941 2566 4013 Babylonis:
2605 3942 2781 3995 [Iabes
2808 3943 3062 3996 carbones
3111 3942 3266 4011 ignis,
3308 3944 3427 3995 sede
3453 3960 3627 4010 super

2034 4048 2146 4094 eos,
2171 4032 2223 4084 lii
2251 4043 2403 4086 erunt
2432 4035 2525 4086 tibi
2559 4036 2614 4087 in
2652 4034 2977 4104 adjutorium
3000 4035 3046 4086 '.
3075 4032 3350 4090 Fortassis
3392 4050 3528 4105 ergo
3561 4047 3627 4090 et

2038 4125 2127 4178 hic
2157 4126 2243 4180 isti
2282 4127 2552 4180 carbones
2589 4127 2726 4196 ignis
2755 4125 2845 4194 qui
2881 4135 3278 4196 congregantur
3318 4140 3481 4195 super
3516 4141 3623 4181 ca-

2304 4261 2483 4317 ‘Rom.
2514 4277 2610 4316 sit.
2650 4262 2734 4316 l8.
2811 4263 2832 4293 ³
2863 4261 3003 4314 Psal.
3048 4278 3191 4328 mx,
3224 4263 3311 4316 18.
3388 4263 3410 4295 ³
3447 4264 3617 4319 Rom.

2839 4333 2860 4364 "
2890 4333 2991 4387 lsa.
3022 4349 3189 4395 van,
3213 4335 3301 4388 Li.

434 4452 546 4525 (74)
593 4455 686 4509 Sic
732 4470 923 4509 omnes
971 4470 1102 4509 mss.
1140 4465 1195 4507 et
1243 4454 1522 4525 Rabanns.
1578 4453 1718 4508 Editi
1778 4468 1928 4516 vero,
1965 4461 2012 4518 ι)
2037 4454 2209 4525 ipsum
2247 4453 2388 4522 quod
2430 4452 2638 4505 oderint
2672 4454 2918 4519 crimina,
2951 4465 3059 4511 etc.
3099 4453 3202 4509 Sed
3238 4455 3439 4510 rectius
3477 4470 3619 4512 mss.

367 4522 705 4579 Providentes
728 4526 882 4586 bona,
912 4542 1014 4577 non
1034 4536 1241 4577 tantum
1268 4540 1444 4577 coram
1490 4524 1618 4588 Deo,
1647 4528 1739 4578 sed
1764 4526 1927 4578 etiam

364 4610 542 4659 coram
571 4596 812 4649 omnibus
845 4596 1164 4648 hominibus.
1212 4593 1401 4649 Coram
1453 4593 1772 4658 hominibus,
1811 4611 1934 4647 con-

361 4666 532 4717 traria
573 4667 696 4730 erit,
735 4678 868 4729 etc.,
910 4664 1124 4719 omissis
1165 4663 1516 4728 intermediis,
1563 4664 1799 4717 omnibus
1837 4667 1932 4717 lto-

362 4737 588 4806 minibus
624 4736 857 4799 providet
894 4738 1009 4806 quis
1035 4737 1192 4801 bona,
1219 4737 1265 4789 si
1303 4750 1406 4806 non
1447 4732 1651 4802 placeat
1698 4734 1933 4806 singulo-

360 4819 477 4864 rum
505 4805 587 4858 vel
609 4806 765 4868 vitiis,
795 4805 874 4860 vel
902 4804 1155 4875 moribus.
1187 4805 1458 4875 Alioquin,
1489 4813 1622 4875 etc.,
1652 4818 1780 4857 mss.
1817 4804 1932 4875 ple:

361 4876 549 4942 rique,
576 4891 680 4929 non
712 4886 766 4946 ut
790 4876 991 4942 placeat
1017 4873 1034 4946 (
1052 4875 1146 4939 aL,
1167 4871 1364 4946 utnon
1393 4874 1630 4946 placeat)
1653 4883 1756 4928 etc.
1819 4871 1930 4928 Sed

360 4941 566 5000 rectius
597 4961 695 4999 ms.
723 4944 923 5014 Regius
962 4941 1112 5002 nutu.
1156 4941 1314 5002 1659.
1347 4953 1403 4996 ut
1438 4945 1490 4997 in
1520 4941 1689 4997 textu.

433 5013 546 5086 (75)
581 5015 745 5086 Editi,
783 5013 1042 5086 quomodo
1089 5032 1192 5070 non
1233 5015 1369 5070 dixit
1411 5015 1716 5082 Apostolus,
1765 5013 1931 5067 Ιιοιιιίε

360 5085 866 5155 ηἱὺιιιριαεεαηηιε,
893 5087 1006 5148 sed,
1038 5097 1146 5142 etc.

431 5151 549 5227 (76)
585 5156 674 5210 Sic
702 5172 801 5210 ms.
837 5155 1035 5227 Regius
1059 5173 1206 5211 nutu.
1239 5155 1378 5212 1659
1405 5165 1460 5210 et
1504 5154 1780 5211 Rabanus.
1811 5151 1930 5210 Cte-

360 5226 463 5282 teri
504 5242 633 5283 vero
661 5242 793 5281 mss.
817 5236 873 5280 et
892 5226 1044 5291 editi,
1076 5239 1128 5280 ut
1149 5228 1287 5281 inter
1312 5227 1575 5291 inimicos,
1606 5237 1714 5282 etc.

432 5297 545 5370 (7_7)
588 5295 751 5363 Editi,
799 5306 1000 5370 vestrae,
1036 5296 1448 5370 _male._Deinde
1497 5297 1657 5370 iidem
1694 5303 1748 5349 et
1792 5309 1923 5351 mss.

399 5366 630 5437 le'rique,
653 5367 900 5437 quamvis
926 5379 971 5420 et
992 5366 1097 5437 alio
1126 5368 1181 5419 in
1212 5367 1346 5428 loco,
1373 5377 1481 5437 etc.
1511 5367 1616 5420 Sed
1642 5375 1787 5420 recte
1816 5381 1916 5421 ms.

356 5380 630 5491 p‘lertque,
653 5383 893 5437 quamvis
926 5380 971 5420 et
992 5380 1097 5419 alio
1126 5383 1181 5419 in
1212 5380 1346 5428 toco,
1373 5380 1481 5422 etc.
1511 5380 1616 5420 Sed

413 5439 738 5507 egiusnum.
784 5435 920 5507 £7659
941 5446 995 5489 et
1019 5435 1272 5507 Rabanns
1301 5446 1359 5507 ut
1387 5436 1638 5507 in_lextu.

437 5504 527 5574 (78
532 5527 549 5576 )
571 5506 647 5559 lta
673 5522 774 5560 ms.
805 5506 1004 5575 Regius
1027 5523 1176 5576 nutu.
1200 5506 1336 5560 1659
1357 5515 1412 5559 et
1428 5504 1708 5561 Rabanus.
1730 5505 1923 5562 Castori

360 5592 491 5629 vero
544 5592 673 5632 mss.
729 5587 786 5630 et
839 5577 1006 5641 editi,
1080 5575 1291 5629 Diaboli
1348 5586 1574 5629 sectator
1638 5579 1923 5630 invenitur.

361 5644 565 5699 Deinde
601 5662 730 5701 mss.
774 5646 1035 5716 plerique,
1082 5645 1341 5700 Rabanus
1382 5655 1436 5700 et
1471 5646 1622 5716 editi,
1663 5646 1763 5698 ‘Itoc
1812 5647 1923 5713 ipso

361 5731 461 5783 quo
486 5716 603 5785 (aL,
633 5718 770 5785 quod
776 5726 795 5786 )
827 5715 1046 5773 oderunt
1080 5718 1320 5781 crimina,
1348 5723 1453 5772 etc.
1502 5715 1601 5772 Ms.
1638 5731 1794 5782 unus,
1824 5716 1921 5770 hoc

2038 4524 2146 4578 duo
2187 4532 2244 4576 ιιι
2269 4525 2322 4575 in
2356 4535 2540 4576 nostro
2570 4532 2743 4576 textu.

2109 4592 2345 4665 (79)_Sic
2390 4607 2579 4665 onmes
2608 4609 2761 4665 mss.
2813 4592 2971 4665 ΕιιίιίΔ
2996 4608 3146 4658 vero,
3192 4610 3407 4648 manum
3442 4612 3623 4651 manu

2038 4661 2141 4718 non
2165 4661 2417 4732 referunt,
2449 4662 2854 4725 Genelirartlus,
2885 4661 3158 4731 referiam.

2108 4733 2221 4804 (80)
2257 4733 2424 4796 Alias,
2457 4739 2514 4804 et
2540 4732 2755 4801 injuria:
2780 4732 2882 4804 (al.
2913 4734 3251 4802 iniuriarum)
3290 4736 3466 4799 passio
3503 4753 3619 4804 pa-

2038 4802 2240 4872 tientia,
2273 4815 2375 4858 etc.
2401 4819 2416 4862 ;
2451 4802 2603 4866 alias,
2628 4812 2675 4854 et
2709 4802 2963 4871 injuriam
2985 4820 3171 4871 passus
3191 4806 3463 4872 patientia.
3494 4802 3616 4863 etc.

2037 4871 2243 4927 Deinde
2273 4889 2372 4926 ms.
2403 4873 2600 4939 Regius
2630 4888 2778 4925 num.
2811 4873 2950 4927 i659
2979 4885 3031 4925 et
3062 4872 3318 4928 [tabanus
3342 4878 3616 4931 omittunt.

2037 4944 2275 5013 quando,
2303 4943 2394 4997 sed
2434 4941 2722 5013 restituunt
2751 4943 2930 4996 caueri
2956 4957 3087 4994 mss.
3118 4956 3169 4995 et
3201 4946 3354 4999 editi.

2105 5012 2217 5084 (81)
2244 5011 2532 5085 Sermonts.
2560 5011 2842 5085 Omittitur
2863 5014 2914 5065 in
2941 5014 3196 5085 editis.et
3227 5016 3278 5065 in
3306 5031 3407 5068 ms.
3433 5014 3618 5085 [legio

2033 5099 2159 5136 num
2199 5082 2365 5147 ⁷1659,
2415 5095 2468 5136 et
2504 5083 2646 5150 apati
2685 5082 3000 5147 Rabanum;
3048 5084 3140 5135 sed
3189 5086 3495 5137 restituitur
3518 5082 3616 5141 ἐι

2032 5156 2246 5207 catteI'is
2274 5169 2403 5209 mss.

2103 5222 2216 5295 (89.)
2244 5223 2409 5290 Alias,
2435 5221 2496 5277 Si
2524 5240 2644 5278 vero
2677 5238 2939 5278 servemus
2967 5239 3028 5276 ea
3054 5223 3393 5279 vindicta...
3415 5225 3504 5293 qui
3537 5227 3621 5281 de

2029 5309 2110 5358 eo,
2139 5306 2247 5348 etc.

2100 5363 2355 5436 (8‘5),Sic
2388 5380 2502 5436 gms.
2543 5362 2946 5434 Reginsnum.
2997 5362 3155 5426 1659,
3216 5361 3502 5436 Rabanus,_
3550 5377 3619 5419 et

2029 5434 2403 5488 editi.'Cteteri
2435 5450 2560 5490 vero
2593 5450 2723 5489 mss.
2757 5450 3037 5501 congregas
3075 5450 3232 5501 super
3272 5444 3434 5502 caput
3453 5434 3614 5502 ejus.

2101 5503 2214 5574 (84)
2249 5504 2386 5574 Dicit
2419 5507 2556 5559 enim
2588 5513 2638 5559 et
2668 5504 2928 5574 Ieremias
2954 5509 3223 5573 propheta.
3268 5505 3363 5559 Vel
3409 5501 3621 5573 Orige-

2028 5589 2147 5635 nes,
2197 5573 2283 5627 vel
2330 5575 2579 5639 Rutinus,
2631 5575 2715 5628 vel
2766 5573 3014 5628 fortassis
3064 5585 3294 5641 uterque
3340 5576 3616 5631 memoria

2026 5643 2219 5725 lapsus
2248 5654 2332 5699 est
2365 5642 2618 5703 Jeremia:
2664 5644 2987 5702 ascribendo
3033 5644 3179 5715 quod
3222 5659 3292 5701 ex
3328 5642 3458 5700 lsaia
3494 5647 3615 5702 de-

2022 5723 2313 5788 promitur.
