3744 6146
153 257 290 313 129.5
1106 262 1461 320 COMMENT.
1505 260 1570 315 IN
1611 260 1833 318 EPIST.
1870 262 1960 316 AD
1995 264 2166 322 ROM.
2208 266 2338 323 LIB.
2376 268 2462 324 IX.
3273 276 3412 329 1226

148 397 248 454 put
289 388 522 448 inimici.
577 389 628 442 in
687 389 1018 455 adiutorium
1076 391 1247 458 ipsius
1305 395 1735 458 congregantur.
1766 387 1813 442 A
1841 385 1961 454 ipso
1989 387 2090 442 sibi
2117 389 2296 441 datam
2325 389 2558 457 gratiam
2600 391 2962 455 conﬁtentur;
3005 391 3098 448 sed
3146 403 3238 446 aut
3285 411 3413 463 pro-

145 477 334 534 Potest
357 481 503 534 enim
550 480 663 535 ﬁeri
693 490 751 533 ut
782 481 996 535 animus
1030 480 1180 535 ferus
1223 495 1288 535 ac
1325 479 1595 534 barbarus
1632 481 1731 534 ini-
1833 477 1967 546 prite
2010 478 2287 532 industriae
2333 480 2629 546 ascribunt,
2673 491 2768 534 aut
2822 497 2990 551 super
3038 482 3316 547 magistris
3359 493 3414 533 et

147 572 274 625 mici
305 570 444 639 (85),
477 572 521 626 si
549 572 743 626 sentiat
783 572 1102 627 beneﬁcium
1141 583 1414 642 nostrum,
1452 575 1496 628 si
1541 573 1732 628 huma-
1833 569 2235 624 institutoribus
2294 570 2617 640 gloriantur.
2689 571 2854 626 Nobis
2925 585 3104 625 autem
3174 573 3412 626 ostendit

146 664 400 723 nitatem.
449 665 494 717 si
549 664 825 727 affectum,
878 665 922 718 si
985 665 1244 733 pietatem
1305 665 1521 725 videat,
1577 681 1726 720 com.
1829 661 2120 729 Apostolus
2165 677 2324 716 omne
2361 662 2502 730 quod
2549 663 2748 718 bonum
2794 674 2898 728 est,
2941 680 2970 716 a
3019 663 3126 717 Deo
3173 678 3318 727 esse,
3358 673 3412 718 et

145 756 498 823 punctionem
542 756 722 810 cordis
767 757 970 825 capiat,
1011 758 1287 811 commissi
1331 759 1726 828 pmnitudinem
1830 767 1930 820 per
1970 753 2235 820 Spiritum
2273 769 2521 824 sanctum
2550 754 2689 818 dari.
2740 757 2882 811 sicut
2910 769 2963 811 et
2989 754 3226 811 Jacobus
3275 771 3409 824 apo-

143 853 320 912 gcrat.
349 856 405 897 et
431 861 496 899 ex
520 846 621 900 hoc
664 846 803 912 ignis
845 847 898 898 in
948 861 1015 900 eo
1065 847 1282 914 quidam
1344 849 1724 911 succendatur,
1829 846 1999 900 stolus
2030 847 2163 900 dicit
2197 864 2210 900 :
2250 845 2417 900 Omne
2457 850 2642 901 datum
2683 849 2873 902 bonum
2927 861 2976 903 et
3020 867 3171 903 omne
3211 851 3410 902 danunt

141 938 232 1003 qui
256 954 382 992 eum
414 954 510 1007 pro
537 941 813 995 commissi
841 940 1171 994 conscientia
1211 939 1321 1011 (86)
1365 951 1642 1009 torqueat,
1670 950 1727 994 et
1827 936 2111 1004 perlectum
2145 937 2419 991 desursum
2467 950 2541 991 est
2587 940 2907 994 descendens
2957 957 2990 993 ιι
3047 941 3206 994 Patre
3249 941 3408 993 lanti-

139 1031 372 1098 adurat;
409 1041 464 1086 et
499 1031 586 1086 isti
623 1041 785 1086 erunt
822 1033 1088 1087 carbones
1123 1034 1260 1104 ignis
1299 1033 1390 1101 qui
1436 1046 1601 1101 super
1638 1047 1728 1085 ca—
1831 1045 1956 1081 num
1987 1029 2068 1092 ";
2109 1038 2166 1081 ut
2195 1032 2285 1099 qui
2318 1030 2595 1099 gloriatur,
2628 1032 2683 1084 in
2715 1031 2937 1085 Domino
2968 1032 3225 1102 glorietur
3253 1031 3318 1087 ¹³.

140 1131 238 1189 put
266 1121 386 1189 ejus
419 1138 484 1177 ex
516 1132 707 1178 nostro
753 1124 1137 1179 misericordiae
1187 1135 1243 1179 et
1298 1125 1515 1193 pietatis
1559 1139 1724 1194 opere
1897 1122 1986 1176 25.
2031 1124 2322 1176 Videamus
2361 1139 2490 1194 ergo
2540 1138 2680 1176 nunc
2717 1125 2844 1192 quid
2874 1125 3059 1178 etiam
3107 1125 3161 1179 in
3209 1139 3408 1180 conse-

137 1225 568 1282 congregautur.
609 1215 784 1285 Caput
808 1232 959 1281 vero,
1002 1216 1301 1286 principale
1333 1217 1518 1271 cordis
1541 1217 1726 1285 appel-
1827 1213 2114 1283 quentibus
2164 1213 2414 1283 adjuugat
2467 1215 2808 1281 Apostolus:
2849 1215 3032 1270 Omnis
3080 1217 3260 1269 anima
3311 1234 3406 1281 po-

138 1305 291 1360 latur
322 1324 336 1361 :
365 1317 420 1361 et
449 1307 641 1362 merito
666 1316 828 1374 caput
875 1307 1095 1372 dicitur,
1153 1310 1308 1379 cujus
1361 1309 1639 1364 intellectu
1673 1317 1726 1361 et
1827 1306 2103 1359 testatibus
2151 1307 2550 1359 sublimioribus
2591 1306 2865 1375 subjaceat
2907 1309 2952 1340 ¹⁵
2994 1308 3130 1379 (91).
3181 1309 3404 1362 Videtur

135 1397 428 1465 prudentia
461 1399 702 1451 membra
731 1407 992 1468 reguntur
1021 1399 1296 1453 universa.
1829 1399 1959 1452 mihi
1997 1399 2049 1452 in
2081 1399 2183 1452 hoc
2217 1397 2372 1451 valde
2409 1398 2753 1454 laudabiliter
2783 1400 3021 1453 animam
3068 1403 3400 1463 nominasse,

203 1489 299 1544 24.
328 1489 456 1544 Noli
478 1491 622 1544 uinci
651 1509 682 1544 a
715 1491 877 1554 malo,
913 1491 1004 1543 sed
1028 1494 1174 1545 vince
1205 1493 1260 1545 in
1285 1493 1418 1546 bono
1453 1491 1650 1544 malum
1678 1491 1720 1543 ⁸.
1825 1506 1984 1559 quam
2020 1490 2304 1560 subjacere
2343 1493 2704 1558 potestatibus
2734 1493 2911 1560 jubet.
2941 1491 3226 1560 Nunquam
3257 1493 3403 1546 enim

133 1581 389 1636 Vincitur
423 1598 451 1635 a
485 1583 649 1646 malo,
687 1583 777 1651 qui
819 1584 972 1638 malis
1011 1595 1335 1653 provocatus
1388 1585 1560 1638 reddit
1611 1601 1724 1637 Illa-
1826 1585 2075 1648 dixisset,
2109 1584 2286 1638 cumis
2332 1586 2554 1653 spiritus
2605 1586 2883 1652 subjaceat
2939 1585 3217 1652 potestati.
3274 1585 3396 1649 sed,

134 1673 268 1724 lum.
323 1671 381 1726 ln
436 1672 578 1726 bono
626 1683 802 1727 autem
857 1675 1022 1728 vineit
1079 1675 1280 1727 malum
1337 1677 1426 1743 qui
1483 1677 1722 1742 acceptis
1756 1734 1794 1743 ,λ
1825 1675 1995 1726 omnis
2025 1673 2224 1726 anima.
2253 1675 2326 1728 De
2351 1691 2456 1742 qua
2485 1675 2788 1728 dilTerentia
2814 1690 2957 1743 saepe
2984 1673 3098 1741 jam
3137 1675 3396 1738 diximus,

131 1763 293 1818 malis
327 1765 566 1832 restituit
597 1766 758 1822 bona.
812 1767 1035 1822 Certum
1091 1778 1173 1822 est
1213 1769 1354 1822 enitn
1413 1768 1552 1822 hanc
1595 1783 1715 1821 esse
1756 1734 1796 1787 Β
1825 1765 1968 1834 quod
2019 1765 2288 1818 interdum
2341 1781 2436 1833 per
2495 1766 2768 1828 animam,
2830 1767 3103 1820 interdum
3144 1781 3240 1834 per
3279 1782 3400 1820 car-

131 1857 260 1909 mali
313 1865 589 1919 naturam,
649 1868 708 1912 ut
754 1873 818 1912 ex
878 1860 1144 1914 similibus
1190 1861 1303 1914 suis
1351 1867 1611 1928 augeatur
1662 1867 1716 1912 et
1819 1870 1966 1919 nem,
2017 1856 2290 1909 interdum
2349 1872 2444 1922 per
2504 1857 2779 1924 spiritum,
2846 1857 3010 1913 homo
3062 1859 3396 1913 nominatur.

130 1958 381 2011 crescat;
417 1948 558 2002 sicut
590 1949 696 2018 igni
724 1949 770 2004 si
803 1950 977 2020 ignem
1007 1951 1239 2021 jnugas;
1279 1950 1412 2004 sicut
1454 1951 1497 2002 si
1539 1948 1714 2002 noctis
1819 1946 1923 2000 Sed
1962 1961 2085 2000 cum
2136 1962 2164 1999 a
2207 1956 2361 2015 parte
2410 1947 2628 2001 meliore
2681 1949 3043 2004 nominandus
3086 1961 3190 2014 est,
3243 1954 3397 2020 quasi

130 2039 372 2095 tenebris
409 2041 550 2096 aeris
573 2041 687 2112 (87)
724 2041 966 2096 nubilum
1019 2044 1278 2096 societur.
1335 2042 1540 2094 Bonum
1585 2055 1714 2094 vero
1815 2037 1906 2104 Qui
1976 2037 2239 2106 spiritalis
2304 2037 2538 2105 intelligi
2625 2036 2860 2101 debeat,
2953 2041 3181 2108 spiritus
3261 2043 3398 2097 dici-

128 2131 172 2185 si
200 2130 492 2194 adhibeas,
537 2136 931 2188 exterminatur
983 2133 1204 2186 malum.
1240 2132 1525 2186 Contraria
1564 2148 1713 2184 nam-
1817 2139 1904 2182 tur
1947 2147 1963 2183 :
2013 2130 2228 2196 quando
2270 2128 2338 2181 ab
2379 2127 2674 2191 inferiore,
2723 2132 2902 2184 anima
2957 2151 2970 2186 :
3022 2148 3146 2186 cum
3193 2149 3325 2188 vero
3364 2153 3397 2189 a

127 2237 233 2292 que
259 2225 553 2280 contrariis
591 2226 953 2294 perimuntur,
1018 2226 1156 2279 sicut
1190 2240 1283 2294 per
1332 2239 1526 2294 aquam
1575 2225 1711 2291 ignis
1812 2219 1976 2292 655
2008 2220 2278 2275 deteriore
2310 2222 2645 2285 nominatur,
2676 2237 2808 2276 caro
2837 2223 3036 2277 dicitur
3067 2243 3082 2279 :
3111 2236 3165 2290 et
3199 2225 3394 2279 horum

124 2317 512 2383 exstinguitur,
557 2326 611 2371 et
639 2331 733 2385 per
771 2317 940 2371 lucem
986 2319 1224 2370 tenebrae
1274 2316 1548 2386 fugantur.
1605 2315 1710 2370 Sed
1815 2314 2127 2368 testimonia
2152 2316 2219 2369 de
2242 2315 2539 2383 Scripturis
2562 2330 2704 2384 stupe
2728 2317 3245 2384 pretulintus.Nunc
3266 2333 3398 2388 ergo

126 2405 367 2461 fortasse
392 2407 540 2462 dicat
569 2407 766 2475 aliquis
815 2407 1035 2462 Paulum
1066 2423 1162 2475 per
1219 2407 1548 2473 imperitiam
1585 2421 1706 2460 ser-
1813 2406 2069 2474 quoniam
2105 2416 2376 2473 prtecepta
2395 2398 2746 2460 credentibus
2775 2407 3250 2476 ponitApostolus,
3279 2410 3396 2464 vult

122 2501 306 2555 monis
331 2515 361 2554 a
395 2502 670 2571 proposito
704 2504 998 2566 decidisse;
1044 2503 1326 2575 proposuit
1367 2502 1514 2557 enim
1563 2502 1705 2573 loqui
1813 2513 1912 2553 nos
1936 2499 2204 2566 quietem,
2237 2510 2496 2568 quantum
2546 2499 2599 2552 in
2643 2499 2799 2552 nobis
2825 2509 2926 2562 est,
2960 2502 3244 2568 praesentis
3273 2501 3395 2556 vita:

121 2588 192 2643 de
245 2589 407 2644 donis
453 2593 748 2660 gratiarum
804 2609 924 2662 qua:
979 2610 1076 2662 per
1130 2595 1391 2664 Spiritum
1457 2605 1707 2651 sanctum
1810 2605 2108 2660 pacemque
2145 2606 2381 2645 servare.
2419 2590 2485 2644 Et
2532 2591 2581 2644 si
2636 2593 2854 2660 quidem
2893 2591 3029 2646 tales
3078 2607 3268 2646 sumus
3296 2595 3391 2661 qui

119 2679 345 2734 dantur.
398 2681 465 2736 Et
509 2683 724 2752 quidem
759 2686 900 2752 quod
938 2686 1012 2739 ait
1048 2705 1061 2739 :
1108 2687 1230 2740 Sive
1260 2686 1560 2756 prophetia,
1599 2687 1706 2742 sive
1809 2683 2079 2752 conjuncti
2142 2684 2370 2738 Domino
2417 2699 2557 2737 unus
2591 2699 2714 2738 cum
2753 2699 2818 2737 eo
2864 2685 3088 2752 spiritus
3121 2685 3290 2740 simus
3322 2687 3390 2750 “',

118 2773 503 2839 ministerium,
533 2777 641 2828 sive
667 2777 932 2843 doctrina,
958 2779 1062 2832 sive
1083 2779 1380 2832 exhortatio
1406 2779 1448 2842 ',
1481 2788 1706 2848 possunt
1810 2775 2040 2830 Domino
2059 2775 2294 2830 dicimur
2319 2789 2440 2829 esse
2469 2775 2716 2844 subjecti.
2745 2777 2802 2830 Si
2835 2792 2962 2832 vero
2987 2778 3224 2832 nondum
3257 2777 3391 2832 tales

121 2866 240 2920 haec
285 2866 355 2920 ad
394 2866 530 2920 doua
575 2868 836 2937 spiritalia
878 2871 1170 2938 pertinere.
1205 2870 1474 2926 Fortassis
1515 2882 1569 2925 et
1601 2869 1705 2924 hoc
1807 2882 2012 2930 sumus,
2045 2869 2141 2922 sed
2172 2869 2478 2922 communis
2506 2869 2681 2922 adhuc
2702 2871 2882 2922 anima
2913 2871 3071 2926 estin
3092 2871 3246 2927 nobis
3267 2887 3390 2940 qua:

117 2960 267 3027 quod
293 2961 574 3028 sequitur:
609 2959 712 3026 Qui
739 2962 920 3014 tribuit
943 2963 998 3014 in
1022 2957 1377 3032 simplicitate,
1403 2964 1493 3031 qui
1519 2973 1702 3030 prteest
1806 2959 2007 3014 habeat
2039 2959 2242 3028 aliquid
2279 2959 2437 3028 hujus
2469 2961 2650 3013 mundi
2672 3001 2686 3023 ,
2717 2977 2838 3029 quae
2871 2964 2944 3016 sit
2971 2963 3018 3018 ei
3049 2963 3232 3034 aliquo
3263 2965 3384 3019 alli-

116 3053 172 3105 in
208 3051 588 3112 sollicitudine.
649 3054 739 3123 qui
782 3054 1060 3107 miseretur
1101 3055 1154 3108 in
1204 3054 1477 3108 hilaritate
1509 3053 1574 3117 ¹⁰,
1608 3069 1700 3107 su-
1729 3076 1772 3133 ρ
1807 3061 1928 3120 gata
1963 3051 2181 3119 negotio
2205 3050 2340 3120 (92),
2371 3050 2494 3104 huic
2523 3062 2786 3120 praecepta
2815 3054 3106 3124 Apostolus
3133 3055 3305 3124 ponit,
3332 3065 3388 3111 et

118 3145 642 3214 perioribus.possit
685 3147 940 3216 adiungi:
997 3165 1059 3202 ea
1103 3163 1229 3202 vero
1279 3163 1398 3217 qua:
1428 3157 1550 3218 post
1579 3148 1695 3203 base
1807 3141 1939 3196 dicit
1977 3152 2036 3195 ut
2067 3141 2306 3208 subjecta
2364 3143 2436 3196 sit
2487 3145 2844 3211 potestatibus
2900 3145 3126 3202 mundi:
3161 3151 3284 3218 quia
3330 3159 3386 3203 et

116 3248 426 3299 enumerat,
459 3251 519 3292 ut
547 3239 619 3292 sit
645 3241 878 3294 charitas
912 3243 1026 3295 sine
1052 3240 1422 3305 simulatione,
1456 3242 1692 3294 odientes
1806 3234 2065 3288 Dominus
2107 3235 2260 3314 dixit.
2291 3245 2350 3287 ιιι
2397 3235 2448 3289 hi
2484 3238 2572 3304 Qui
2623 3239 2825 3292 habent
2862 3239 2914 3292 in
2970 3255 3030 3294 se
3077 3242 3380 3310 superscri-

117 3329 320 3382 malum
341 3370 358 3394 ,
393 3330 717 3384 adhterentes
739 3334 870 3384 bono
893 3374 907 3396 ,
932 3334 1190 3387 charitate
1219 3335 1578 3402 fraternitatis
1616 3333 1700 3386 in-
1801 3326 2308 3395 ptionemCaesaris,
2335 3327 2557 3382 reddant
2575 3329 2772 3384 Caesari
2789 3347 2909 3398 quae
2931 3341 3052 3386 sunt
3071 3331 3380 3388 Caesaris“.

115 3423 281 3476 uicem
323 3423 598 3491 diligentes
620 3463 636 3486 ,
680 3425 876 3478 honore
900 3427 1116 3479 inuicem
1145 3428 1516 3491 prtevenientes
1545 3428 1614 3488 ἰ,
1639 3436 1693 3480 et
1802 3417 1993 3472 Petrus
2016 3426 2070 3470 et
2097 3415 2334 3470 Joannes
2378 3418 2508 3471 nihil
2542 3419 2814 3475 habebant
2859 3427 3001 3492 quod
3035 3423 3237 3479 (lassari
3263 3427 3384 3480 red-

115 3527 317 3568 caatera
347 3515 676 3582 hujuswodi,
712 3525 982 3585 praecepta
1016 3519 1195 3585 potius
1221 3517 1367 3571 dicat
1390 3534 1693 3586 essequam
1801 3511 2022 3574 derent;
2059 3510 2194 3562 dicit
2218 3509 2362 3563 enim
2391 3508 2589 3566 Petrus
2614 3533 2626 3566 :
2669 3515 2874 3569 Aurum
2901 3527 2947 3570 et
2973 3528 3246 3586 argentum
3276 3535 3381 3572 nou

115 3608 284 3663 dona.
329 3607 435 3662 Sed
465 3609 872 3664 consideremus
907 3611 1218 3681 diligentius
1267 3626 1333 3666 ne
1373 3611 1512 3666 forte
1557 3628 1694 3680 quo-
1798 3602 1960 3655 Ιοαθεο
1999 3603 2061 3654 ’⁷ο
2095 3601 2195 3667 Qui
2225 3602 2327 3657 hoc
2359 3621 2462 3659 ηοη
2495 3606 2677 3668 liabet.
2703 3623 2803 3662 nec
2829 3608 3025 3663 Cesari
3052 3611 3213 3664 habet
3231 3611 3382 3681 quod

115 3699 264 3751 niam
294 3699 512 3767 quidem
566 3701 618 3753 in
665 3701 749 3755 bis
793 3702 1048 3755 omnibus
1084 3701 1340 3755 muralem
1369 3701 1545 3754 locum
1580 3714 1694 3754 tra-
1800 3696 2014 3757 reddat,
2047 3710 2150 3749 nec
2183 3695 2324 3748 unde
2376 3697 2788 3755 sublimioribus
2818 3701 3093 3770 subjaceat
3133 3712 3378 3771 potesta-

111 3799 267 3858 ctare
292 3790 546 3853 instituit,
574 3801 630 3844 et
671 3807 776 3846 non
803 3792 980 3846 solum
1016 3795 1067 3845 in
1096 3793 1200 3846 lide
1240 3795 1490 3848 veritatis
1523 3794 1696 3847 slabi-
1798 3788 1962 3841 tibus.
2003 3787 2104 3854 Qui
2144 3807 2268 3846 vero
2307 3791 2469 3846 habet
2493 3801 2587 3844 aut
2621 3794 2928 3859 pecuniam,
2954 3804 3048 3849 aut
3077 3798 3381 3872 possessio-

113 3880 220 3934 lem
272 3891 329 3935 et
375 3883 728 3947 immobilem,
787 3901 970 3937 verum
1028 3895 1082 3938 et
1130 3887 1184 3938 in
1241 3886 1480 3940 moribus
1528 3903 1694 3940 orna-
1795 3895 1914 3944 nes,
1965 3894 2059 3935 aut
2099 3883 2298 3952 aliqvid
2343 3884 2395 3937 in
2447 3884 2650 3938 seaculi)
2707 3886 2899 3954 IIegOtii
2941 3885 3090 3955 (95).
3147 3887 3375 3942 audiat:

116 3981 230 4026 tum
275 3972 389 4044 (88)
427 3973 603 4027 facere
631 3975 1019 4034 Christianum,
1053 3975 1174 4030 ideo
1202 3978 1269 4028 ad
1307 3990 1531 4029 munera
1560 3991 1689 4045 gra-
1796 3971 1984 4025 Omnis
2015 3975 2196 4026 anima
2227 3973 2571 4041 potestatibus
2604 3975 2990 4030 sublimioribus
3010 3978 3279 4048 subiaceat
3310 3979 3375 4033 ¹⁸.

113 4065 321 4118 tiarunt
356 4067 520 4118 etiam
563 4067 783 4119 moralia
818 4079 1084 4135 praecepta
1130 4069 1422 4138 conjungat
1479 4069 1612 4139 (89),
1635 4080 1691 4124 ιιι
1861 4067 1950 4120 26.
1970 4065 2090 4119 Non
2109 4077 2182 4119 est
2205 4069 2554 4137 enim,iuquit
2574 4068 2950 4138 (95),potestas
2976 4073 3082 4124 nisi
3109 4088 3143 4125 a
3167 4070 3274 4126 Deo
3305 4073 3373 4126 ’9.

112 4157 370 4211 ostendat
407 4155 738 4213 Christianis
775 4158 940 4212 etiam
992 4161 1107 4215 bare
1169 4176 1265 4228 per
1313 4161 1405 4215 Dei
1457 4163 1688 4228 gratiam
1792 4157 1932 4212 Dicit
1984 4157 2214 4212 fortasse
2241 4158 2479 4226 aliquis:
2513 4160 2651 4225 Quid
2680 4161 2846 4228 ergo?
2873 4159 2940 4215 Et
2990 4161 3079 4216 illa
3123 4173 3368 4232 potestas

112 4251 254 4304 dari.
290 4250 432 4305 Sunt
462 4253 603 4304 enim
651 4264 706 4306 et
754 4254 996 4308 nonnulli
1045 4255 1322 4322 gentilium
1371 4258 1689 4324 compositis
1789 4271 1910 4324 qna:
1944 4270 2132 4309 servos
2161 4253 2252 4307 Dei
2306 4255 2677 4322 persequitur,
2713 4255 2870 4308 [idem
2900 4256 3201 4325 impugnat,
3241 4257 3373 4310 reli-

111 4344 360 4398 moribus
406 4353 460 4398 et
512 4345 736 4399 honeste
784 4346 1046 4400 institutis
1075 4343 1210 4415 (90),
1247 4347 1338 4416 qui
1372 4357 1551 4401 tamen
1586 4351 1688 4402 hoc
1789 4347 2001 4416 gionem
2031 4344 2318 4408 subvertit,
2364 4360 2392 4396 a
2437 4345 2546 4397 Deo
2583 4345 2700 4398 est?
2725 4347 2805 4398 Ad
2842 4346 2942 4416 hoc
2979 4347 3219 4401 breviter
3275 4363 3366 4401 re-

111 4437 288 4503 ipsum
327 4438 472 4504 quod
502 4438 722 4501 habent,
757 4455 863 4492 non
899 4443 966 4493 ad
996 4438 1162 4492 Deum
1193 4440 1456 4504 relerunt,
1486 4454 1585 4493 nec
1620 4442 1687 4495 ab
1722 4436 1765 4490 D
1793 4436 2199 4507 spondebimus.
2234 4433 2404 4490 Nemo
2446 4446 2530 4490 est
2571 4438 2665 4503 qui
2717 4435 2926 4492 nesciat
2955 4441 3098 4508 quod
3142 4448 3197 4493 et
3225 4439 3376 4494 visus

178 4577 200 4608 ⁸
231 4575 391 4630 Rom.
425 4593 521 4640 XII,
570 4576 658 4631 21.
734 4578 754 4608 ⁹
784 4577 916 4631 ibid.
964 4577 1018 4640 6,
1065 4576 1118 4629 8.
1231 4577 1273 4606 '°
1321 4577 1451 4632 ibid.
1503 4578 1555 4630 8.

1911 4577 1943 4628 9
2002 4583 2056 4627 et
2101 4573 2187 4626 10.
2291 4571 2332 4601 ¹²
2369 4569 2556 4626 Jacob.
2594 4587 2632 4634 ι,
2684 4573 2772 4624 l7.
2883 4571 2972 4625 ¹³Ι
3034 4571 3160 4627 Cor.
3194 4585 3238 4637 ι,
3280 4575 3371 4634 31.

114 4647 156 4677 ιδ
179 4646 344 4701 Rom.
378 4665 498 4713 xm,
529 4649 577 4701 1.
658 4648 741 4700 ⁸³⁵1
776 4647 898 4701 Cor.
930 4663 1005 4710 ιι,
1039 4647 1117 4700 17.
1201 4647 1244 4678 ¹⁶
1270 4647 1458 4700 Mattb.
1497 4664 1585 4701 XXI

1595 4665 1631 4709 I,
1660 4649 1753 4702 21.
1833 4647 1873 4676 ¹⁷
1907 4649 2028 4699 Act.
2064 4660 2146 4708 ιιι,
2180 4643 2233 4696 6.
2316 4641 2358 4671 ³⁸
2385 4643 2538 4696 Rom.
2588 4657 2706 4706 xm,
2740 4644 2788 4695 1.
2869 4642 2910 4672 ¹⁹
2945 4643 3071 4696 ibid.

181 4769 296 4836 (85)
326 4767 485 4830 Eiliti,
521 4779 576 4821 ut
605 4783 801 4829 amens,
836 4765 1008 4836 ferus,
1037 4779 1084 4814 et
1123 4765 1380 4836 barbarus
1411 4765 1675 4836 inimicus.
1792 4762 2209 4836 nesteinstituti.

181 4830 299 4910 (86)
329 4837 419 4891 Sic
443 4839 644 4910 rectius
687 4852 787 4888 Ius.
824 4835 1025 4910 Regius
1070 4851 1229 4910 nuut._
1282 4835 1433 4889 1659.
1485 4834 1677 4910 (Lateri
1866 4831 1991 4910 (91).
2033 4832 2197 4910 Edi_l_i,
2246 4830 2515 4910 videamus
2569 4845 2692 4910 θερί»
2740 4846 2876 4910 nunc
2911 4831 3036 4909 quid
3095 4831 3149 4883 in
3195 4848 3373 4910 conse-

112 4898 244 4964 νει-ο
279 4898 407 4963 inss.
444 4917 499 4960 et
525 4909 678 4970 editi,
708 4922 801 4973 pro
837 4898 1116 4960 commisso
1160 4903 1279 4974 (al.,
1309 4921 1402 4972 pro
1431 4908 1684 4958 commis-
1789 4898 2067 4974 quentibus
2099 4903 2252 4974 dicat
2276 4898 2794 4974 Apos_tolus._Omnis
2827 4901 3102 4974 animm...
3155 4902 3372 4974 subdita

110 4979 205 5048 sis)
235 4968 718 5048 conscientite,etc.'
858 5046 865 5048 >
907 5044 919 5048 _
1005 5046 1014 5048 _
1095 5045 1116 5048 Η
1169 4968 1202 5048 ’Δ
1242 5045 1251 5048 _
1309 4968 1317 4972 ⁷
1463 5044 1472 5048 _
1792 4975 1878 5026 sit.
1921 4969 2138 5024 Videtur
2161 4969 2287 5022 mihi
2318 4972 2372 5048 in
2400 4968 2495 5022 hoc
2512 4969 2670 5048 gulae
2711 4968 3076 5048 laudabiliter,
3112 4980 3217 5024 etc.
3259 4973 3368 5048 sed

183 5038 300 5118 (87)
327 5047 496 5109 Alias,
529 5050 661 5101 sicut
691 5048 826 5118 ignis
849 5044 969 5114 (aL,
998 5045 1128 5113 igni)
1159 5045 1203 5098 si
1236 5045 1405 5113 ignem
1444 5044 1642 5113 jungas
1667 5057 1686 5095 :
1792 5057 1983 5118 oum_es_
2027 5057 2154 5118 mss.
2203 5042 2372 5118 nostri
2417 5048 2472 5093 et
2510 5038 2868 5118 Rabanus-ut
2916 5041 2969 5092 iu
3023 5049 3208 5118 textu,
3257 5042 3368 5118 ‘nisi

110 5109 245 5176 sicut
280 5109 446 5172 noctis
471 5124 696 5172 tenebrat
714 5109 767 5170 si
792 5109 962 5178 aeris,
985 5109 1119 5169 eicﬁ
1257 5109 1274 5113 ⁷
1445 5109 1456 5112 ⁷
1551 5109 1565 5113 ⁷
1791 5112 1932 5181 quod
1971 5111 2224 5174 habeant,
2268 5109 2484 5162 Videtur
2513 5109 2642 5161 mihi
2678 5111 2736 5181 in
2771 5109 2867 5162 hoc
2914 5126 3028 5181 non
3057 5109 3204 5163 valde
3249 5110 3367 5163 lau-

184 5191 301 5256 (88)
334 5189 461 5243 Mss.
497 5189 740 5256 plerique
790 5195 845 5239 et
883 5187 1037 5247 editi,
1093 5186 1381 5256 slabilemt
1409 5192 1682 5256 vergumget
1792 5179 2057 5256 dabiliteri
2078 5189 2226 5256 ξιιμ
2259 5181 2486 5256 sedhvogt
2512 5195 2614 5232 non
2647 5179 2948 5256 redundare
2981 5179 3220 5256 videtur.

111 5247 452 5320 immobilem,
497 5247 564 5312 'in
609 5247 844 5311 m'ort'bus
886 5268 1152 5336 ornatum,
1185 5265 1287 5309 etc.
1339 5254 1438 5335 ills.
1480 5253 1685 5322 Regius
1865 5251 1982 5374 (92')
2015 5249 2179 5332 Editi,
2203 5254 2256 5304 in
2295 5248 2562 5318 aliquibus
2595 5247 2827 5331 alligata
2870 5251 3110 5329 negotiis.
3144 5247 3365 5331 Rectius

112 5347 263 5374 num-
319 5329 472 5374 1639-
515 5329 780 5374 stabilem-
830 5342 1008 5374 verum
1045 5336 1092 5374 et
1135 5343 1191 5374 ιιι
1239 5326 1476 5374 omnibus
1521 5341 1682 5374 orna-
1792 5338 1896 5374 ms.
1985 5335 2138 5374 cuius
2187 5336 2335 5373 num.
2370 5317 2530 5374 1659.
2560 5335 2607 5371 et
2655 5317 2835 5374 aliqua
2866 5319 3089 5374 alltaata
3135 5331 3364 5374 neaotto.

112 5347 263 5384 num.
319 5317 474 5394 1659,
515 5329 780 5391 stabilem,
830 5342 1008 5380 verum
1045 5336 1092 5377 et
1135 5317 1191 5378 in
1239 5326 1476 5378 omnibus
1521 5317 1682 5377 ana-
1792 5317 1896 5394 ms.
1938 5317 2138 5394 Regius
2187 5317 2530 5394 ntt_nt.1659,
2555 5320 2608 5394 ei
2655 5317 2835 5394 aliqua
2866 5319 3089 5394 alligata
3135 5324 3364 5394 negotio.

111 5410 248 5461 tum,
277 5416 406 5462 εις..
435 5388 638 5452 omisso
667 5388 1005 5451 immobilem.
1039 5395 1293 5449 Rabanus
1317 5436 1331 5456 ,
1363 5393 1604 5448 stabilem
1631 5401 1681 5446 et
1790 5392 1984 5448 Caneri
2019 5388 2150 5462 ipss.
2173 5399 2227 5443 et
2254 5390 2528 5462 Rabanus,
2549 5388 2604 5462 in
2633 5389 3056 5462 aliquo‘alligata
3085 5390 3324 5462 negotiis.

112 5458 432 5524 immobilem
456 5511 472 5530 ,
516 5470 750 5522 moribus
773 5476 1042 5526 ornatum,
1069 5475 1195 5520 ete..
1236 5468 1438 5519 omisso
1480 5479 1678 5518 verum.
1863 5462 1974 5533 (95)
2007 5458 2248 5533 Negotii.
2278 5459 2560 5533 Omittitur
2594 5461 2647 5512 in
2704 5458 2878 5533 editis
2906 5469 2960 5512 et
3005 5460 3057 5512 in
3090 5458 3366 5533 plerisque

114 5539 220 5594 Sed
261 5528 541 5608 legendum
580 5541 794 5592 videtur
832 5546 891 5591 ut
919 5541 972 5592 in
1008 5547 1193 5591 nostro
1217 5545 1383 5592 textu.
1791 5528 2430 5608 I_ns'_s.,sed"restituitur
2476 5543 2545 5584 ex
2597 5544 2701 5583 ms.
2735 5528 2917 5599 Regio
2951 5545 3102 5584 nllm.
3141 5528 3278 5584 1659
3307 5542 3364 5586 et

183 5602 806 5682 (89)Ἐι¹ίιίοςοη1αη9ίιτ
899 5678 909 5682 _
1004 5678 1013 5682 -
1185 5676 1196 5682 -
1792 5602 2110 5682 “993.9%:
2227 5671 2238 5682 .
2355 5671 2385 5682 ._
2445 5667 2492 5682 ..
2695 5670 2708 5682 .
2810 5669 2823 5682 .
2970 5669 3026 5682 ,.

186 5667 302 5749 (90)
329 5667 489 5742 Editi,
523 5667 751 5733 honestis
784 5678 1077 5749 institutis;
1105 5676 1197 5749 sed
1229 5689 1416 5749 outnes
1459 5689 1604 5749 mss._
1627 5682 1682 5728 et
1863 5669 1973 5744 (94)
2007 5669 2187 5736 Enim,
2219 5671 2409 5742 inquit.
2445 5667 2574 5726 Haec
2599 5670 2763 5727 verba
2792 5669 2987 5725 desunt
3013 5669 3069 5724 in
3106 5668 3291 5726 editis.

115 5745 376 5808 [tabanus
425 5762 483 5802 ut
524 5752 573 5803 in
606 5761 775 5804 textu.
831 5748 1088 5806 Fortasse
1134 5745 1440 5815 legendum,
1484 5755 1532 5799 et
1585 5746 1686 5800 ho-

354 5847 626 5907 ΡΑτιιοι..
667 5847 712 5906 G
727 5864 783 5906 n.
833 5841 1008 5907 XIV.

2983 5834 3062 5897 39
