3744 6146
345 238 477 290 1227

1841 228 2163 285 ORIGENIS

3387 301 3398 315 ι
3478 230 3611 285 19.28

344 356 499 408 nobis
521 370 547 406 a
585 351 694 408 Deo
713 352 940 406 donatus
971 360 1072 415 est,
1100 359 1153 404 et
1182 349 1422 412 auditus,
1456 356 1509 402 et
1536 362 1748 403 sensus.
1786 347 1919 402 Cum
1949 351 1998 407 Α
2026 361 2114 398 vos
2149 345 2211 398 ab
2263 344 2342 398 his
2383 360 2502 414 qua:
2556 342 2714 397 idolis
2767 343 3142 404 immolantur.
3177 354 3224 399 et
3261 347 3536 416 sanguine,
3567 358 3612 401 et

343 465 477 519 ergo
510 464 538 502 a
573 447 681 502 Deo
709 446 1008 500 habeamus
1040 447 1174 508 tunc,
1211 443 1262 498 in
1295 453 1565 513 potestate
1613 453 1794 497 tamen
1828 457 1928 496 no.

345 551 458 594 stra
494 549 575 594 est
615 547 673 592 ut
706 541 821 592 visu
857 537 938 590 vel
982 540 1047 590 ad
1099 535 1239 588 bona
1274 536 1359 589 vei
1395 539 1460 588 ad
1498 534 1649 588 -ma|a
1679 542 1924 597 utamur;

345 633 596 686 similiter
629 630 742 702 (95)
775 640 830 684 et
861 631 1075 693 auditu,
1107 641 1162 683 et
1191 636 1336 684 motu
1369 643 1648 690 manuutn,
1682 636 1736 680 et
1771 627 1928 694 cogi-

348 724 554 778 tatione
582 738 774 777 sensus
804 742 816 775 :
850 732 906 777 et
958 723 1011 776 in
1050 723 1151 776 hoc
1192 731 1273 775 est
1301 721 1505 789 justum
1535 718 1801 787 judicium
1836 718 1928 772 Dei

347 818 487 888 quod
521 817 604 872 his
635 832 754 886 qua:
803 817 893 871 ille
923 817 988 871 ad
1037 831 1171 871 usus
1211 815 1381 870 bonos
1416 813 1583 878 dedit,
1623 827 1721 867 nos
1750 812 1929 865 abuti-

347 927 471 966 mur
502 910 612 982 (96)
641 911 707 964 ad
739 910 903 979 impia
935 921 991 964 ct
1031 909 1212 978 iniqua
1248 908 1570 962 ministeria.
1605 906 1680 961 Ita
1723 921 1853 975 ergo
1875 914 1932 960 et

348 1013 589 1072 potestas
622 1004 799 1057 onmis
826 1019 854 1056 a
892 1003 999 1057 Deo
1027 1004 1151 1054 data
1185 1011 1266 1055 est
1306 1000 1377 1053 ad
1401 1000 1692 1052 vindictam
1719 999 1931 1065 quidem

347 1097 633 1160 malorum,
661 1097 874 1149 laudent
905 1111 1022 1150 vero
1059 1095 1314 1147 bonorum
1337 1093 1406 1155 ’°,
1440 1094 1582 1147 sicut
1617 1093 1760 1146 idem
1790 1095 1932 1159 Apo-

350 1193 520 1246 stolus
548 1193 599 1246 in
625 1191 1080 1258 subsequentibus
1104 1189 1236 1242 dicit
1263 1187 1330 1238 “.
1360 1186 1478 1240 Erit
1517 1194 1694 1240 autem
1727 1186 1930 1254 justum

346 1288 610 1356 judicium
643 1284 734 1339 Dei
766 1298 898 1354 erga
927 1297 1023 1337 eos
1047 1281 1136 1349 qui
1172 1289 1456 1348 acceptam
1487 1288 1812 1347 potestatem
1841 1292 1928 1332 se-

349 1376 582 1431 cundum
617 1389 742 1429 suas
777 1374 1104 1443 impietates,
1140 1381 1194 1428 et
1230 1386 1334 1426 non
1389 1370 1686 1425 secundum
1721 1368 1931 1422 divinas

351 1471 662 1527 temperant
691 1459 868 1530 leges.

405 1555 506 1608 ‘27.
542 1554 609 1609 Et
638 1555 760 1609 ideo
786 1553 916 1606 dicit
944 1575 954 1608 :
982 1551 1171 1622 Itaque
1191 1553 1282 1620 qui
1317 1551 1511 1605 resistit
1539 1549 1808 1618 potestati,
1833 1548 1930 1602 Dei

350 1647 673 1703 ordinationi
723 1647 952 1710 resistit;
999 1647 1090 1713 qui
1134 1656 1308 1698 autem
1355 1645 1631 1706 resistunt,
1681 1645 1782 1710 ipsi
1833 1644 1931 1696 sibi

2031 438 2329 506 suffocatis,
2351 447 2396 490 et
2427 436 2796 505 fornicatione,
2833 455 2863 491 a
2895 439 3084 507 quibus
3121 439 3468 492 custodientes
3499 457 3613 494 vos-

2033 531 2282 594 metipsos
2336 531 2459 582 bene
2515 529 2699 597 agetis.
2743 529 2920 584 Valete
2942 531 3011 584 ’7.
3045 530 3098 584 In
3134 531 3216 585 his
3247 547 3378 602 ergo
3416 548 3616 602 praece-

2032 624 2148 694 ptis
2177 627 2228 675 in
2265 622 2464 690 quibus
2491 621 2622 676 dicit
2651 621 2786 675 nihil
2815 621 3045 692 amplius
3075 624 3463 691 imponendum
3495 639 3615 680 esse

2033 717 2215 769 oneris
2254 717 2338 770 his
2391 714 2485 783 qui
2535 731 2601 769 ex
2637 717 2889 785 gentibus
2931 717 3184 780 credunt,
3217 717 3318 770 nisi
3367 727 3426 770 ut
3451 718 3614 770 absti-

2035 820 2200 862 neant
2228 824 2286 864 se
2325 811 2389 865 ab
2422 812 2508 866 his
2525 827 2645 879 qua:
2677 809 2832 865 idolis
2854 809 3226 872 immolantur,
3251 820 3306 864 et
3333 810 3614 878 sanguine,

2033 909 2087 953 et
2114 899 2410 966 suffocatis,
2427 913 2480 957 et
2503 903 2891 967 fornicatione,
2915 917 3092 970 neque
3119 901 3476 956 homicidium
3498 918 3615 971 pro-

2039 994 2273 1056 hibetur,
2335 1011 2506 1064 neque
2560 995 2912 1061 adulterium,
2951 1009 3125 1064 neque
3173 993 3403 1054 furtum,
3435 1009 3610 1063 neque

2036 1081 2407 1135 masculorum
2438 1084 2781 1146 concubitus,
2821 1099 2994 1152 neque
3019 1094 3212 1138 czetera
3242 1085 3476 1138 crimina
3503 1100 3615 1152 quae

2034 1173 2232 1227 divinis
2270 1184 2324 1227 et
2351 1175 2610 1236 htunauis
2644 1177 2852 1247 legibus
2893 1177 3210 1244 puniuntur.
3247 1175 3406 1243 Quod
3448 1176 3492 1230 si
3531 1177 3618 1230 illa

2035 1265 2148 1320 sola
2175 1280 2297 1334 qua:
2320 1283 2480 1336 supra
2509 1270 2825 1323 memoravit
2849 1268 2948 1339 (l).
2972 1267 3309 1322 observanda
3337 1268 3474 1322 dicit
3502 1283 3619 1322 esse

2033 1355 2382 1424 Christianis,
2417 1359 2688 1413 videbitur
2724 1360 2806 1413 eis
2846 1361 2911 1413 de
2953 1360 3163 1413 cmteris
3205 1360 3421 1413 dedisse
3455 1358 3618 1412 licen-

2035 1450 2183 1504 tiam.
2225 1449 2330 1503 Sed
2363 1449 2484 1503 vide
2521 1451 2924 1504 ordinationem
2959 1448 3194 1520 Spiritus
3228 1449 3401 1502 sancti
3441 1467 3453 1501 :
3489 1465 3618 1514 quo~

2034 1541 2181 1594 niam
2213 1542 2431 1611 quidem
2477 1553 2672 1597 caetera
2709 1543 2939 1597 crimina
2974 1542 3156 1597 smculi
3191 1541 3399 1612 legibus
3449 1543 3616 1596 vituli-

2035 1645 2325 1699 cantur,et
2367 1619 2698 1706 superﬂuum
2737 1638 3023 1690 videbatur
3038 1650 3157 1690 esse
3185 1651 3246 1690 ea
3276 1653 3419 1691 nunc
3441 1637 3617 1691 divina

345 1740 742 1793 damnationem
781 1737 1064 1808 acquirunt
1093 1738 1135 1767 ²¹
1163 1735 1297 1806 (97).
1332 1734 1446 1788 Non
1479 1735 1566 1789 hic
1597 1736 1663 1788 de
1694 1734 1798 1788 illis
1835 1749 1928 1803 po-
1966 1718 2008 1772 Β
2040 1725 2156 1798 lege
2207 1727 2509 1795 prohiberi,
2557 1743 2676 1797 quae
2709 1726 3041 1783 suliicieuter
3075 1729 3307 1781 humana
3359 1729 3478 1799 lege
3512 1730 3617 1798 ple-

354 1830 641 1884 testatibus
662 1828 796 1882 dicit
817 1843 937 1896 quae
961 1827 1371 1897 persecutiones
1402 1811 1644 1880 inferunt
1668 1825 1790 1879 lidei
1813 1843 1826 1890 ;
1858 1825 1928 1879 ibi

347 1922 496 1974 enim
522 1921 814 1974 dicendum
845 1933 928 1972 ρει
959 1937 970 1972 :
1014 1918 1122 1970 Deo
1153 1927 1352 1984 oportet
1383 1917 1741 1984 obtemperare
1762 1917 1929 1985 magis

349 2030 509 2079 quam
564 2013 861 2066 hominibus
887 2011 968 2076 ’³,
997 2010 1089 2064 sed
1124 2010 1190 2063 de
1231 2010 1350 2064 istis
1394 2009 1775 2065 communibus
1801 2009 1931 2062 dicit

347 2122 473 2176 qua:
504 2123 608 2160 non
635 2116 756 2162 sunt
785 2106 962 2159 timori
993 2105 1115 2158 boni
1137 2105 1332 2172 operis.
1355 2106 1446 2158 sed
1476 2106 1600 2157 mali
1619 2104 1665 2136 "‘
1691 2120 1706 2158 ζ
1733 2104 1932 2173 quibus

355 2199 541 2266 utique
568 2199 661 2267 qui
706 2197 927 2262 resistit,
955 2197 1070 2266 ipse
1119 2196 1218 2249 sibi
1267 2197 1670 2250 damnationem
1709 2211 1805 2266 pro
1839 2211 1932 2266 ge-

353 2297 558 2344 storum
595 2302 814 2343 suorum
839 2286 1104 2357 qualitate
1142 2287 1439 2356 conquirit.

421 2382 510 2438 9.8.
543 2382 630 2436 Vis
656 2392 852 2445 autem,
885 2381 1084 2450 inquit,
1115 2397 1216 2434 non
1248 2385 1430 2436 timere
1455 2385 1804 2448 potestatem?
1846 2385 1932 2454 fac

343 2473 490 2540 quod
531 2471 724 2526 bonum
757 2480 854 2537 est,
879 2481 926 2524 et
955 2471 1166 2524 habebis
1195 2471 1402 2525 laudem
1432 2489 1496 2526 ea:
1521 2473 1651 2535 illa;
1680 2473 1773 2527 Dei
1793 2477 1932 2528 enim

352 2566 593 2620 minister
620 2575 695 2619 est
721 2564 814 2618 tibi
840 2565 894 2618 in
920 2564 1134 2618 bonum.
1158 2563 1219 2619 Si
1253 2575 1428 2619 autem
1459 2567 1600 2634 quod
1635 2567 1832 2621 malum
1853 2579 1933 2624 est

354 2659 560 2728 feceris,
588 2659 748 2712 time:
773 2675 875 2724 non
912 2660 1049 2712 enim
1079 2662 1189 2713 sine
1221 2672 1387 2712 causa
1429 2659 1667 2728 gladium
1713 2672 1932 2729 portat:

353 2747 452 2803 Dei
475 2749 617 2804 enim
640 2749 882 2803 minister
907 2759 986 2802 est
1013 2765 1028 2802 :
1056 2749 1244 2803 vindex
1279 2751 1332 2803 in
1354 2752 1435 2802 ira
1457 2751 1503 2803 ei
1526 2752 1616 2820 qui
1648 2753 1790 2822 quod
1813 2769 1931 2806 ma-

351 2844 464 2896 lum
488 2852 562 2896 est
591 2843 696 2912 agit
719 2843 785 2895 ".
819 2841 997 2898 Movet
1034 2858 1118 2898 me
1149 2843 1200 2896 in
1227 2844 1312 2898 his
1335 2845 1681 2899 sermonibus
1710 2845 1931 2913 Paulus,

353 2935 502 3005 quod
543 2943 865 3006 potestatem
896 2936 1077 2989 szeculi
1105 2944 1160 2989 et
1189 2935 1430 3003 judicem
1470 2936 1658 2990 mttndi
1704 2937 1794 2991 Dei
1834 2939 1933 2992 tui-

356 3030 586 3082 nistrum
636 3027 800 3092 dicit;
838 3037 892 3081 et
926 3027 1028 3081 hoc
1071 3042 1176 3080 non
1220 3026 1423 3090 semel,
1461 3027 1555 3081 sed
1607 3029 1845 3082 secundo
1880 3038 1934 3084 et
1961 3067 2006 3128 ο

357 3120 516 3173 tertio
551 3118 767 3186 repetit.
794 3117 966 3172 Velim
1006 3133 1135 3187 ergo
1162 3119 1439 3186 requirere
1473 3120 1930 3189 quomodojudex

356 3209 540 3263 mundi
573 3208 662 3263 Dei
697 3207 942 3262 minister
967 3207 1058 3260 sit.
1093 3206 1403 3261 Invenimus
1438 3207 1698 3275 scriptum
1749 3208 1798 3262 in
1828 3207 1933 3263 Ac-

355 3300 500 3355 tibus
527 3299 915 3370 apostolorum,
944 3300 1070 3367 quia
1097 3299 1485 3354 convenientes
1529 3300 1580 3352 in
1607 3315 1772 3353 unum
1801 3315 1931 3368 apo-

353 3393 478 3452 stoli
509 3402 816 3446 statuerunt
860 3393 1078 3450 decreta
1113 3407 1232 3460 qum
1264 3395 1560 3445 observare
1611 3390 1931 3448 deberemus

357 3503 456 3542 nos
507 3485 597 3554 qtti
639 3500 707 3540 ex
765 3484 1016 3554 gentibus
1053 3483 1381 3536 credidimus
1419 3482 1644 3538 Christo
1701 3482 1838 3555 (98),
1877 3483 1929 3537 in

354 3579 553 3649 quibus
586 3579 702 3633 haec
730 3576 1115 3632 continentur:
1149 3574 1385 3643 Apostoli
1422 3587 1470 3629 et
1495 3576 1782 3646 presbyteri
1811 3577 1932 3645 {ra-

354 3672 520 3727 tribus
547 3673 634 3742 qui
661 3682 783 3725 sunt
817 3669 958 3738 apud
988 3669 1346 3731 Antiochiam,
1371 3677 1417 3722 et
1459 3667 1700 3738 Syriam,
1723 3679 1772 3722 et
1801 3667 1934 3723 Cili-

354 3765 517 3830 ciam,
543 3763 784 3818 omnibus
815 3764 905 3832 qui
926 3779 990 3818 ea:
1016 3761 1253 3830 gentibus
1292 3761 1648 3825 crediderunt,
1683 3765 1928 3817 salutem.

357 3856 623 3922 Quoniam
643 3855 854 3926 quidem
885 3855 1179 3908 audivimus
1219 3853 1476 3923 quosdam
1517 3853 1684 3907 exisse
1718 3871 1751 3906 a
1783 3854 1932 3909 nobis

352 3959 402 4003 et
451 3947 756 4017 perturbare
807 3963 922 4012 vos,
961 3947 1149 4015 quibus
1193 3962 1297 3998 non
1348 3945 1722 4000 mandavimus
1745 3948 1810 4000 ’⁸.
1871 3947 1933 4002 Et

356 4049 476 4109 post
515 4039 793 4108 aliquanta
843 4039 1059 4093 additur
1104 4055 1118 4090 :
1177 4035 1386 4090 Placuit
1425 4052 1548 4104 ergo
1584 4037 1698 4108 (99)
1749 4049 1931 4094 sancto

358 4127 589 4198 Spiritui
612 4140 659 4182 et
688 4128 858 4193 nobis,
892 4127 1024 4180 nihil
1052 4125 1278 4192 amplius
1322 4129 1600 4196 superponi
1623 4130 1766 4182 vobis
1791 4147 1929 4198 pon-

357 4221 520 4287 deris,
543 4228 734 4288 prazter
770 4237 833 4274 ea
865 4236 982 4289 qua:
1012 4221 1307 4273 necessaria
1339 4230 1481 4282 sunt,
1514 4229 1570 4272 ut
1613 4221 1926 4279 abstineatis

423 4335 469 4366 ⁸⁸
499 4333 517 4386 1
545 4333 691 4390 Petr.
727 4349 786 4395 ιι,
845 4333 932 4386 14.
1021 4334 1062 4364 ἰ
1092 4331 1250 4385 Rom.
1299 4347 1417 4399 χιιι,
1449 4333 1505 4391 5.
1535 4333 1588 4386 4.

356 4409 404 4442 ’⁸
434 4407 551 4460 Act.
581 4403 766 4469 “33,
795 4405 890 4460 ‘24.
966 4404 1007 4434 ³⁷
1043 4405 1174 4458 ibid.
1200 4403 1290 4466 ‘28,
1313 4403 1404 4458 99.

355 4582 412 4625 et
441 4566 732 4626 'Rabanus,
769 4583 887 4619 cum
933 4583 1054 4635 ergo
1080 4569 1190 4619 hwc
1215 4584 1246 4618 α
1290 4566 1395 4637 Deo
1426 4569 1530 4619 sint
1555 4608 1568 4630 ,
1593 4568 1645 4621 in
1684 4579 1936 4637 potestate

358 4654 534 4694 tamen
566 4648 749 4690 nostra
773 4649 847 4690 est
885 4640 962 4689 uti
987 4643 1098 4690 visu
1147 4640 1223 4689 vel
1264 4635 1332 4688 ad
1359 4638 1518 4701 bona,
1542 4637 1618 4690 vel
1653 4635 1721 4692 ad
1749 4641 1888 4693 mala
1915 4659 1932 4706 ;

359 4711 624 4772 similiter,
664 4717 769 4761 etc.
804 4707 967 4770 Edtti,
1000 4706 1134 4761 Cum
1164 4709 1275 4759 ha'c
1317 4723 1439 4775 ergo
1480 4726 1510 4760 α
1539 4709 1650 4762 Deo
1683 4711 1736 4763 in
1783 4723 1934 4778 pote-

361 4789 500 4834 state
531 4788 712 4831 nostra
745 4777 887 4840 sint;
921 4787 1093 4831 tamen
1124 4782 1201 4830 uti
1235 4781 1345 4831 visu
1376 4779 1451 4830 vel
1495 4781 1562 4830 ad
1589 4780 1723 4833 bona
1753 4777 1827 4834 vel
1864 4783 1934 4834 ad

354 4853 504 4905 mala
527 4862 827 4917 possumus.

431 4920 542 4989 (9(3)
571 4917 738 4981 Editi,
769 4919 858 4989 his
881 4935 1010 4987 quos
1046 4919 1114 4971 ad
1159 4935 1284 4971 usus
1313 4918 1402 4971 ille
1434 4920 1592 4972 bonos
1621 4919 1795 4988 dedit,
1840 4939 1932 4977 nos

359 4986 650 5049 abutimur,
669 4999 784 5042 etc.
812 4986 941 5042 Mss.
967 4989 1186 5056 quidam
1221 4989 1420 5042 habent
1449 4990 1749 5043 abutamur.

430 5060 545 5130 (97)
582 5057 919 5130 Qui__-autem
968 5061 1235 5118 resistunt,
1263 5059 1363 5127 ipsi
1395 5059 1493 5112 sibi
1537 5062 1929 5116 damnationem

358 5127 657 5202 acquirunt.
685 5127 809 5183 Nam
841 5143 1014 5202 neque
1047 5131 1098 5182 in
1132 5146 1262 5182 mss.
1289 5131 1624 5202 neqtte_apttd
1649 5130 1926 5186 Rabanutn

363 5198 743 5270 reperiuntur;
775 5201 869 5253 sed
902 5211 1117 5270 ess-tant
1153 5203 1202 5252 in
1235 5201 1412 5270 editis.
1454 5198 1656 5255 Deinde
1685 5218 1786 5256 ms.
1817 5203 1924 5256 Re-

359 5267 671 5344 gius_tiu_tu,
697 5270 862 5344 1659,
897 5267 1142 5344 Non.th
1169 5275 1232 5344 de
1258 5269 1383 5344 illis_,
1417 5281 1521 5344 etc.

432 5342 544 5412 (98)
573 5341 739 5406 Editi,
773 5341 1032 5394 credimus
1073 5340 1300 5393 Christo.
1329 5339 1547 5412 (Deinde
1591 5341 1752 5412 iidem
1791 5343 1924 5397 editi

361 5423 416 5467 et
443 5410 586 5468 imss.
638 5413 1023 5482 quidamtqui
1060 5423 1180 5464 sunt
1214 5410 1525 5482 Antiocbite,
1567 5423 1615 5464 et
1663 5411 1853 5482 Syrias,
1883 5424 1932 5466 et

361 5483 586 5538 Cilicite.
622 5483 727 5536 Sed
763 5497 866 5536 ms.
905 5481 1106 5552 Regius
1137 5498 1289 5552 tuttn.
1334 5481 1470 5536 1659
1499 5491 1551 5534 et
1587 5481 1844 5538 Rabanus
1877 5495 1930 5537 ut

364 5555 420 5606 in
450 5564 635 5608 nostro
673 5562 842 5617 textu,
884 5550 1162 5621 nisi'quod
1197 5550 1451 5606 Rabauus
1489 5553 1686 5608 habeat
1712 5571 1804 5623 per
1837 5570 1936 5625 pro

361 5626 525 5691 apud.
1706 5677 1711 5682 .

437 5692 548 5758 (99)
608 5691 772 5762 Editi,
803 5703 995 5750 autem.
1027 5691 1134 5750 Sed
1164 5707 1350 5750 omnes
1383 5707 1514 5749 mss.
1560 5703 1614 5751 et
1653 5693 1937 5764 Rabanus,

359 5776 504 5822 ergo.

1682 4338 1728 4373 "
1775 4337 1902 4392 ibid.
1927 4340 1981 4394 2.

2033 1829 2291 1882 ctuntur;
2317 1818 2482 1891 656
2509 1819 2596 1873 illa
2630 1820 2742 1874 sola
2772 1821 2837 1872 de
2867 1820 3066 1890 quibus
3093 1819 3228 1874 nihil
3261 1821 3503 1874 lmmana
3535 1823 3613 1875 lex

2033 1915 2244 1969 dixerat
2275 1924 2328 1969 et
2357 1931 2479 1984 quae
2531 1913 2778 1984 religioni
2812 1915 3138 1968 videbantur
3175 1917 3495 1980 convenire,
3525 1917 3616 1968 de-

2032 2008 2207 2061 cernit
2238 2006 2346 2077 (2).
2382 2006 2461 2060 Ex
2495 2021 2605 2076 quo
2641 2017 2869 2076 apparet
2908 2005 3143 2074 judicem
3191 2008 3376 2060 mundi
3410 2017 3614 2076 partem

2033 2099 2327 2152 maximam
2377 2096 2472 2149 Dei
2507 2097 2640 2167 legis
2674 2099 2922 2166 implere.
2953 2096 3147 2152 Omnia
3192 2098 3340 2150 enim
3388 2096 3613 2150 crimina

2033 2206 2153 2260 qua:
2179 2191 2445 2247 vindicari
2476 2194 2592 2246 vult
2627 2191 2790 2255 Deus,
2819 2207 2924 2244 non
2956 2207 3053 2261 per
3087 2190 3367 2244 antistites
3387 2199 3447 2243 et
3476 2190 3612 2258 prin-

2033 2284 2180 2352 cipes
2206 2283 2600 2349 Ecclesiarum,
2632 2285 2726 2338 sed
2751 2299 2849 2352 per
2879 2281 3319 2349 mundijudicem
3347 2282 3428 2352 (5)
3450 2281 3613 2335 voluit

2034 2375 2335 2439 vindicari;
2382 2387 2437 2431 et
2479 2377 2583 2431 hoc
2630 2378 2809 2432 sciens
2864 2377 3086 2441 Paulus,
3119 2387 3265 2432 recte
3305 2392 3432 2432 eum
3467 2377 3610 2430 mini-

2033 2477 2206 2521 strum
2233 2467 2324 2520 Dei
2347 2465 2593 2520 nominat
2617 2473 2674 2518 et
2701 2466 2972 2521 vindicem
3004 2467 3058 2521 in
3101 2482 3224 2522 eum
3253 2468 3329 2537 (4)
3357 2467 3452 2535 qui
3479 2467 3619 2536 quod

2033 2556 2232 2611 malum
2262 2567 2345 2612 est
2381 2558 2514 2625 agit.
2540 2557 2695 2622 Quod
2719 2567 2899 2610 autem
2932 2557 3066 2612 dicit
3095 2559 3160 2613 de
3185 2566 3455 2627 potestate
3477 2579 3489 2612 :
3510 2554 3617 2610 Fac

2033 2649 2172 2719 quod
2207 2651 2400 2703 bonum
2437 2659 2533 2712 est,
2567 2660 2614 2702 et
2645 2650 2857 2704 habebis
2886 2651 3099 2706 laudem
3133 2668 3197 2706 ea:
3224 2669 3308 2715 ea,
3338 2651 3508 2707 altius
3535 2667 3616 2706 re-

2035 2742 2364 2813 quirendum
2394 2743 2530 2798 mihi
2561 2743 2795 2798 videtur.
2825 2743 2942 2798 Non
2985 2745 3130 2799 enim
3164 2748 3507 2801 consuetudo
3542 2754 3616 2801 est

2037 2837 2400 2906 potestatibus
2454 2838 2639 2893 saeculi
2699 2839 2921 2894 laudare
2970 2841 3069 2895 hos
3119 2841 3210 2910 qui
3268 2856 3374 2895 non
3419 2841 3616 2896 iuerint

2037 2930 2336 2985 criminosi.
2364 2927 2500 2984 Nam
2529 2941 2826 3000 peccantes
2844 2933 3064 3001 quidem
3090 2935 3344 3003 puniunt,
3371 2949 3479 2989 non
3505 2951 3615 3004 pec-

2036 3033 2230 3078 cantes
2262 3035 2392 3076 vero
2423 3023 2646 3077 laudare
2672 3025 2753 3077 eis
2793 3039 2912 3078 mos
2944 3025 3124 3080 nullus
3151 3037 3251 3081 est.
3292 3027 3399 3081 Sed
3437 3028 3611 3081 videa-

2041 3131 2162 3171 mus
2194 3131 2262 3170 ue
2289 3113 2430 3170 forte
2451 3113 2649 3170 Paulus
2671 3114 2834 3169 etiam
2861 3131 2984 3171 cum
3017 3117 3243 3171 moralia
3273 3119 3492 3174 videtur
3521 3122 3612 3174 do-

2041 3222 2187 3275 cere,
2217 3206 2462 3262 inserere
2492 3220 2706 3274 semper
2756 3206 2920 3260 etiam
2967 3207 3033 3262 de
3083 3181 3365 3280 mysteriis
3417 3210 3610 3279 aliquid

2039 3315 2147 3354 non
2174 3299 2417 3354 omittat.
2469 3299 2679 3354 Etenim
2709 3301 2888 3356 sciens
2918 3301 2997 3372 (5)
3035 3306 3177 3371 quod
3211 3320 3390 3357 omnes
3434 3305 3522 3373 qui
3562 3305 3612 3358 in

2039 3393 2152 3463 lege
2189 3403 2551 3461 peccaverunt,
2586 3410 2680 3460 per
2708 3395 2871 3462 legem
2895 3397 3282 3466 judicabantur
3305 3397 3388 3452 '5:
3427 3414 3613 3450 unum-

2037 3497 2306 3552 quemque
2332 3493 2516 3536 autem
2546 3484 2598 3537 in
2630 3485 2834 3553 judicio
2863 3486 2952 3539 illa
2979 3485 3065 3541 lex
3097 3486 3217 3540 sine
3239 3487 3403 3541 dubio
3428 3497 3613 3558 arguet

2039 3581 2336 3629 secundum
2387 3576 2531 3643 quod
2583 3576 2721 3630 vixit
2759 3576 3121 3647 (ostendimus
3148 3589 3332 3633 autem
3365 3591 3609 3634 sanctum

2041 3665 2303 3737 Spiritum
2329 3667 2380 3720 in
2411 3665 2594 3720 multis
2623 3668 2874 3724 humanae
2905 3669 3008 3740 legi
3041 3670 3214 3724 locum
3240 3671 3478 3743 dedisse)
3502 3687 3612 3726 cer-

2043 3767 2156 3812 tum
2190 3767 2274 3811 est
2306 3771 2436 3824 ergo
2468 3757 2547 3828 (6)
2580 3758 2708 3826 quia
2749 3757 2802 3812 iu
2836 3760 2924 3812 die
2959 3759 3148 3826 judieii
3181 3759 3405 3814 habebit
3449 3761 3607 3815 etiam

2039 3868 2104 3908 ex
2136 3853 2257 3906 istis
2289 3851 2492 3922 legibus
2521 3850 2732 3906 laudem
2756 3851 2902 3922 apud
2930 3853 3093 3906 Deum
3127 3851 3172 3907 is
3202 3853 3297 3922 qui
3328 3853 3465 3908 nihil
3489 3869 3611 3909 cou-

2041 3954 2124 3998 tra
2156 3955 2390 4000 statutas
2412 3945 2750 3999 commiserit
2779 3945 2946 4015 leges,
2977 3960 3099 3999 cum
3130 3947 3340 4001 dicetur
3366 3947 3416 4001 ei
3449 3962 3478 4000 a
3510 3949 3606 4002 Do-

2040 4040 2225 4094 mino:
2261 4039 2428 4109 Euge,
2466 4055 2607 4094 serve
2634 4039 2762 4092 bone
2797 4048 2846 4092 et
2875 4039 3086 4106 ﬁdelis,
3123 4056 3282 4106 super
3319 4056 3487 4109 pauca
3511 4040 3606 4110 fui-

2036 4133 2103 4184 sti
2142 4131 2336 4199 ﬁdelis,
2377 4148 2533 4202 super
2579 4136 2745 4184 multa
2780 4140 2828 4184 te
2859 4133 3175 4185 constituam
3199 4134 3265 4186 “.
3319 4133 3602 4188 Sciendum

2039 4233 2221 4278 tamen
2256 4235 2338 4278 est
2367 4226 2510 4294 quod
2535 4225 2686 4294 justo
2717 4224 2801 4278 lea:
2832 4241 2936 4277 non
2966 4235 3040 4278 est
3070 4227 3265 4293 posita,
3291 4227 3380 4279 sed
3406 4225 3600 4295 injustis

2081 4340 2128 4371 ’³
2156 4343 2274 4392 Act.
2314 4356 2364 4400 ν,
2402 4339 2495 4393 29.
2568 4341 2614 4370 “
2639 4337 2795 4392 Rom.
2821 4353 2938 4404 xm,
2961 4337 3016 4393 5.
3094 4340 3140 4371 ³⁵
3163 4339 3298 4394 ibid.
3327 4339 3362 4394 5
3390 4348 3443 4395 et
3491 4353 3598 4408 seq.

1482 4405 1526 4436 ³⁸
1550 4404 1707 4460 Rom.
1739 4423 1800 4472 ιι,
1834 4409 1920 4462 12.
1994 4411 2038 4442 ¹⁹
2069 4409 2256 4464 Matth.
2293 4426 2418 4472 xxv,
2452 4410 2541 4463 ‘21.

429 4499 543 4569 (95)
581 4497 672 4550 Sic
706 4511 806 4550 ms.
828 4495 1037 4566 Regius
1065 4513 1216 4549 num.
1247 4495 1408 4569 1559.
1430 4495 1619 4569 Caneri
1649 4514 1777 4553 vero
1805 4517 1936 4555 mss.
1971 4506 2018 4564 Ι)

2119 4504 2194 4570 (1)
2231 4501 2394 4566 Editi,
2425 4501 2725 4555 memoravi.

2116 4574 2193 4643 (2)
2226 4573 2388 4635 Editi,
2434 4574 2678 4641 quoniam
2707 4571 2919 4640 quidem
2956 4582 3145 4627 cratera
3177 4573 3404 4627 crimina
3432 4575 3597 4628 steculi

2045 4643 2246 4712 legibus
2266 4643 2604 4712 judicantur,
2633 4652 2680 4693 et
2709 4643 3032 4710 superﬂuum
3064 4645 3342 4696 videbatur
3377 4661 3437 4698 ea
3472 4660 3596 4697 nunc

2043 4716 2220 4767 divina
2255 4717 2362 4782 lege
2409 4713 2696 4784 prohibere,
2727 4715 3200 4784 quierim/ﬁdenter
3243 4715 3470 4767 humana
3499 4715 3596 4781 lege

2041 4785 2376 4852 plectuntur;
2405 4784 2497 4835 illa
2522 4782 2638 4836 sola
2661 4784 2723 4834 de
2762 4782 2973 4848 quibus
2993 4784 3125 4836 nihil
3153 4784 3388 4852 humana
3416 4788 3491 4838 lex
3518 4786 3594 4834 di-

2041 4851 2212 4916 aterat,
2269 4853 2507 4922 religioni
2561 4856 2686 4919 (ms.
2730 4851 2928 4919 Regius
2976 4871 3124 4907 num.
3163 4851 3305 4908 1659
3351 4857 3433 4910 hic
3460 4855 3594 4907 addit

2041 4922 2237 4993 tamen)
2268 4925 2540 4978 videbatur
2589 4924 2860 4976 convenire
2881 4924 3156 4978 decernere
3187 4923 3481 4994 (Rabanus,
3514 4926 3593 4976 de-

2037 4994 2223 5061 cerni).

2104 5063 2182 5133 (5)
2219 5063 2386 5125 Alias,
2413 5062 2640 5129 judices.

2109 5133 2184 5204 (4)
2233 5134 2394 5196 Editi,
2420 5143 2469 5185 et
2507 5133 2742 5201 judicem
2788 5138 2841 5188 in
2882 5151 3022 5194 eum.
3055 5145 3161 5190 etc.
3200 5135 3404 5190 Deinde
3447 5136 3590 5189 iidem

2035 5203 2172 5256 editi
2197 5215 2252 5255 et
2277 5218 2417 5275 (mss.
2453 5207 2694 5275 quidam,
2717 5205 2782 5258 Et
2814 5208 2908 5258 hoc
2931 5208 3068 5275 quod
3097 5207 3225 5258 dicit
3256 5209 3321 5260 de
3341 5217 3588 5274 potestate,

2037 5283 2144 5327 etc.
2181 5274 2286 5327 Sed
2331 5289 2436 5327 ms.
2478 5273 2674 5346 Regius
2711 5294 2858 5330 num.
2910 5273 3047 5331 1659
3081 5288 3134 5331 et
3183 5273 3431 5330 Rabanus
3461 5287 3514 5329 ut
3542 5277 3588 5328 in

2031 5355 2214 5398 nostro
2249 5352 2419 5396 textu.

2098 5415 2185 5494 (5)
2221 5415 2313 5495 Sic
2345 5430 2531 5470 onmes
2559 5432 2690 5472 mss.
2719 5417 2886 5472 nostri
2915 5427 2966 5471 et
2990 5417 3145 5472 editi.
3169 5417 3426 5473 Rabanus
3448 5429 3585 5475 vera.

2038 5493 2196 5538 etiam
2228 5493 2417 5549 sciens,
2449 5497 2554 5540 etc.

2112 5555 2188 5625 (6)
2227 5554 2392 5625 Ergo.
2443 5557 2598 5611 Deest
2634 5558 2684 5611 in
2721 5558 3047 5612 editionibus
3079 5557 3288 5612 Erasmi
3333 5567 3386 5612 et
3425 5555 3583 5609 lienea

2040 5625 2243 5680 brardi.
2271 5627 2462 5680 Cmteri
2492 5629 2624 5685 editi
2645 5629 2843 5684 habent
2873 5629 3032 5683 enim.
3053 5628 3160 5685 Sed
3183 5646 3370 5687 omnes
3397 5642 3512 5683 mss.
3535 5630 3580 5678 et

2044 5693 2321 5765 Rabanus,
2357 5714 2496 5768 ergo.
