3744 6146
255 277 393 334 1229

1206 286 1563 345 COMMENT.
1606 288 1674 345 IN
1707 291 1925 350 EPIST.
1969 294 2059 349 Al)
2094 294 2264 352 ROM.
2309 297 2436 355 LIB.
2478 297 2571 356 IX.

3364 308 3502 365 1230

249 405 295 447 et
326 411 431 449 non
473 396 722 463 subditis,
754 401 1017 465 scelestis,
1069 402 1381 470 homicidia,
1432 414 1822 476 contaminatis,
1853 421 1899 477 Α
1928 418 2120 472 mundo
2152 419 2217 483 ³⁸,
2261 419 2335 473 ait
2377 421 2540 475 etiam
2598 421 2737 477 hoc:
2772 421 2882 477 Nos
2909 434 3081 478 autem
3123 441 3225 480 non
3255 428 3497 496 spiritum

247 485 494 555 periuris,
538 498 585 542 et
609 492 811 545 caneris
835 495 926 563 qui
954 495 1262 563 hujusmodi
1293 510 1416 552 sunt
1451 501 1519 554 ³ο.
1545 503 1647 573 Ipsi
1674 505 1819 559 enim

246 589 369 631 sunt
401 580 494 647 qui
530 580 722 637 timent
749 583 946 655 legem.
966 586 1068 653 Qui
1105 597 1279 643 autem
1310 590 1439 646 facit
1469 594 1690 662 bonum,
1720 595 1822 652 hoc

244 679 326 723 est
380 671 472 740 qui
506 687 614 728 non
648 684 794 729 metu
826 672 976 746 legis,
1018 680 1111 733 sed
1144 696 1333 737 amore
1360 684 1487 738 boni
1520 684 1647 741 facit
1674 689 1818 756 quod

243 761 445 815 bonum
470 772 575 828 est,
612 765 713 819 iste
747 764 859 834 jam
908 783 1013 825 non
1042 771 1296 842 sub-lege
1340 772 1559 838 litterae,
1592 776 1686 831 sed
1717 777 1817 831 sub

241 851 362 921 lege
401 854 628 924 spiritus
655 857 809 916 vivit.
833 889 840 898 -

307 944 397 1001 29.
428 945 560 1003 Ideo
584 965 790 1009 necesse
816 960 894 1005 est
924 953 1165 1009 subditos
1194 973 1328 1019 esse,
1357 974 1461 1012 non
1499 960 1667 1014 solum
1691 976 1816 1030 pro-

235 1045 353 1106 pter
384 1039 543 1106 iram,
561 1041 653 1095 sed
677 1052 726 1097 et
750 1051 964 1112 propter
989 1049 1363 1104 conscientiam
1394 1050 1490 1123 (7).
1520 1051 1652 1107 Ideo
1674 1055 1813 1108 enim

234 1140 282 1184 et
330 1132 531 1186 tributa
563 1134 808 1202 penditis.
844 1134 1086 1192 Ministri
1131 1142 1268 1195 enim
1304 1142 1404 1198 Dei
1437 1155 1588 1208 sunt,
1630 1146 1687 1198 in
1717 1146 1813 1200 hoc

232 1226 405 1285 ipsum
432 1226 689 1283 instantes
711 1229 777 1283 ".
804 1226 1034 1284 Ordinat
1066 1233 1284 1314 quidem
1334 1251 1430 1305 per
1466 1238 1586 1293 hth
1611 1237 1812 1294 Paulus

234 1317 536 1374 Ecclesium
584 1322 703 1387 Dei,
737 1333 796 1378 ut
839 1326 976 1380 nihil
1006 1326 1219 1381 adversi
1255 1329 1591 1398 principibus
1631 1341 1685 1384 et
1714 1346 1810 1399 po-

231 1412 522 1467 testatibus
550 1416 731 1470 saeculi
764 1432 978 1486 gerens,
1016 1434 1113 1490 per
1142 1421 1380 1491 quietem
1409 1431 1466 1476 et
1499 1423 1806 1491 tranquilli-

230 1512 398 1558 tatem
456 1506 601 1573 vitre,
652 1522 791 1579 opus
824 1507 1052 1578 iustitiae
1089 1524 1145 1567 et
1184 1514 1400 1582 pietatis
1441 1525 1715 1569 exerceat.
1747 1514 1804 1570 Si

228 1597 372 1651 enim
413 1612 699 1667 ponamus,
740 1603 893 1658 verbi
916 1605 1112 1674 gratia,
1147 1606 1435 1661 credentes
1458 1605 1679 1661 Christo
1709 1623 1803 1676 po-

227 1689 515 1746 testatibus
564 1694 743 1748 saeculi
802 1710 907 1749 non
936 1709 1063 1751 esse
1112 1696 1408 1763 subjectos,
1444 1699 1646 1752 tributa
1695 1715 1801 1753 non

1924 511 2080 578 hujus
2104 512 2286 565 mundi
2302 513 2618 581 accepimus,
2634 514 2723 567 sed
2744 516 2987 583 spiritum
3007 517 3098 585 qui
3116 533 3180 571 ea:
3205 517 3309 573 Deo
3331 531 3406 574 est
3428 520 3495 574 ³⁵.

1924 602 2026 669 Qui
2054 613 2233 659 autem
2261 604 2440 659 adhuc
2472 605 2540 662 de
2561 608 2763 660 mundo
2792 616 2897 673 est,
2924 618 2979 662 et
3009 624 3127 677 qua:
3152 611 3332 665 mundi
3367 624 3497 668 sunt
3540 619 3544 624 '

1922 697 2085 764 sapit,
2110 708 2165 749 et
2192 711 2310 765 quae
2340 696 2519 751 carnis
2542 707 2670 751 sunt
2694 699 2911 766 quaerit,
2954 703 3262 757 necessario
3308 705 3494 775 subje~

1922 797 2042 839 ctus
2072 795 2159 840 est
2201 786 2465 841 ministris
2495 790 2715 856 mundi;
2745 791 3024 860 subjectus
3060 804 3239 848 autem
3274 808 3496 865 propter

1920 874 2076 938 iram,
2109 891 2270 946 quam
2296 877 2398 932 sibi
2429 879 2823 935 thesauriza’vit
2841 897 2907 937 ex
2928 886 3187 948 peccatis.
3210 884 3360 942 Etob
3390 888 3494 943 hoc

1918 966 2050 1021 mihi
2078 967 2292 1022 videtur
2319 968 2433 1040 (19)
2462 971 2644 1025 dicere
2675 993 2686 1027 :
2720 971 2849 1027 Ideo
2874 990 3081 1029 necesse
3112 987 3187 1030 est
3229 979 3491 1047 subjectos

1915 1073 2060 1120 esse,
2097 1075 2201 1114 non
2248 1060 2418 1112 solum
2461 1072 2675 1131 propter
2712 1064 2870 1129 iram,
2907 1067 3001 1119 sed
3036 1078 3083 1120 et
3118 1082 3330 1135 propter
3359 1087 3489 1124 con—

1912 1148 2187 1201 scientiam
2207 1148 2289 1215 ³⁶;
2322 1151 2581 1220 quoniam
2603 1155 2695 1220 qui
2719 1153 2991 1219 subditur,
3013 1156 3175 1211 habet
3206 1159 3319 1229 (13)
3350 1160 3401 1214 in
3429 1177 3490 1216 se

1912 1240 2058 1310 quod
2090 1251 2401 1295 accusetur
2439 1257 2468 1296 a
2513 1244 2873 1299 conscientia.
2907 1244 3002 1301 llis
3029 1262 3156 1318 ergo
3195 1251 3359 1303 etiam
3387 1252 3489 1306 tri-

1915 1333 2044 1387 buta
2073 1332 2319 1401 quaedam
2352 1333 2659 1402 pendimus,
2686 1336 2811 1389 dum
2841 1338 3018 1393 adhuc
3040 1342 3335 1396 secundum
3366 1358 3488 1398 car-

1911 1438 2034 1478 nem
2076 1423 2332 1489 vivimus,
2362 1434 2418 1479 et
2453 1441 2574 1495 quae
2627 1426 2812 1481 carnis
2842 1438 2966 1482 sunt
2992 1431 3315 1500 cogitamus.
3346 1431 3483 1489 Nam

1908 1516 1955 1570 si
1976 1517 2190 1572 vineam
2223 1520 2436 1575 Domini
2458 1521 2723 1585 colamus,
2746 1533 2800 1575 et
2829 1521 2994 1575 vitem
3021 1538 3227 1592 veram,
3252 1538 3373 1594 qua:
3399 1535 3485 1582 est

1906 1607 2154 1665 Christus
2173 1610 2303 1685 (14),
2326 1627 2680 1668 exerceamus
2703 1615 2756 1667 in
2782 1612 2956 1676 nobis,
2977 1614 3041 1668 de
3066 1614 3170 1669 ista
3193 1616 3346 1671 vinea
3374 1631 3483 1671 non

1906 1699 2173 1757 ministris
2202 1704 2380 1757 saeculi
2415 1705 2715 1772 pendemus
2745 1703 2966 1765 tributa,
2992 1707 3087 1759 sed
3121 1705 3222 1775 ipsi
3251 1706 3481 1761 Domino

223 1782 474 1850 reddere,
521 1798 622 1839 nec
672 1786 957 1856 vectigalia
998 1788 1295 1858 pensitare,
1349 1789 1477 1842 nulli
1521 1790 1792 1855 timorem,
1832 1763 1874 1817 Β
1904 1789 2110 1846 fructus
2132 1794 2185 1846 in
2210 1763 2455 1864 tempore
2492 1795 2817 1849 reddemus:
2858 1763 3155 1850 secundum
3187 1799 3331 1867 quod
3364 1799 3481 1869 ipse

221 1873 359 1928 nulli
400 1874 663 1932 honorem
717 1876 964 1944 deferre,
1008 1893 1187 1936 nonne
1229 1895 1326 1950 per
1361 1881 1477 1936 haec
1523 1890 1795 1937 rectorum

220 1975 277 2022 et
303 1968 608 2038 principum
641 1970 838 2027 merito
867 1972 919 2027 in
952 1973 1275 2044 semetipsos
1321 1987 1472 2028 arma
1507 1984 1798 2031 converte-

218 2071 367 2124 rent,
392 2071 448 2117 et
475 2074 852 2132 persecutores
895 2065 1115 2136 quidem
1161 2080 1290 2120 suos
1318 2067 1679 2131 excusabiles,
1711 2081 1798 2122 se-

216 2155 482 2225 metipsos
496 2171 625 2212 vero
645 2158 944 2228 culpabiles
966 2159 1209 2215 facerent
1232 2158 1347 2229 (8)?
1376 2158 1492 2215 Non
1519 2161 1661 2214 enim
1681 2161 1792 2228 jam

217 2245 367 2311 ﬁdei,
394 2248 487 2302 sed
510 2251 868 2305 contumaciae
898 2265 1066 2305 causa
1100 2250 1402 2321 impugnari
1439 2252 1752 2306 viderentur
1777 2269 1791 2304 :

220 2348 275 2391 et
302 2349 447 2394 esset
493 2342 571 2396 eis
613 2356 779 2397 causa
835 2343 1052 2410 quidem
1104 2344 1294 2398 mortis
1322 2344 1504 2414 digna,
1537 2346 1792 2400 meritum

215 2445 354 2485 vero
383 2429 460 2504 (9)
491 2433 682 2487 mortis
713 2434 1011 2504 indignum.

286 2521 377 2576 50.
410 2521 537 2578 Haec
578 2539 712 2594 ergo
748 2523 948 2579 Paulus
987 2541 1083 2594 per
1125 2527 1444 2584 immensam
1472 2528 1790 2597 sapientiam

211 2615 503 2684 providens
531 2614 662 2671 dicit
699 2637 710 2670 :
748 2614 971 2671 Reddite
1003 2620 1241 2673 omnibus
1283 2621 1513 2673 debitum
1534 2635 1554 2673 :
1583 2620 1669 2673 cui
1695 2622 1792 2673 tri-

213 2709 436 2770 butum,
472 2706 762 2770 tributum;
805 2707 889 2760 cui
930 2709 1148 2779 uectigal
1171 2749 1187 2774 ,
1226 2711 1479 2779 vectigal,-
1517 2711 1602 2763 cui
1639 2712 1793 2763 timo-

210 2814 347 2864 rem,
388 2798 660 2863 timorem;
684 2799 770 2850 cui
790 2799 1059 2864 honorem,
1090 2800 1363 2856 honorem.
1392 2800 1609 2856 Nemini
1633 2803 1790 2871 quid-

207 2906 372 2960 quam
404 2890 653 2948 debeatis.
682 2891 786 2943 nisi
826 2903 881 2942 ut
928 2890 1144 2945 invicem
1173 2893 1414 2962 diligatis
1438 2895 1503 2946 ³³.
1538 2894 1675 2950 Puto
1706 2905 1788 2950 ta-

208 2997 336 3037 men
356 2983 500 3052 quod
528 2983 692 3037 etiam
725 2982 839 3035 haec
866 2980 1064 3037 Paulus
1091 2998 1195 3037 non
1224 2987 1428 3056 absque
1461 2986 1636 3043 solitis
1667 3003 1787 3043 ser-

205 3089 431 3129 monum
479 3089 700 3128 suorum
733 3071 977 3141 proferat
1008 3079 1385 3133 sacramentis.
1419 3071 1629 3133 Etenim
1667 3095 1784 3134 om-
1812 3106 1855 3164 ο

203 3181 331 3221 nem
389 3176 719 3229 creaturam,
751 3180 1053 3237 omnesque
1085 3168 1311 3237 spiritus
1349 3169 1464 3225 sive
1517 3168 1687 3226 bonos
1728 3178 1785 3225 et

204 3268 410 3323 rectos,
437 3257 551 3312 sive
575 3259 738 3313 etiam
769 3259 919 3328 pravi
951 3258 1187 3330 malique
1219 3260 1479 3331 propositi
1509 3258 1643 3334 (10),
1671 3262 1783 3317 Deo

203 3350 518 3405 ministrare
541 3347 1313 3421 etexhibereunumquemque
1339 3354 1405 3408 ad
1426 3353 1568 3423 quod
1597 3364 1778 3424 aptum

200 3455 262 3496 se
300 3443 594 3511 przebnerit
633 3443 990 3499 ministerium
1033 3443 1088 3498 in
1122 3445 1493 3513 superioribus
1526 3446 1637 3514 jam
1681 3447 1781 3501 (ιιι-

199 3533 433 3589 cuimus.
461 3533 540 3590 De
562 3537 818 3591 omnibus
846 3538 993 3594 enim
1022 3537 1182 3593 simul
1222 3539 1595 3607 pronuntiavit
1640 3540 1780 3609 Apo-

197 3623 377 3679 stolus
419 3626 507 3681 ubi
558 3625 737 3681 dixit:
779 3624 970 3681 Nonne
1012 3643 1190 3681 omnes
1233 3637 1354 3680 sunt
1400 3628 1774 3684 ministeriales

193 3717 440 3784 spiritus,
461 3716 515 3771 in
542 3717 893 3774 ministerium
921 3720 1068 3773 missi
1093 3729 1303 3787 propter
1326 3734 1412 3773 eos
1435 3720 1526 3789 qui
1549 3722 1774 3775 haeredi-

156 3816 359 3881 .tatem
413 3810 624 3878 capiunt
679 3811 869 3866 salutis
913 3812 998 3865 ’3?
1048 3811 1355 3866 Ministrant
1405 3827 1534 3882 ergo
1584 3828 1774 3870 omnes

191 3902 423 3971 spiritus
454 3902 731 3956 hominum
760 3904 913 3970 vitae;
956 3903 1330 3974 unusquisque
1378 3911 1576 3968 tamen,
1608 3914 1668 3959 ut
1690 3906 1773 3960 di-

190 3993 393 4057 ximus,
424 4009 524 4064 pro
550 3996 807 4064 dignitate
835 4005 890 4049 et
918 3996 1110 4059 merito
1143 3996 1224 4048 sui
1252 4011 1267 4048 :
1299 4008 1423 4048 nam
1460 3993 1569 4066 (11)
1612 4004 1667 4049 et
1694 3996 1768 4050 illi

189 4084 429 4139 ministri
460 4085 716 4140 dicuntur
762 4102 993 4156 quorum
1026 4086 1330 4141 ministerio
1358 4101 1479 4153 qua:
1507 4087 1572 4141 ad
1610 4102 1764 4141 mun-

187 4175 318 4227 dum
348 4175 619 4243 pertinent
655 4186 1000 4247 peraguntur.
1053 4176 1205 4231 Unde
1235 4184 1290 4230 et
1324 4177 1636 4245 Apostolus,
1672 4178 1762 4246 qui

184 4266 401 4320 dixerat
422 4266 490 4321 de
511 4262 590 4331 se,
618 4268 748 4338 quia
771 4268 898 4323 mihi
918 4271 1144 4322 mundus
1170 4266 1458 4335 cruciﬁxus
1479 4280 1577 4333 est,
1599 4279 1648 4322 et
1667 4285 1761 4339 ego

254 4357 302 4389 ³⁸
334 4356 509 4414 ΙΤίιιι.
536 4375 574 4425 ι,
595 4360 649 4416 9.
726 4362 767 4396 ³³
792 4361 951 4416 Rom.
980 4378 1097 4423 xm.
1132 4362 1185 4426 5,
1215 4361 1269 4415 6.

182 4427 228 4458 ³⁸
264 4426 421 4483 Rom.
453 4445 574 4494 xm,
605 4432 659 4489 5.
771 4433 813 4465 ³⁷
837 4433 1029 4488 Matth.
1062 4448 1176 4498 χιι,
1210 4433 1299 4487 41.

177 4498 298 4530 *Μ’
325 4499 553 4555 Malach.
581 4518 621 4569 ι,
654 4502 707 4557 6.

250 4593 332 4662 (7)
354 4594 446 4649 Sic
467 4609 659 4653 omnes
691 4611 821 4652 mss.
844 4598 1038 4652 nostri.
1061 4597 1205 4652 Editi
1232 4613 1360 4653 vero
1392 4609 1446 4653 et
1475 4598 1751 4665 Rabanus,
1790 4606 1830 4658 D

178 4662 412 4740 Ideoque
438 4668 745 4740 necessitate
767 4668 966 4722 subditi
993 4680 1221 4722 estote...
1252 4672 1343 4722 sed
1364 4670 1524 4722 etiam
1541 4662 1753 4740 prapter

178 4736 572 4801 conscientiam,
604 4748 710 4794 etc.

245 4805 326 4875 (8)
360 4804 527 4870 Editi,
551 4808 848 4875 redderent,
880 4807 1041 4861 male.

248 4873 326 4944 (9)
354 4875 520 4938 Editi,
538 4887 723 4950 etesse
750 4873 1015 4950 eis—causa
1044 4879 1251 4950 quidem
1278 4880 1479 4943 mortis,
1507 4882 1749 4933 meritum

174 4961 315 5018 vero,
341 4957 470 5007 etc.,
506 4948 706 5003 omissa
739 4964 868 5003 voce
896 4948 1079 5018 digna,
1103 4963 1265 5017 quam
1295 4951 1554 5003 omittunt
1583 4951 1747 5005 etiam

174 5016 419 5083 plerique
443 5032 572 5070 mss.
956 5016 967 5018 ἡ
1121 5016 1133 5017 ί
1633 5056 1638 5061 ο

243 5086 357 5157 (1U)
392 5086 483 5139 Sic
524 5101 656 5142 mss.
690 5087 831 5141 Editi
877 5103 1026 5151 vero,
1061 5104 1337 5156 omnesque
1382 5087 1601 5157 spiritus
1637 5090 1744 5142 sive

172 5158 443 5229 rec_ti_siv_e_
459 5158 617 5209 etiam
644 5159 793 5227 pravi
816 5158 1046 5229 malique
1078 5160 1354 5229 propositi.

241 5226 357 5296 (11)
390 5223 532 5279 Num
562 5223 712 5282 deest
740 5229 793 5279 i‘n
825 5223 984 5282 editis
1017 5223 1438 5295 et'inplerisqne
1468 5243 1629 5292 mss.,
1649 5230 1743 5282 sed

174 5296 483 5367 restituitur
516 5312 583 5349 ex
622 5312 725 5353 IIIS.
766 5297 935 5367 Regio
975 5313 1122 5351 num.
1166 5297 1325 5352 1659.
1362 5299 1565 5352 Deinde
1587 5298 1741 5363 editi,

168 5366 698 5439 quorunt_mi_nisteria
710 5366 1152 5439 quemadmodum
1165 5369 1382 5436 pertinet
1397 5380 1741 5437 peraguntur.

239 5435 351 5504 (12)
388 5435 554 5504 Editi,
598 5447 647 5490 et
684 5435 781 5490 hoc
820 5439 949 5490 mihi
995 5435 1224 5501 videtur,
1253 5435 1627 5501 etc.,70tnisso
1656 5441 1742 5494 ob.

173 5496 379 5577 Deinde
415 5496 579 5559 iidem
622 5507 788 5570 editi,
830 5508 949 5562 ideo
980 5496 1285 5563 necessitate
1312 5496 1531 5577 subjecti
1557 5518 1740 5574 estote,

168 5587 278 5630 etc.
313 5575 419 5627 Sed
453 5590 643 5631 omnes
673 5593 804 5634 mss.
836 5587 896 5630 ut
926 5581 979 5632 in
1017 5589 1206 5633 nostro
1242 5575 1413 5631 textu.

240 5645 354 5713 (15’)
390 5647 646 5717 Sicrecte
675 5661 775 5701 ms.
803 5647 1000 5717 Regius
1026 5664 1174 5701 num.
1213 5649 1370 5702 1659.
1398 5647 1590 5702 (33218ιί
1616 5661 1742 5702 vero

170 5732 302 5790 ntss.
330 5727 386 5767 et
413 5716 566 5784 editi,
594 5716 927 5774 conscientia:
965 5735 1166 5790 quoque
1197 5722 1460 5786 subditur,
1493 5732 1611 5772 cum
1645 5717 1743 5772 Ita-

168 5787 275 5852 bet,
312 5792 421 5839 etc.

1900 1876 2152 1935 Salvator
2177 1883 2228 1936 in
2244 1880 2351 1936 Eva
2361 1884 2549 1952 ngeliis
2571 1885 2613 1916 ⁸⁷
2630 1885 2780 1949 dicit,
2799 1886 2925 1952 quia
2946 1885 3144 1940 catonis
3158 1888 3311 1942 malis
3330 1890 3478 1943 tollet

1896 1969 2060 2042 657
2091 1974 2314 2039 vineam,
2342 1985 2390 2028 et
2420 1977 2565 2029 dabit
2590 1992 2705 2030 eam
2728 1979 2851 2031 aliis
2880 1978 3077 2033 colonis
3111 1981 3202 2045 qui
3247 1982 3472 2036 reddant

1896 2064 1943 2115 ei
1973 2062 2175 2131 fructus
2203 2065 2258 2118 in
2286 2074 2536 2135 tempore.
2579 2066 2685 2123 Sed
2719 2077 2774 2122 et
2817 2068 2920 2123 hoc
2968 2069 3142 2137 ipsum
3196 2074 3339 2142 quod
3391 2074 3477 2129 di-

1898 2156 2012 2210 cit:
2052 2155 2272 2212 Reddite
2319 2161 2564 2214 omnibus
2595 2162 2807 2228 debita;
2860 2165 2948 2218 cui
2986 2164 3236 2218 tributum
3261 2206 3276 2231 ,
3305 2168 3476 2222 tribu-

1899 2254 2043 2312 tum;
2067 2249 2152 2300 cui
2183 2248 2434 2318 vectigal,
2469 2251 2687 2320 uectigal
2718 2267 2735 2304 :
2763 2254 2831 2309 ab
2859 2268 2927 2310 eo
2965 2256 3110 2324 quod
3148 2254 3204 2309 in
3237 2270 3472 2323 sequen-

1903 2338 2046 2395 tibus
2076 2340 2331 2398 additnr:
2363 2342 2463 2398 Cui
2493 2345 2754 2412 timorem,
2784 2348 3062 2415 timorem;
3086 2350 3173 2405 cui
3198 2352 3469 2417 honorem,

1896 2430 2173 2498 honorem,
2207 2434 2437 2491 divisum
2466 2435 2575 2506 (15)
2609 2438 2739 2491 mihi
2763 2440 2979 2494 videtur
3005 2458 3019 2494 :
3051 2450 3108 2496 et
3138 2444 3201 2497 ad
3225 2457 3318 2498 eos
3346 2445 3470 2513 qni-

1896 2522 2017 2577 dem
2049 2537 2186 2594 quos
2211 2540 2372 2595 supra
2425 2528 2660 2583 diximus
2709 2531 2984 2587 ministros
3006 2575 3020 2597 ,
3050 2535 3324 2602 pertinere
3367 2539 3468 2590 tri-

1896 2616 2022 2671 buta
2059 2626 2113 2672 et
2147 2618 2455 2688 vectigalia.
2514 2619 2748 2692 Exigunt
2780 2626 2926 2677 enim
2956 2626 3024 2679 de
3055 2626 3210 2681 nobis
3260 2630 3465 2683 tributa

1895 2715 2052 2762 terra:
2078 2717 2300 2773 nostrae,
2335 2719 2388 2764 et
2416 2711 2699 2780 vectigalia
2727 2715 3114 2785 negotiationis
3140 2727 3360 2773 nostrae.
3396 2721 3463 2776 Et

1891 2799 2019 2869 quid
2048 2799 2169 2854 dico
2191 2839 2206 2863 ,
2248 2801 2316 2854 de
2353 2802 2554 2855 nobis?
2580 2803 2813 2860 Exactus
2864 2815 2948 2861 est
2989 2807 3250 2863 tributum
3294 2812 3457 2866 etiam

1890 2891 2149 2946 Dominus
2176 2903 2358 2947 noster
2375 2890 2533 2949 Jesus
2553 2895 2802 2950 Christus
2823 2913 2875 2951 in
2896 2913 3063 2955 carne
3079 2902 3289 2971 positus
3312 2902 3455 2973 (16):

1889 2981 2030 3047 quod
2061 2982 2267 3038 idcirco
2296 2996 2356 3038 se
2389 2983 2523 3037 dicit
2547 2984 2860 3049 exsolvere,
2911 3003 3015 3043 non
3061 2991 3204 3060 quod
3247 2991 3460 3048 debitor

1890 3071 1980 3137 sit,
2016 3071 2109 3126 sed
2139 3087 2206 3126 ne
2237 3072 2573 3127 scandalizet
2609 3088 2703 3130 eos
2727 3074 2792 3129 ⁸⁸.
2831 3076 2987 3143 Quod
3015 3079 3059 3134 si
3085 3080 3173 3135 ille
3199 3083 3289 3150 qui
3319 3083 3458 3137 nihil

1889 3163 2124 3218 habebat
2158 3164 2213 3217 in
2241 3179 2300 3219 se
2325 3164 2555 3221 Caesaris
2585 3166 2630 3238 (1
2646 3166 2696 3233 7)
2717 3206 2731 3231 ,
2760 3176 2816 3223 et
2847 3169 2901 3223 in
2930 3184 3040 3239 quo
3069 3172 3321 3243 princeps
3350 3175 3453 3228 hu-

1882 3251 1973 3322 jus
1996 3253 2185 3308 mundi
2218 3255 2446 3311 veniens
2468 3271 2572 3310 non
2606 3257 2814 3314 invenit
2832 3260 3127 3330 quidquam
3151 3263 3219 3318 de
3246 3265 3359 3319 suis
3384 3264 3451 3331 υ,

1884 3359 2008 3400 cum
2044 3345 2184 3401 liber
2209 3355 2376 3415 esset,
2409 3347 2572 3402 solvit
2611 3359 2790 3405 tamen
2825 3352 3086 3406 tributum
3114 3354 3288 3424 (venit
3309 3356 3451 3413 enim

1885 3445 1941 3489 et
1983 3437 2037 3488 in
2101 3444 2332 3490 mortem
2396 3446 2457 3491 ut
2511 3447 2655 3493 esset
2683 3449 2740 3494 et
2761 3441 2905 3494 inter
2948 3453 3181 3500 mortuos
3225 3446 3356 3499 liber
3380 3447 3449 3520 Μ⁵)

1883 3536 2089 3597 quanto
2138 3528 2309 3599 magis
2357 3543 2456 3583 nos
2506 3546 2726 3587 necesse
2764 3541 2849 3588 est
2896 3534 2996 3589 ista
3026 3535 3228 3590 tributa
3267 3540 3449 3595 carnis

1881 3619 2224 3688 expendere,
2255 3628 2310 3673 et
2345 3621 2724 3690 negotiationis
2771 3633 3004 3693 nostras,
3042 3628 3086 3680 si
3139 3636 3314 3683 tamen
3354 3647 3448 3685 ne-

1880 3715 2155 3784 gotiantur
2189 3716 2517 3786 margaritas
2548 3717 2699 3787 regni
2735 3718 3030 3782 ctelorum,
3064 3735 3161 3789 per
3199 3722 3444 3778 diversas

1879 3809 2200 3863 tentationes
2222 3809 2562 3878 exigentibus
2591 3825 2687 3865 nos
2713 3808 2826 3881 (18)
2851 3809 3134 3880 spiritibus
3159 3812 3444 3884 vectigalia

1877 3900 2190 3971 pensitare?
2220 3899 2493 3955 Timorem
2527 3915 2659 3955 vero
2698 3913 2749 3955 et
2783 3903 3041 3957 honorem
3072 3903 3139 3957 ad
3175 3903 3324 3960 illum
3356 3921 3444 3975 po-
3530 3896 3535 3901 ’

1875 3995 1982 4047 tius
2031 3992 2238 4046 referre
2296 3992 2556 4046 debemus
2611 3992 2702 4061 qui
2750 3992 2883 4047 dicit
2933 4008 3030 4063 per
3075 3997 3439 4063 prophetam:

1876 4084 2066 4139 Nonne
2103 4095 2153 4140 et
2184 4083 2500 4148 Dominum,
2536 4096 2584 4139 et
2615 4082 2827 4139 Patrem
2867 4087 3061 4139 vocatis
3107 4089 3226 4143 me?
3272 4086 3343 4142 Et
3390 4092 3442 4145 si

1872 4175 2130 4229 Dominus
2156 4190 2272 4228 sum
2301 4190 2414 4244 ego,
2439 4175 2528 4227 ubi
2551 4186 2627 4228 est
2648 4175 2805 4227 timor
2819 4191 2962 4228 meus
2980 4176 3063 4229 ?et
3085 4178 3132 4230 si
3146 4175 3308 4231 Pater
3318 4195 3441 4233 sum

1868 4283 1982 4336 ego,
2012 4266 2103 4319 ubi
2136 4274 2213 4319 est
2260 4266 2428 4319 honor
2448 4282 2593 4319 meus
2632 4265 2745 4336 (19)
2788 4266 2906 4298 ⁸¹’⁸⁸
2927 4268 2950 4319 ?
2973 4268 3279 4323 POSIeriora
3303 4282 3437 4325 sane

1368 4361 1413 4393 ³¹
1440 4362 1594 4417 Rom.
1636 4379 1745 4418 xm.

1985 4362 2030 4393 ³³
2049 4359 2213 4416 Hebr.
2240 4375 2280 4422 ι,
2302 4359 2388 4413 14.
2457 4360 2504 4392 ⁸⁸
2530 4360 2705 4416 Galat.
2737 4377 2808 4428 vr,
2841 4361 2927 4415 14.
3008 4363 3052 4394 ³⁸
3073 4359 3094 4417 l
3118 4362 3323 4429 COI'JI,
3343 4365 3434 4423 12.

1408 4433 1451 4463 ³⁸
1492 4433 1684 4488 Matth.
1716 4450 1848 4497 xvu,
1875 4433 1970 4498 ‘23,
1991 4432 2082 4487 26.

2195 4431 2239 4462 ”
2269 4429 2425 4485 Joan.
2460 4446 2570 4496 xw,
2612 4432 2702 4487 50.
2814 4431 2859 4462 ‘°
2886 4431 3032 4487 Psal.
3076 4448 3334 4501 Lxxxvu,
3376 4438 3432 4493 6.

1929 4597 2044 4669 (11)
2074 4596 2242 4669 Editi,
2270 4596 2360 4664 qui
2390 4606 2466 4650 est
2498 4595 2759 4669 Christus.

1930 4667 2043 4739 (15)
2071 4667 2231 4732 Editi,
2264 4669 2547 4739 diversum.
2575 4667 2682 4739 Sed
2707 4680 2894 4739 omnes
2923 4677 3141 4739 mss._et
3175 4667 3433 4724 Rabanus

1860 4751 1917 4792 ut
1940 4734 1994 4792 in
2023 4734 2208 4791 nostro
2245 4746 2419 4807 textui.
2460 4736 2661 4807 Deinde
2705 4753 2806 4791 ms.
2839 4737 2946 4790 duo
2974 4776 2985 4797 ,
3019 4734 3256 4807 Exigunt
3292 4757 3432 4793 enim

1860 4825 1952 4861 nos
1979 4807 2216 4874 tributa,
2242 4814 2348 4861 etc.
2382 4806 2522 4860 Editi
2555 4807 2883 4876 pleriqueet
2913 4822 3014 4860 ms.
3050 4806 3254 4876 Regius
3277 4826 3425 4861 nlllll.

1860 4878 2019 4942 1659,
2046 4876 2280 4946 Exigunt
2334 4878 2471 4946 enim
2523 4894 2555 4928 a
2602 4874 2753 4946 (nobis
2790 4874 3106 4946 (Rabanus,
3140 4874 3219 4931 ide
3245 4880 3428 4943 nobis;

1856 4950 2027 5003 editio
2053 4944 2274 5012 Veneta,
2310 4944 2479 5012 nobis)
2515 4945 2738 5009 tributa,
2766 4944 2872 5000 etc.

1929 5018 2043 5090 (16)
2084 5017 2403 5090 Sicomnes
2444 5030 2574 5090 mss.
2605 5016 2781 5090 nostri
2806 5015 3430 5090 ._quibus_conset_t_tire

1853 5085 2071 5142 videtur
2115 5086 2404 5148 Rabanus,
2451 5085 2576 5139 licet
2604 5085 2656 5138 in
2705 5088 2806 5140 hoc
2841 5085 2962 5140 loco
3002 5085 3253 5140 vitiosus.
3284 5086 3427 5141 Editi

1852 5173 2024 5211 vero:
2068 5156 2139 5210 Et
2175 5156 2302 5225 quid
2334 5156 2487 5220 dico,
2536 5155 2601 5225 de
2649 5157 2850 5225 nobis?
2887 5153 3126 5209 Exsoluit
3171 5158 3428 5210 tributum

1853 5230 2013 5281 etiam
2039 5222 2296 5280 Dominus
2316 5234 2493 5279 noster
2523 5222 2685 5278 Iesus
2715 5223 2958 5279 Christus
2996 5227 3053 5277 in
3087 5240 3248 5279 carne
3281 5229 3427 5296 posi-

1852 5309 1954 5359 tus,
1989 5309 2096 5349 etc.

1925 5366 2034 5438 (t7)
2060 5366 2158 5438 Ms.
2198 5365 2399 5438 Regius
2428 5379 2577 5421 num.
2611 5362 2787 5430 1659,
2831 5361 2984 5429 Quod
3015 5364 3061 5418 si
3102 5364 3192 5420 ille
3223 5367 3280 5419 in
3320 5382 3425 5438 quo

1853 5436 1985 5489 nihil
2008 5436 2229 5489 habebat
2251 5436 2452 5497 Ctesar,
2476 5447 2583 5490 etc.

1944 5505 2033 5576 18)
2063 5504 2162 5560 Ms.
2197 5505 2399 5573 Regius
2424 5520 2575 5576 num.
2606 5504 2766 5573 1639,
2795 5521 2830 5558 a
2862 5506 3033 5560 nobis.

1948 5575 2034 5644 l9)
2064 5576 2157 5630 Sic
2185 5590 2312 5629 mss.
2338 5585 2394 5629 et
2420 5575 2707 5641 Rabanus;
2733 5576 2862 5644 editi
2888 5590 3040 5640 vero,
3067 5576 3154 5629 ubi
3175 5583 3250 5629 est
3271 5591 3424 5629 amor

1847 5643 1992 5699 meus
2013 5643 2028 5710 ,
2052 5656 2098 5701 et
2121 5647 2329 5699 honor?
2360 5645 2558 5698 Deinde
2581 5661 2711 5699 mss.
2755 5643 3003 5712 plerique
3022 5684 3039 5709 ,
3078 5644 3334 5702 Rabauus
3365 5654 3422 5699 et

1845 5718 1996 5780 editi,
2040 5727 2096 5768 ut
2137 5714 2328 5767 nemini
2364 5713 2652 5783 quidquam
2685 5715 3004 5779 debeamus;
3040 5717 3137 5770 sed
3173 5730 3274 5770 ms.
3314 5713 3421 5771 Re-

1844 5787 1965 5857 gius
1991 5801 2143 5846 num.
2177 5783 2311 5840 1659
2336 5788 2540 5838 rectius
2574 5783 2705 5837 utin
2726 5793 2916 5879 nostrg
2947 5795 3118 5842 textu.
