  <div class='ocr_page' id='page_1' title='image "/cluster/home/n/w/nwhite01/storage/ocr_20150623/14/mdp.39015052831362/717.png"; bbox 0 0 3744 6146; ppageno 0'>
   <div class='ocr_carea' id='block_1_1' title="bbox 317 248 447 302">
    <p class='ocr_par' dir='ltr' id='par_1_1' title="bbox 317 248 447 302">
     <span class='ocr_line' id='line_1_1' title="bbox 317 248 447 302; baseline -0.008 0"><span class='ocrx_word' id='word_1_1' title='bbox 317 248 447 302; x_wconf 74' lang='grc'>1251</span> 
     </span>
    </p>
   </div>
   <div class='ocr_carea' id='block_1_2' title="bbox 1787 240 2106 298">
    <p class='ocr_par' dir='ltr' id='par_1_2' title="bbox 1787 240 2106 298">
     <span class='ocr_line' id='line_1_2' title="bbox 1787 240 2106 298; baseline -0.006 0"><span class='ocrx_word' id='word_1_2' title='bbox 1787 240 2106 298; x_wconf 84' lang='lat' dir='ltr'><strong>ORlGENlS</strong></span> 
     </span>
    </p>
   </div>
   <div class='ocr_carea' id='block_1_3' title="bbox 3426 237 3560 292">
    <p class='ocr_par' dir='ltr' id='par_1_3' title="bbox 3426 237 3560 292">
     <span class='ocr_line' id='line_1_3' title="bbox 3426 237 3560 292; baseline -0.007 0"><span class='ocrx_word' id='word_1_3' title='bbox 3426 237 3560 292; x_wconf 78' lang='grc'>1252</span> 
     </span>
    </p>
   </div>
   <div class='ocr_carea' id='block_1_4' title="bbox 315 355 3562 434">
    <p class='ocr_par' dir='ltr' id='par_1_4' title="bbox 315 355 3562 434">
     <span class='ocr_line' id='line_1_4' title="bbox 315 355 3562 434; baseline -0.003 -18"><span class='ocrx_word' id='word_1_4' title='bbox 315 381 433 432; x_wconf 68' lang='lat' dir='ltr'><strong>quite</strong></span> <span class='ocrx_word' id='word_1_5' title='bbox 459 365 683 428; x_wconf 88' lang='lat' dir='ltr'><strong>addidit,</strong></span> <span class='ocrx_word' id='word_1_6' title='bbox 715 365 909 418; x_wconf 88' lang='lat' dir='ltr'><strong>idest:</strong></span> <span class='ocrx_word' id='word_1_7' title='bbox 935 362 1144 418; x_wconf 76' lang='lat' dir='ltr'><strong>Nemini</strong></span> <span class='ocrx_word' id='word_1_8' title='bbox 1165 365 1446 434; x_wconf 76' lang='lat' dir='ltr'><strong>quidquam</strong></span> <span class='ocrx_word' id='word_1_9' title='bbox 1469 363 1739 428; x_wconf 79' lang='lat' dir='ltr'><strong>debeatis;</strong></span> <span class='ocrx_word' id='word_1_10' title='bbox 1770 376 1881 415; x_wconf 88' lang='lat' dir='ltr'><strong>cer-</strong></span> <span class='ocrx_word' id='word_1_11' title='bbox 1908 367 1955 421; x_wconf 74' lang='grc' dir='ltr'><strong>Α</strong></span> <span class='ocrx_word' id='word_1_12' title='bbox 1983 374 2046 413; x_wconf 81' lang='lat' dir='ltr'><strong>ac</strong></span> <span class='ocrx_word' id='word_1_13' title='bbox 2092 357 2303 412; x_wconf 85' lang='lat' dir='ltr'><strong>Veteris</strong></span> <span class='ocrx_word' id='word_1_14' title='bbox 2353 356 2685 411; x_wconf 90' lang='lat' dir='ltr'><strong>Testamenti</strong></span> <span class='ocrx_word' id='word_1_15' title='bbox 2742 357 2806 412; x_wconf 85' lang='lat' dir='ltr'><strong>ad</strong></span> <span class='ocrx_word' id='word_1_16' title='bbox 2856 367 3056 412; x_wconf 59' lang='lat' dir='ltr'><strong>nostrae</strong></span> <span class='ocrx_word' id='word_1_17' title='bbox 3092 371 3236 410; x_wconf 72' lang='lat' dir='ltr'><strong>cum</strong></span> <span class='ocrx_word' id='word_1_18' title='bbox 3291 355 3562 408; x_wconf 76' lang='lat' dir='ltr'><strong>concessit</strong></span> 
     </span>
    </p>
   </div>
   <div class='ocr_carea' id='block_1_5' title="bbox 319 459 1883 530">
    <p class='ocr_par' dir='ltr' id='par_1_5' title="bbox 319 459 1883 530">
     <span class='ocr_line' id='line_1_5' title="bbox 319 459 1883 530; baseline -0.001 -15"><span class='ocrx_word' id='word_1_19' title='bbox 319 473 428 515; x_wconf 87' lang='lat' dir='ltr'><strong>tum</strong></span> <span class='ocrx_word' id='word_1_20' title='bbox 461 469 544 514; x_wconf 90' lang='lat' dir='ltr'><strong>est</strong></span> <span class='ocrx_word' id='word_1_21' title='bbox 573 460 638 512; x_wconf 88' lang='lat' dir='ltr'><strong>ad</strong></span> <span class='ocrx_word' id='word_1_22' title='bbox 669 459 952 512; x_wconf 89' lang='lat' dir='ltr'><strong>ministros</strong></span> <span class='ocrx_word' id='word_1_23' title='bbox 990 460 1179 512; x_wconf 81' lang='lat' dir='ltr'><strong>referri</strong></span> <span class='ocrx_word' id='word_1_24' title='bbox 1203 501 1217 524; x_wconf 89' lang='lat'><strong>,</strong></span> <span class='ocrx_word' id='word_1_25' title='bbox 1265 461 1462 528; x_wconf 83' lang='lat' dir='ltr'><strong>quibus</strong></span> <span class='ocrx_word' id='word_1_26' title='bbox 1501 461 1717 516; x_wconf 86' lang='lat' dir='ltr'><strong>debitor</strong></span> <span class='ocrx_word' id='word_1_27' title='bbox 1761 461 1883 530; x_wconf 88' lang='lat' dir='ltr'><strong>quis</strong></span> 
     </span>
    </p>
   </div>
   <div class='ocr_carea' id='block_1_6' title="bbox 315 551 1880 625">
    <p class='ocr_par' dir='ltr' id='par_1_6' title="bbox 315 551 1880 625">
     <span class='ocr_line' id='line_1_6' title="bbox 315 551 1880 625; baseline 0.001 -19"><span class='ocrx_word' id='word_1_28' title='bbox 315 551 548 607; x_wconf 82' lang='lat' dir='ltr'><strong>eﬂicitur</strong></span> <span class='ocrx_word' id='word_1_29' title='bbox 576 567 697 606; x_wconf 87' lang='lat' dir='ltr'><strong>cum</strong></span> <span class='ocrx_word' id='word_1_30' title='bbox 728 551 1052 621; x_wconf 75' lang='lat' dir='ltr'><strong>peccaverit.</strong></span> <span class='ocrx_word' id='word_1_31' title='bbox 1105 551 1354 608; x_wconf 89' lang='lat' dir='ltr'><strong>Debitum</strong></span> <span class='ocrx_word' id='word_1_32' title='bbox 1405 555 1548 608; x_wconf 90' lang='lat' dir='ltr'><strong>enim</strong></span> <span class='ocrx_word' id='word_1_33' title='bbox 1600 565 1880 625; x_wconf 90' lang='lat' dir='ltr'><strong>peccatum</strong></span> 
     </span>
    </p>
   </div>
   <div class='ocr_carea' id='block_1_7' title="bbox 315 645 1885 716">
    <p class='ocr_par' dir='ltr' id='par_1_7' title="bbox 315 645 1885 716">
     <span class='ocr_line' id='line_1_7' title="bbox 315 645 1885 716; baseline 0.003 -18"><span class='ocrx_word' id='word_1_34' title='bbox 315 661 436 700; x_wconf 81' lang='lat' dir='ltr'><strong>esse</strong></span> <span class='ocrx_word' id='word_1_35' title='bbox 464 645 516 699; x_wconf 91' lang='lat' dir='ltr'><strong>iu</strong></span> <span class='ocrx_word' id='word_1_36' title='bbox 553 645 739 699; x_wconf 90' lang='lat' dir='ltr'><strong>multis</strong></span> <span class='ocrx_word' id='word_1_37' title='bbox 771 655 825 698; x_wconf 92' lang='lat' dir='ltr'><strong>et</strong></span> <span class='ocrx_word' id='word_1_38' title='bbox 858 646 970 716; x_wconf 87' lang='grc'>(20)</span> <span class='ocrx_word' id='word_1_39' title='bbox 1009 645 1327 714; x_wconf 79' lang='lat' dir='ltr'><strong>frequenter</strong></span> <span class='ocrx_word' id='word_1_40' title='bbox 1358 650 1714 703; x_wconf 72' lang='lat' dir='ltr'><strong>ostendimus.</strong></span> <span class='ocrx_word' id='word_1_41' title='bbox 1760 647 1885 703; x_wconf 86' lang='lat' dir='ltr'><strong>Vult</strong></span> 
     </span>
    </p>
   </div>
   <div class='ocr_carea' id='block_1_8' title="bbox 314 737 1881 807">
    <p class='ocr_par' dir='ltr' id='par_1_8' title="bbox 314 737 1881 807">
     <span class='ocr_line' id='line_1_8' title="bbox 314 737 1881 807; baseline 0.002 -16"><span class='ocrx_word' id='word_1_42' title='bbox 314 752 444 807; x_wconf 86' lang='lat' dir='ltr'><strong>ergo</strong></span> <span class='ocrx_word' id='word_1_43' title='bbox 476 737 674 791; x_wconf 83' lang='lat' dir='ltr'><strong>Paulus</strong></span> <span class='ocrx_word' id='word_1_44' title='bbox 705 738 910 807; x_wconf 82' lang='lat' dir='ltr'><strong>peccati</strong></span> <span class='ocrx_word' id='word_1_45' title='bbox 960 738 1179 806; x_wconf 87' lang='lat' dir='ltr'><strong>quidem</strong></span> <span class='ocrx_word' id='word_1_46' title='bbox 1233 753 1393 793; x_wconf 92' lang='lat' dir='ltr'><strong>omne</strong></span> <span class='ocrx_word' id='word_1_47' title='bbox 1430 741 1673 794; x_wconf 88' lang='lat' dir='ltr'><strong>debitum</strong></span> <span class='ocrx_word' id='word_1_48' title='bbox 1723 741 1881 804; x_wconf 89' lang='lat' dir='ltr'><strong>solvi,</strong></span> 
     </span>
    </p>
   </div>
   <div class='ocr_carea' id='block_1_9' title="bbox 317 831 1883 902">
    <p class='ocr_par' dir='ltr' id='par_1_9' title="bbox 317 831 1883 902">
     <span class='ocr_line' id='line_1_9' title="bbox 317 831 1883 902; baseline 0.001 -19"><span class='ocrx_word' id='word_1_49' title='bbox 317 845 416 884; x_wconf 88' lang='lat' dir='ltr'><strong>nec</strong></span> <span class='ocrx_word' id='word_1_50' title='bbox 444 843 734 883; x_wconf 89' lang='lat' dir='ltr'><strong>remanere</strong></span> <span class='ocrx_word' id='word_1_51' title='bbox 772 831 996 884; x_wconf 88' lang='lat' dir='ltr'><strong>omnino</strong></span> <span class='ocrx_word' id='word_1_52' title='bbox 1027 831 1164 898; x_wconf 83' lang='lat' dir='ltr'><strong>apud</strong></span> <span class='ocrx_word' id='word_1_53' title='bbox 1217 847 1315 886; x_wconf 91' lang='lat' dir='ltr'><strong>nos</strong></span> <span class='ocrx_word' id='word_1_54' title='bbox 1361 833 1598 886; x_wconf 85' lang='lat' dir='ltr'><strong>debitum</strong></span> <span class='ocrx_word' id='word_1_55' title='bbox 1648 834 1883 902; x_wconf 86' lang='lat' dir='ltr'><strong>peccati,</strong></span> 
     </span>
    </p>
   </div>
   <div class='ocr_carea' id='block_1_10' title="bbox 318 924 1884 990">
    <p class='ocr_par' dir='ltr' id='par_1_10' title="bbox 318 924 1884 990">
     <span class='ocr_line' id='line_1_10' title="bbox 318 924 1884 990; baseline 0.004 -19"><span class='ocrx_word' id='word_1_56' title='bbox 318 934 638 986; x_wconf 85' lang='lat' dir='ltr'><strong>permanere</strong></span> <span class='ocrx_word' id='word_1_57' title='bbox 677 929 854 974; x_wconf 89' lang='lat' dir='ltr'><strong>tamen</strong></span> <span class='ocrx_word' id='word_1_58' title='bbox 888 931 942 974; x_wconf 93' lang='lat' dir='ltr'><strong>et</strong></span> <span class='ocrx_word' id='word_1_59' title='bbox 979 937 1250 990; x_wconf 86' lang='lat' dir='ltr'><strong>nunquam</strong></span> <span class='ocrx_word' id='word_1_60' title='bbox 1285 937 1500 978; x_wconf 86' lang='lat' dir='ltr'><strong>cessare</strong></span> <span class='ocrx_word' id='word_1_61' title='bbox 1532 939 1560 976; x_wconf 87' lang='lat' dir='ltr'><strong>a</strong></span> <span class='ocrx_word' id='word_1_62' title='bbox 1588 924 1744 978; x_wconf 92' lang='lat' dir='ltr'><strong>nobis</strong></span> <span class='ocrx_word' id='word_1_63' title='bbox 1791 925 1884 978; x_wconf 90' lang='lat' dir='ltr'><strong>de-</strong></span> 
     </span>
    </p>
   </div>
   <div class='ocr_carea' id='block_1_11' title="bbox 320 1009 1884 1080">
    <p class='ocr_par' dir='ltr' id='par_1_11' title="bbox 320 1009 1884 1080">
     <span class='ocr_line' id='line_1_11' title="bbox 320 1009 1884 1080; baseline 0.003 -17"><span class='ocrx_word' id='word_1_64' title='bbox 320 1010 490 1064; x_wconf 89' lang='lat' dir='ltr'><strong>bitum</strong></span> <span class='ocrx_word' id='word_1_65' title='bbox 525 1009 808 1064; x_wconf 88' lang='lat' dir='ltr'><strong>charitatis</strong></span> <span class='ocrx_word' id='word_1_66' title='bbox 843 1028 857 1065; x_wconf 90' lang='lat'><strong>:</strong></span> <span class='ocrx_word' id='word_1_67' title='bbox 890 1013 991 1064; x_wconf 89' lang='lat' dir='ltr'><strong>hoc</strong></span> <span class='ocrx_word' id='word_1_68' title='bbox 1023 1013 1167 1065; x_wconf 91' lang='lat' dir='ltr'><strong>enim</strong></span> <span class='ocrx_word' id='word_1_69' title='bbox 1200 1023 1253 1066; x_wconf 91' lang='lat' dir='ltr'><strong>et</strong></span> <span class='ocrx_word' id='word_1_70' title='bbox 1275 1014 1520 1080; x_wconf 85' lang='lat' dir='ltr'><strong>quotidie</strong></span> <span class='ocrx_word' id='word_1_71' title='bbox 1558 1014 1789 1078; x_wconf 87' lang='lat' dir='ltr'><strong>solvere,</strong></span> <span class='ocrx_word' id='word_1_72' title='bbox 1829 1024 1884 1070; x_wconf 88' lang='lat' dir='ltr'><strong>et</strong></span> 
     </span>
    </p>
   </div>
   <div class='ocr_carea' id='block_1_12' title="bbox 319 1101 1342 1174">
    <p class='ocr_par' dir='ltr' id='par_1_12' title="bbox 319 1101 1342 1174">
     <span class='ocr_line' id='line_1_12' title="bbox 319 1101 1342 1174; baseline 0.003 -20"><span class='ocrx_word' id='word_1_73' title='bbox 319 1116 534 1169; x_wconf 81' lang='lat' dir='ltr'><strong>semper</strong></span> <span class='ocrx_word' id='word_1_74' title='bbox 561 1103 758 1156; x_wconf 86' lang='lat' dir='ltr'><strong>debere</strong></span> <span class='ocrx_word' id='word_1_75' title='bbox 787 1102 1001 1169; x_wconf 84' lang='lat' dir='ltr'><strong>expedit</strong></span> <span class='ocrx_word' id='word_1_76' title='bbox 1029 1103 1183 1157; x_wconf 88' lang='lat' dir='ltr'><strong>nobis</strong></span> <span class='ocrx_word' id='word_1_77' title='bbox 1208 1101 1342 1174; x_wconf 84' lang='grc'>(21).</span> 
     </span>
    </p>
   </div>
   <div class='ocr_carea' id='block_1_13' title="bbox 389 1193 1882 1263">
    <p class='ocr_par' dir='ltr' id='par_1_13' title="bbox 389 1193 1882 1263">
     <span class='ocr_line' id='line_1_13' title="bbox 389 1193 1882 1263; baseline 0.003 -15"><span class='ocrx_word' id='word_1_78' title='bbox 389 1194 478 1248; x_wconf 78' lang='grc'><strong>51.</strong></span> <span class='ocrx_word' id='word_1_79' title='bbox 554 1193 794 1261; x_wconf 86' lang='lat' dir='ltr'><strong>Denique</strong></span> <span class='ocrx_word' id='word_1_80' title='bbox 839 1203 1059 1263; x_wconf 62' lang='lat' dir='ltr'><strong>quanta;</strong></span> <span class='ocrx_word' id='word_1_81' title='bbox 1111 1197 1330 1250; x_wconf 85' lang='lat' dir='ltr'><strong>virtutis</strong></span> <span class='ocrx_word' id='word_1_82' title='bbox 1387 1196 1460 1249; x_wconf 89' lang='lat' dir='ltr'><strong>sit</strong></span> <span class='ocrx_word' id='word_1_83' title='bbox 1507 1197 1780 1259; x_wconf 88' lang='lat' dir='ltr'><strong>charitas,</strong></span> <span class='ocrx_word' id='word_1_84' title='bbox 1830 1198 1882 1252; x_wconf 90' lang='lat' dir='ltr'><strong>in</strong></span> 
     </span>
    </p>
   </div>
   <div class='ocr_carea' id='block_1_14' title="bbox 319 1284 1885 1360">
    <p class='ocr_par' dir='ltr' id='par_1_14' title="bbox 319 1284 1885 1360">
     <span class='ocr_line' id='line_1_14' title="bbox 319 1284 1885 1360; baseline 0.003 -24"><span class='ocrx_word' id='word_1_85' title='bbox 319 1285 784 1352; x_wconf 88' lang='lat' dir='ltr'><strong>consequentibus</strong></span> <span class='ocrx_word' id='word_1_86' title='bbox 830 1284 1000 1352; x_wconf 87' lang='lat' dir='ltr'><strong>ponit.</strong></span> <span class='ocrx_word' id='word_1_87' title='bbox 1041 1285 1146 1351; x_wconf 81' lang='lat' dir='ltr'><strong>Qui</strong></span> <span class='ocrx_word' id='word_1_88' title='bbox 1183 1287 1317 1340; x_wconf 86' lang='lat' dir='ltr'><strong>enim</strong></span> <span class='ocrx_word' id='word_1_89' title='bbox 1342 1327 1356 1349; x_wconf 95' lang='lat'><strong>,</strong></span> <span class='ocrx_word' id='word_1_90' title='bbox 1390 1287 1723 1360; x_wconf 63' lang='lat' dir='ltr'><strong>iuquit(2‘2),</strong></span> <span class='ocrx_word' id='word_1_91' title='bbox 1760 1289 1885 1340; x_wconf 86' lang='lat' dir='ltr'><strong>dili-</strong></span> 
     </span>
    </p>
   </div>
   <div class='ocr_carea' id='block_1_15' title="bbox 319 1378 1885 1446">
    <p class='ocr_par' dir='ltr' id='par_1_15' title="bbox 319 1378 1885 1446">
     <span class='ocr_line' id='line_1_15' title="bbox 319 1378 1885 1446; baseline 0.004 -18"><span class='ocrx_word' id='word_1_92' title='bbox 319 1378 395 1444; x_wconf 96' lang='lat' dir='ltr'><strong>git</strong></span> <span class='ocrx_word' id='word_1_93' title='bbox 418 1378 736 1444; x_wconf 76' lang='lat' dir='ltr'><strong>proximum,</strong></span> <span class='ocrx_word' id='word_1_94' title='bbox 768 1378 928 1446; x_wconf 83' lang='lat' dir='ltr'><strong>legem</strong></span> <span class='ocrx_word' id='word_1_95' title='bbox 956 1379 1203 1444; x_wconf 81' lang='lat' dir='ltr'><strong>implevit.</strong></span> <span class='ocrx_word' id='word_1_96' title='bbox 1244 1378 1384 1432; x_wconf 85' lang='lat' dir='ltr'><strong>Nam</strong></span> <span class='ocrx_word' id='word_1_97' title='bbox 1413 1397 1516 1433; x_wconf 88' lang='lat' dir='ltr'><strong>non</strong></span> <span class='ocrx_word' id='word_1_98' title='bbox 1541 1383 1885 1446; x_wconf 83' lang='lat' dir='ltr'><strong>adulterabis,</strong></span> 
     </span>
    </p>
   </div>
   <div class='ocr_carea' id='block_1_16' title="bbox 323 1469 1888 1538">
    <p class='ocr_par' dir='ltr' id='par_1_16' title="bbox 323 1469 1888 1538">
     <span class='ocr_line' id='line_1_16' title="bbox 323 1469 1888 1538; baseline 0.002 -18"><span class='ocrx_word' id='word_1_99' title='bbox 323 1485 428 1521; x_wconf 82' lang='lat' dir='ltr'><strong>non</strong></span> <span class='ocrx_word' id='word_1_100' title='bbox 465 1469 694 1532; x_wconf 81' lang='lat' dir='ltr'><strong>occides,</strong></span> <span class='ocrx_word' id='word_1_101' title='bbox 723 1487 827 1523; x_wconf 85' lang='lat' dir='ltr'><strong>non</strong></span> <span class='ocrx_word' id='word_1_102' title='bbox 852 1469 1052 1537; x_wconf 80' lang='lat' dir='ltr'><strong>furtum</strong></span> <span class='ocrx_word' id='word_1_103' title='bbox 1077 1469 1271 1538; x_wconf 80' lang='lat' dir='ltr'><strong>facies,</strong></span> <span class='ocrx_word' id='word_1_104' title='bbox 1295 1486 1402 1524; x_wconf 89' lang='lat' dir='ltr'><strong>non</strong></span> <span class='ocrx_word' id='word_1_105' title='bbox 1438 1471 1633 1538; x_wconf 74' lang='lat' dir='ltr'><strong>falsum</strong></span> <span class='ocrx_word' id='word_1_106' title='bbox 1657 1472 1888 1524; x_wconf 86' lang='lat' dir='ltr'><strong>testimo-</strong></span> 
     </span>
    </p>
   </div>
   <div class='ocr_carea' id='block_1_17' title="bbox 323 1551 1887 1629">
    <p class='ocr_par' dir='ltr' id='par_1_17' title="bbox 323 1551 1887 1629">
     <span class='ocr_line' id='line_1_17' title="bbox 323 1551 1887 1629; baseline 0.003 -18"><span class='ocrx_word' id='word_1_107' title='bbox 323 1562 463 1612; x_wconf 86' lang='lat' dir='ltr'><strong>nium</strong></span> <span class='ocrx_word' id='word_1_108' title='bbox 499 1560 637 1613; x_wconf 87' lang='lat' dir='ltr'><strong>dices</strong></span> <span class='ocrx_word' id='word_1_109' title='bbox 663 1577 682 1626; x_wconf 91' lang='grc'><em>;</em></span> <span class='ocrx_word' id='word_1_110' title='bbox 708 1577 810 1614; x_wconf 80' lang='lat' dir='ltr'><strong>non</strong></span> <span class='ocrx_word' id='word_1_111' title='bbox 843 1563 1206 1627; x_wconf 75' lang='lat' dir='ltr'><strong>concupisces,</strong></span> <span class='ocrx_word' id='word_1_112' title='bbox 1251 1571 1300 1614; x_wconf 89' lang='lat' dir='ltr'><strong>et</strong></span> <span class='ocrx_word' id='word_1_113' title='bbox 1347 1563 1394 1615; x_wconf 88' lang='lat' dir='ltr'><strong>si</strong></span> <span class='ocrx_word' id='word_1_114' title='bbox 1437 1551 1598 1629; x_wconf 83' lang='lat' dir='ltr'><strong>quod</strong></span> <span class='ocrx_word' id='word_1_115' title='bbox 1623 1573 1698 1616; x_wconf 85' lang='lat' dir='ltr'><strong>est</strong></span> <span class='ocrx_word' id='word_1_116' title='bbox 1742 1563 1887 1616; x_wconf 81' lang='lat' dir='ltr'><strong>aliud</strong></span> 
     </span>
    </p>
   </div>
   <div class='ocr_carea' id='block_1_18' title="bbox 320 1651 1889 1722">
    <p class='ocr_par' dir='ltr' id='par_1_18' title="bbox 320 1651 1889 1722">
     <span class='ocr_line' id='line_1_18' title="bbox 320 1651 1889 1722; baseline 0.002 -19"><span class='ocrx_word' id='word_1_117' title='bbox 320 1651 648 1716; x_wconf 87' lang='lat' dir='ltr'><strong>mandatum,</strong></span> <span class='ocrx_word' id='word_1_118' title='bbox 681 1652 733 1705; x_wconf 88' lang='lat' dir='ltr'><strong>in</strong></span> <span class='ocrx_word' id='word_1_119' title='bbox 771 1652 867 1704; x_wconf 86' lang='lat' dir='ltr'><strong>Itoc</strong></span> <span class='ocrx_word' id='word_1_120' title='bbox 889 1652 1039 1703; x_wconf 77' lang='lat' dir='ltr'><strong>verbo</strong></span> <span class='ocrx_word' id='word_1_121' title='bbox 1063 1663 1392 1706; x_wconf 86' lang='lat' dir='ltr'><strong>restauratur</strong></span> <span class='ocrx_word' id='word_1_122' title='bbox 1428 1667 1446 1703; x_wconf 90' lang='lat'><strong><em>:</em></strong></span> <span class='ocrx_word' id='word_1_123' title='bbox 1477 1652 1676 1722; x_wconf 85' lang='lat' dir='ltr'><strong>Diliges</strong></span> <span class='ocrx_word' id='word_1_124' title='bbox 1712 1655 1889 1720; x_wconf 72' lang='lat' dir='ltr'><strong>proxi-</strong></span> 
     </span>
    </p>
   </div>
   <div class='ocr_carea' id='block_1_19' title="bbox 307 1741 1894 1808">
    <p class='ocr_par' dir='ltr' id='par_1_19' title="bbox 307 1741 1894 1808">
     <span class='ocr_line' id='line_1_19' title="bbox 307 1741 1894 1808; baseline 0.001 -15"><span class='ocrx_word' id='word_1_125' title='bbox 307 1758 464 1793; x_wconf 79' lang='lat' dir='ltr'><strong>mum</strong></span> <span class='ocrx_word' id='word_1_126' title='bbox 485 1752 631 1795; x_wconf 90' lang='lat' dir='ltr'><strong>tuum</strong></span> <span class='ocrx_word' id='word_1_127' title='bbox 657 1749 906 1808; x_wconf 85' lang='lat' dir='ltr'><strong>tanquam</strong></span> <span class='ocrx_word' id='word_1_128' title='bbox 931 1742 1149 1808; x_wconf 85' lang='lat' dir='ltr'><strong>teipsum</strong></span> <span class='ocrx_word' id='word_1_129' title='bbox 1180 1741 1246 1793; x_wconf 70' lang='grc'><strong>⁸⁸.</strong></span> <span class='ocrx_word' id='word_1_130' title='bbox 1273 1741 1336 1793; x_wconf 83' lang='grc' dir='ltr'>Ει</span> <span class='ocrx_word' id='word_1_131' title='bbox 1359 1741 1424 1793; x_wconf 90' lang='lat' dir='ltr'><strong>ad</strong></span> <span class='ocrx_word' id='word_1_132' title='bbox 1451 1741 1698 1794; x_wconf 91' lang='lat' dir='ltr'><strong>ultimum</strong></span> <span class='ocrx_word' id='word_1_133' title='bbox 1730 1741 1894 1795; x_wconf 86' lang='lat' dir='ltr'><strong>ratio-</strong></span> 
     </span>
    </p>
   </div>
   <div class='ocr_carea' id='block_1_20' title="bbox 324 1832 1889 1902">
    <p class='ocr_par' dir='ltr' id='par_1_20' title="bbox 324 1832 1889 1902">
     <span class='ocr_line' id='line_1_20' title="bbox 324 1832 1889 1902; baseline 0.001 -17"><span class='ocrx_word' id='word_1_134' title='bbox 324 1848 447 1886; x_wconf 91' lang='lat' dir='ltr'><strong>nem</strong></span> <span class='ocrx_word' id='word_1_135' title='bbox 481 1833 612 1887; x_wconf 89' lang='lat' dir='ltr'><strong>tanti</strong></span> <span class='ocrx_word' id='word_1_136' title='bbox 667 1832 827 1900; x_wconf 90' lang='lat' dir='ltr'><strong>hujus</strong></span> <span class='ocrx_word' id='word_1_137' title='bbox 865 1833 988 1886; x_wconf 91' lang='lat' dir='ltr'><strong>boni</strong></span> <span class='ocrx_word' id='word_1_138' title='bbox 1029 1833 1140 1902; x_wconf 76' lang='grc'>(25)</span> <span class='ocrx_word' id='word_1_139' title='bbox 1182 1833 1424 1888; x_wconf 86' lang='lat' dir='ltr'><strong>breviter</strong></span> <span class='ocrx_word' id='word_1_140' title='bbox 1466 1833 1730 1902; x_wconf 81' lang='lat' dir='ltr'><strong>colligens</strong></span> <span class='ocrx_word' id='word_1_141' title='bbox 1770 1833 1889 1886; x_wconf 90' lang='lat' dir='ltr'><strong>ait:</strong></span> 
     </span>
    </p>
   </div>
   <div class='ocr_carea' id='block_1_21' title="bbox 326 1925 1892 1996">
    <p class='ocr_par' dir='ltr' id='par_1_21' title="bbox 326 1925 1892 1996">
     <span class='ocr_line' id='line_1_21' title="bbox 326 1925 1892 1996; baseline 0.003 -20"><span class='ocrx_word' id='word_1_142' title='bbox 326 1925 548 1979; x_wconf 86' lang='lat' dir='ltr'><strong>Dilectio</strong></span> <span class='ocrx_word' id='word_1_143' title='bbox 595 1926 820 1995; x_wconf 72' lang='lat' dir='ltr'><strong>proximi</strong></span> <span class='ocrx_word' id='word_1_144' title='bbox 868 1925 1066 1979; x_wconf 86' lang='lat' dir='ltr'><strong>malum</strong></span> <span class='ocrx_word' id='word_1_145' title='bbox 1108 1942 1212 1979; x_wconf 85' lang='lat' dir='ltr'><strong>nou</strong></span> <span class='ocrx_word' id='word_1_146' title='bbox 1259 1936 1507 1996; x_wconf 80' lang='lat' dir='ltr'><strong>operatur</strong></span> <span class='ocrx_word' id='word_1_147' title='bbox 1553 1943 1572 1980; x_wconf 89' lang='lat'><strong><em>:</em></strong></span> <span class='ocrx_word' id='word_1_148' title='bbox 1621 1927 1892 1990; x_wconf 84' lang='lat' dir='ltr'><strong>plenitudo</strong></span> 
     </span>
    </p>
   </div>
   <div class='ocr_carea' id='block_1_22' title="bbox 323 2018 1892 2089">
    <p class='ocr_par' dir='ltr' id='par_1_22' title="bbox 323 2018 1892 2089">
     <span class='ocr_line' id='line_1_22' title="bbox 323 2018 1892 2089; baseline 0.001 -19"><span class='ocrx_word' id='word_1_149' title='bbox 323 2018 588 2087; x_wconf 86' lang='lat' dir='ltr'><strong>ergolegis</strong></span> <span class='ocrx_word' id='word_1_150' title='bbox 617 2027 694 2072; x_wconf 87' lang='lat' dir='ltr'><strong>est</strong></span> <span class='ocrx_word' id='word_1_151' title='bbox 720 2019 950 2070; x_wconf 86' lang='lat' dir='ltr'><strong>dilectio.</strong></span> <span class='ocrx_word' id='word_1_152' title='bbox 989 2019 1162 2086; x_wconf 88' lang='lat' dir='ltr'><strong>Supra</strong></span> <span class='ocrx_word' id='word_1_153' title='bbox 1189 2019 1401 2072; x_wconf 84' lang='lat' dir='ltr'><strong>dixerat</strong></span> <span class='ocrx_word' id='word_1_154' title='bbox 1429 2019 1556 2087; x_wconf 86' lang='lat' dir='ltr'><strong>quia</strong></span> <span class='ocrx_word' id='word_1_155' title='bbox 1594 2020 1683 2089; x_wconf 85' lang='lat' dir='ltr'><strong>qui</strong></span> <span class='ocrx_word' id='word_1_156' title='bbox 1717 2019 1892 2089; x_wconf 83' lang='lat' dir='ltr'><strong>diligit</strong></span> 
     </span>
    </p>
   </div>
   <div class='ocr_carea' id='block_1_23' title="bbox 323 2109 1893 2179">
    <p class='ocr_par' dir='ltr' id='par_1_23' title="bbox 323 2109 1893 2179">
     <span class='ocr_line' id='line_1_23' title="bbox 323 2109 1893 2179; baseline 0.005 -23"><span class='ocrx_word' id='word_1_157' title='bbox 323 2111 620 2179; x_wconf 68' lang='lat' dir='ltr'><strong>proximum</strong></span> <span class='ocrx_word' id='word_1_158' title='bbox 641 2150 655 2173; x_wconf 95' lang='lat'><strong>,</strong></span> <span class='ocrx_word' id='word_1_159' title='bbox 683 2109 844 2178; x_wconf 83' lang='lat' dir='ltr'><strong>legem</strong></span> <span class='ocrx_word' id='word_1_160' title='bbox 878 2109 1146 2177; x_wconf 85' lang='lat' dir='ltr'><strong>implevit;</strong></span> <span class='ocrx_word' id='word_1_161' title='bbox 1174 2119 1228 2162; x_wconf 89' lang='lat' dir='ltr'><strong>et</strong></span> <span class='ocrx_word' id='word_1_162' title='bbox 1265 2111 1389 2179; x_wconf 90' lang='lat' dir='ltr'><strong>quia</strong></span> <span class='ocrx_word' id='word_1_163' title='bbox 1421 2109 1637 2163; x_wconf 80' lang='lat' dir='ltr'><strong>diﬂicile</strong></span> <span class='ocrx_word' id='word_1_164' title='bbox 1682 2111 1893 2164; x_wconf 90' lang='lat' dir='ltr'><strong>videba-</strong></span> 
     </span>
    </p>
   </div>
   <div class='ocr_carea' id='block_1_24' title="bbox 327 2200 1891 2270">
    <p class='ocr_par' dir='ltr' id='par_1_24' title="bbox 327 2200 1891 2270">
     <span class='ocr_line' id='line_1_24' title="bbox 327 2200 1891 2270; baseline 0 -14"><span class='ocrx_word' id='word_1_165' title='bbox 327 2214 415 2256; x_wconf 91' lang='lat' dir='ltr'><strong>tur</strong></span> <span class='ocrx_word' id='word_1_166' title='bbox 449 2201 717 2270; x_wconf 89' lang='lat' dir='ltr'><strong>quomodo</strong></span> <span class='ocrx_word' id='word_1_167' title='bbox 744 2201 914 2269; x_wconf 86' lang='lat' dir='ltr'><strong>possit</strong></span> <span class='ocrx_word' id='word_1_168' title='bbox 940 2200 1062 2268; x_wconf 80' lang='lat' dir='ltr'><strong>quis</strong></span> <span class='ocrx_word' id='word_1_169' title='bbox 1087 2216 1301 2255; x_wconf 92' lang='lat' dir='ltr'><strong>omnem</strong></span> <span class='ocrx_word' id='word_1_170' title='bbox 1333 2202 1502 2270; x_wconf 83' lang='lat' dir='ltr'><strong>legem</strong></span> <span class='ocrx_word' id='word_1_171' title='bbox 1551 2203 1602 2255; x_wconf 89' lang='lat' dir='ltr'><strong>iu</strong></span> <span class='ocrx_word' id='word_1_172' title='bbox 1634 2200 1751 2269; x_wconf 71' lang='grc'>(24)</span> <span class='ocrx_word' id='word_1_173' title='bbox 1787 2217 1891 2256; x_wconf 91' lang='lat' dir='ltr'><strong>uno</strong></span> 
     </span>
    </p>
   </div>
   <div class='ocr_carea' id='block_1_25' title="bbox 325 2293 1889 2362">
    <p class='ocr_par' dir='ltr' id='par_1_25' title="bbox 325 2293 1889 2362">
     <span class='ocr_line' id='line_1_25' title="bbox 325 2293 1889 2362; baseline 0.003 -19"><span class='ocrx_word' id='word_1_174' title='bbox 325 2307 578 2347; x_wconf 77' lang='lat' dir='ltr'><strong>sermone</strong></span> <span class='ocrx_word' id='word_1_175' title='bbox 626 2293 922 2361; x_wconf 87' lang='lat' dir='ltr'><strong>complere,</strong></span> <span class='ocrx_word' id='word_1_176' title='bbox 980 2294 1350 2362; x_wconf 88' lang='lat' dir='ltr'><strong>plenissimam</strong></span> <span class='ocrx_word' id='word_1_177' title='bbox 1398 2293 1577 2347; x_wconf 86' lang='lat' dir='ltr'><strong>reddit</strong></span> <span class='ocrx_word' id='word_1_178' title='bbox 1623 2293 1889 2348; x_wconf 87' lang='lat' dir='ltr'><strong>rationem</strong></span> 
     </span>
    </p>
   </div>
   <div class='ocr_carea' id='block_1_26' title="bbox 325 2379 1892 2448">
    <p class='ocr_par' dir='ltr' id='par_1_26' title="bbox 325 2379 1892 2448">
     <span class='ocr_line' id='line_1_26' title="bbox 325 2379 1892 2448; baseline 0.001 -17"><span class='ocrx_word' id='word_1_179' title='bbox 325 2381 557 2435; x_wconf 90' lang='lat' dir='ltr'><strong>dicens:</strong></span> <span class='ocrx_word' id='word_1_180' title='bbox 603 2379 827 2433; x_wconf 88' lang='lat' dir='ltr'><strong>Dilectio</strong></span> <span class='ocrx_word' id='word_1_181' title='bbox 876 2381 1100 2440; x_wconf 69' lang='lat' dir='ltr'><strong>proximi</strong></span> <span class='ocrx_word' id='word_1_182' title='bbox 1137 2381 1336 2433; x_wconf 86' lang='lat' dir='ltr'><strong>malum</strong></span> <span class='ocrx_word' id='word_1_183' title='bbox 1384 2395 1487 2432; x_wconf 88' lang='lat' dir='ltr'><strong>non</strong></span> <span class='ocrx_word' id='word_1_184' title='bbox 1529 2390 1805 2448; x_wconf 82' lang='lat' dir='ltr'><strong>operatur,</strong></span> <span class='ocrx_word' id='word_1_185' title='bbox 1837 2389 1892 2432; x_wconf 89' lang='lat' dir='ltr'><strong>et</strong></span> 
     </span>
    </p>
   </div>
   <div class='ocr_carea' id='block_1_27' title="bbox 323 2471 1892 2542">
    <p class='ocr_par' dir='ltr' id='par_1_27' title="bbox 323 2471 1892 2542">
     <span class='ocr_line' id='line_1_27' title="bbox 323 2471 1892 2542; baseline -0.001 -16"><span class='ocrx_word' id='word_1_186' title='bbox 323 2474 447 2527; x_wconf 78' lang='lat' dir='ltr'><strong>ideo</strong></span> <span class='ocrx_word' id='word_1_187' title='bbox 473 2471 742 2542; x_wconf 85' lang='lat' dir='ltr'><strong>plenitudo</strong></span> <span class='ocrx_word' id='word_1_188' title='bbox 767 2475 892 2542; x_wconf 90' lang='lat' dir='ltr'><strong>legis</strong></span> <span class='ocrx_word' id='word_1_189' title='bbox 928 2484 1000 2526; x_wconf 89' lang='lat' dir='ltr'><strong>est</strong></span> <span class='ocrx_word' id='word_1_190' title='bbox 1030 2471 1261 2525; x_wconf 86' lang='lat' dir='ltr'><strong>dilectio.</strong></span> <span class='ocrx_word' id='word_1_191' title='bbox 1303 2471 1450 2525; x_wconf 91' lang='lat' dir='ltr'><strong>Pone</strong></span> <span class='ocrx_word' id='word_1_192' title='bbox 1480 2471 1622 2525; x_wconf 91' lang='lat' dir='ltr'><strong>enim</strong></span> <span class='ocrx_word' id='word_1_193' title='bbox 1651 2487 1746 2541; x_wconf 90' lang='lat' dir='ltr'><strong>per</strong></span> <span class='ocrx_word' id='word_1_194' title='bbox 1774 2471 1892 2524; x_wconf 86' lang='lat' dir='ltr'><strong>sin-</strong></span> 
     </span>
    </p>
   </div>
   <div class='ocr_carea' id='block_1_28' title="bbox 325 2560 1890 2632">
    <p class='ocr_par' dir='ltr' id='par_1_28' title="bbox 325 2560 1890 2632">
     <span class='ocr_line' id='line_1_28' title="bbox 325 2560 1890 2632; baseline -0.002 -19"><span class='ocrx_word' id='word_1_195' title='bbox 325 2563 446 2629; x_wconf 86' lang='lat' dir='ltr'><strong>gula</strong></span> <span class='ocrx_word' id='word_1_196' title='bbox 475 2562 725 2616; x_wconf 85' lang='lat' dir='ltr'><strong>mandata</strong></span> <span class='ocrx_word' id='word_1_197' title='bbox 753 2561 886 2632; x_wconf 82' lang='lat' dir='ltr'><strong>legis</strong></span> <span class='ocrx_word' id='word_1_198' title='bbox 914 2562 1289 2625; x_wconf 86' lang='lat' dir='ltr'><strong>dilectionem,</strong></span> <span class='ocrx_word' id='word_1_199' title='bbox 1336 2573 1392 2614; x_wconf 86' lang='lat' dir='ltr'><strong>et</strong></span> <span class='ocrx_word' id='word_1_200' title='bbox 1429 2563 1550 2615; x_wconf 82' lang='lat' dir='ltr'><strong>vide</strong></span> <span class='ocrx_word' id='word_1_201' title='bbox 1591 2575 1753 2628; x_wconf 85' lang='lat' dir='ltr'><strong>quam</strong></span> <span class='ocrx_word' id='word_1_202' title='bbox 1810 2560 1890 2612; x_wconf 79' lang='lat' dir='ltr'><strong>la-</strong></span> 
     </span>
    </p>
   </div>
   <div class='ocr_carea' id='block_1_29' title="bbox 317 2651 1890 2722">
    <p class='ocr_par' dir='ltr' id='par_1_29' title="bbox 317 2651 1890 2722">
     <span class='ocr_line' id='line_1_29' title="bbox 317 2651 1890 2722; baseline -0.003 -15"><span class='ocrx_word' id='word_1_203' title='bbox 317 2653 427 2707; x_wconf 83' lang='lat' dir='ltr'><strong>cile</strong></span> <span class='ocrx_word' id='word_1_204' title='bbox 455 2661 652 2707; x_wconf 91' lang='lat' dir='ltr'><strong>cuncta</strong></span> <span class='ocrx_word' id='word_1_205' title='bbox 683 2652 1039 2722; x_wconf 89' lang='lat' dir='ltr'><strong>complentur.</strong></span> <span class='ocrx_word' id='word_1_206' title='bbox 1071 2651 1320 2720; x_wconf 85' lang='lat' dir='ltr'><strong>Nunquid</strong></span> <span class='ocrx_word' id='word_1_207' title='bbox 1359 2651 1450 2720; x_wconf 89' lang='lat' dir='ltr'><strong>qui</strong></span> <span class='ocrx_word' id='word_1_208' title='bbox 1495 2651 1669 2721; x_wconf 83' lang='lat' dir='ltr'><strong>diligit</strong></span> <span class='ocrx_word' id='word_1_209' title='bbox 1709 2651 1890 2720; x_wconf 80' lang='lat' dir='ltr'><strong>proxi-</strong></span> 
     </span>
    </p>
   </div>
   <div class='ocr_carea' id='block_1_30' title="bbox 326 2741 1890 2811">
    <p class='ocr_par' dir='ltr' id='par_1_30' title="bbox 326 2741 1890 2811">
     <span class='ocr_line' id='line_1_30' title="bbox 326 2741 1890 2811; baseline -0.002 -15"><span class='ocrx_word' id='word_1_210' title='bbox 326 2759 496 2807; x_wconf 90' lang='lat' dir='ltr'><strong>mum,</strong></span> <span class='ocrx_word' id='word_1_211' title='bbox 527 2741 775 2797; x_wconf 89' lang='lat' dir='ltr'><strong>occidere</strong></span> <span class='ocrx_word' id='word_1_212' title='bbox 804 2757 927 2797; x_wconf 91' lang='lat' dir='ltr'><strong>eum</strong></span> <span class='ocrx_word' id='word_1_213' title='bbox 955 2743 1177 2810; x_wconf 76' lang='lat' dir='ltr'><strong>potest?</strong></span> <span class='ocrx_word' id='word_1_214' title='bbox 1206 2742 1424 2797; x_wconf 85' lang='lat' dir='ltr'><strong>Certum</strong></span> <span class='ocrx_word' id='word_1_215' title='bbox 1453 2744 1704 2811; x_wconf 88' lang='lat' dir='ltr'><strong>estquod</strong></span> <span class='ocrx_word' id='word_1_216' title='bbox 1728 2755 1890 2794; x_wconf 89' lang='lat' dir='ltr'><strong>nemo</strong></span> 
     </span>
    </p>
   </div>
   <div class='ocr_carea' id='block_1_31' title="bbox 315 2831 1886 2903">
    <p class='ocr_par' dir='ltr' id='par_1_31' title="bbox 315 2831 1886 2903">
     <span class='ocr_line' id='line_1_31' title="bbox 315 2831 1886 2903; baseline -0.001 -17"><span class='ocrx_word' id='word_1_217' title='bbox 315 2849 484 2902; x_wconf 88' lang='lat' dir='ltr'><strong>quem</strong></span> <span class='ocrx_word' id='word_1_218' title='bbox 519 2833 696 2903; x_wconf 77' lang='lat' dir='ltr'><strong>diligit</strong></span> <span class='ocrx_word' id='word_1_219' title='bbox 718 2832 1031 2886; x_wconf 80' lang='lat' dir='ltr'><strong>interﬁciat.</strong></span> <span class='ocrx_word' id='word_1_220' title='bbox 1060 2831 1152 2886; x_wconf 87' lang='lat' dir='ltr'><strong>Est</strong></span> <span class='ocrx_word' id='word_1_221' title='bbox 1183 2847 1311 2902; x_wconf 90' lang='lat' dir='ltr'><strong>ergo</strong></span> <span class='ocrx_word' id='word_1_222' title='bbox 1347 2831 1564 2886; x_wconf 86' lang='lat' dir='ltr'><strong>dilectio</strong></span> <span class='ocrx_word' id='word_1_223' title='bbox 1604 2846 1699 2899; x_wconf 92' lang='lat' dir='ltr'><strong>per</strong></span> <span class='ocrx_word' id='word_1_224' title='bbox 1727 2847 1886 2899; x_wconf 92' lang='lat' dir='ltr'><strong>quam</strong></span> 
     </span>
    </p>
   </div>
   <div class='ocr_carea' id='block_1_32' title="bbox 323 2917 1888 2989">
    <p class='ocr_par' dir='ltr' id='par_1_32' title="bbox 323 2917 1888 2989">
     <span class='ocr_line' id='line_1_32' title="bbox 323 2917 1888 2989; baseline -0.003 -15"><span class='ocrx_word' id='word_1_225' title='bbox 323 2919 617 2989; x_wconf 82' lang='lat' dir='ltr'><strong>impleatur</strong></span> <span class='ocrx_word' id='word_1_226' title='bbox 661 2923 970 2974; x_wconf 85' lang='lat' dir='ltr'><strong>mandatum</strong></span> <span class='ocrx_word' id='word_1_227' title='bbox 1021 2935 1129 2987; x_wconf 90' lang='lat' dir='ltr'><strong>quo</strong></span> <span class='ocrx_word' id='word_1_228' title='bbox 1194 2919 1506 2988; x_wconf 64' lang='lat' dir='ltr'><strong>praecipitur</strong></span> <span class='ocrx_word' id='word_1_229' title='bbox 1546 2917 1658 2986; x_wconf 82' lang='grc'>(25)</span> <span class='ocrx_word' id='word_1_230' title='bbox 1699 2935 1713 2970; x_wconf 90' lang='lat'><strong>:</strong></span> <span class='ocrx_word' id='word_1_231' title='bbox 1765 2917 1888 2970; x_wconf 87' lang='lat' dir='ltr'><strong>Non</strong></span> 
     </span>
    </p>
   </div>
   <div class='ocr_carea' id='block_1_33' title="bbox 1984 450 3558 520">
    <p class='ocr_par' dir='ltr' id='par_1_33' title="bbox 1984 450 3558 520">
     <span class='ocr_line' id='line_1_33' title="bbox 1984 450 3558 520; baseline -0.005 -16"><span class='ocrx_word' id='word_1_232' title='bbox 1984 465 2268 519; x_wconf 78' lang='lat' dir='ltr'><strong>expensas.</strong></span> <span class='ocrx_word' id='word_1_233' title='bbox 2294 450 2447 504; x_wconf 87' lang='lat' dir='ltr'><strong>Hunc</strong></span> <span class='ocrx_word' id='word_1_234' title='bbox 2467 465 2596 520; x_wconf 84' lang='lat' dir='ltr'><strong>ergo</strong></span> <span class='ocrx_word' id='word_1_235' title='bbox 2616 451 2922 518; x_wconf 80' lang='lat' dir='ltr'><strong>proximum</strong></span> <span class='ocrx_word' id='word_1_236' title='bbox 2943 452 2986 504; x_wconf 91' lang='lat' dir='ltr'><strong>si</strong></span> <span class='ocrx_word' id='word_1_237' title='bbox 3006 450 3315 519; x_wconf 83' lang='lat' dir='ltr'><strong>diligamus,</strong></span> <span class='ocrx_word' id='word_1_238' title='bbox 3342 461 3558 497; x_wconf 88' lang='lat' dir='ltr'><strong>omnent</strong></span> 
     </span>
    </p>
   </div>
   <div class='ocr_carea' id='block_1_34' title="bbox 1984 541 3560 612">
    <p class='ocr_par' dir='ltr' id='par_1_34' title="bbox 1984 541 3560 612">
     <span class='ocr_line' id='line_1_34' title="bbox 1984 541 3560 612; baseline -0.006 -18"><span class='ocrx_word' id='word_1_239' title='bbox 1984 543 2156 612; x_wconf 80' lang='lat' dir='ltr'><strong>legem</strong></span> <span class='ocrx_word' id='word_1_240' title='bbox 2192 550 2246 594; x_wconf 90' lang='lat' dir='ltr'><strong>et</strong></span> <span class='ocrx_word' id='word_1_241' title='bbox 2277 542 2526 596; x_wconf 88' lang='lat' dir='ltr'><strong>universa</strong></span> <span class='ocrx_word' id='word_1_242' title='bbox 2569 542 2823 595; x_wconf 85' lang='lat' dir='ltr'><strong>mandata</strong></span> <span class='ocrx_word' id='word_1_243' title='bbox 2869 541 2922 596; x_wconf 91' lang='lat' dir='ltr'><strong>in</strong></span> <span class='ocrx_word' id='word_1_244' title='bbox 2966 543 3133 610; x_wconf 90' lang='lat' dir='ltr'><strong>ipsius</strong></span> <span class='ocrx_word' id='word_1_245' title='bbox 3168 553 3356 592; x_wconf 89' lang='lat' dir='ltr'><strong>amore</strong></span> <span class='ocrx_word' id='word_1_246' title='bbox 3408 553 3560 588; x_wconf 77' lang='lat' dir='ltr'><strong>coin-</strong></span> 
     </span>
    </p>
   </div>
   <div class='ocr_carea' id='block_1_35' title="bbox 1985 627 3560 702">
    <p class='ocr_par' dir='ltr' id='par_1_35' title="bbox 1985 627 3560 702">
     <span class='ocr_line' id='line_1_35' title="bbox 1985 627 3560 702; baseline -0.007 -17"><span class='ocrx_word' id='word_1_247' title='bbox 1985 633 2193 701; x_wconf 88' lang='lat' dir='ltr'><strong>plemus</strong></span> <span class='ocrx_word' id='word_1_248' title='bbox 2222 631 2355 702; x_wconf 87' lang='grc'>(28).</span> <span class='ocrx_word' id='word_1_249' title='bbox 2382 629 2536 685; x_wconf 83' lang='lat' dir='ltr'><strong>Finis</strong></span> <span class='ocrx_word' id='word_1_250' title='bbox 2568 635 2706 686; x_wconf 89' lang='lat' dir='ltr'><strong>enim</strong></span> <span class='ocrx_word' id='word_1_251' title='bbox 2744 633 2875 702; x_wconf 85' lang='lat' dir='ltr'><strong>legis</strong></span> <span class='ocrx_word' id='word_1_252' title='bbox 2900 631 3142 685; x_wconf 80' lang='lat' dir='ltr'><strong>Christus</strong></span> <span class='ocrx_word' id='word_1_253' title='bbox 3183 631 3250 682; x_wconf 85' lang='lat' dir='ltr'><strong>ad</strong></span> <span class='ocrx_word' id='word_1_254' title='bbox 3290 627 3560 697; x_wconf 78' lang='lat' dir='ltr'><strong>justitiam</strong></span> 
     </span>
    </p>
   </div>
   <div class='ocr_carea' id='block_1_36' title="bbox 1985 715 3559 792">
    <p class='ocr_par' dir='ltr' id='par_1_36' title="bbox 1985 715 3559 792">
     <span class='ocr_line' id='line_1_36' title="bbox 1985 715 3559 792; baseline -0.01 -12"><span class='ocrx_word' id='word_1_255' title='bbox 1985 729 2130 780; x_wconf 87' lang='lat' dir='ltr'><strong>omni</strong></span> <span class='ocrx_word' id='word_1_256' title='bbox 2153 724 2444 780; x_wconf 73' lang='lat' dir='ltr'><strong>credenti&quot;8</strong></span> <span class='ocrx_word' id='word_1_257' title='bbox 2473 743 2488 782; x_wconf 89' lang='lat'><em>:</em></span> <span class='ocrx_word' id='word_1_258' title='bbox 2520 740 2619 778; x_wconf 85' lang='lat' dir='ltr'><strong>nec</strong></span> <span class='ocrx_word' id='word_1_259' title='bbox 2649 724 2760 778; x_wconf 82' lang='lat' dir='ltr'><strong>ﬁeri</strong></span> <span class='ocrx_word' id='word_1_260' title='bbox 2796 723 2903 776; x_wconf 92' lang='lat' dir='ltr'><strong>ullo</strong></span> <span class='ocrx_word' id='word_1_261' title='bbox 2934 732 3092 792; x_wconf 90' lang='lat' dir='ltr'><strong>pacto</strong></span> <span class='ocrx_word' id='word_1_262' title='bbox 3135 729 3351 790; x_wconf 89' lang='lat' dir='ltr'><strong>potest,</strong></span> <span class='ocrx_word' id='word_1_263' title='bbox 3383 727 3442 771; x_wconf 91' lang='lat' dir='ltr'><strong>ut</strong></span> <span class='ocrx_word' id='word_1_264' title='bbox 3472 715 3559 783; x_wconf 92' lang='lat' dir='ltr'><strong>qui</strong></span> 
     </span>
    </p>
   </div>
   <div class='ocr_carea' id='block_1_37' title="bbox 1985 808 3562 881">
    <p class='ocr_par' dir='ltr' id='par_1_37' title="bbox 1985 808 3562 881">
     <span class='ocr_line' id='line_1_37' title="bbox 1985 808 3562 881; baseline -0.009 -7"><span class='ocrx_word' id='word_1_265' title='bbox 1985 835 2054 874; x_wconf 89' lang='lat' dir='ltr'><strong>ex</strong></span> <span class='ocrx_word' id='word_1_266' title='bbox 2095 828 2206 872; x_wconf 80' lang='lat' dir='ltr'><strong>toto</strong></span> <span class='ocrx_word' id='word_1_267' title='bbox 2257 818 2531 881; x_wconf 88' lang='lat' dir='ltr'><strong>corde,et</strong></span> <span class='ocrx_word' id='word_1_268' title='bbox 2582 832 2648 871; x_wconf 84' lang='lat' dir='ltr'><strong>ex</strong></span> <span class='ocrx_word' id='word_1_269' title='bbox 2697 818 2823 871; x_wconf 91' lang='lat' dir='ltr'><strong>totis</strong></span> <span class='ocrx_word' id='word_1_270' title='bbox 2869 814 3171 869; x_wconf 82' lang='lat' dir='ltr'><strong>visceribus</strong></span> <span class='ocrx_word' id='word_1_271' title='bbox 3218 812 3332 865; x_wconf 89' lang='lat' dir='ltr'><strong>suis</strong></span> <span class='ocrx_word' id='word_1_272' title='bbox 3385 808 3562 876; x_wconf 78' lang='lat' dir='ltr'><strong>diligit</strong></span> 
     </span>
    </p>
   </div>
   <div class='ocr_carea' id='block_1_38' title="bbox 1985 899 3558 976">
    <p class='ocr_par' dir='ltr' id='par_1_38' title="bbox 1985 899 3558 976">
     <span class='ocr_line' id='line_1_38' title="bbox 1985 899 3558 976; baseline -0.008 -13"><span class='ocrx_word' id='word_1_273' title='bbox 1985 908 2286 970; x_wconf 89' lang='lat' dir='ltr'><strong>Christum,</strong></span> <span class='ocrx_word' id='word_1_274' title='bbox 2313 907 2478 962; x_wconf 82' lang='lat' dir='ltr'><strong>faciat</strong></span> <span class='ocrx_word' id='word_1_275' title='bbox 2510 907 2713 975; x_wconf 87' lang='lat' dir='ltr'><strong>aliquid</strong></span> <span class='ocrx_word' id='word_1_276' title='bbox 2754 908 2896 976; x_wconf 91' lang='lat' dir='ltr'><strong>quod</strong></span> <span class='ocrx_word' id='word_1_277' title='bbox 2932 920 3036 958; x_wconf 90' lang='lat' dir='ltr'><strong>non</strong></span> <span class='ocrx_word' id='word_1_278' title='bbox 3065 903 3272 972; x_wconf 86' lang='lat' dir='ltr'><strong>placeat</strong></span> <span class='ocrx_word' id='word_1_279' title='bbox 3314 899 3558 954; x_wconf 85' lang='lat' dir='ltr'><strong>Christo.</strong></span> 
     </span>
    </p>
   </div>
   <div class='ocr_carea' id='block_1_39' title="bbox 1985 988 3559 1069">
    <p class='ocr_par' dir='ltr' id='par_1_39' title="bbox 1985 988 3559 1069">
     <span class='ocr_line' id='line_1_39' title="bbox 1985 988 3559 1069; baseline -0.008 -16"><span class='ocrx_word' id='word_1_280' title='bbox 1985 999 2134 1054; x_wconf 86' lang='lat' dir='ltr'><strong>illum</strong></span> <span class='ocrx_word' id='word_1_281' title='bbox 2160 999 2301 1053; x_wconf 90' lang='lat' dir='ltr'><strong>enim</strong></span> <span class='ocrx_word' id='word_1_282' title='bbox 2335 999 2426 1069; x_wconf 94' lang='lat' dir='ltr'><strong>qui</strong></span> <span class='ocrx_word' id='word_1_283' title='bbox 2454 998 2643 1066; x_wconf 80' lang='lat' dir='ltr'><strong>diligit,</strong></span> <span class='ocrx_word' id='word_1_284' title='bbox 2675 1013 2780 1051; x_wconf 90' lang='lat' dir='ltr'><strong>non</strong></span> <span class='ocrx_word' id='word_1_285' title='bbox 2813 997 2986 1051; x_wconf 91' lang='lat' dir='ltr'><strong>solum</strong></span> <span class='ocrx_word' id='word_1_286' title='bbox 3027 1010 3131 1048; x_wconf 89' lang='lat' dir='ltr'><strong>non</strong></span> <span class='ocrx_word' id='word_1_287' title='bbox 3159 991 3385 1052; x_wconf 87' lang='lat' dir='ltr'><strong>occidit,</strong></span> <span class='ocrx_word' id='word_1_288' title='bbox 3413 988 3559 1058; x_wconf 87' lang='lat' dir='ltr'><strong>quod</strong></span> 
     </span>
    </p>
   </div>
   <div class='ocr_carea' id='block_1_40' title="bbox 1985 1081 3558 1162">
    <p class='ocr_par' dir='ltr' id='par_1_40' title="bbox 1985 1081 3558 1162">
     <span class='ocr_line' id='line_1_40' title="bbox 1985 1081 3558 1162; baseline -0.005 -16"><span class='ocrx_word' id='word_1_289' title='bbox 1985 1093 2235 1162; x_wconf 87' lang='lat' dir='ltr'><strong>prohibet</strong></span> <span class='ocrx_word' id='word_1_290' title='bbox 2265 1092 2387 1153; x_wconf 84' lang='lat' dir='ltr'><strong>lex;</strong></span> <span class='ocrx_word' id='word_1_291' title='bbox 2426 1092 2520 1146; x_wconf 90' lang='lat' dir='ltr'><strong>sed</strong></span> <span class='ocrx_word' id='word_1_292' title='bbox 2553 1107 2651 1145; x_wconf 90' lang='lat' dir='ltr'><strong>nec</strong></span> <span class='ocrx_word' id='word_1_293' title='bbox 2681 1090 2932 1144; x_wconf 84' lang='lat' dir='ltr'><strong>irascitur</strong></span> <span class='ocrx_word' id='word_1_294' title='bbox 2961 1087 3117 1142; x_wconf 83' lang='lat' dir='ltr'><strong>fratri</strong></span> <span class='ocrx_word' id='word_1_295' title='bbox 3151 1101 3249 1139; x_wconf 91' lang='lat' dir='ltr'><strong>suo</strong></span> <span class='ocrx_word' id='word_1_296' title='bbox 3283 1084 3424 1154; x_wconf 89' lang='grc'>(29).</span> <span class='ocrx_word' id='word_1_297' title='bbox 3458 1081 3558 1146; x_wconf 83' lang='lat' dir='ltr'><strong>Qui</strong></span> 
     </span>
    </p>
   </div>
   <div class='ocr_carea' id='block_1_41' title="bbox 1988 1174 3564 1253">
    <p class='ocr_par' dir='ltr' id='par_1_41' title="bbox 1988 1174 3564 1253">
     <span class='ocr_line' id='line_1_41' title="bbox 1988 1174 3564 1253; baseline -0.008 -14"><span class='ocrx_word' id='word_1_298' title='bbox 1988 1187 2061 1239; x_wconf 91' lang='lat' dir='ltr'><strong>ita</strong></span> <span class='ocrx_word' id='word_1_299' title='bbox 2099 1185 2400 1239; x_wconf 85' lang='lat' dir='ltr'><strong>delectatur</strong></span> <span class='ocrx_word' id='word_1_300' title='bbox 2431 1183 2522 1237; x_wconf 93' lang='lat' dir='ltr'><strong>illo</strong></span> <span class='ocrx_word' id='word_1_301' title='bbox 2544 1198 2711 1253; x_wconf 88' lang='lat' dir='ltr'><strong>quem</strong></span> <span class='ocrx_word' id='word_1_302' title='bbox 2750 1182 2939 1253; x_wconf 82' lang='lat' dir='ltr'><strong>diligit,</strong></span> <span class='ocrx_word' id='word_1_303' title='bbox 2963 1197 3068 1234; x_wconf 91' lang='lat' dir='ltr'><strong>non</strong></span> <span class='ocrx_word' id='word_1_304' title='bbox 3101 1179 3271 1234; x_wconf 90' lang='lat' dir='ltr'><strong>solum</strong></span> <span class='ocrx_word' id='word_1_305' title='bbox 3291 1192 3401 1230; x_wconf 89' lang='lat' dir='ltr'><strong>non</strong></span> <span class='ocrx_word' id='word_1_306' title='bbox 3437 1174 3564 1228; x_wconf 75' lang='lat' dir='ltr'><strong>facit</strong></span> 
     </span>
    </p>
   </div>
   <div class='ocr_carea' id='block_1_42' title="bbox 1988 1268 3562 1340">
    <p class='ocr_par' dir='ltr' id='par_1_42' title="bbox 1988 1268 3562 1340">
     <span class='ocr_line' id='line_1_42' title="bbox 1988 1268 3562 1340; baseline -0.008 -11"><span class='ocrx_word' id='word_1_307' title='bbox 1988 1276 2345 1340; x_wconf 86' lang='lat' dir='ltr'><strong>adulterium,</strong></span> <span class='ocrx_word' id='word_1_308' title='bbox 2376 1276 2469 1329; x_wconf 88' lang='lat' dir='ltr'><strong>sed</strong></span> <span class='ocrx_word' id='word_1_309' title='bbox 2517 1290 2615 1328; x_wconf 89' lang='lat' dir='ltr'><strong>nec</strong></span> <span class='ocrx_word' id='word_1_310' title='bbox 2661 1274 2943 1327; x_wconf 88' lang='lat' dir='ltr'><strong>mulierem</strong></span> <span class='ocrx_word' id='word_1_311' title='bbox 2989 1269 3209 1338; x_wconf 88' lang='lat' dir='ltr'><strong>respicit</strong></span> <span class='ocrx_word' id='word_1_312' title='bbox 3256 1268 3320 1320; x_wconf 90' lang='lat' dir='ltr'><strong>ad</strong></span> <span class='ocrx_word' id='word_1_313' title='bbox 3355 1280 3562 1320; x_wconf 88' lang='lat' dir='ltr'><strong>concu-</strong></span> 
     </span>
    </p>
   </div>
   <div class='ocr_carea' id='block_1_43' title="bbox 1987 1355 3563 1437">
    <p class='ocr_par' dir='ltr' id='par_1_43' title="bbox 1987 1355 3563 1437">
     <span class='ocr_line' id='line_1_43' title="bbox 1987 1355 3563 1437; baseline -0.01 -18"><span class='ocrx_word' id='word_1_314' title='bbox 1987 1368 2305 1437; x_wconf 88' lang='lat' dir='ltr'><strong>piscendum</strong></span> <span class='ocrx_word' id='word_1_315' title='bbox 2332 1382 2348 1429; x_wconf 83' lang='lat'><strong>;</strong></span> <span class='ocrx_word' id='word_1_316' title='bbox 2381 1365 2474 1420; x_wconf 90' lang='lat' dir='ltr'><strong>sed</strong></span> <span class='ocrx_word' id='word_1_317' title='bbox 2508 1366 2640 1418; x_wconf 90' lang='lat' dir='ltr'><strong>dicit</strong></span> <span class='ocrx_word' id='word_1_318' title='bbox 2670 1367 2736 1418; x_wconf 88' lang='lat' dir='ltr'><strong>ad</strong></span> <span class='ocrx_word' id='word_1_319' title='bbox 2766 1367 2938 1432; x_wconf 90' lang='lat' dir='ltr'><strong>ipsum</strong></span> <span class='ocrx_word' id='word_1_320' title='bbox 2972 1361 3142 1428; x_wconf 81' lang='lat' dir='ltr'><strong>magis</strong></span> <span class='ocrx_word' id='word_1_321' title='bbox 3172 1375 3184 1410; x_wconf 94' lang='lat'>:</span> <span class='ocrx_word' id='word_1_322' title='bbox 3222 1355 3563 1422; x_wconf 83' lang='lat' dir='ltr'><strong>Concupiscit</strong></span> 
     </span>
    </p>
   </div>
   <div class='ocr_carea' id='block_1_44' title="bbox 1986 1443 3566 1524">
    <p class='ocr_par' dir='ltr' id='par_1_44' title="bbox 1986 1443 3566 1524">
     <span class='ocr_line' id='line_1_44' title="bbox 1986 1443 3566 1524; baseline -0.01 -14"><span class='ocrx_word' id='word_1_323' title='bbox 1986 1468 2032 1510; x_wconf 89' lang='lat' dir='ltr'><strong>et</strong></span> <span class='ocrx_word' id='word_1_324' title='bbox 2050 1458 2224 1524; x_wconf 79' lang='lat' dir='ltr'><strong>deﬁcit</strong></span> <span class='ocrx_word' id='word_1_325' title='bbox 2243 1458 2417 1509; x_wconf 87' lang='lat' dir='ltr'><strong>aninta</strong></span> <span class='ocrx_word' id='word_1_326' title='bbox 2435 1472 2547 1508; x_wconf 87' lang='lat' dir='ltr'><strong>mea</strong></span> <span class='ocrx_word' id='word_1_327' title='bbox 2573 1457 2627 1508; x_wconf 93' lang='lat' dir='ltr'><strong>in</strong></span> <span class='ocrx_word' id='word_1_328' title='bbox 2645 1454 2807 1506; x_wconf 88' lang='lat' dir='ltr'><strong>Deum</strong></span> <span class='ocrx_word' id='word_1_329' title='bbox 2840 1452 3083 1505; x_wconf 78' lang='lat' dir='ltr'><strong>vivum&quot;.</strong></span> <span class='ocrx_word' id='word_1_330' title='bbox 3110 1447 3276 1519; x_wconf 79' lang='lat'><strong>658</strong></span> <span class='ocrx_word' id='word_1_331' title='bbox 3306 1446 3410 1511; x_wconf 82' lang='lat' dir='ltr'><strong>Qui</strong></span> <span class='ocrx_word' id='word_1_332' title='bbox 3449 1443 3566 1496; x_wconf 87' lang='lat' dir='ltr'><strong>dili-</strong></span> 
     </span>
    </p>
   </div>
   <div class='ocr_carea' id='block_1_45' title="bbox 1989 1539 3566 1619">
    <p class='ocr_par' dir='ltr' id='par_1_45' title="bbox 1989 1539 3566 1619">
     <span class='ocr_line' id='line_1_45' title="bbox 1989 1539 3566 1619; baseline -0.011 -16"><span class='ocrx_word' id='word_1_333' title='bbox 1989 1551 2068 1619; x_wconf 90' lang='lat' dir='ltr'><strong>git</strong></span> <span class='ocrx_word' id='word_1_334' title='bbox 2101 1549 2380 1603; x_wconf 87' lang='lat' dir='ltr'><strong>Christum</strong></span> <span class='ocrx_word' id='word_1_335' title='bbox 2405 1590 2420 1613; x_wconf 91' lang='lat'><strong>,</strong></span> <span class='ocrx_word' id='word_1_336' title='bbox 2452 1547 2728 1616; x_wconf 88' lang='lat' dir='ltr'><strong>quomodo</strong></span> <span class='ocrx_word' id='word_1_337' title='bbox 2752 1547 2818 1598; x_wconf 88' lang='lat' dir='ltr'><strong>de</strong></span> <span class='ocrx_word' id='word_1_338' title='bbox 2851 1543 2997 1596; x_wconf 83' lang='lat' dir='ltr'><strong>furto</strong></span> <span class='ocrx_word' id='word_1_339' title='bbox 3016 1543 3248 1608; x_wconf 82' lang='lat' dir='ltr'><strong>cogitet,</strong></span> <span class='ocrx_word' id='word_1_340' title='bbox 3280 1539 3370 1606; x_wconf 90' lang='lat' dir='ltr'><strong>qui</strong></span> <span class='ocrx_word' id='word_1_341' title='bbox 3399 1539 3566 1590; x_wconf 86' lang='lat' dir='ltr'><strong>etiam</strong></span> 
     </span>
    </p>
   </div>
   <div class='ocr_carea' id='block_1_46' title="bbox 1992 1630 3567 1708">
    <p class='ocr_par' dir='ltr' id='par_1_46' title="bbox 1992 1630 3567 1708">
     <span class='ocr_line' id='line_1_46' title="bbox 1992 1630 3567 1708; baseline -0.011 -13"><span class='ocrx_word' id='word_1_342' title='bbox 1992 1656 2085 1695; x_wconf 87' lang='lat' dir='ltr'><strong>sua</strong></span> <span class='ocrx_word' id='word_1_343' title='bbox 2129 1640 2308 1695; x_wconf 88' lang='lat' dir='ltr'><strong>omnia</strong></span> <span class='ocrx_word' id='word_1_344' title='bbox 2360 1654 2693 1708; x_wconf 63' lang='lat' dir='ltr'><strong>qumcunque</strong></span> <span class='ocrx_word' id='word_1_345' title='bbox 2729 1638 2892 1691; x_wconf 85' lang='lat' dir='ltr'><strong>habet</strong></span> <span class='ocrx_word' id='word_1_346' title='bbox 2935 1632 3185 1699; x_wconf 85' lang='lat' dir='ltr'><strong>relinquit</strong></span> <span class='ocrx_word' id='word_1_347' title='bbox 3229 1630 3338 1699; x_wconf 83' lang='grc'>(50)</span> <span class='ocrx_word' id='word_1_348' title='bbox 3382 1639 3445 1680; x_wconf 86' lang='lat' dir='ltr'><strong>ut</strong></span> <span class='ocrx_word' id='word_1_349' title='bbox 3484 1641 3567 1678; x_wconf 88' lang='lat' dir='ltr'><strong>se-</strong></span> 
     </span>
    </p>
   </div>
   <div class='ocr_carea' id='block_1_47' title="bbox 1996 1718 3566 1800">
    <p class='ocr_par' dir='ltr' id='par_1_47' title="bbox 1996 1718 3566 1800">
     <span class='ocr_line' id='line_1_47' title="bbox 1996 1718 3566 1800; baseline -0.011 -15"><span class='ocrx_word' id='word_1_350' title='bbox 1996 1741 2193 1800; x_wconf 88' lang='lat' dir='ltr'><strong>quatur</strong></span> <span class='ocrx_word' id='word_1_351' title='bbox 2233 1729 2549 1789; x_wconf 84' lang='lat' dir='ltr'><strong>Christum?</strong></span> <span class='ocrx_word' id='word_1_352' title='bbox 2614 1727 2714 1794; x_wconf 85' lang='lat' dir='ltr'><strong>Qui</strong></span> <span class='ocrx_word' id='word_1_353' title='bbox 2765 1726 3042 1781; x_wconf 84' lang='lat' dir='ltr'><strong>Christum</strong></span> <span class='ocrx_word' id='word_1_354' title='bbox 3093 1722 3297 1790; x_wconf 86' lang='lat' dir='ltr'><strong>diligit,</strong></span> <span class='ocrx_word' id='word_1_355' title='bbox 3345 1718 3566 1788; x_wconf 85' lang='lat' dir='ltr'><strong>quando</strong></span> 
     </span>
    </p>
   </div>
   <div class='ocr_carea' id='block_1_48' title="bbox 1997 1815 3564 1882">
    <p class='ocr_par' dir='ltr' id='par_1_48' title="bbox 1997 1815 3564 1882">
     <span class='ocr_line' id='line_1_48' title="bbox 1997 1815 3564 1882; baseline -0.011 -3"><span class='ocrx_word' id='word_1_356' title='bbox 1997 1825 2192 1879; x_wconf 81' lang='lat' dir='ltr'><strong>falsum</strong></span> <span class='ocrx_word' id='word_1_357' title='bbox 2227 1824 2591 1878; x_wconf 84' lang='lat' dir='ltr'><strong>testimonium</strong></span> <span class='ocrx_word' id='word_1_358' title='bbox 2637 1820 2799 1882; x_wconf 90' lang='lat' dir='ltr'><strong>dicit,</strong></span> <span class='ocrx_word' id='word_1_359' title='bbox 2840 1835 2964 1872; x_wconf 90' lang='lat' dir='ltr'><strong>cum</strong></span> <span class='ocrx_word' id='word_1_360' title='bbox 3007 1815 3147 1868; x_wconf 88' lang='lat' dir='ltr'><strong>sciat</strong></span> <span class='ocrx_word' id='word_1_361' title='bbox 3182 1815 3358 1880; x_wconf 85' lang='lat' dir='ltr'><strong>ipsum</strong></span> <span class='ocrx_word' id='word_1_362' title='bbox 3403 1824 3564 1878; x_wconf 85' lang='lat' dir='ltr'><strong>quem</strong></span> 
     </span>
    </p>
   </div>
   <div class='ocr_carea' id='block_1_49' title="bbox 1994 1904 3566 1990">
    <p class='ocr_par' dir='ltr' id='par_1_49' title="bbox 1994 1904 3566 1990">
     <span class='ocr_line' id='line_1_49' title="bbox 1994 1904 3566 1990; baseline -0.012 -15"><span class='ocrx_word' id='word_1_363' title='bbox 1994 1921 2171 1990; x_wconf 77' lang='lat' dir='ltr'><strong>diligit</strong></span> <span class='ocrx_word' id='word_1_364' title='bbox 2205 1920 2341 1974; x_wconf 86' lang='lat' dir='ltr'><strong>falso</strong></span> <span class='ocrx_word' id='word_1_365' title='bbox 2388 1917 2697 1973; x_wconf 90' lang='lat' dir='ltr'><strong>testimonio</strong></span> <span class='ocrx_word' id='word_1_366' title='bbox 2741 1915 3013 1985; x_wconf 88' lang='lat' dir='ltr'><strong>proditum</strong></span> <span class='ocrx_word' id='word_1_367' title='bbox 3050 1909 3206 1979; x_wconf 74' lang='lat'><strong>(3|)?</strong></span> <span class='ocrx_word' id='word_1_368' title='bbox 3239 1904 3566 1960; x_wconf 83' lang='lat' dir='ltr'><strong>Necessario</strong></span> 
     </span>
    </p>
   </div>
   <div class='ocr_carea' id='block_1_50' title="bbox 1995 1999 3564 2080">
    <p class='ocr_par' dir='ltr' id='par_1_50' title="bbox 1995 1999 3564 2080">
     <span class='ocr_line' id='line_1_50' title="bbox 1995 1999 3564 2080; baseline -0.012 -13"><span class='ocrx_word' id='word_1_369' title='bbox 1995 2022 2171 2067; x_wconf 87' lang='lat' dir='ltr'><strong>autem</strong></span> <span class='ocrx_word' id='word_1_370' title='bbox 2207 2011 2294 2080; x_wconf 88' lang='lat' dir='ltr'><strong>qui</strong></span> <span class='ocrx_word' id='word_1_371' title='bbox 2343 2011 2523 2080; x_wconf 89' lang='lat' dir='ltr'><strong>diligit</strong></span> <span class='ocrx_word' id='word_1_372' title='bbox 2575 2009 2891 2070; x_wconf 90' lang='lat' dir='ltr'><strong>Christum,</strong></span> <span class='ocrx_word' id='word_1_373' title='bbox 2945 2006 3121 2074; x_wconf 84' lang='lat' dir='ltr'><strong>diligit</strong></span> <span class='ocrx_word' id='word_1_374' title='bbox 3167 2011 3220 2055; x_wconf 91' lang='lat' dir='ltr'><strong>et</strong></span> <span class='ocrx_word' id='word_1_375' title='bbox 3256 1999 3564 2069; x_wconf 74' lang='lat' dir='ltr'><strong>proximum</strong></span> 
     </span>
    </p>
   </div>
   <div class='ocr_carea' id='block_1_51' title="bbox 1993 2088 3571 2160">
    <p class='ocr_par' dir='ltr' id='par_1_51' title="bbox 1993 2088 3571 2160">
     <span class='ocr_line' id='line_1_51' title="bbox 1993 2088 3571 2160; baseline -0.011 0"><span class='ocrx_word' id='word_1_376' title='bbox 1993 2121 2148 2160; x_wconf 91' lang='lat' dir='ltr'><strong>suum</strong></span> <span class='ocrx_word' id='word_1_377' title='bbox 2175 2105 2246 2157; x_wconf 83' lang='grc' dir='ltr'><strong>⁸ο.</strong></span> <span class='ocrx_word' id='word_1_378' title='bbox 2287 2103 2399 2158; x_wconf 86' lang='lat' dir='ltr'><strong>Hoc</strong></span> <span class='ocrx_word' id='word_1_379' title='bbox 2420 2104 2564 2157; x_wconf 89' lang='lat' dir='ltr'><strong>enim</strong></span> <span class='ocrx_word' id='word_1_380' title='bbox 2599 2100 2714 2155; x_wconf 90' lang='lat' dir='ltr'><strong>solo</strong></span> <span class='ocrx_word' id='word_1_381' title='bbox 2767 2099 2968 2153; x_wconf 86' lang='lat' dir='ltr'><strong>indicio</strong></span> <span class='ocrx_word' id='word_1_382' title='bbox 2994 2095 3192 2152; x_wconf 89' lang='lat' dir='ltr'><strong>Christi</strong></span> <span class='ocrx_word' id='word_1_383' title='bbox 3240 2107 3364 2146; x_wconf 84' lang='lat' dir='ltr'><strong>esse</strong></span> <span class='ocrx_word' id='word_1_384' title='bbox 3406 2088 3571 2144; x_wconf 89' lang='lat' dir='ltr'><strong>disci-</strong></span> 
     </span>
    </p>
   </div>
   <div class='ocr_carea' id='block_1_52' title="bbox 1997 2180 3571 2264">
    <p class='ocr_par' dir='ltr' id='par_1_52' title="bbox 1997 2180 3571 2264">
     <span class='ocr_line' id='line_1_52' title="bbox 1997 2180 3571 2264; baseline -0.011 -15"><span class='ocrx_word' id='word_1_385' title='bbox 1997 2197 2154 2264; x_wconf 89' lang='lat' dir='ltr'><strong>pulus</strong></span> <span class='ocrx_word' id='word_1_386' title='bbox 2187 2195 2517 2264; x_wconf 89' lang='lat' dir='ltr'><strong>designatur,</strong></span> <span class='ocrx_word' id='word_1_387' title='bbox 2561 2193 2606 2245; x_wconf 87' lang='lat' dir='ltr'><strong>si</strong></span> <span class='ocrx_word' id='word_1_388' title='bbox 2641 2192 2962 2246; x_wconf 87' lang='lat' dir='ltr'><strong>charitatem</strong></span> <span class='ocrx_word' id='word_1_389' title='bbox 3002 2203 3126 2242; x_wconf 88' lang='lat' dir='ltr'><strong>cum</strong></span> <span class='ocrx_word' id='word_1_390' title='bbox 3167 2184 3434 2254; x_wconf 85' lang='lat' dir='ltr'><strong>proximis</strong></span> <span class='ocrx_word' id='word_1_391' title='bbox 3483 2180 3571 2234; x_wconf 86' lang='lat' dir='ltr'><strong>ha-</strong></span> 
     </span>
    </p>
   </div>
   <div class='ocr_carea' id='block_1_53' title="bbox 1992 2272 3568 2347">
    <p class='ocr_par' dir='ltr' id='par_1_53' title="bbox 1992 2272 3568 2347">
     <span class='ocr_line' id='line_1_53' title="bbox 1992 2272 3568 2347; baseline -0.012 -5"><span class='ocrx_word' id='word_1_392' title='bbox 1992 2287 2119 2342; x_wconf 85' lang='lat' dir='ltr'><strong>beat</strong></span> <span class='ocrx_word' id='word_1_393' title='bbox 2148 2287 2217 2341; x_wconf 75' lang='lat'><strong>“.</strong></span> <span class='ocrx_word' id='word_1_394' title='bbox 2252 2285 2474 2340; x_wconf 91' lang='lat' dir='ltr'><strong>Certum</strong></span> <span class='ocrx_word' id='word_1_395' title='bbox 2504 2291 2587 2336; x_wconf 90' lang='lat' dir='ltr'><strong>est</strong></span> <span class='ocrx_word' id='word_1_396' title='bbox 2611 2282 2754 2336; x_wconf 90' lang='lat' dir='ltr'><strong>enim</strong></span> <span class='ocrx_word' id='word_1_397' title='bbox 2789 2281 2930 2346; x_wconf 89' lang='lat' dir='ltr'><strong>quod</strong></span> <span class='ocrx_word' id='word_1_398' title='bbox 2960 2277 3050 2347; x_wconf 89' lang='lat' dir='ltr'><strong>qui</strong></span> <span class='ocrx_word' id='word_1_399' title='bbox 3086 2293 3190 2330; x_wconf 88' lang='lat' dir='ltr'><strong>non</strong></span> <span class='ocrx_word' id='word_1_400' title='bbox 3233 2272 3410 2343; x_wconf 84' lang='lat' dir='ltr'><strong>diligit</strong></span> <span class='ocrx_word' id='word_1_401' title='bbox 3439 2287 3568 2340; x_wconf 90' lang='lat' dir='ltr'><strong>pro-</strong></span> 
     </span>
    </p>
   </div>
   <div class='ocr_carea' id='block_1_54' title="bbox 1993 2373 2872 2439">
    <p class='ocr_par' dir='ltr' id='par_1_54' title="bbox 1993 2373 2872 2439">
     <span class='ocr_line' id='line_1_54' title="bbox 1993 2373 2872 2439; baseline -0.009 -7"><span class='ocrx_word' id='word_1_402' title='bbox 1993 2379 2218 2439; x_wconf 87' lang='lat' dir='ltr'><strong>ximum,</strong></span> <span class='ocrx_word' id='word_1_403' title='bbox 2259 2378 2467 2431; x_wconf 90' lang='lat' dir='ltr'><strong>nesciat</strong></span> <span class='ocrx_word' id='word_1_404' title='bbox 2497 2373 2772 2430; x_wconf 89' lang='lat' dir='ltr'><strong>Christum</strong></span> <span class='ocrx_word' id='word_1_405' title='bbox 2803 2373 2872 2424; x_wconf 71' lang='grc' dir='ltr'><strong>δ’.</strong></span> 
     </span>
    </p>
   </div>
   <div class='ocr_carea' id='block_1_55' title="bbox 2059 2457 3568 2532">
    <p class='ocr_par' dir='ltr' id='par_1_55' title="bbox 2059 2457 3568 2532">
     <span class='ocr_line' id='line_1_55' title="bbox 2059 2457 3568 2532; baseline -0.011 -8"><span class='ocrx_word' id='word_1_406' title='bbox 2059 2470 2148 2524; x_wconf 78' lang='grc'><strong>52.</strong></span> <span class='ocrx_word' id='word_1_407' title='bbox 2189 2468 2253 2521; x_wconf 86' lang='lat' dir='ltr'><strong>Et</strong></span> <span class='ocrx_word' id='word_1_408' title='bbox 2281 2469 2378 2521; x_wconf 86' lang='lat' dir='ltr'><strong>hoc</strong></span> <span class='ocrx_word' id='word_1_409' title='bbox 2401 2468 2620 2521; x_wconf 78' lang='lat' dir='ltr'><strong>scientes</strong></span> <span class='ocrx_word' id='word_1_410' title='bbox 2653 2475 2874 2532; x_wconf 84' lang='lat' dir='ltr'><strong>tempus,</strong></span> <span class='ocrx_word' id='word_1_411' title='bbox 2903 2463 3152 2532; x_wconf 87' lang='lat' dir='ltr'><strong>quoniam</strong></span> <span class='ocrx_word' id='word_1_412' title='bbox 3186 2461 3322 2511; x_wconf 75' lang='lat' dir='ltr'><strong>liora</strong></span> <span class='ocrx_word' id='word_1_413' title='bbox 3358 2468 3434 2510; x_wconf 86' lang='lat' dir='ltr'><strong>est</strong></span> <span class='ocrx_word' id='word_1_414' title='bbox 3453 2457 3568 2525; x_wconf 88' lang='lat' dir='ltr'><strong>jam</strong></span> 
     </span>
    </p>
   </div>
   <div class='ocr_carea' id='block_1_56' title="bbox 1991 2557 3568 2630">
    <p class='ocr_par' dir='ltr' id='par_1_56' title="bbox 1991 2557 3568 2630">
     <span class='ocr_line' id='line_1_56' title="bbox 1991 2557 3568 2630; baseline -0.01 -14"><span class='ocrx_word' id='word_1_415' title='bbox 1991 2565 2054 2618; x_wconf 89' lang='lat' dir='ltr'><strong>de</strong></span> <span class='ocrx_word' id='word_1_416' title='bbox 2085 2581 2264 2617; x_wconf 85' lang='lat' dir='ltr'><strong>somno</strong></span> <span class='ocrx_word' id='word_1_417' title='bbox 2291 2577 2523 2630; x_wconf 86' lang='lat' dir='ltr'><strong>surgere.</strong></span> <span class='ocrx_word' id='word_1_418' title='bbox 2551 2559 2707 2613; x_wconf 84' lang='lat' dir='ltr'><strong>Nunc</strong></span> <span class='ocrx_word' id='word_1_419' title='bbox 2744 2560 2878 2612; x_wconf 88' lang='lat' dir='ltr'><strong>enim</strong></span> <span class='ocrx_word' id='word_1_420' title='bbox 2924 2557 3134 2624; x_wconf 86' lang='lat' dir='ltr'><strong>propior</strong></span> <span class='ocrx_word' id='word_1_421' title='bbox 3167 2563 3243 2606; x_wconf 72' lang='lat' dir='ltr'><strong>est</strong></span> <span class='ocrx_word' id='word_1_422' title='bbox 3269 2561 3452 2604; x_wconf 78' lang='lat' dir='ltr'><strong>nostra</strong></span> <span class='ocrx_word' id='word_1_423' title='bbox 3478 2567 3568 2602; x_wconf 83' lang='lat' dir='ltr'><strong>sa—</strong></span> 
     </span>
    </p>
   </div>
   <div class='ocr_carea' id='block_1_57' title="bbox 1991 2645 3571 2722">
    <p class='ocr_par' dir='ltr' id='par_1_57' title="bbox 1991 2645 3571 2722">
     <span class='ocr_line' id='line_1_57' title="bbox 1991 2645 3571 2722; baseline -0.008 -16"><span class='ocrx_word' id='word_1_424' title='bbox 1991 2656 2093 2718; x_wconf 90' lang='lat' dir='ltr'><strong>lus,</strong></span> <span class='ocrx_word' id='word_1_425' title='bbox 2122 2671 2280 2722; x_wconf 87' lang='lat' dir='ltr'><strong>quam</strong></span> <span class='ocrx_word' id='word_1_426' title='bbox 2305 2670 2422 2706; x_wconf 86' lang='lat' dir='ltr'><strong>cum</strong></span> <span class='ocrx_word' id='word_1_427' title='bbox 2446 2652 2786 2706; x_wconf 85' lang='lat' dir='ltr'><strong>credidimus.</strong></span> <span class='ocrx_word' id='word_1_428' title='bbox 2821 2647 2944 2702; x_wconf 81' lang='lat' dir='ltr'><strong>Noa:</strong></span> <span class='ocrx_word' id='word_1_429' title='bbox 2993 2645 3255 2716; x_wconf 52' lang='lat' dir='ltr'><strong>pra&#39;cessit</strong></span> <span class='ocrx_word' id='word_1_430' title='bbox 3277 2687 3292 2709; x_wconf 92' lang='lat'><strong>,</strong></span> <span class='ocrx_word' id='word_1_431' title='bbox 3323 2646 3438 2697; x_wconf 77' lang='lat' dir='ltr'><strong>dies</strong></span> <span class='ocrx_word' id='word_1_432' title='bbox 3468 2660 3571 2695; x_wconf 62' lang='lat' dir='ltr'><strong>auo</strong></span> 
     </span>
    </p>
   </div>
   <div class='ocr_carea' id='block_1_58' title="bbox 1991 2737 3570 2814">
    <p class='ocr_par' dir='ltr' id='par_1_58' title="bbox 1991 2737 3570 2814">
     <span class='ocr_line' id='line_1_58' title="bbox 1991 2737 3570 2814; baseline -0.008 -16"><span class='ocrx_word' id='word_1_433' title='bbox 1991 2758 2092 2800; x_wconf 89' lang='lat' dir='ltr'><strong>tem</strong></span> <span class='ocrx_word' id='word_1_434' title='bbox 2114 2746 2573 2814; x_wconf 83' lang='lat' dir='ltr'><strong>appropinquavit.</strong></span> <span class='ocrx_word' id='word_1_435' title='bbox 2608 2743 2936 2811; x_wconf 81' lang='lat' dir='ltr'><strong>Abjiciamus</strong></span> <span class='ocrx_word' id='word_1_436' title='bbox 2971 2756 3093 2808; x_wconf 84' lang='lat' dir='ltr'><strong>ergo</strong></span> <span class='ocrx_word' id='word_1_437' title='bbox 3121 2753 3278 2805; x_wconf 82' lang='lat' dir='ltr'><strong>Opera</strong></span> <span class='ocrx_word' id='word_1_438' title='bbox 3322 2737 3570 2789; x_wconf 84' lang='lat' dir='ltr'><strong>tenebra-</strong></span> 
     </span>
    </p>
   </div>
   <div class='ocr_carea' id='block_1_59' title="bbox 1991 2827 3572 2898">
    <p class='ocr_par' dir='ltr' id='par_1_59' title="bbox 1991 2827 3572 2898">
     <span class='ocr_line' id='line_1_59' title="bbox 1991 2827 3572 2898; baseline -0.006 -10"><span class='ocrx_word' id='word_1_439' title='bbox 1991 2853 2138 2898; x_wconf 86' lang='lat' dir='ltr'><strong>rum,</strong></span> <span class='ocrx_word' id='word_1_440' title='bbox 2178 2836 2459 2888; x_wconf 87' lang='lat' dir='ltr'><strong>induamus</strong></span> <span class='ocrx_word' id='word_1_441' title='bbox 2489 2844 2662 2886; x_wconf 86' lang='lat' dir='ltr'><strong>autem</strong></span> <span class='ocrx_word' id='word_1_442' title='bbox 2700 2848 2848 2884; x_wconf 88' lang='lat' dir='ltr'><strong>arma</strong></span> <span class='ocrx_word' id='word_1_443' title='bbox 2879 2831 3041 2894; x_wconf 85' lang='lat' dir='ltr'><strong>lucis,</strong></span> <span class='ocrx_word' id='word_1_444' title='bbox 3083 2831 3212 2882; x_wconf 88' lang='lat' dir='ltr'><strong>sicut</strong></span> <span class='ocrx_word' id='word_1_445' title='bbox 3249 2831 3302 2880; x_wconf 87' lang='lat' dir='ltr'><strong>in</strong></span> <span class='ocrx_word' id='word_1_446' title='bbox 3343 2829 3434 2880; x_wconf 86' lang='lat' dir='ltr'><strong>die</strong></span> <span class='ocrx_word' id='word_1_447' title='bbox 3476 2827 3572 2878; x_wconf 85' lang='lat' dir='ltr'><strong>ho-</strong></span> 
     </span>
    </p>
   </div>
   <div class='ocr_carea' id='block_1_60' title="bbox 1990 2921 3573 2990">
    <p class='ocr_par' dir='ltr' id='par_1_60' title="bbox 1990 2921 3573 2990">
     <span class='ocr_line' id='line_1_60' title="bbox 1990 2921 3573 2990; baseline -0.003 -11"><span class='ocrx_word' id='word_1_448' title='bbox 1990 2937 2129 2980; x_wconf 85' lang='lat' dir='ltr'><strong>neste</strong></span> <span class='ocrx_word' id='word_1_449' title='bbox 2185 2926 2512 2978; x_wconf 87' lang='lat' dir='ltr'><strong>ambulemus</strong></span> <span class='ocrx_word' id='word_1_450' title='bbox 2540 2925 2610 2978; x_wconf 81' lang='grc'><strong>⁸³.</strong></span> <span class='ocrx_word' id='word_1_451' title='bbox 2678 2923 2812 2978; x_wconf 83' lang='lat' dir='ltr'><strong>Cum</strong></span> <span class='ocrx_word' id='word_1_452' title='bbox 2875 2932 2993 2990; x_wconf 86' lang='lat' dir='ltr'><strong>post</strong></span> <span class='ocrx_word' id='word_1_453' title='bbox 3042 2923 3160 2976; x_wconf 83' lang='lat' dir='ltr'><strong>illas</strong></span> <span class='ocrx_word' id='word_1_454' title='bbox 3209 2921 3573 2975; x_wconf 84' lang='lat' dir='ltr'><strong>dissertiones</strong></span> 
     </span>
    </p>
   </div>
   <div class='ocr_carea' id='block_1_61' title="bbox 322 3007 1885 3095">
    <p class='ocr_par' dir='ltr' id='par_1_61' title="bbox 322 3007 1885 3080">
     <span class='ocr_line' id='line_1_61' title="bbox 322 3007 1885 3080; baseline -0.003 -16"><span class='ocrx_word' id='word_1_455' title='bbox 322 3012 548 3067; x_wconf 85' lang='lat' dir='ltr'><strong>occides.</strong></span> <span class='ocrx_word' id='word_1_456' title='bbox 568 3010 631 3064; x_wconf 86' lang='lat' dir='ltr'><strong>Et</strong></span> <span class='ocrx_word' id='word_1_457' title='bbox 658 3011 871 3073; x_wconf 85' lang='lat' dir='ltr'><strong>iterum,</strong></span> <span class='ocrx_word' id='word_1_458' title='bbox 902 3011 1139 3078; x_wconf 90' lang='lat' dir='ltr'><strong>nunquid</strong></span> <span class='ocrx_word' id='word_1_459' title='bbox 1167 3007 1276 3080; x_wconf 89' lang='grc'>(26)</span> <span class='ocrx_word' id='word_1_460' title='bbox 1302 3009 1392 3075; x_wconf 87' lang='lat' dir='ltr'><strong>qui</strong></span> <span class='ocrx_word' id='word_1_461' title='bbox 1412 3010 1713 3078; x_wconf 87' lang='lat' dir='ltr'><strong>proximum</strong></span> <span class='ocrx_word' id='word_1_462' title='bbox 1731 3023 1885 3061; x_wconf 86' lang='lat' dir='ltr'><strong>suum</strong></span> 
     </span>
    </p>
   </div>
   <div class='ocr_carea' id='block_1_62' title="bbox 2039 3007 3572 3095">
    <p class='ocr_par' dir='ltr' id='par_1_62' title="bbox 2039 3012 3572 3084">
     <span class='ocr_line' id='line_1_62' title="bbox 2039 3012 3572 3084; baseline -0.003 -16"><span class='ocrx_word' id='word_1_463' title='bbox 2039 3032 2128 3070; x_wconf 82' lang='lat' dir='ltr'><strong>uas</strong></span> <span class='ocrx_word' id='word_1_464' title='bbox 2160 3015 2244 3068; x_wconf 88' lang='lat' dir='ltr'><strong>vel</strong></span> <span class='ocrx_word' id='word_1_465' title='bbox 2267 3014 2334 3069; x_wconf 92' lang='lat' dir='ltr'><strong>de</strong></span> <span class='ocrx_word' id='word_1_466' title='bbox 2364 3015 2614 3084; x_wconf 85' lang='lat' dir='ltr'><strong>gentibus</strong></span> <span class='ocrx_word' id='word_1_467' title='bbox 2636 3055 2651 3079; x_wconf 93' lang='lat'><strong>,</strong></span> <span class='ocrx_word' id='word_1_468' title='bbox 2678 3014 2762 3067; x_wconf 89' lang='lat' dir='ltr'><strong>vel</strong></span> <span class='ocrx_word' id='word_1_469' title='bbox 2801 3016 2868 3067; x_wconf 90' lang='lat' dir='ltr'><strong>de</strong></span> <span class='ocrx_word' id='word_1_470' title='bbox 2894 3012 3094 3068; x_wconf 72' lang='lat' dir='ltr'><strong>Jutlmis</strong></span> <span class='ocrx_word' id='word_1_471' title='bbox 3127 3012 3416 3080; x_wconf 70' lang='lat' dir='ltr'><strong>Apostolus</strong></span> <span class='ocrx_word' id='word_1_472' title='bbox 3442 3025 3572 3081; x_wconf 87' lang='lat' dir='ltr'><strong>pro-</strong></span> 
     </span>
    </p>
   </div>
   <div class='ocr_carea' id='block_1_63' title="bbox 328 3098 1891 3172">
    <p class='ocr_par' dir='ltr' id='par_1_63' title="bbox 328 3098 1891 3172">
     <span class='ocr_line' id='line_1_63' title="bbox 328 3098 1891 3172; baseline -0.002 -19"><span class='ocrx_word' id='word_1_473' title='bbox 328 3101 521 3172; x_wconf 87' lang='lat' dir='ltr'><strong>diligit,</strong></span> <span class='ocrx_word' id='word_1_474' title='bbox 552 3102 606 3155; x_wconf 88' lang='lat' dir='ltr'><strong>in</strong></span> <span class='ocrx_word' id='word_1_475' title='bbox 634 3116 856 3155; x_wconf 85' lang='lat' dir='ltr'><strong>uxorem</strong></span> <span class='ocrx_word' id='word_1_476' title='bbox 893 3101 1010 3170; x_wconf 84' lang='lat' dir='ltr'><strong>ejus</strong></span> <span class='ocrx_word' id='word_1_477' title='bbox 1031 3100 1352 3154; x_wconf 87' lang='lat' dir='ltr'><strong>adulterium</strong></span> <span class='ocrx_word' id='word_1_478' title='bbox 1382 3099 1712 3155; x_wconf 87' lang='lat' dir='ltr'><strong>committit?</strong></span> <span class='ocrx_word' id='word_1_479' title='bbox 1741 3098 1891 3152; x_wconf 84' lang='lat' dir='ltr'><strong>Nun-</strong></span> 
     </span>
    </p>
   </div>
   <div class='ocr_carea' id='block_1_64' title="bbox 322 3191 1896 3262">
    <p class='ocr_par' dir='ltr' id='par_1_64' title="bbox 322 3191 1896 3262">
     <span class='ocr_line' id='line_1_64' title="bbox 322 3191 1896 3262; baseline 0 -17"><span class='ocrx_word' id='word_1_480' title='bbox 322 3208 489 3261; x_wconf 88' lang='lat' dir='ltr'><strong>quam</strong></span> <span class='ocrx_word' id='word_1_481' title='bbox 537 3193 801 3262; x_wconf 88' lang='lat' dir='ltr'><strong>prol&#39;ecto.</strong></span> <span class='ocrx_word' id='word_1_482' title='bbox 861 3191 920 3246; x_wconf 87' lang='lat' dir='ltr'><strong>Si</strong></span> <span class='ocrx_word' id='word_1_483' title='bbox 973 3208 1102 3259; x_wconf 86' lang='lat' dir='ltr'><strong>ergo</strong></span> <span class='ocrx_word' id='word_1_484' title='bbox 1145 3192 1340 3262; x_wconf 81' lang='lat' dir='ltr'><strong>diligas</strong></span> <span class='ocrx_word' id='word_1_485' title='bbox 1400 3193 1740 3262; x_wconf 76' lang='lat' dir='ltr'><strong>proximum,</strong></span> <span class='ocrx_word' id='word_1_486' title='bbox 1793 3206 1896 3246; x_wconf 90' lang='lat' dir='ltr'><strong>nec</strong></span> 
     </span>
    </p>
   </div>
   <div class='ocr_carea' id='block_1_65' title="bbox 330 3281 1896 3350">
    <p class='ocr_par' dir='ltr' id='par_1_65' title="bbox 330 3281 1896 3350">
     <span class='ocr_line' id='line_1_65' title="bbox 330 3281 1896 3350; baseline -0.001 -13"><span class='ocrx_word' id='word_1_487' title='bbox 330 3283 653 3344; x_wconf 81' lang='lat' dir='ltr'><strong>adulterium</strong></span> <span class='ocrx_word' id='word_1_488' title='bbox 683 3285 1012 3338; x_wconf 87' lang='lat' dir='ltr'><strong>committes.</strong></span> <span class='ocrx_word' id='word_1_489' title='bbox 1054 3281 1321 3337; x_wconf 89' lang='lat' dir='ltr'><strong>Similiter</strong></span> <span class='ocrx_word' id='word_1_490' title='bbox 1357 3293 1412 3337; x_wconf 88' lang='lat' dir='ltr'><strong>et</strong></span> <span class='ocrx_word' id='word_1_491' title='bbox 1439 3283 1531 3350; x_wconf 88' lang='lat' dir='ltr'><strong>qui</strong></span> <span class='ocrx_word' id='word_1_492' title='bbox 1562 3282 1742 3350; x_wconf 85' lang='lat' dir='ltr'><strong>diligit</strong></span> <span class='ocrx_word' id='word_1_493' title='bbox 1770 3297 1896 3350; x_wconf 86' lang='lat' dir='ltr'><strong>pro-</strong></span> 
     </span>
    </p>
   </div>
   <div class='ocr_carea' id='block_1_66' title="bbox 325 3371 1898 3443">
    <p class='ocr_par' dir='ltr' id='par_1_66' title="bbox 325 3371 1898 3443">
     <span class='ocr_line' id='line_1_66' title="bbox 325 3371 1898 3443; baseline -0.001 -15"><span class='ocrx_word' id='word_1_494' title='bbox 325 3375 534 3428; x_wconf 67' lang='lat' dir='ltr'><strong>ximum</strong></span> <span class='ocrx_word' id='word_1_495' title='bbox 558 3412 573 3436; x_wconf 91' lang='lat'><strong>,</strong></span> <span class='ocrx_word' id='word_1_496' title='bbox 620 3389 742 3442; x_wconf 70' lang='lat' dir='ltr'><strong>qua:</strong></span> <span class='ocrx_word' id='word_1_497' title='bbox 767 3374 883 3442; x_wconf 80' lang='lat' dir='ltr'><strong>ejus</strong></span> <span class='ocrx_word' id='word_1_498' title='bbox 909 3384 1033 3427; x_wconf 90' lang='lat' dir='ltr'><strong>sunt</strong></span> <span class='ocrx_word' id='word_1_499' title='bbox 1062 3387 1166 3426; x_wconf 90' lang='lat' dir='ltr'><strong>non</strong></span> <span class='ocrx_word' id='word_1_500' title='bbox 1203 3372 1448 3438; x_wconf 82' lang='lat' dir='ltr'><strong>furatur;</strong></span> <span class='ocrx_word' id='word_1_501' title='bbox 1483 3383 1538 3428; x_wconf 87' lang='lat' dir='ltr'><strong>et</strong></span> <span class='ocrx_word' id='word_1_502' title='bbox 1577 3373 1671 3443; x_wconf 90' lang='lat' dir='ltr'><strong>qui</strong></span> <span class='ocrx_word' id='word_1_503' title='bbox 1720 3371 1898 3441; x_wconf 86' lang='lat' dir='ltr'><strong>diligit</strong></span> 
     </span>
    </p>
   </div>
   <div class='ocr_carea' id='block_1_67' title="bbox 325 3465 1892 3535">
    <p class='ocr_par' dir='ltr' id='par_1_67' title="bbox 325 3465 1892 3535">
     <span class='ocr_line' id='line_1_67' title="bbox 325 3465 1892 3535; baseline -0.002 -16"><span class='ocrx_word' id='word_1_504' title='bbox 325 3465 663 3535; x_wconf 79' lang='lat' dir='ltr'><strong>proximum,</strong></span> <span class='ocrx_word' id='word_1_505' title='bbox 699 3465 893 3520; x_wconf 81' lang='lat' dir='ltr'><strong>falsum</strong></span> <span class='ocrx_word' id='word_1_506' title='bbox 923 3467 1186 3521; x_wconf 87' lang='lat' dir='ltr'><strong>adversus</strong></span> <span class='ocrx_word' id='word_1_507' title='bbox 1215 3480 1339 3520; x_wconf 90' lang='lat' dir='ltr'><strong>eum</strong></span> <span class='ocrx_word' id='word_1_508' title='bbox 1369 3466 1738 3520; x_wconf 86' lang='lat' dir='ltr'><strong>testimonium</strong></span> <span class='ocrx_word' id='word_1_509' title='bbox 1788 3481 1892 3518; x_wconf 90' lang='lat' dir='ltr'><strong>non</strong></span> 
     </span>
    </p>
   </div>
   <div class='ocr_carea' id='block_1_68' title="bbox 323 3557 1894 3626">
    <p class='ocr_par' dir='ltr' id='par_1_68' title="bbox 323 3557 1894 3626">
     <span class='ocr_line' id='line_1_68' title="bbox 323 3557 1894 3626; baseline -0.001 -14"><span class='ocrx_word' id='word_1_510' title='bbox 323 3561 485 3615; x_wconf 84' lang='lat' dir='ltr'><strong>dicit.</strong></span> <span class='ocrx_word' id='word_1_511' title='bbox 528 3559 790 3615; x_wconf 87' lang='lat' dir='ltr'><strong>Similiter</strong></span> <span class='ocrx_word' id='word_1_512' title='bbox 812 3568 865 3611; x_wconf 90' lang='lat' dir='ltr'><strong>et</strong></span> <span class='ocrx_word' id='word_1_513' title='bbox 889 3568 1083 3613; x_wconf 65' lang='lat' dir='ltr'><strong>caetera</strong></span> <span class='ocrx_word' id='word_1_514' title='bbox 1115 3558 1366 3612; x_wconf 87' lang='lat' dir='ltr'><strong>mandata</strong></span> <span class='ocrx_word' id='word_1_515' title='bbox 1401 3557 1553 3622; x_wconf 78' lang='lat' dir='ltr'><strong>legis,</strong></span> <span class='ocrx_word' id='word_1_516' title='bbox 1589 3558 1634 3610; x_wconf 87' lang='lat' dir='ltr'><strong>si</strong></span> <span class='ocrx_word' id='word_1_517' title='bbox 1664 3557 1733 3610; x_wconf 88' lang='lat' dir='ltr'><strong>sit</strong></span> <span class='ocrx_word' id='word_1_518' title='bbox 1765 3572 1894 3626; x_wconf 88' lang='lat' dir='ltr'><strong>erga</strong></span> 
     </span>
    </p>
   </div>
   <div class='ocr_carea' id='block_1_69' title="bbox 335 3651 1892 3722">
    <p class='ocr_par' dir='ltr' id='par_1_69' title="bbox 335 3651 1892 3722">
     <span class='ocr_line' id='line_1_69' title="bbox 335 3651 1892 3722; baseline -0.002 -16"><span class='ocrx_word' id='word_1_519' title='bbox 335 3654 639 3722; x_wconf 83' lang='lat' dir='ltr'><strong>proximum</strong></span> <span class='ocrx_word' id='word_1_520' title='bbox 657 3654 894 3716; x_wconf 89' lang='lat' dir='ltr'><strong>dilectio,</strong></span> <span class='ocrx_word' id='word_1_521' title='bbox 934 3654 1136 3722; x_wconf 89' lang='lat' dir='ltr'><strong>absque</strong></span> <span class='ocrx_word' id='word_1_522' title='bbox 1165 3653 1348 3722; x_wconf 87' lang='lat' dir='ltr'><strong>aliquo</strong></span> <span class='ocrx_word' id='word_1_523' title='bbox 1376 3651 1561 3706; x_wconf 90' lang='lat' dir='ltr'><strong>labore</strong></span> <span class='ocrx_word' id='word_1_524' title='bbox 1586 3660 1892 3706; x_wconf 83' lang='lat' dir='ltr'><strong>servantur.</strong></span> 
     </span>
    </p>
   </div>
   <div class='ocr_carea' id='block_1_70' title="bbox 325 3741 1896 3814">
    <p class='ocr_par' dir='ltr' id='par_1_70' title="bbox 325 3741 1896 3814">
     <span class='ocr_line' id='line_1_70' title="bbox 325 3741 1896 3814; baseline -0.003 -14"><span class='ocrx_word' id='word_1_525' title='bbox 325 3747 468 3802; x_wconf 81' lang='lat' dir='ltr'><strong>Puto</strong></span> <span class='ocrx_word' id='word_1_526' title='bbox 521 3755 701 3800; x_wconf 88' lang='lat' dir='ltr'><strong>tamen</strong></span> <span class='ocrx_word' id='word_1_527' title='bbox 750 3746 893 3814; x_wconf 86' lang='lat' dir='ltr'><strong>quod</strong></span> <span class='ocrx_word' id='word_1_528' title='bbox 943 3754 1000 3799; x_wconf 83' lang='lat' dir='ltr'><strong>et</strong></span> <span class='ocrx_word' id='word_1_529' title='bbox 1029 3745 1082 3797; x_wconf 91' lang='lat' dir='ltr'><strong>in</strong></span> <span class='ocrx_word' id='word_1_530' title='bbox 1116 3745 1216 3799; x_wconf 84' lang='lat' dir='ltr'><strong>hoc</strong></span> <span class='ocrx_word' id='word_1_531' title='bbox 1270 3743 1435 3796; x_wconf 89' lang='lat' dir='ltr'><strong>voluit</strong></span> <span class='ocrx_word' id='word_1_532' title='bbox 1464 3757 1565 3796; x_wconf 88' lang='lat' dir='ltr'><strong>nos</strong></span> <span class='ocrx_word' id='word_1_533' title='bbox 1603 3741 1896 3810; x_wconf 86' lang='lat' dir='ltr'><strong>Apostolus</strong></span> 
     </span>
    </p>
   </div>
   <div class='ocr_carea' id='block_1_71' title="bbox 333 3833 1899 3907">
    <p class='ocr_par' dir='ltr' id='par_1_71' title="bbox 333 3833 1899 3907">
     <span class='ocr_line' id='line_1_71' title="bbox 333 3833 1899 3907; baseline -0.004 -15"><span class='ocrx_word' id='word_1_534' title='bbox 333 3837 535 3907; x_wconf 86' lang='lat' dir='ltr'><strong>aliquid</strong></span> <span class='ocrx_word' id='word_1_535' title='bbox 565 3836 1000 3905; x_wconf 89' lang='lat' dir='ltr'><strong>compendiosius</strong></span> <span class='ocrx_word' id='word_1_536' title='bbox 1021 3837 1230 3890; x_wconf 86' lang='lat' dir='ltr'><strong>discere</strong></span> <span class='ocrx_word' id='word_1_537' title='bbox 1258 3833 1394 3906; x_wconf 83' lang='grc'>(27).</span> <span class='ocrx_word' id='word_1_538' title='bbox 1425 3833 1560 3888; x_wconf 83' lang='lat' dir='ltr'><strong>Nam</strong></span> <span class='ocrx_word' id='word_1_539' title='bbox 1587 3835 1634 3889; x_wconf 92' lang='lat' dir='ltr'><strong>si</strong></span> <span class='ocrx_word' id='word_1_540' title='bbox 1671 3834 1899 3903; x_wconf 90' lang='lat' dir='ltr'><strong>diligen-</strong></span> 
     </span>
    </p>
   </div>
   <div class='ocr_carea' id='block_1_72' title="bbox 325 3925 1896 3996">
    <p class='ocr_par' dir='ltr' id='par_1_72' title="bbox 325 3925 1896 3996">
     <span class='ocr_line' id='line_1_72' title="bbox 325 3925 1896 3996; baseline -0.002 -14"><span class='ocrx_word' id='word_1_541' title='bbox 325 3930 444 3983; x_wconf 75' lang='lat' dir='ltr'><strong>tius</strong></span> <span class='ocrx_word' id='word_1_542' title='bbox 491 3927 736 3996; x_wconf 89' lang='lat' dir='ltr'><strong>requiras</strong></span> <span class='ocrx_word' id='word_1_543' title='bbox 771 3927 893 3996; x_wconf 85' lang='lat' dir='ltr'><strong>quis</strong></span> <span class='ocrx_word' id='word_1_544' title='bbox 949 3928 1021 3980; x_wconf 88' lang='lat' dir='ltr'><strong>sit</strong></span> <span class='ocrx_word' id='word_1_545' title='bbox 1061 3927 1338 3996; x_wconf 83' lang='lat' dir='ltr'><strong>prosimus</strong></span> <span class='ocrx_word' id='word_1_546' title='bbox 1370 3935 1588 3992; x_wconf 88' lang='lat' dir='ltr'><strong>uoster,</strong></span> <span class='ocrx_word' id='word_1_547' title='bbox 1631 3925 1809 3981; x_wconf 87' lang='lat' dir='ltr'><strong>disces</strong></span> <span class='ocrx_word' id='word_1_548' title='bbox 1839 3927 1896 3979; x_wconf 89' lang='lat' dir='ltr'><strong>in</strong></span> 
     </span>
    </p>
   </div>
   <div class='ocr_carea' id='block_1_73' title="bbox 331 4016 1898 4087">
    <p class='ocr_par' dir='ltr' id='par_1_73' title="bbox 331 4016 1898 4087">
     <span class='ocr_line' id='line_1_73' title="bbox 331 4016 1898 4087; baseline -0.003 -14"><span class='ocrx_word' id='word_1_549' title='bbox 331 4018 626 4087; x_wconf 77' lang='lat' dir='ltr'><strong>Evangelio</strong></span> <span class='ocrx_word' id='word_1_550' title='bbox 656 4019 698 4050; x_wconf 83' lang='lat'><strong>&quot;’</strong></span> <span class='ocrx_word' id='word_1_551' title='bbox 730 4018 875 4071; x_wconf 91' lang='lat' dir='ltr'><strong>illum</strong></span> <span class='ocrx_word' id='word_1_552' title='bbox 905 4033 1026 4072; x_wconf 90' lang='lat' dir='ltr'><strong>esse</strong></span> <span class='ocrx_word' id='word_1_553' title='bbox 1052 4019 1356 4085; x_wconf 89' lang='lat' dir='ltr'><strong>proximum</strong></span> <span class='ocrx_word' id='word_1_554' title='bbox 1395 4027 1641 4070; x_wconf 89' lang='lat' dir='ltr'><strong>nostrum</strong></span> <span class='ocrx_word' id='word_1_555' title='bbox 1682 4016 1774 4086; x_wconf 90' lang='lat' dir='ltr'><strong>qui</strong></span> <span class='ocrx_word' id='word_1_556' title='bbox 1807 4030 1898 4070; x_wconf 84' lang='lat' dir='ltr'><strong>ve-</strong></span> 
     </span>
    </p>
   </div>
   <div class='ocr_carea' id='block_1_74' title="bbox 327 4106 1899 4176">
    <p class='ocr_par' dir='ltr' id='par_1_74' title="bbox 327 4106 1899 4176">
     <span class='ocr_line' id='line_1_74' title="bbox 327 4106 1899 4176; baseline -0.001 -16"><span class='ocrx_word' id='word_1_557' title='bbox 327 4109 437 4174; x_wconf 68' lang='lat' dir='ltr'><strong>nit,</strong></span> <span class='ocrx_word' id='word_1_558' title='bbox 464 4117 520 4162; x_wconf 92' lang='lat' dir='ltr'><strong>et</strong></span> <span class='ocrx_word' id='word_1_559' title='bbox 547 4107 792 4176; x_wconf 88' lang='lat' dir='ltr'><strong>jacentes</strong></span> <span class='ocrx_word' id='word_1_560' title='bbox 820 4121 916 4160; x_wconf 91' lang='lat' dir='ltr'><strong>nos</strong></span> <span class='ocrx_word' id='word_1_561' title='bbox 947 4107 1255 4159; x_wconf 87' lang='lat' dir='ltr'><strong>vulneratos</strong></span> <span class='ocrx_word' id='word_1_562' title='bbox 1285 4121 1313 4158; x_wconf 93' lang='lat' dir='ltr'><strong>a</strong></span> <span class='ocrx_word' id='word_1_563' title='bbox 1343 4106 1672 4170; x_wconf 85' lang='lat' dir='ltr'><strong>latronibus,</strong></span> <span class='ocrx_word' id='word_1_564' title='bbox 1708 4114 1764 4160; x_wconf 91' lang='lat' dir='ltr'><strong>et</strong></span> <span class='ocrx_word' id='word_1_565' title='bbox 1797 4122 1899 4159; x_wconf 89' lang='lat' dir='ltr'><strong>nu—</strong></span> 
     </span>
    </p>
   </div>
   <div class='ocr_carea' id='block_1_75' title="bbox 325 4198 1897 4268">
    <p class='ocr_par' dir='ltr' id='par_1_75' title="bbox 325 4198 1897 4268">
     <span class='ocr_line' id='line_1_75' title="bbox 325 4198 1897 4268; baseline -0.001 -16"><span class='ocrx_word' id='word_1_566' title='bbox 325 4201 489 4254; x_wconf 80' lang='lat' dir='ltr'><strong>datos</strong></span> <span class='ocrx_word' id='word_1_567' title='bbox 517 4215 547 4253; x_wconf 90' lang='lat' dir='ltr'><strong>a</strong></span> <span class='ocrx_word' id='word_1_568' title='bbox 578 4198 908 4253; x_wconf 68' lang='lat' dir='ltr'><strong>daemonibus</strong></span> <span class='ocrx_word' id='word_1_569' title='bbox 935 4199 1179 4268; x_wconf 88' lang='lat' dir='ltr'><strong>jumento</strong></span> <span class='ocrx_word' id='word_1_570' title='bbox 1205 4198 1452 4267; x_wconf 85' lang='lat' dir='ltr'><strong>corporis</strong></span> <span class='ocrx_word' id='word_1_571' title='bbox 1504 4201 1587 4253; x_wconf 88' lang='lat' dir='ltr'><strong>sui</strong></span> <span class='ocrx_word' id='word_1_572' title='bbox 1641 4213 1897 4267; x_wconf 89' lang='lat' dir='ltr'><strong>superpo-</strong></span> 
     </span>
    </p>
   </div>
   <div class='ocr_carea' id='block_1_76' title="bbox 331 4289 1898 4355">
    <p class='ocr_par' dir='ltr' id='par_1_76' title="bbox 331 4289 1898 4355">
     <span class='ocr_line' id='line_1_76' title="bbox 331 4289 1898 4355; baseline 0.001 -13"><span class='ocrx_word' id='word_1_573' title='bbox 331 4292 464 4354; x_wconf 78' lang='lat' dir='ltr'><strong>suit,</strong></span> <span class='ocrx_word' id='word_1_574' title='bbox 494 4291 638 4345; x_wconf 86' lang='lat' dir='ltr'><strong>etad</strong></span> <span class='ocrx_word' id='word_1_575' title='bbox 668 4289 938 4343; x_wconf 87' lang='lat' dir='ltr'><strong>stabulum</strong></span> <span class='ocrx_word' id='word_1_576' title='bbox 987 4290 1242 4344; x_wconf 67' lang='lat' dir='ltr'><strong>Ecclesiae</strong></span> <span class='ocrx_word' id='word_1_577' title='bbox 1298 4291 1527 4355; x_wconf 90' lang='lat' dir='ltr'><strong>detulit,</strong></span> <span class='ocrx_word' id='word_1_578' title='bbox 1578 4301 1633 4344; x_wconf 90' lang='lat' dir='ltr'><strong>et</strong></span> <span class='ocrx_word' id='word_1_579' title='bbox 1658 4291 1898 4345; x_wconf 89' lang='lat' dir='ltr'><strong>stabula-</strong></span> 
     </span>
    </p>
   </div>
   <div class='ocr_carea' id='block_1_77' title="bbox 1995 3105 3572 3171">
    <p class='ocr_par' dir='ltr' id='par_1_77' title="bbox 1995 3105 3572 3171">
     <span class='ocr_line' id='line_1_77' title="bbox 1995 3105 3572 3171; baseline -0.003 -11"><span class='ocrx_word' id='word_1_580' title='bbox 1995 3114 2212 3160; x_wconf 89' lang='lat' dir='ltr'><strong>secutus</strong></span> <span class='ocrx_word' id='word_1_581' title='bbox 2253 3116 2368 3171; x_wconf 91' lang='lat' dir='ltr'><strong>est,</strong></span> <span class='ocrx_word' id='word_1_582' title='bbox 2416 3107 2809 3161; x_wconf 86' lang='lat' dir='ltr'><strong>introduxisset</strong></span> <span class='ocrx_word' id='word_1_583' title='bbox 2848 3107 3011 3160; x_wconf 90' lang='lat' dir='ltr'><strong>etiam</strong></span> <span class='ocrx_word' id='word_1_584' title='bbox 3059 3105 3320 3158; x_wconf 89' lang='lat' dir='ltr'><strong>moralem</strong></span> <span class='ocrx_word' id='word_1_585' title='bbox 3368 3105 3572 3166; x_wconf 89' lang='lat' dir='ltr'><strong>locum,</strong></span> 
     </span>
    </p>
   </div>
   <div class='ocr_carea' id='block_1_78' title="bbox 1995 3194 3571 3266">
    <p class='ocr_par' dir='ltr' id='par_1_78' title="bbox 1995 3194 3571 3266">
     <span class='ocr_line' id='line_1_78' title="bbox 1995 3194 3571 3266; baseline -0.002 -16"><span class='ocrx_word' id='word_1_586' title='bbox 1995 3212 2102 3264; x_wconf 91' lang='lat' dir='ltr'><strong>quo</strong></span> <span class='ocrx_word' id='word_1_587' title='bbox 2129 3199 2299 3266; x_wconf 84' lang='lat' dir='ltr'><strong>magis</strong></span> <span class='ocrx_word' id='word_1_588' title='bbox 2332 3212 2396 3251; x_wconf 92' lang='lat' dir='ltr'><strong>ac</strong></span> <span class='ocrx_word' id='word_1_589' title='bbox 2427 3198 2599 3265; x_wconf 75' lang='lat' dir='ltr'><strong>magis</strong></span> <span class='ocrx_word' id='word_1_590' title='bbox 2624 3199 2903 3251; x_wconf 89' lang='lat' dir='ltr'><strong>auditores</strong></span> <span class='ocrx_word' id='word_1_591' title='bbox 2935 3195 3121 3249; x_wconf 88' lang='lat' dir='ltr'><strong>incitet</strong></span> <span class='ocrx_word' id='word_1_592' title='bbox 3156 3195 3222 3248; x_wconf 92' lang='lat' dir='ltr'><strong>ad</strong></span> <span class='ocrx_word' id='word_1_593' title='bbox 3251 3194 3571 3249; x_wconf 88' lang='lat' dir='ltr'><strong>conversio-</strong></span> 
     </span>
    </p>
   </div>
   <div class='ocr_carea' id='block_1_79' title="bbox 1995 3284 3573 3357">
    <p class='ocr_par' dir='ltr' id='par_1_79' title="bbox 1995 3284 3573 3357">
     <span class='ocr_line' id='line_1_79' title="bbox 1995 3284 3573 3357; baseline -0.003 -15"><span class='ocrx_word' id='word_1_594' title='bbox 1995 3303 2139 3350; x_wconf 89' lang='lat' dir='ltr'><strong>nem,</strong></span> <span class='ocrx_word' id='word_1_595' title='bbox 2167 3288 2466 3343; x_wconf 88' lang='lat' dir='ltr'><strong>introducit</strong></span> <span class='ocrx_word' id='word_1_596' title='bbox 2506 3305 2649 3343; x_wconf 89' lang='lat' dir='ltr'><strong>nunc</strong></span> <span class='ocrx_word' id='word_1_597' title='bbox 2677 3291 2840 3344; x_wconf 89' lang='lat' dir='ltr'><strong>etiam</strong></span> <span class='ocrx_word' id='word_1_598' title='bbox 2873 3295 3254 3357; x_wconf 89' lang='lat' dir='ltr'><strong>perurgentem</strong></span> <span class='ocrx_word' id='word_1_599' title='bbox 3287 3284 3402 3357; x_wconf 82' lang='grc'>(52)</span> <span class='ocrx_word' id='word_1_600' title='bbox 3437 3296 3573 3338; x_wconf 87' lang='lat' dir='ltr'><strong>tem-</strong></span> 
     </span>
    </p>
   </div>
   <div class='ocr_carea' id='block_1_80' title="bbox 1994 3378 3570 3448">
    <p class='ocr_par' dir='ltr' id='par_1_80' title="bbox 1994 3378 3570 3448">
     <span class='ocr_line' id='line_1_80' title="bbox 1994 3378 3570 3448; baseline -0.001 -16"><span class='ocrx_word' id='word_1_601' title='bbox 1994 3378 2143 3448; x_wconf 87' lang='lat' dir='ltr'><strong>poris</strong></span> <span class='ocrx_word' id='word_1_602' title='bbox 2162 3379 2452 3445; x_wconf 85' lang='lat' dir='ltr'><strong>rationem,</strong></span> <span class='ocrx_word' id='word_1_603' title='bbox 2474 3381 2616 3448; x_wconf 90' lang='lat' dir='ltr'><strong>quod</strong></span> <span class='ocrx_word' id='word_1_604' title='bbox 2635 3390 2721 3434; x_wconf 89' lang='lat' dir='ltr'><strong>est</strong></span> <span class='ocrx_word' id='word_1_605' title='bbox 2745 3381 2795 3433; x_wconf 87' lang='lat' dir='ltr'><strong>itt</strong></span> <span class='ocrx_word' id='word_1_606' title='bbox 2819 3380 2978 3433; x_wconf 87' lang='lat' dir='ltr'><strong>rebus</strong></span> <span class='ocrx_word' id='word_1_607' title='bbox 3005 3379 3254 3431; x_wconf 87' lang='lat' dir='ltr'><strong>omnibus</strong></span> <span class='ocrx_word' id='word_1_608' title='bbox 3272 3393 3570 3431; x_wconf 86' lang='lat' dir='ltr'><strong>smnmum.</strong></span> 
     </span>
    </p>
   </div>
   <div class='ocr_carea' id='block_1_81' title="bbox 1995 3468 3572 3539">
    <p class='ocr_par' dir='ltr' id='par_1_81' title="bbox 1995 3468 3572 3539">
     <span class='ocr_line' id='line_1_81' title="bbox 1995 3468 3572 3539; baseline -0.001 -16"><span class='ocrx_word' id='word_1_609' title='bbox 1995 3468 2168 3523; x_wconf 88' lang='lat' dir='ltr'><strong>Nemo</strong></span> <span class='ocrx_word' id='word_1_610' title='bbox 2199 3471 2346 3523; x_wconf 89' lang='lat' dir='ltr'><strong>enim</strong></span> <span class='ocrx_word' id='word_1_611' title='bbox 2398 3471 2474 3524; x_wconf 88' lang='lat' dir='ltr'><strong>ita</strong></span> <span class='ocrx_word' id='word_1_612' title='bbox 2515 3471 2886 3525; x_wconf 84' lang='lat' dir='ltr'><strong>somnolentus</strong></span> <span class='ocrx_word' id='word_1_613' title='bbox 2937 3479 2992 3524; x_wconf 92' lang='lat' dir='ltr'><strong>et</strong></span> <span class='ocrx_word' id='word_1_614' title='bbox 3030 3473 3181 3539; x_wconf 83' lang='lat' dir='ltr'><strong>piger</strong></span> <span class='ocrx_word' id='word_1_615' title='bbox 3230 3480 3349 3534; x_wconf 88' lang='lat' dir='ltr'><strong>est,</strong></span> <span class='ocrx_word' id='word_1_616' title='bbox 3408 3484 3572 3537; x_wconf 85' lang='lat' dir='ltr'><strong>quem</strong></span> 
     </span>
    </p>
   </div>
   <div class='ocr_carea' id='block_1_82' title="bbox 1996 3561 3570 3623">
    <p class='ocr_par' dir='ltr' id='par_1_82' title="bbox 1996 3561 3570 3623">
     <span class='ocr_line' id='line_1_82' title="bbox 1996 3561 3570 3623; baseline 0 -10"><span class='ocrx_word' id='word_1_617' title='bbox 1996 3561 2330 3615; x_wconf 88' lang='lat' dir='ltr'><strong>advenientis</strong></span> <span class='ocrx_word' id='word_1_618' title='bbox 2379 3561 2484 3615; x_wconf 91' lang='lat' dir='ltr'><strong>diei</strong></span> <span class='ocrx_word' id='word_1_619' title='bbox 2533 3577 2638 3615; x_wconf 89' lang='lat' dir='ltr'><strong>non</strong></span> <span class='ocrx_word' id='word_1_620' title='bbox 2686 3564 2889 3616; x_wconf 86' lang='lat' dir='ltr'><strong>excitet</strong></span> <span class='ocrx_word' id='word_1_621' title='bbox 2940 3562 3197 3623; x_wconf 88' lang='lat' dir='ltr'><strong>claritas,</strong></span> <span class='ocrx_word' id='word_1_622' title='bbox 3249 3570 3302 3614; x_wconf 91' lang='lat' dir='ltr'><strong>et</strong></span> <span class='ocrx_word' id='word_1_623' title='bbox 3352 3562 3440 3614; x_wconf 89' lang='lat' dir='ltr'><strong>cui</strong></span> <span class='ocrx_word' id='word_1_624' title='bbox 3489 3561 3570 3613; x_wconf 81' lang='lat' dir='ltr'><strong>sul</strong></span> 
     </span>
    </p>
   </div>
   <div class='ocr_carea' id='block_1_83' title="bbox 1995 3654 3569 3725">
    <p class='ocr_par' dir='ltr' id='par_1_83' title="bbox 1995 3654 3569 3725">
     <span class='ocr_line' id='line_1_83' title="bbox 1995 3654 3569 3725; baseline -0.002 -17"><span class='ocrx_word' id='word_1_625' title='bbox 1995 3654 2166 3710; x_wconf 90' lang='lat' dir='ltr'><strong>oculis</strong></span> <span class='ocrx_word' id='word_1_626' title='bbox 2191 3656 2398 3709; x_wconf 82' lang='lat' dir='ltr'><strong>infusus</strong></span> <span class='ocrx_word' id='word_1_627' title='bbox 2423 3671 2528 3710; x_wconf 91' lang='lat' dir='ltr'><strong>non</strong></span> <span class='ocrx_word' id='word_1_628' title='bbox 2561 3658 2768 3725; x_wconf 86' lang='lat' dir='ltr'><strong>aperiat</strong></span> <span class='ocrx_word' id='word_1_629' title='bbox 2798 3665 3096 3725; x_wconf 90' lang='lat' dir='ltr'><strong>aspectum.</strong></span> <span class='ocrx_word' id='word_1_630' title='bbox 3128 3654 3223 3708; x_wconf 88' lang='lat' dir='ltr'><strong>Est</strong></span> <span class='ocrx_word' id='word_1_631' title='bbox 3246 3670 3378 3723; x_wconf 83' lang='lat' dir='ltr'><strong>ergo</strong></span> <span class='ocrx_word' id='word_1_632' title='bbox 3403 3655 3569 3706; x_wconf 84' lang='lat' dir='ltr'><strong>etiam</strong></span> 
     </span>
    </p>
   </div>
   <div class='ocr_carea' id='block_1_84' title="bbox 1997 3747 3571 3816">
    <p class='ocr_par' dir='ltr' id='par_1_84' title="bbox 1997 3747 3571 3816">
     <span class='ocr_line' id='line_1_84' title="bbox 1997 3747 3571 3816; baseline -0.001 -17"><span class='ocrx_word' id='word_1_633' title='bbox 1997 3749 2191 3801; x_wconf 65' lang='lat' dir='ltr'><strong>animat</strong></span> <span class='ocrx_word' id='word_1_634' title='bbox 2220 3762 2440 3801; x_wconf 88' lang='lat' dir='ltr'><strong>somnus</strong></span> <span class='ocrx_word' id='word_1_635' title='bbox 2468 3747 2704 3816; x_wconf 89' lang='lat' dir='ltr'><strong>quidam.</strong></span> <span class='ocrx_word' id='word_1_636' title='bbox 2742 3748 2799 3802; x_wconf 91' lang='lat' dir='ltr'><strong>Si</strong></span> <span class='ocrx_word' id='word_1_637' title='bbox 2841 3749 2989 3802; x_wconf 90' lang='lat' dir='ltr'><strong>enim</strong></span> <span class='ocrx_word' id='word_1_638' title='bbox 3017 3759 3144 3801; x_wconf 89' lang='lat' dir='ltr'><strong>sunt</strong></span> <span class='ocrx_word' id='word_1_639' title='bbox 3187 3748 3273 3812; x_wconf 92' lang='lat' dir='ltr'><strong>ei,</strong></span> <span class='ocrx_word' id='word_1_640' title='bbox 3319 3758 3379 3800; x_wconf 92' lang='lat' dir='ltr'><strong>ut</strong></span> <span class='ocrx_word' id='word_1_641' title='bbox 3428 3761 3571 3812; x_wconf 82' lang='lat' dir='ltr'><strong>sa-pe</strong></span> 
     </span>
    </p>
   </div>
   <div class='ocr_carea' id='block_1_85' title="bbox 1990 3833 3571 3906">
    <p class='ocr_par' dir='ltr' id='par_1_85' title="bbox 1990 3833 3571 3906">
     <span class='ocr_line' id='line_1_85' title="bbox 1990 3833 3571 3906; baseline 0.001 -18"><span class='ocrx_word' id='word_1_642' title='bbox 1990 3833 2102 3903; x_wconf 80' lang='lat' dir='ltr'><strong>jam</strong></span> <span class='ocrx_word' id='word_1_643' title='bbox 2154 3836 2426 3900; x_wconf 86' lang='lat' dir='ltr'><strong>diximus,</strong></span> <span class='ocrx_word' id='word_1_644' title='bbox 2459 3838 2658 3903; x_wconf 90' lang='lat' dir='ltr'><strong>proprii</strong></span> <span class='ocrx_word' id='word_1_645' title='bbox 2701 3839 2874 3901; x_wconf 90' lang='lat' dir='ltr'><strong>oculi,</strong></span> <span class='ocrx_word' id='word_1_646' title='bbox 2919 3848 2975 3891; x_wconf 91' lang='lat' dir='ltr'><strong>et</strong></span> <span class='ocrx_word' id='word_1_647' title='bbox 3016 3853 3175 3891; x_wconf 90' lang='lat' dir='ltr'><strong>aures</strong></span> <span class='ocrx_word' id='word_1_648' title='bbox 3207 3840 3479 3906; x_wconf 68' lang='lat' dir='ltr'><strong>promite,</strong></span> <span class='ocrx_word' id='word_1_649' title='bbox 3518 3846 3571 3889; x_wconf 85' lang='lat' dir='ltr'><strong>et</strong></span> 
     </span>
    </p>
   </div>
   <div class='ocr_carea' id='block_1_86' title="bbox 2002 3929 3567 4000">
    <p class='ocr_par' dir='ltr' id='par_1_86' title="bbox 2002 3929 3567 4000">
     <span class='ocr_line' id='line_1_86' title="bbox 2002 3929 3567 4000; baseline -0.001 -19"><span class='ocrx_word' id='word_1_650' title='bbox 2002 3943 2192 3982; x_wconf 83' lang='lat' dir='ltr'><strong>manus</strong></span> <span class='ocrx_word' id='word_1_651' title='bbox 2213 3940 2267 3982; x_wconf 89' lang='lat' dir='ltr'><strong>et</strong></span> <span class='ocrx_word' id='word_1_652' title='bbox 2295 3930 2460 3998; x_wconf 84' lang='lat' dir='ltr'><strong>pedes</strong></span> <span class='ocrx_word' id='word_1_653' title='bbox 2487 3947 2501 3994; x_wconf 88' lang='lat'><strong>;</strong></span> <span class='ocrx_word' id='word_1_654' title='bbox 2528 3945 2647 4000; x_wconf 69' lang='lat' dir='ltr'><strong>quae</strong></span> <span class='ocrx_word' id='word_1_655' title='bbox 2669 3929 2873 3999; x_wconf 69' lang='lat' dir='ltr'><strong>singula</strong></span> <span class='ocrx_word' id='word_1_656' title='bbox 2900 3945 3006 3983; x_wconf 92' lang='lat' dir='ltr'><strong>non</strong></span> <span class='ocrx_word' id='word_1_657' title='bbox 3039 3941 3144 3984; x_wconf 90' lang='lat' dir='ltr'><strong>tam</strong></span> <span class='ocrx_word' id='word_1_658' title='bbox 3177 3929 3426 3982; x_wconf 87' lang='lat' dir='ltr'><strong>membra</strong></span> <span class='ocrx_word' id='word_1_659' title='bbox 3448 3945 3567 3981; x_wconf 86' lang='lat' dir='ltr'><strong>cor-</strong></span> 
     </span>
    </p>
   </div>
   <div class='ocr_carea' id='block_1_87' title="bbox 1999 4018 3567 4090">
    <p class='ocr_par' dir='ltr' id='par_1_87' title="bbox 1999 4018 3567 4090">
     <span class='ocr_line' id='line_1_87' title="bbox 1999 4018 3567 4090; baseline -0.001 -18"><span class='ocrx_word' id='word_1_660' title='bbox 1999 4018 2202 4087; x_wconf 89' lang='lat' dir='ltr'><strong>poralia</strong></span> <span class='ocrx_word' id='word_1_661' title='bbox 2236 4019 2413 4074; x_wconf 87' lang='lat' dir='ltr'><strong>inesse</strong></span> <span class='ocrx_word' id='word_1_662' title='bbox 2440 4021 2488 4074; x_wconf 90' lang='lat' dir='ltr'><strong>ei</strong></span> <span class='ocrx_word' id='word_1_663' title='bbox 2517 4061 2533 4083; x_wconf 93' lang='lat'><strong>,</strong></span> <span class='ocrx_word' id='word_1_664' title='bbox 2567 4035 2726 4088; x_wconf 90' lang='lat' dir='ltr'><strong>quam</strong></span> <span class='ocrx_word' id='word_1_665' title='bbox 2759 4021 2991 4074; x_wconf 82' lang='lat' dir='ltr'><strong>virtutes</strong></span> <span class='ocrx_word' id='word_1_666' title='bbox 3033 4021 3229 4090; x_wconf 89' lang='lat' dir='ltr'><strong>quibus</strong></span> <span class='ocrx_word' id='word_1_667' title='bbox 3264 4021 3331 4072; x_wconf 88' lang='lat' dir='ltr'><strong>ad</strong></span> <span class='ocrx_word' id='word_1_668' title='bbox 3373 4035 3567 4072; x_wconf 87' lang='lat' dir='ltr'><strong>unum-</strong></span> 
     </span>
    </p>
   </div>
   <div class='ocr_carea' id='block_1_88' title="bbox 1999 4110 3569 4180">
    <p class='ocr_par' dir='ltr' id='par_1_88' title="bbox 1999 4110 3569 4180">
     <span class='ocr_line' id='line_1_88' title="bbox 1999 4110 3569 4180; baseline 0.001 -18"><span class='ocrx_word' id='word_1_669' title='bbox 1999 4110 2252 4180; x_wconf 90' lang='lat' dir='ltr'><strong>quodque</strong></span> <span class='ocrx_word' id='word_1_670' title='bbox 2282 4120 2530 4165; x_wconf 88' lang='lat' dir='ltr'><strong>movetur</strong></span> <span class='ocrx_word' id='word_1_671' title='bbox 2557 4122 2612 4166; x_wconf 89' lang='lat' dir='ltr'><strong>et</strong></span> <span class='ocrx_word' id='word_1_672' title='bbox 2647 4112 2909 4165; x_wconf 87' lang='lat' dir='ltr'><strong>incitatur</strong></span> <span class='ocrx_word' id='word_1_673' title='bbox 2941 4113 3247 4180; x_wconf 67' lang='lat' dir='ltr'><strong>reputantis:</strong></span> <span class='ocrx_word' id='word_1_674' title='bbox 3270 4120 3436 4173; x_wconf 90' lang='lat' dir='ltr'><strong>sunt,</strong></span> <span class='ocrx_word' id='word_1_675' title='bbox 3489 4126 3569 4164; x_wconf 80' lang='lat' dir='ltr'><strong>ac-</strong></span> 
     </span>
    </p>
   </div>
   <div class='ocr_carea' id='block_1_89' title="bbox 1999 4202 3565 4257">
    <p class='ocr_par' dir='ltr' id='par_1_89' title="bbox 1999 4202 3565 4257">
     <span class='ocr_line' id='line_1_89' title="bbox 1999 4202 3565 4257; baseline -0.001 -1"><span class='ocrx_word' id='word_1_676' title='bbox 1999 4202 2133 4256; x_wconf 90' lang='lat' dir='ltr'><strong>cidit</strong></span> <span class='ocrx_word' id='word_1_677' title='bbox 2182 4203 2301 4256; x_wconf 91' lang='lat' dir='ltr'><strong>sine</strong></span> <span class='ocrx_word' id='word_1_678' title='bbox 2361 4202 2525 4257; x_wconf 81' lang='lat' dir='ltr'><strong>duhio</strong></span> <span class='ocrx_word' id='word_1_679' title='bbox 2582 4203 2633 4256; x_wconf 91' lang='lat' dir='ltr'><strong>ei</strong></span> <span class='ocrx_word' id='word_1_680' title='bbox 2663 4205 2955 4256; x_wconf 85' lang='lat' dir='ltr'><strong>secundum</strong></span> <span class='ocrx_word' id='word_1_681' title='bbox 3004 4203 3189 4256; x_wconf 88' lang='lat' dir='ltr'><strong>oculos</strong></span> <span class='ocrx_word' id='word_1_682' title='bbox 3242 4219 3372 4256; x_wconf 86' lang='lat' dir='ltr'><strong>suos</strong></span> <span class='ocrx_word' id='word_1_683' title='bbox 3405 4203 3565 4256; x_wconf 87' lang='lat' dir='ltr'><strong>etiam</strong></span> 
     </span>
    </p>
   </div>
   <div class='ocr_carea' id='block_1_90' title="bbox 2000 4292 3566 4362">
    <p class='ocr_par' dir='ltr' id='par_1_90' title="bbox 2000 4292 3566 4362">
     <span class='ocr_line' id='line_1_90' title="bbox 2000 4292 3566 4362; baseline 0.001 -18"><span class='ocrx_word' id='word_1_684' title='bbox 2000 4307 2241 4346; x_wconf 87' lang='lat' dir='ltr'><strong>somnus.</strong></span> <span class='ocrx_word' id='word_1_685' title='bbox 2285 4292 2340 4344; x_wconf 91' lang='lat' dir='ltr'><strong>Si</strong></span> <span class='ocrx_word' id='word_1_686' title='bbox 2376 4292 2520 4345; x_wconf 88' lang='lat' dir='ltr'><strong>enim</strong></span> <span class='ocrx_word' id='word_1_687' title='bbox 2558 4307 2660 4345; x_wconf 92' lang='lat' dir='ltr'><strong>non</strong></span> <span class='ocrx_word' id='word_1_688' title='bbox 2688 4301 2813 4362; x_wconf 88' lang='lat' dir='ltr'><strong>agat</strong></span> <span class='ocrx_word' id='word_1_689' title='bbox 2838 4302 3078 4361; x_wconf 90' lang='lat' dir='ltr'><strong>tempore</strong></span> <span class='ocrx_word' id='word_1_690' title='bbox 3109 4301 3420 4361; x_wconf 78' lang='lat' dir='ltr'><strong>Opportune</strong></span> <span class='ocrx_word' id='word_1_691' title='bbox 3451 4305 3566 4360; x_wconf 67' lang='lat' dir='ltr'><strong>quae</strong></span> 
     </span>
    </p>
   </div>
   <div class='ocr_carea' id='block_1_91' title="bbox 338 4382 3566 4454">
    <p class='ocr_par' dir='ltr' id='par_1_91' title="bbox 338 4382 3566 4454">
     <span class='ocr_line' id='line_1_91' title="bbox 338 4382 3566 4454; baseline 0 -19"><span class='ocrx_word' id='word_1_692' title='bbox 338 4384 417 4437; x_wconf 91' lang='lat' dir='ltr'><strong>rio</strong></span> <span class='ocrx_word' id='word_1_693' title='bbox 436 4399 544 4452; x_wconf 86' lang='lat' dir='ltr'><strong>._pro</strong></span> <span class='ocrx_word' id='word_1_694' title='bbox 591 4397 720 4439; x_wconf 89' lang='lat' dir='ltr'><strong>cura</strong></span> <span class='ocrx_word' id='word_1_695' title='bbox 766 4395 949 4439; x_wconf 85' lang='lat' dir='ltr'><strong>nostra</strong></span> <span class='ocrx_word' id='word_1_696' title='bbox 996 4394 1051 4435; x_wconf 91' lang='lat' dir='ltr'><strong>et.</strong></span> <span class='ocrx_word' id='word_1_697' title='bbox 1103 4382 1379 4451; x_wconf 87' lang='lat' dir='ltr'><strong>diligentia</strong></span> <span class='ocrx_word' id='word_1_698' title='bbox 1429 4383 1536 4452; x_wconf 92' lang='lat' dir='ltr'><strong>(vel</strong></span> <span class='ocrx_word' id='word_1_699' title='bbox 1568 4383 1668 4452; x_wconf 88' lang='lat' dir='ltr'><strong>ipsi</strong></span> <span class='ocrx_word' id='word_1_700' title='bbox 1703 4382 1892 4447; x_wconf 87' lang='lat' dir='ltr'><strong>Paulo,</strong></span> <span class='ocrx_word' id='word_1_701' title='bbox 1925 4389 1974 4448; x_wconf 79' lang='grc' dir='ltr'>υ</span> <span class='ocrx_word' id='word_1_702' title='bbox 2000 4383 2096 4437; x_wconf 89' lang='lat' dir='ltr'><strong>Dei</strong></span> <span class='ocrx_word' id='word_1_703' title='bbox 2126 4393 2272 4447; x_wconf 88' lang='lat' dir='ltr'><strong>sunt,</strong></span> <span class='ocrx_word' id='word_1_704' title='bbox 2302 4383 2396 4438; x_wconf 90' lang='lat' dir='ltr'><strong>sed</strong></span> <span class='ocrx_word' id='word_1_705' title='bbox 2427 4385 2631 4438; x_wconf 89' lang='lat' dir='ltr'><strong>desidia</strong></span> <span class='ocrx_word' id='word_1_706' title='bbox 2664 4393 2961 4454; x_wconf 85' lang='lat' dir='ltr'><strong>torpescat,</strong></span> <span class='ocrx_word' id='word_1_707' title='bbox 2992 4383 3182 4437; x_wconf 89' lang='lat' dir='ltr'><strong>merito</strong></span> <span class='ocrx_word' id='word_1_708' title='bbox 3214 4385 3455 4437; x_wconf 90' lang='lat' dir='ltr'><strong>dormire</strong></span> <span class='ocrx_word' id='word_1_709' title='bbox 3491 4385 3566 4438; x_wconf 88' lang='lat' dir='ltr'><strong>di-</strong></span> 
     </span>
    </p>
   </div>
   <div class='ocr_carea' id='block_1_92' title="bbox 338 4473 1899 4545">
    <p class='ocr_par' dir='ltr' id='par_1_92' title="bbox 338 4473 1899 4545">
     <span class='ocr_line' id='line_1_92' title="bbox 338 4473 1899 4545; baseline 0.003 -20"><span class='ocrx_word' id='word_1_710' title='bbox 338 4475 416 4528; x_wconf 81' lang='lat' dir='ltr'><strong>vel</strong></span> <span class='ocrx_word' id='word_1_711' title='bbox 444 4476 588 4530; x_wconf 92' lang='lat' dir='ltr'><strong>omni</strong></span> <span class='ocrx_word' id='word_1_712' title='bbox 619 4477 710 4545; x_wconf 91' lang='lat' dir='ltr'><strong>qui</strong></span> <span class='ocrx_word' id='word_1_713' title='bbox 747 4477 1000 4532; x_wconf 75' lang='lat' dir='ltr'><strong>Ecclesia:</strong></span> <span class='ocrx_word' id='word_1_714' title='bbox 1042 4473 1257 4545; x_wconf 86' lang='lat' dir='ltr'><strong>praeest)</strong></span> <span class='ocrx_word' id='word_1_715' title='bbox 1297 4477 1434 4530; x_wconf 88' lang='lat' dir='ltr'><strong>duos</strong></span> <span class='ocrx_word' id='word_1_716' title='bbox 1477 4475 1732 4530; x_wconf 85' lang='lat' dir='ltr'><strong>denarios</strong></span> <span class='ocrx_word' id='word_1_717' title='bbox 1767 4473 1899 4530; x_wconf 87' lang='lat' dir='ltr'><strong>Novi</strong></span> 
     </span>
    </p>
   </div>
   <div class='ocr_carea' id='block_1_93' title="bbox 406 4615 1550 4683">
    <p class='ocr_par' dir='ltr' id='par_1_93' title="bbox 406 4615 1550 4683">
     <span class='ocr_line' id='line_1_93' title="bbox 406 4615 1550 4683; baseline 0.001 -14"><span class='ocrx_word' id='word_1_718' title='bbox 406 4617 452 4648; x_wconf 69' lang='lat'><strong>‘°</strong></span> <span class='ocrx_word' id='word_1_719' title='bbox 491 4616 648 4670; x_wconf 86' lang='lat' dir='ltr'><strong>Rom.</strong></span> <span class='ocrx_word' id='word_1_720' title='bbox 682 4633 804 4677; x_wconf 83' lang='lat' dir='ltr'><strong>xm.</strong></span> <span class='ocrx_word' id='word_1_721' title='bbox 834 4618 897 4680; x_wconf 90' lang='lat'><strong>8,</strong></span> <span class='ocrx_word' id='word_1_722' title='bbox 929 4620 984 4673; x_wconf 87' lang='lat'><strong>9.</strong></span> <span class='ocrx_word' id='word_1_723' title='bbox 1040 4615 1233 4670; x_wconf 76' lang='lat' dir='ltr'><strong>&quot;Luc.</strong></span> <span class='ocrx_word' id='word_1_724' title='bbox 1261 4632 1316 4676; x_wconf 89' lang='lat' dir='ltr'><strong>x,</strong></span> <span class='ocrx_word' id='word_1_725' title='bbox 1341 4616 1412 4670; x_wconf 86' lang='grc'>29</span> <span class='ocrx_word' id='word_1_726' title='bbox 1437 4630 1550 4683; x_wconf 85' lang='lat' dir='ltr'><strong>seq.</strong></span> 
     </span>
    </p>
   </div>
   <div class='ocr_carea' id='block_1_94' title="bbox 337 4687 1792 4753">
    <p class='ocr_par' dir='ltr' id='par_1_94' title="bbox 337 4687 1792 4753">
     <span class='ocr_line' id='line_1_94' title="bbox 337 4687 1792 4753; baseline 0.001 -14"><span class='ocrx_word' id='word_1_727' title='bbox 337 4702 459 4750; x_wconf 64' lang='lat' dir='ltr'><strong>aut,</strong></span> <span class='ocrx_word' id='word_1_728' title='bbox 493 4687 583 4741; x_wconf 74' lang='lat'><strong>55.</strong></span> <span class='ocrx_word' id='word_1_729' title='bbox 653 4688 701 4718; x_wconf 84' lang='grc'><strong>⁸¹</strong></span> <span class='ocrx_word' id='word_1_730' title='bbox 732 4687 928 4743; x_wconf 84' lang='lat' dir='ltr'><strong>lJoan.</strong></span> <span class='ocrx_word' id='word_1_731' title='bbox 964 4704 1035 4753; x_wconf 86' lang='lat' dir='ltr'><strong>tv,</strong></span> <span class='ocrx_word' id='word_1_732' title='bbox 1067 4688 1120 4741; x_wconf 92' lang='lat'><strong>8.</strong></span> <span class='ocrx_word' id='word_1_733' title='bbox 1196 4689 1242 4720; x_wconf 83' lang='grc'><strong>⁸³</strong></span> <span class='ocrx_word' id='word_1_734' title='bbox 1272 4688 1427 4740; x_wconf 91' lang='lat' dir='ltr'><strong>Rom.</strong></span> <span class='ocrx_word' id='word_1_735' title='bbox 1461 4701 1581 4748; x_wconf 82' lang='lat' dir='ltr'><strong>xm,</strong></span> <span class='ocrx_word' id='word_1_736' title='bbox 1607 4687 1792 4741; x_wconf 75' lang='grc'><strong>11-15.</strong></span> 
     </span>
    </p>
   </div>
   <div class='ocr_carea' id='block_1_95' title="bbox 413 4803 1081 4876">
    <p class='ocr_par' dir='ltr' id='par_1_95' title="bbox 413 4803 1081 4876">
     <span class='ocr_line' id='line_1_95' title="bbox 413 4803 1081 4876; baseline 0.004 -19"><span class='ocrx_word' id='word_1_737' title='bbox 413 4803 528 4876; x_wconf 89' lang='grc'>(20)</span> <span class='ocrx_word' id='word_1_738' title='bbox 566 4805 724 4876; x_wconf 65' lang='lat' dir='ltr'><strong>Deest</strong></span> <span class='ocrx_word' id='word_1_739' title='bbox 740 4817 798 4859; x_wconf 72' lang='lat' dir='ltr'><strong>et</strong></span> <span class='ocrx_word' id='word_1_740' title='bbox 830 4806 881 4859; x_wconf 94' lang='lat' dir='ltr'><strong>in</strong></span> <span class='ocrx_word' id='word_1_741' title='bbox 903 4807 1081 4861; x_wconf 90' lang='lat' dir='ltr'><strong>editis.</strong></span> 
     </span>
    </p>
   </div>
   <div class='ocr_carea' id='block_1_96' title="bbox 413 4875 1901 4997">
    <p class='ocr_par' dir='ltr' id='par_1_96' title="bbox 413 4875 1901 4997">
     <span class='ocr_line' id='line_1_96' title="bbox 413 4875 1901 4997; baseline 0 -68"><span class='ocrx_word' id='word_1_742' title='bbox 413 4876 527 4997; x_wconf 52' lang='lat' dir='ltr'><strong>(Et)</strong></span> <span class='ocrx_word' id='word_1_743' title='bbox 569 4875 696 4929; x_wconf 82' lang='lat' dir='ltr'><strong>Mss.</strong></span> <span class='ocrx_word' id='word_1_744' title='bbox 755 4876 1006 4946; x_wconf 89' lang='lat' dir='ltr'><strong>quidam,</strong></span> <span class='ocrx_word' id='word_1_745' title='bbox 1063 4886 1110 4929; x_wconf 89' lang='lat' dir='ltr'><strong>et</strong></span> <span class='ocrx_word' id='word_1_746' title='bbox 1163 4875 1394 4945; x_wconf 83' lang='lat' dir='ltr'><strong>quotidie</strong></span> <span class='ocrx_word' id='word_1_747' title='bbox 1453 4875 1636 4928; x_wconf 85' lang='lat' dir='ltr'><strong>debere</strong></span> <span class='ocrx_word' id='word_1_748' title='bbox 1689 4877 1901 4943; x_wconf 77' lang='lat' dir='ltr'><strong>expedit</strong></span> 
     </span>
     <span class='ocr_line' id='line_1_97' title="bbox 447 4965 510 4997; baseline 0 0"><span class='ocrx_word' id='word_1_749' title='bbox 447 4965 510 4997; x_wconf 69' lang='grc' dir='ltr'><strong>ιδ.</strong></span> 
     </span>
    </p>
   </div>
   <div class='ocr_carea' id='block_1_97' title="bbox 339 4965 510 5000">
    <p class='ocr_par' dir='ltr' id='par_1_97' title="bbox 339 4965 510 5000">
     <span class='ocr_line' id='line_1_98' title="bbox 339 4965 510 5000; baseline -0.012 0"><span class='ocrx_word' id='word_1_750' title='bbox 339 4965 510 5000; x_wconf 64' lang='grc' dir='ltr'><strong>τιουιδ.</strong></span> 
     </span>
    </p>
   </div>
   <div class='ocr_carea' id='block_1_98' title="bbox 413 5015 1243 5086">
    <p class='ocr_par' dir='ltr' id='par_1_98' title="bbox 413 5015 1243 5086">
     <span class='ocr_line' id='line_1_99' title="bbox 413 5015 1243 5086; baseline -0.002 -16"><span class='ocrx_word' id='word_1_751' title='bbox 413 5017 526 5086; x_wconf 83' lang='grc'>(22)</span> <span class='ocrx_word' id='word_1_752' title='bbox 561 5016 760 5086; x_wconf 80' lang='lat' dir='ltr'><strong>Inquit.</strong></span> <span class='ocrx_word' id='word_1_753' title='bbox 794 5016 952 5070; x_wconf 82' lang='lat' dir='ltr'><strong>Deest</strong></span> <span class='ocrx_word' id='word_1_754' title='bbox 980 5017 1031 5068; x_wconf 92' lang='lat' dir='ltr'><strong>in</strong></span> <span class='ocrx_word' id='word_1_755' title='bbox 1062 5015 1243 5069; x_wconf 89' lang='lat' dir='ltr'><strong>editis.</strong></span> 
     </span>
    </p>
   </div>
   <div class='ocr_carea' id='block_1_99' title="bbox 413 5082 1902 5156">
    <p class='ocr_par' dir='ltr' id='par_1_99' title="bbox 413 5082 1902 5156">
     <span class='ocr_line' id='line_1_100' title="bbox 413 5082 1902 5156; baseline -0.003 -14"><span class='ocrx_word' id='word_1_756' title='bbox 413 5082 526 5156; x_wconf 74' lang='grc'>(25)</span> <span class='ocrx_word' id='word_1_757' title='bbox 568 5082 660 5140; x_wconf 82' lang='lat' dir='ltr'><strong>Sic</strong></span> <span class='ocrx_word' id='word_1_758' title='bbox 691 5099 792 5140; x_wconf 84' lang='lat' dir='ltr'><strong>ms.</strong></span> <span class='ocrx_word' id='word_1_759' title='bbox 823 5086 1026 5155; x_wconf 80' lang='lat' dir='ltr'><strong>Regius</strong></span> <span class='ocrx_word' id='word_1_760' title='bbox 1049 5101 1197 5138; x_wconf 91' lang='lat' dir='ltr'><strong>num.</strong></span> <span class='ocrx_word' id='word_1_761' title='bbox 1237 5082 1372 5156; x_wconf 69' lang='grc'><strong>1659</strong></span> <span class='ocrx_word' id='word_1_762' title='bbox 1401 5093 1456 5137; x_wconf 88' lang='lat' dir='ltr'><strong>et</strong></span> <span class='ocrx_word' id='word_1_763' title='bbox 1486 5083 1902 5156; x_wconf 46' lang='lat' dir='ltr'><strong>RabanusLCaaf</strong></span> 
     </span>
    </p>
   </div>
   <div class='ocr_carea' id='block_1_100' title="bbox 347 5153 1897 5222">
    <p class='ocr_par' dir='ltr' id='par_1_100' title="bbox 347 5153 1897 5222">
     <span class='ocr_line' id='line_1_101' title="bbox 347 5153 1897 5222; baseline -0.001 -12"><span class='ocrx_word' id='word_1_764' title='bbox 347 5153 444 5212; x_wconf 79' lang='lat' dir='ltr'><strong>teri</strong></span> <span class='ocrx_word' id='word_1_765' title='bbox 487 5153 616 5212; x_wconf 84' lang='lat' dir='ltr'><strong>vero</strong></span> <span class='ocrx_word' id='word_1_766' title='bbox 656 5171 788 5210; x_wconf 92' lang='lat' dir='ltr'><strong>mss.</strong></span> <span class='ocrx_word' id='word_1_767' title='bbox 818 5167 868 5210; x_wconf 90' lang='lat' dir='ltr'><strong>et</strong></span> <span class='ocrx_word' id='word_1_768' title='bbox 901 5153 1027 5209; x_wconf 79' lang='lat' dir='ltr'><strong>editi</strong></span> <span class='ocrx_word' id='word_1_769' title='bbox 1049 5198 1064 5220; x_wconf 91' lang='lat'><strong>,</strong></span> <span class='ocrx_word' id='word_1_770' title='bbox 1093 5156 1227 5208; x_wconf 79' lang='lat' dir='ltr'><strong>tanti</strong></span> <span class='ocrx_word' id='word_1_771' title='bbox 1271 5153 1429 5221; x_wconf 74' lang='lat' dir='ltr'><strong>hujus</strong></span> <span class='ocrx_word' id='word_1_772' title='bbox 1456 5155 1722 5222; x_wconf 75' lang='lat' dir='ltr'><strong>prwcepti.</strong></span> <span class='ocrx_word' id='word_1_773' title='bbox 1753 5153 1897 5208; x_wconf 87' lang='lat' dir='ltr'><strong>Editi</strong></span> 
     </span>
    </p>
   </div>
   <div class='ocr_carea' id='block_1_101' title="bbox 350 5227 799 5296">
    <p class='ocr_par' dir='ltr' id='par_1_101' title="bbox 350 5227 799 5296">
     <span class='ocr_line' id='line_1_102' title="bbox 350 5227 799 5296; baseline -0.004 -14"><span class='ocrx_word' id='word_1_774' title='bbox 350 5231 597 5283; x_wconf 63' lang='lat' dir='ltr'><strong>emittunt</strong></span> <span class='ocrx_word' id='word_1_775' title='bbox 616 5227 799 5296; x_wconf 79' lang='lat' dir='ltr'><strong>hujus.</strong></span> 
     </span>
    </p>
   </div>
   <div class='ocr_carea' id='block_1_102' title="bbox 413 5295 1238 5370">
    <p class='ocr_par' dir='ltr' id='par_1_102' title="bbox 413 5295 1238 5370">
     <span class='ocr_line' id='line_1_103' title="bbox 413 5295 1238 5370; baseline -0.007 -16"><span class='ocrx_word' id='word_1_776' title='bbox 413 5299 525 5370; x_wconf 69' lang='grc'>(24)</span> <span class='ocrx_word' id='word_1_777' title='bbox 554 5297 647 5370; x_wconf 74' lang='lat' dir='ltr'><strong>In.</strong></span> <span class='ocrx_word' id='word_1_778' title='bbox 673 5295 958 5370; x_wconf 77' lang='lat' dir='ltr'><strong>Omittitur</strong></span> <span class='ocrx_word' id='word_1_779' title='bbox 980 5295 1033 5347; x_wconf 88' lang='lat' dir='ltr'><strong>in</strong></span> <span class='ocrx_word' id='word_1_780' title='bbox 1050 5295 1238 5370; x_wconf 79' lang='lat' dir='ltr'><strong>editis.</strong></span> 
     </span>
    </p>
   </div>
   <div class='ocr_carea' id='block_1_103' title="bbox 414 5364 1414 5438">
    <p class='ocr_par' dir='ltr' id='par_1_103' title="bbox 414 5364 1414 5438">
     <span class='ocr_line' id='line_1_104' title="bbox 414 5364 1414 5438; baseline -0.007 -14"><span class='ocrx_word' id='word_1_781' title='bbox 414 5364 529 5438; x_wconf 83' lang='grc'>(25)</span> <span class='ocrx_word' id='word_1_782' title='bbox 556 5367 716 5438; x_wconf 63' lang='grc' dir='ltr'><strong>Ιεξᾴἰιί,</strong></span> <span class='ocrx_word' id='word_1_783' title='bbox 740 5365 1226 5438; x_wconf 21' lang='grc' dir='ltr'><strong>ιιιιθάγρηιῑςίρίιιιν,</strong></span> <span class='ocrx_word' id='word_1_784' title='bbox 1255 5364 1414 5438; x_wconf 80' lang='lat' dir='ltr'><strong>male.</strong></span> 
     </span>
    </p>
   </div>
   <div class='ocr_carea' id='block_1_104' title="bbox 418 5434 1899 5508">
    <p class='ocr_par' dir='ltr' id='par_1_104' title="bbox 418 5434 1899 5508">
     <span class='ocr_line' id='line_1_105' title="bbox 418 5434 1899 5508; baseline -0.003 -15"><span class='ocrx_word' id='word_1_785' title='bbox 418 5434 532 5508; x_wconf 78' lang='grc'>(26)</span> <span class='ocrx_word' id='word_1_786' title='bbox 566 5436 843 5508; x_wconf 76' lang='lat' dir='ltr'><strong>Nunquid.</strong></span> <span class='ocrx_word' id='word_1_787' title='bbox 875 5436 1218 5508; x_wconf 80' lang='lat' dir='ltr'><strong>Desideratur</strong></span> <span class='ocrx_word' id='word_1_788' title='bbox 1252 5437 1304 5508; x_wconf 88' lang='lat' dir='ltr'><strong>in</strong></span> <span class='ocrx_word' id='word_1_789' title='bbox 1342 5434 1899 5508; x_wconf 73' lang='lat' dir='ltr'><strong>librisanteaeditis.</strong></span> 
     </span>
    </p>
   </div>
   <div class='ocr_carea' id='block_1_105' title="bbox 419 5504 1903 5579">
    <p class='ocr_par' dir='ltr' id='par_1_105' title="bbox 419 5504 1903 5579">
     <span class='ocr_line' id='line_1_106' title="bbox 419 5504 1903 5579; baseline -0.002 -17"><span class='ocrx_word' id='word_1_790' title='bbox 419 5504 530 5579; x_wconf 86' lang='grc'>(27)</span> <span class='ocrx_word' id='word_1_791' title='bbox 561 5504 734 5570; x_wconf 72' lang='grc' dir='ltr'>ΕιΙίιϊ,</span> <span class='ocrx_word' id='word_1_792' title='bbox 774 5517 918 5579; x_wconf 91' lang='lat' dir='ltr'><strong>puto_</strong></span> <span class='ocrx_word' id='word_1_793' title='bbox 945 5505 1103 5579; x_wconf 82' lang='lat' dir='ltr'><strong>etiam</strong></span> <span class='ocrx_word' id='word_1_794' title='bbox 1131 5507 1345 5579; x_wconf 59' lang='lat' dir='ltr'><strong>quodet</strong></span> <span class='ocrx_word' id='word_1_795' title='bbox 1384 5506 1437 5558; x_wconf 90' lang='lat' dir='ltr'><strong>in</strong></span> <span class='ocrx_word' id='word_1_796' title='bbox 1482 5507 1578 5579; x_wconf 74' lang='lat' dir='ltr'><strong>ltoc</strong></span> <span class='ocrx_word' id='word_1_797' title='bbox 1616 5504 1777 5579; x_wconf 73' lang='lat' dir='ltr'><strong>voluit</strong></span> <span class='ocrx_word' id='word_1_798' title='bbox 1809 5522 1903 5559; x_wconf 86' lang='lat' dir='ltr'><strong>nos</strong></span> 
     </span>
    </p>
   </div>
   <div class='ocr_carea' id='block_1_106' title="bbox 345 5573 1903 5648">
    <p class='ocr_par' dir='ltr' id='par_1_106' title="bbox 345 5573 1903 5648">
     <span class='ocr_line' id='line_1_107' title="bbox 345 5573 1903 5648; baseline -0.003 -15"><span class='ocrx_word' id='word_1_799' title='bbox 345 5573 546 5648; x_wconf 74' lang='lat' dir='ltr'><strong>aliquid</strong></span> <span class='ocrx_word' id='word_1_800' title='bbox 571 5573 985 5647; x_wconf 81' lang='lat' dir='ltr'><strong>compendiosius</strong></span> <span class='ocrx_word' id='word_1_801' title='bbox 1013 5573 1221 5648; x_wconf 79' lang='lat' dir='ltr'><strong>docere.</strong></span> <span class='ocrx_word' id='word_1_802' title='bbox 1273 5574 1401 5648; x_wconf 73' lang='lat' dir='ltr'><strong>Mss.</strong></span> <span class='ocrx_word' id='word_1_803' title='bbox 1446 5575 1685 5648; x_wconf 82' lang='lat' dir='ltr'><strong>aliquot,</strong></span> <span class='ocrx_word' id='word_1_804' title='bbox 1734 5573 1903 5629; x_wconf 85' lang='lat' dir='ltr'><strong>Putas</strong></span> 
     </span>
    </p>
   </div>
   <div class='ocr_carea' id='block_1_107' title="bbox 350 5645 1899 5712">
    <p class='ocr_par' dir='ltr' id='par_1_107' title="bbox 350 5645 1899 5712">
     <span class='ocr_line' id='line_1_108' title="bbox 350 5645 1899 5712; baseline -0.002 -10"><span class='ocrx_word' id='word_1_805' title='bbox 350 5645 453 5702; x_wconf 81' lang='lat' dir='ltr'><strong>non</strong></span> <span class='ocrx_word' id='word_1_806' title='bbox 484 5657 533 5700; x_wconf 90' lang='lat' dir='ltr'><strong>et</strong></span> <span class='ocrx_word' id='word_1_807' title='bbox 561 5645 708 5699; x_wconf 85' lang='lat' dir='ltr'><strong>aliud</strong></span> <span class='ocrx_word' id='word_1_808' title='bbox 738 5651 791 5700; x_wconf 86' lang='lat' dir='ltr'><strong>in</strong></span> <span class='ocrx_word' id='word_1_809' title='bbox 821 5650 917 5700; x_wconf 82' lang='lat' dir='ltr'><strong>hoc</strong></span> <span class='ocrx_word' id='word_1_810' title='bbox 939 5645 1100 5699; x_wconf 83' lang='lat' dir='ltr'><strong>voluit</strong></span> <span class='ocrx_word' id='word_1_811' title='bbox 1133 5661 1224 5699; x_wconf 88' lang='lat' dir='ltr'><strong>nos</strong></span> <span class='ocrx_word' id='word_1_812' title='bbox 1258 5645 1535 5712; x_wconf 81' lang='lat' dir='ltr'><strong>Apostolus</strong></span> <span class='ocrx_word' id='word_1_813' title='bbox 1556 5685 1570 5708; x_wconf 94' lang='lat'><strong>,</strong></span> <span class='ocrx_word' id='word_1_814' title='bbox 1591 5653 1721 5709; x_wconf 56' lang='grc' dir='ltr'><strong>εις..</strong></span> <span class='ocrx_word' id='word_1_815' title='bbox 1759 5655 1818 5699; x_wconf 90' lang='lat' dir='ltr'><strong>ut</strong></span> <span class='ocrx_word' id='word_1_816' title='bbox 1849 5648 1899 5699; x_wconf 90' lang='lat' dir='ltr'><strong>iu</strong></span> 
     </span>
    </p>
   </div>
   <div class='ocr_carea' id='block_1_108' title="bbox 346 5714 1898 5784">
    <p class='ocr_par' dir='ltr' id='par_1_108' title="bbox 346 5714 1898 5784">
     <span class='ocr_line' id='line_1_109' title="bbox 346 5714 1898 5784; baseline -0.003 -12"><span class='ocrx_word' id='word_1_817' title='bbox 346 5727 519 5772; x_wconf 81' lang='lat' dir='ltr'><strong>textu.</strong></span> <span class='ocrx_word' id='word_1_818' title='bbox 557 5716 663 5771; x_wconf 81' lang='lat' dir='ltr'><strong>Sed</strong></span> <span class='ocrx_word' id='word_1_819' title='bbox 704 5718 902 5773; x_wconf 83' lang='lat' dir='ltr'><strong>rectius</strong></span> <span class='ocrx_word' id='word_1_820' title='bbox 943 5716 1194 5773; x_wconf 85' lang='lat' dir='ltr'><strong>Rabauus</strong></span> <span class='ocrx_word' id='word_1_821' title='bbox 1236 5727 1290 5774; x_wconf 90' lang='lat' dir='ltr'><strong>et</strong></span> <span class='ocrx_word' id='word_1_822' title='bbox 1329 5731 1430 5770; x_wconf 85' lang='lat' dir='ltr'><strong>tus.</strong></span> <span class='ocrx_word' id='word_1_823' title='bbox 1480 5714 1676 5784; x_wconf 86' lang='lat' dir='ltr'><strong>Regius</strong></span> <span class='ocrx_word' id='word_1_824' title='bbox 1699 5756 1714 5780; x_wconf 91' lang='lat'><strong>,</strong></span> <span class='ocrx_word' id='word_1_825' title='bbox 1750 5731 1898 5769; x_wconf 91' lang='lat' dir='ltr'><strong>num.</strong></span> 
     </span>
    </p>
   </div>
   <div class='ocr_carea' id='block_1_109' title="bbox 1624 4615 2630 4684">
    <p class='ocr_par' dir='ltr' id='par_1_109' title="bbox 1624 4615 2630 4684">
     <span class='ocr_line' id='line_1_110' title="bbox 1624 4615 2630 4684; baseline 0.007 -16"><span class='ocrx_word' id='word_1_826' title='bbox 1624 4616 1670 4648; x_wconf 75' lang='grc'><strong>⁸³</strong></span> <span class='ocrx_word' id='word_1_827' title='bbox 1698 4615 1849 4671; x_wconf 89' lang='lat' dir='ltr'><strong>Rom.</strong></span> <span class='ocrx_word' id='word_1_828' title='bbox 1885 4634 1937 4684; x_wconf 85' lang='lat' dir='ltr'><strong>x,</strong></span> <span class='ocrx_word' id='word_1_829' title='bbox 1957 4617 2009 4672; x_wconf 69' lang='grc'><strong>4.</strong></span> <span class='ocrx_word' id='word_1_830' title='bbox 2087 4618 2130 4651; x_wconf 72' lang='grc'><strong>⁸⁸</strong></span> <span class='ocrx_word' id='word_1_831' title='bbox 2155 4617 2297 4673; x_wconf 86' lang='lat' dir='ltr'><strong>Psal.</strong></span> <span class='ocrx_word' id='word_1_832' title='bbox 2329 4619 2630 4684; x_wconf 76' lang='lat' dir='ltr'><strong>Lxxxnt,5.</strong></span> 
     </span>
    </p>
   </div>
   <div class='ocr_carea' id='block_1_110' title="bbox 2008 4474 3566 4547">
    <p class='ocr_par' dir='ltr' id='par_1_110' title="bbox 2008 4474 3566 4547">
     <span class='ocr_line' id='line_1_111' title="bbox 2008 4474 3566 4547; baseline -0.004 -16"><span class='ocrx_word' id='word_1_833' title='bbox 2008 4488 2162 4531; x_wconf 89' lang='lat' dir='ltr'><strong>cetur</strong></span> <span class='ocrx_word' id='word_1_834' title='bbox 2186 4478 2318 4547; x_wconf 75' lang='grc'>(55).</span> <span class='ocrx_word' id='word_1_835' title='bbox 2360 4477 2566 4532; x_wconf 89' lang='lat' dir='ltr'><strong>Idcirco</strong></span> <span class='ocrx_word' id='word_1_836' title='bbox 2599 4476 2761 4547; x_wconf 90' lang='lat' dir='ltr'><strong>igitur</strong></span> <span class='ocrx_word' id='word_1_837' title='bbox 2789 4475 2986 4530; x_wconf 87' lang='lat' dir='ltr'><strong>Paulus</strong></span> <span class='ocrx_word' id='word_1_838' title='bbox 3014 4490 3188 4544; x_wconf 59' lang='lat' dir='ltr'><strong>praeco</strong></span> <span class='ocrx_word' id='word_1_839' title='bbox 3225 4475 3428 4530; x_wconf 86' lang='lat' dir='ltr'><strong>Christi</strong></span> <span class='ocrx_word' id='word_1_840' title='bbox 3462 4474 3566 4528; x_wconf 84' lang='lat' dir='ltr'><strong>cir-</strong></span> 
     </span>
    </p>
   </div>
   <div class='ocr_carea' id='block_1_111' title="bbox 2705 4615 3561 4682">
    <p class='ocr_par' dir='ltr' id='par_1_111' title="bbox 2705 4615 3561 4682">
     <span class='ocr_line' id='line_1_112' title="bbox 2705 4615 3561 4682; baseline -0.002 -10"><span class='ocrx_word' id='word_1_841' title='bbox 2705 4619 2751 4650; x_wconf 85' lang='grc'><strong>⁸⁶</strong></span> <span class='ocrx_word' id='word_1_842' title='bbox 2773 4616 2927 4672; x_wconf 83' lang='lat' dir='ltr'><strong>Joan.</strong></span> <span class='ocrx_word' id='word_1_843' title='bbox 2957 4633 3030 4682; x_wconf 86' lang='lat' dir='ltr'><strong>tv,</strong></span> <span class='ocrx_word' id='word_1_844' title='bbox 3053 4617 3142 4679; x_wconf 83' lang='grc'>20,</span> <span class='ocrx_word' id='word_1_845' title='bbox 3168 4617 3258 4671; x_wconf 67' lang='grc'><strong>21.</strong></span> <span class='ocrx_word' id='word_1_846' title='bbox 3337 4617 3380 4648; x_wconf 75' lang='grc'><strong>⁵⁸</strong></span> <span class='ocrx_word' id='word_1_847' title='bbox 3409 4615 3561 4671; x_wconf 82' lang='lat' dir='ltr'><strong>Joan.</strong></span> 
     </span>
    </p>
   </div>
   <div class='ocr_carea' id='block_1_112' title="bbox 2006 4805 2543 4863">
    <p class='ocr_par' dir='ltr' id='par_1_112' title="bbox 2006 4805 2543 4863">
     <span class='ocr_line' id='line_1_113' title="bbox 2006 4805 2543 4863; baseline 0 -5"><span class='ocrx_word' id='word_1_848' title='bbox 2006 4805 2164 4863; x_wconf 69' lang='lat'><strong>1639.</strong></span> <span class='ocrx_word' id='word_1_849' title='bbox 2205 4805 2343 4858; x_wconf 88' lang='lat' dir='ltr'><strong>Puto</strong></span> <span class='ocrx_word' id='word_1_850' title='bbox 2369 4817 2543 4858; x_wconf 86' lang='lat' dir='ltr'><strong>tamen</strong></span> 
     </span>
    </p>
   </div>
   <div class='ocr_carea' id='block_1_113' title="bbox 2077 4873 3559 4946">
    <p class='ocr_par' dir='ltr' id='par_1_113' title="bbox 2077 4873 3559 4946">
     <span class='ocr_line' id='line_1_114' title="bbox 2077 4873 3559 4946; baseline -0.001 -18"><span class='ocrx_word' id='word_1_851' title='bbox 2077 4875 2186 4946; x_wconf 71' lang='grc'>(28)</span> <span class='ocrx_word' id='word_1_852' title='bbox 2221 4877 2310 4928; x_wconf 82' lang='lat' dir='ltr'><strong>Sic</strong></span> <span class='ocrx_word' id='word_1_853' title='bbox 2339 4892 2442 4928; x_wconf 86' lang='lat' dir='ltr'><strong>ms.</strong></span> <span class='ocrx_word' id='word_1_854' title='bbox 2475 4873 2676 4943; x_wconf 83' lang='lat' dir='ltr'><strong>Regius</strong></span> <span class='ocrx_word' id='word_1_855' title='bbox 2703 4892 2847 4927; x_wconf 90' lang='lat' dir='ltr'><strong>umn.</strong></span> <span class='ocrx_word' id='word_1_856' title='bbox 2878 4874 3016 4928; x_wconf 75' lang='grc'><strong>1659</strong></span> <span class='ocrx_word' id='word_1_857' title='bbox 3039 4886 3090 4928; x_wconf 88' lang='lat' dir='ltr'><strong>et</strong></span> <span class='ocrx_word' id='word_1_858' title='bbox 3114 4873 3559 4946; x_wconf 34' lang='lat' dir='ltr'><strong>RabanussEditi</strong></span> 
     </span>
    </p>
   </div>
   <div class='ocr_carea' id='block_1_114' title="bbox 2003 4945 3560 5014">
    <p class='ocr_par' dir='ltr' id='par_1_114' title="bbox 2003 4945 3560 5014">
     <span class='ocr_line' id='line_1_115' title="bbox 2003 4945 3560 5014; baseline 0 -17"><span class='ocrx_word' id='word_1_859' title='bbox 2003 4945 2243 5007; x_wconf 86' lang='lat' dir='ltr'><strong>vero,et</strong></span> <span class='ocrx_word' id='word_1_860' title='bbox 2270 4946 2508 5014; x_wconf 78' lang='lat' dir='ltr'><strong>plerique</strong></span> <span class='ocrx_word' id='word_1_861' title='bbox 2536 4961 2694 5010; x_wconf 64' lang='lat' dir='ltr'><strong>mss,</strong></span> <span class='ocrx_word' id='word_1_862' title='bbox 2740 4955 2785 4997; x_wconf 88' lang='lat' dir='ltr'><strong>et</strong></span> <span class='ocrx_word' id='word_1_863' title='bbox 2829 4948 3068 4998; x_wconf 77' lang='lat' dir='ltr'><strong>uniuersa</strong></span> <span class='ocrx_word' id='word_1_864' title='bbox 3108 4946 3361 4997; x_wconf 84' lang='lat' dir='ltr'><strong>mundata</strong></span> <span class='ocrx_word' id='word_1_865' title='bbox 3401 4945 3560 5012; x_wconf 86' lang='lat' dir='ltr'><strong>ipsius</strong></span> 
     </span>
    </p>
   </div>
   <div class='ocr_carea' id='block_1_115' title="bbox 2001 5017 3556 5164">
    <p class='ocr_par' dir='ltr' id='par_1_115' title="bbox 2001 5017 3556 5164">
     <span class='ocr_line' id='line_1_116' title="bbox 2001 5017 3556 5164; baseline 0.005 -34"><span class='ocrx_word' id='word_1_866' title='bbox 2001 5017 2359 5164; x_wconf 47' lang='lat' dir='ltr'><strong>coigiifms&#39;i‘c;</strong></span> <span class='ocrx_word' id='word_1_867' title='bbox 2377 5095 2525 5164; x_wconf 74' lang='lat' dir='ltr'><strong>recte</strong></span> <span class='ocrx_word' id='word_1_868' title='bbox 2566 5099 2668 5138; x_wconf 89' lang='lat' dir='ltr'><strong>ms.</strong></span> <span class='ocrx_word' id='word_1_869' title='bbox 2714 5083 3338 5164; x_wconf 61' lang='lat' dir='ltr'><strong>R_egius_nutp._1659;</strong></span> <span class='ocrx_word' id='word_1_870' title='bbox 3382 5094 3556 5164; x_wconf 60' lang='lat' dir='ltr'><strong>ciete&quot;</strong></span> 
     </span>
    </p>
   </div>
   <div class='ocr_carea' id='block_1_116' title="bbox 2004 5152 3556 5224">
    <p class='ocr_par' dir='ltr' id='par_1_116' title="bbox 2004 5152 3556 5224">
     <span class='ocr_line' id='line_1_117' title="bbox 2004 5152 3556 5224; baseline 0.001 -18"><span class='ocrx_word' id='word_1_871' title='bbox 2004 5152 2130 5210; x_wconf 85' lang='lat' dir='ltr'><strong>vero</strong></span> <span class='ocrx_word' id='word_1_872' title='bbox 2161 5152 2286 5207; x_wconf 87' lang='lat' dir='ltr'><strong>mss.</strong></span> <span class='ocrx_word' id='word_1_873' title='bbox 2321 5154 2577 5208; x_wconf 85' lang='lat' dir='ltr'><strong>Rabanus</strong></span> <span class='ocrx_word' id='word_1_874' title='bbox 2605 5165 2659 5208; x_wconf 90' lang='lat' dir='ltr'><strong>et</strong></span> <span class='ocrx_word' id='word_1_875' title='bbox 2683 5154 2835 5220; x_wconf 81' lang='lat' dir='ltr'><strong>editi,</strong></span> <span class='ocrx_word' id='word_1_876' title='bbox 2862 5155 2984 5223; x_wconf 85' lang='lat' dir='ltr'><strong>quia</strong></span> <span class='ocrx_word' id='word_1_877' title='bbox 3018 5152 3317 5224; x_wconf 81' lang='lat' dir='ltr'><strong>(Rabauus,</strong></span> <span class='ocrx_word' id='word_1_878' title='bbox 3348 5155 3459 5223; x_wconf 88' lang='lat' dir='ltr'><strong>qui)</strong></span> <span class='ocrx_word' id='word_1_879' title='bbox 3487 5155 3556 5207; x_wconf 85' lang='lat' dir='ltr'><strong>ita</strong></span> 
     </span>
    </p>
   </div>
   <div class='ocr_carea' id='block_1_117' title="bbox 2007 5224 3556 5345">
    <p class='ocr_par' dir='ltr' id='par_1_117' title="bbox 2007 5224 3556 5345">
     <span class='ocr_line' id='line_1_118' title="bbox 2007 5224 3556 5345; baseline 0 -68"><span class='ocrx_word' id='word_1_880' title='bbox 2007 5226 2297 5345; x_wconf 58' lang='lat' dir='ltr'><strong>pelectaltur</strong></span> <span class='ocrx_word' id='word_1_881' title='bbox 2344 5224 2433 5277; x_wconf 84' lang='lat' dir='ltr'><strong>ille</strong></span> <span class='ocrx_word' id='word_1_882' title='bbox 2477 5225 2596 5296; x_wconf 85' lang='lat' dir='ltr'><strong>(aL,</strong></span> <span class='ocrx_word' id='word_1_883' title='bbox 2651 5224 2764 5293; x_wconf 84' lang='lat' dir='ltr'><strong>illo)</strong></span> <span class='ocrx_word' id='word_1_884' title='bbox 2797 5240 2946 5293; x_wconf 86' lang='lat' dir='ltr'><strong>quem</strong></span> <span class='ocrx_word' id='word_1_885' title='bbox 2991 5225 3184 5292; x_wconf 77' lang='lat' dir='ltr'><strong>diligit,</strong></span> <span class='ocrx_word' id='word_1_886' title='bbox 3239 5239 3287 5278; x_wconf 90' lang='lat' dir='ltr'><strong>et</strong></span> <span class='ocrx_word' id='word_1_887' title='bbox 3333 5242 3434 5279; x_wconf 88' lang='lat' dir='ltr'><strong>non</strong></span> <span class='ocrx_word' id='word_1_888' title='bbox 3476 5242 3556 5278; x_wconf 87' lang='lat' dir='ltr'><strong>so-</strong></span> 
     </span>
     <span class='ocr_line' id='line_1_119' title="bbox 2031 5309 2272 5345; baseline 0 0"><span class='ocrx_word' id='word_1_889' title='bbox 2031 5312 2137 5345; x_wconf 88' lang='lat' dir='ltr'><strong>um.</strong></span> <span class='ocrx_word' id='word_1_890' title='bbox 2169 5310 2197 5345; x_wconf 87' lang='lat' dir='ltr'><strong>e</strong></span> <span class='ocrx_word' id='word_1_891' title='bbox 2225 5309 2272 5345; x_wconf 90' lang='lat' dir='ltr'><strong>c.</strong></span> 
     </span>
    </p>
   </div>
   <div class='ocr_carea' id='block_1_118' title="bbox 2031 5305 2272 5355">
    <p class='ocr_par' dir='ltr' id='par_1_118' title="bbox 2031 5305 2272 5355">
     <span class='ocr_line' id='line_1_120' title="bbox 2031 5305 2272 5355; baseline 0.008 -8"><span class='ocrx_word' id='word_1_892' title='bbox 2031 5312 2137 5355; x_wconf 86' lang='lat' dir='ltr'><strong>um,</strong></span> <span class='ocrx_word' id='word_1_893' title='bbox 2169 5305 2272 5349; x_wconf 91' lang='lat' dir='ltr'><strong>etc.</strong></span> 
     </span>
    </p>
   </div>
   <div class='ocr_carea' id='block_1_119' title="bbox 2084 5363 2987 5434">
    <p class='ocr_par' dir='ltr' id='par_1_119' title="bbox 2084 5363 2987 5434">
     <span class='ocr_line' id='line_1_121' title="bbox 2084 5363 2987 5434; baseline -0.001 -15"><span class='ocrx_word' id='word_1_894' title='bbox 2084 5366 2194 5434; x_wconf 82' lang='grc'>(50)</span> <span class='ocrx_word' id='word_1_895' title='bbox 2224 5363 2390 5434; x_wconf 50' lang='lat' dir='ltr'><strong>tilias,</strong></span> <span class='ocrx_word' id='word_1_896' title='bbox 2417 5364 2610 5434; x_wconf 86' lang='lat' dir='ltr'><strong>cogitat</strong></span> <span class='ocrx_word' id='word_1_897' title='bbox 2639 5363 2987 5434; x_wconf 25' lang='lat' dir='ltr'><strong>....Areliquit.</strong></span> 
     </span>
    </p>
   </div>
   <div class='ocr_carea' id='block_1_120' title="bbox 2081 5432 2890 5506">
    <p class='ocr_par' dir='ltr' id='par_1_120' title="bbox 2081 5432 2890 5506">
     <span class='ocr_line' id='line_1_122' title="bbox 2081 5432 2890 5506; baseline -0.001 -18"><span class='ocrx_word' id='word_1_898' title='bbox 2224 5433 2396 5506; x_wconf 61' lang='lat' dir='ltr'><strong>Editi,</strong></span> <span class='ocrx_word' id='word_1_899' title='bbox 2425 5432 2716 5506; x_wconf 76' lang='lat' dir='ltr'><strong>perditum.</strong></span> <span class='ocrx_word' id='word_1_900' title='bbox 2738 5432 2890 5487; x_wconf 76' lang='lat' dir='ltr'><strong>Male.</strong></span> 
     </span>
    </p>
   </div>
   <div class='ocr_carea' id='block_1_121' title="bbox 2081 5503 3228 5575">
    <p class='ocr_par' dir='ltr' id='par_1_121' title="bbox 2081 5503 3228 5575">
     <span class='ocr_line' id='line_1_123' title="bbox 2081 5503 3228 5575; baseline -0.002 -17"><span class='ocrx_word' id='word_1_901' title='bbox 2081 5503 2192 5575; x_wconf 79' lang='grc'>(52)</span> <span class='ocrx_word' id='word_1_902' title='bbox 2224 5503 2364 5556; x_wconf 86' lang='lat' dir='ltr'><strong>Etliti</strong></span> <span class='ocrx_word' id='word_1_903' title='bbox 2385 5545 2400 5569; x_wconf 91' lang='lat'><strong>,</strong></span> <span class='ocrx_word' id='word_1_904' title='bbox 2427 5503 2532 5573; x_wconf 81' lang='lat' dir='ltr'><strong>quo</strong></span> <span class='ocrx_word' id='word_1_905' title='bbox 2580 5505 2745 5572; x_wconf 80' lang='lat' dir='ltr'><strong>magis</strong></span> <span class='ocrx_word' id='word_1_906' title='bbox 2805 5504 3073 5558; x_wconf 87' lang='lat' dir='ltr'><strong>auditores</strong></span> <span class='ocrx_word' id='word_1_907' title='bbox 3104 5542 3117 5556; x_wconf 91' lang='lat'><strong>.</strong></span> <span class='ocrx_word' id='word_1_908' title='bbox 3143 5549 3154 5560; x_wconf 94' lang='lat'><strong>.</strong></span> <span class='ocrx_word' id='word_1_909' title='bbox 3179 5544 3192 5558; x_wconf 96' lang='lat'><strong>.</strong></span> <span class='ocrx_word' id='word_1_910' title='bbox 3213 5542 3228 5556; x_wconf 93' lang='lat'><strong>.</strong></span> 
     </span>
    </p>
   </div>
   <div class='ocr_carea' id='block_1_122' title="bbox 2007 5577 2697 5643">
    <p class='ocr_par' dir='ltr' id='par_1_122' title="bbox 2007 5577 2697 5643">
     <span class='ocr_line' id='line_1_124' title="bbox 2007 5577 2697 5643; baseline -0.003 -14"><span class='ocrx_word' id='word_1_911' title='bbox 2007 5577 2162 5629; x_wconf 89' lang='lat' dir='ltr'><strong>modo</strong></span> <span class='ocrx_word' id='word_1_912' title='bbox 2195 5585 2568 5643; x_wconf 84' lang='lat' dir='ltr'><strong>perurgentem,</strong></span> <span class='ocrx_word' id='word_1_913' title='bbox 2592 5585 2697 5632; x_wconf 87' lang='lat' dir='ltr'><strong>etc.</strong></span> 
     </span>
    </p>
   </div>
   <div class='ocr_carea' id='block_1_123' title="bbox 2081 5643 3551 5714">
    <p class='ocr_par' dir='ltr' id='par_1_123' title="bbox 2081 5643 3551 5714">
     <span class='ocr_line' id='line_1_125' title="bbox 2081 5643 3551 5714; baseline -0.003 -17"><span class='ocrx_word' id='word_1_914' title='bbox 2081 5644 2190 5714; x_wconf 81' lang='grc'>(55)</span> <span class='ocrx_word' id='word_1_915' title='bbox 2225 5643 2388 5707; x_wconf 87' lang='lat' dir='ltr'><strong>Editi,</strong></span> <span class='ocrx_word' id='word_1_916' title='bbox 2415 5646 2502 5697; x_wconf 85' lang='lat' dir='ltr'><strong>sed</strong></span> <span class='ocrx_word' id='word_1_917' title='bbox 2527 5645 2795 5696; x_wconf 80' lang='lat' dir='ltr'><strong>desideriis</strong></span> <span class='ocrx_word' id='word_1_918' title='bbox 2823 5643 3116 5713; x_wconf 80' lang='lat' dir='ltr'><strong>(Rabatttts,</strong></span> <span class='ocrx_word' id='word_1_919' title='bbox 3146 5644 3429 5714; x_wconf 77' lang='lat' dir='ltr'><strong>desiderio)</strong></span> <span class='ocrx_word' id='word_1_920' title='bbox 3461 5655 3551 5696; x_wconf 83' lang='lat' dir='ltr'><strong>tar-</strong></span> 
     </span>
    </p>
   </div>
   <div class='ocr_carea' id='block_1_124' title="bbox 2007 5715 3549 5786">
    <p class='ocr_par' dir='ltr' id='par_1_124' title="bbox 2007 5715 3549 5786">
     <span class='ocr_line' id='line_1_126' title="bbox 2007 5715 3549 5786; baseline -0.003 -15"><span class='ocrx_word' id='word_1_921' title='bbox 2007 5725 2205 5784; x_wconf 85' lang='lat' dir='ltr'><strong>pescut,</strong></span> <span class='ocrx_word' id='word_1_922' title='bbox 2237 5717 2413 5768; x_wconf 87' lang='lat' dir='ltr'><strong>merito</strong></span> <span class='ocrx_word' id='word_1_923' title='bbox 2437 5715 2663 5769; x_wconf 84' lang='lat' dir='ltr'><strong>dormire</strong></span> <span class='ocrx_word' id='word_1_924' title='bbox 2687 5716 2898 5770; x_wconf 80' lang='lat' dir='ltr'><strong>dicitur.</strong></span> <span class='ocrx_word' id='word_1_925' title='bbox 2935 5715 3060 5772; x_wconf 81' lang='lat' dir='ltr'><strong>Mss.</strong></span> <span class='ocrx_word' id='word_1_926' title='bbox 3092 5717 3334 5786; x_wconf 78' lang='lat' dir='ltr'><strong>plerique</strong></span> <span class='ocrx_word' id='word_1_927' title='bbox 3369 5717 3549 5771; x_wconf 72' lang='lat' dir='ltr'><strong>habent</strong></span> 
     </span>
    </p>
   </div>
   <div class='ocr_carea' id='block_1_125' title="bbox 2569 4809 3140 4873">
    <p class='ocr_par' dir='ltr' id='par_1_125' title="bbox 2569 4809 3140 4873">
     <span class='ocr_line' id='line_1_127' title="bbox 2569 4809 3140 4873; baseline 0.004 -15"><span class='ocrx_word' id='word_1_928' title='bbox 2569 4811 2710 4873; x_wconf 89' lang='lat' dir='ltr'><strong>quod</strong></span> <span class='ocrx_word' id='word_1_929' title='bbox 2736 4815 2783 4858; x_wconf 89' lang='lat' dir='ltr'><strong>et</strong></span> <span class='ocrx_word' id='word_1_930' title='bbox 2813 4821 2866 4857; x_wconf 85' lang='grc' dir='ltr'>ιη</span> <span class='ocrx_word' id='word_1_931' title='bbox 2890 4809 3007 4866; x_wconf 82' lang='lat' dir='ltr'><strong>hoc,</strong></span> <span class='ocrx_word' id='word_1_932' title='bbox 3032 4812 3140 4860; x_wconf 85' lang='lat' dir='ltr'><strong>etc.</strong></span> 
     </span>
    </p>
   </div>
   <div class='ocr_carea' id='block_1_126' title="bbox 3278 5504 3552 5560">
    <p class='ocr_par' dir='ltr' id='par_1_126' title="bbox 3278 5504 3552 5560">
     <span class='ocr_line' id='line_1_128' title="bbox 3278 5504 3552 5560; baseline 0 -5"><span class='ocrx_word' id='word_1_933' title='bbox 3278 5504 3552 5560; x_wconf 84' lang='lat' dir='ltr'><strong>introducit</strong></span> 
     </span>
    </p>
   </div>
  </div>
