3744 6146
229 291 366 345 1253

1185 289 1543 350 COMMENT.
1582 293 1648 348 IN
1686 292 1908 350 EPIST.
1948 292 2038 346 AD
2079 292 2244 347 ROM.
2286 291 2415 346 LIB.
2457 291 2545 348 IX.

3342 299 3364 352 1
3375 296 3488 353 234

223 413 417 469 cuiens
442 411 700 465 mundum
725 411 779 465 in
807 425 996 468 somno
1017 412 1236 468 desidia:
1256 415 1816 484 positum,annuntiat
1843 424 1886 475 Α
1918 413 2042 467 bilia
2093 414 2358 482 appellata
2409 421 2566 474 sunt,
2605 428 2725 480 quae
2765 428 2868 467 non
2915 423 3024 468 tam
3071 414 3480 471 rationabilibus

224 505 418 560 adesse
455 503 568 572 iam
606 503 780 559 lucem
803 543 820 569 ,
869 513 924 559 et
959 513 1171 575 tempus
1205 520 1328 562 esse
1378 517 1438 561 ut
1481 517 1735 578 surgatur
1777 525 1808 564 e

225 606 457 663 somno;
516 607 876 667 noctemque,
947 599 1048 654 hoc
1105 609 1190 654 est
1258 610 1468 670 tempus
1523 601 1652 656 illud
1697 617 1804 670 quo

230 690 537 760 ignorantia
559 689 869 745 hominibus
888 691 1163 745 dominata
1183 703 1290 756 est,
1307 694 1650 762 praecessisse
1666 694 1802 764 (54),

227 793 279 838 et
307 781 899 852 proximantejustitia:
938 784 1070 838 solis
1109 785 1374 849 adventu,
1408 773 1806 839 rarescentibus

229 874 509 938 tenebris,
555 874 845 928 imminere
889 874 1001 945 jam
1051 875 1346 942 agnitionis
1396 875 1539 929 diem
1583 892 1596 928 :
1643 884 1805 944 atque

227 961 349 1014 ideo
377 962 582 1016 clamat
615 963 1102 1033 expergiscendum
1130 979 1273 1028 esse,
1302 979 1369 1018 ne
1395 981 1492 1034 per
1521 966 1802 1033 segnitiem

224 1053 349 1122 quis
385 1062 599 1107 noctem
639 1053 883 1122 patiatur
941 1055 994 1108 in
1032 1053 1196 1114 luce:
1241 1065 1296 1108 et
1343 1056 1646 1125 abjicienda
1685 1071 1805 1110 esse

223 1159 391 1212 opera
441 1146 828 1211 tenebrarum,
894 1155 1058 1216 atque
1106 1160 1258 1198 arma
1313 1145 1454 1200 lucis
1506 1146 1801 1200 induenda.

227 1234 402 1299 Opera
432 1241 766 1291 tenebrarum
805 1246 937 1291 sunt
979 1247 1136 1291 actus
1172 1237 1249 1290 illi
1293 1236 1386 1305 qui
1421 1251 1450 1290 a
1495 1236 1603 1290 Deo
1641 1237 1803 1288 alieni

227 1326 342 1395 (35)
368 1336 528 1392 sunt;
557 1345 706 1382 arma
733 1344 865 1383 vero
887 1329 1045 1394 lucis,
1078 1331 1381 1397 assumptio
1413 1329 1691 1382 virtutum.
1739 1326 1804 1380 Et

226 1421 371 1474 sicut
402 1419 1052 1475 diximus‘dedecdrosum
1081 1435 1201 1474 esse
1233 1422 1319 1474 die
1345 1421 1455 1486 jam
1484 1432 1804 1488 perurgente

225 1513 499 1574 dormire,
533 1512 701 1565 multo
733 1521 816 1566 est
847 1511 1234 1566 dedecorosius
1273 1511 1373 1565 sub
1405 1511 1516 1582 (56)
1558 1521 1802 1580 tempore

225 1605 331 1659 diei
367 1615 423 1658 et
457 1605 593 1660 lucis
616 1619 781 1673 opera
799 1606 989 1672 gerere
1021 1605 1389 1658 tenebrarum.
1413 1601 1610 1657 Verum
1634 1605 1802 1658 scien-

226 1697 355 1752 dum
388 1709 474 1750 est
496 1736 510 1759 ,
543 1698 833 1751 adventrum
863 1696 998 1751 lucis
1026 1696 1186 1764 hujus
1201 1710 1256 1750 et
1282 1698 1388 1751 diei
1417 1696 1624 1766 duplici
1645 1697 1802 1750 modo

1916 508 2028 578 (40)
2059 508 2350 562 videantur
2372 506 2701 571 hominibus,
2731 523 2892 578 quam
2919 508 3048 562 leris
3072 517 3128 562 et
3150 508 3342 564 belluis
3361 525 3478 566 con-

1914 599 2120 654 venire.
2166 597 2292 652 Non
2320 599 2374 651 in
2413 600 2739 652 contentione
2771 608 2820 652 et
2844 598 3202 652 cemulatione.
3237 598 3329 652 Illa
3362 615 3480 670 qum.

1912 708 2074 762 supra
2099 691 2236 745 dixit
2255 689 2367 760 (41)
2387 692 2568 746 carnis
2589 691 2859 744 suntvitia
2887 709 2900 744 :
2927 692 3038 746 haec
3060 689 3170 759 jam
3203 703 3259 746 et
3279 695 3475 747 animi:

1911 781 2159 852 quamvis
2186 781 2367 834 omnia
2415 780 2575 835 simul
2611 779 2722 849 (42)
2769 779 2953 834 carnis
2991 795 3175 850 opera.
3204 782 3479 844 dicantur,

1856 889 1859 895 '
1911 885 1968 928 et
1987 887 2151 941 opera
2178 871 2544 934 tenebrarum,
2570 886 2692 940 quia
2718 886 2907 925 revera
2933 873 3214 926 centeutio
3238 883 3295 928 et
3314 888 3480 928 temu-

1912 961 2043 1016 latio
2062 962 2114 1014 in
2144 960 2341 1016 animis
2357 975 2542 1015 eorum
2569 972 2650 1015 est
2672 962 2762 1029 qui
2793 961 2905 1032 (43)
2934 965 3228 1018 secundum
3261 979 3478 1020 carnem

1910 1054 2133 1118 vivunt,
2163 1063 2218 1107 et
2247 1053 2340 1121 qui
2378 1052 2432 1106 in
2476 1051 2712 1106 tenebris
2739 1053 3034 1108 ambulant.
3065 1053 3167 1120 Qui
3211 1065 3391 1108 autem
3425 1059 3476 1107 iu

1912 1146 2031 1201 luce
2058 1156 2172 1211 est,
2198 1155 2254 1202 et
2283 1147 2427 1202 sicut
2451 1146 2504 1198 in
2527 1144 2614 1198 die
2649 1144 2875 1198 honeste
2916 1145 3189 1208 ambulat,
3221 1146 3353 1199 nihil
3387 1163 3480 1215 per

1911 1239 2335 1306 contentionem,
2363 1237 2498 1291 nihil
2523 1252 2619 1306 per
2647 1237 2859 1292 inanem
2887 1236 3115 1307 gloriam
3164 1239 3301 1306 gerit
3340 1238 3477 1309 (44).

1911 1330 2025 1385 lloc
2062 1346 2191 1401 ergo
2219 1332 2376 1384 modo
2407 1330 2594 1397 abjicit
2622 1331 2745 1400 quis
2781 1331 2944 1400 (quod
2987 1329 3062 1382 ait
3095 1331 3276 1399 supra)
3315 1345 3478 1400 opera

1912 1423 2278 1478 tenebrarum.

1979 1512 2146 1584 659
2172 1513 2260 1569 54.
2295 1512 2446 1580 Quod
2483 1527 2608 1566 vero
2628 1511 2798 1566 dixit:
2821 1511 3115 1565 Induamus
3141 1530 3291 1566 arma
3322 1513 3480 1574 lucis,

1910 1609 2188 1678 quomodo
2228 1606 2419 1660 debeat
2454 1605 2566 1658 ﬁeri
2602 1619 2749 1658 nunc
2801 1606 3043 1671 exponit.
3079 1602 3182 1657 Sed
3233 1607 3436 1657 induite
3462 1646 3477 1665 ,

1911 1699 2112 1768 inquit,
2149 1696 2430 1751 Dominum
2455 1696 2639 1751 Jesum
2672 1695 2963 1761 Christum,
3000 1706 3046 1749 et
3083 1697 3258 1750 carnis
3297 1715 3476 1750 curam

225 1789 606 1858 accipiendum
649 1807 662 1842 :
697 1797 751 1843 et
781 1789 1089 1858 generalem
1117 1791 1389 1852 omnibus,
1430 1801 1485 1843 et
1517 1790 1808 1858 unicuique
1839 1786 1881 1841 Β
1910 1801 1971 1837 ne
1999 1785 2221 1854 feceritis
2247 1786 2300 1837 in
2336 1783 2772 1851 concupiscentiis
2818 1784 2945 1852 (45).
2977 1783 3312 1854 Frequenter
3339 1787 3480 1840 dixi-

222 1881 521 1950 specialem
563 1882 701 1950 (57).
751 1879 1035 1936 Generalis
1075 1883 1328 1935 omnibus
1397 1881 1573 1934 aderit
1618 1881 1706 1934 lux
1753 1890 1806 1935 et

234 1973 354 2025 dies
379 2011 394 2034 ,
422 1988 544 2025 cum
579 1971 744 2024 futuri
777 1971 958 2025 saeculi
1015 1983 1227 2040 tempus
1263 1973 1540 2025 adverterit
1571 1989 1582 2024 :
1615 1974 1679 2026 ad
1711 1987 1807 2026 cn-

218 2066 310 2130 jus
344 2065 807 2135 comparationem
837 2066 1120 2133 praesentis
1149 2064 1308 2132 hujus
1348 2065 1532 2118 tnundi
1575 2066 1804 2133 spatium

223 2157 472 2210 tenebrae
512 2157 878 2224 appellantur.
941 2157 1096 2222 Quod
1137 2166 1349 2225 tempus
1406 2155 1806 2210 labascentilms

219 2249 466 2318 quotidie
496 2249 684 2302 diebus
719 2250 1022 2317 appropiat,
1057 2257 1112 2302 et
1133 2249 1310 2316 spatia
1343 2263 1464 2316 qua:
1517 2249 1806 2317 praeteritis

225 2353 519 2409 augentur,
575 2341 772 2394 futuris
827 2342 942 2395 sine
989 2343 1152 2396 dubio
1202 2343 1562 2395 minuuntur:
1598 2354 1652 2396 et
1685 2343 1806 2396 ideo

217 2437 440 2501 propior
478 2443 553 2486 est
589 2432 726 2502 (58),
749 2432 941 2500 inquit,
963 2449 1100 2486 nunc
1123 2443 1303 2486 nostra
1323 2433 1491 2496 salus,
1512 2451 1665 2498 quam
1689 2451 1805 2487 cum

222 2527 584 2588 credidimus,
625 2534 680 2578 et
706 2525 947 2591 quotidie
971 2527 1025 2578 lit
1061 2525 1323 2594 propior:
1358 2526 1500 2580 sicut
1545 2535 1599 2579 et
1624 2525 1804 2579 Domi-

221 2630 331 2670 nus
368 2631 490 2670 cum
516 2616 997 2670 consummationis
1032 2617 1213 2669 surculi
1249 2617 1398 2685 signa
1425 2617 1801 2685 distingueret.

226 2709 368 2762 dixit
391 2706 440 2738 “
471 2723 488 2761 :
520 2705 653 2760 Cum
680 2715 856 2759 autem
901 2706 1134 2759 videritis
1169 2708 1278 2760 haec
1323 2709 1499 2759 omnia
1520 2749 1534 2772 ,
1586 2705 1804 2759 allevate

220 2803 406 2869 capita
442 2810 616 2853 vestra
639 2839 655 2866 ,
692 2800 940 2866 quoniam
981 2799 1252 2866 appropiat
1292 2799 1572 2866 redemptio
1608 2809 1800 2852 vestra.

220 2891 313 2946 Fit
345 2899 528 2944 autem
559 2899 614 2945 et
650 2905 748 2957 per
797 2889 1043 2959 singulos
1078 2889 1184 2942 diei
1221 2887 1381 2956 hujus
1419 2892 1705 2944 adventus.
1740 2890 1803 2942 Et

219 2984 383 3039 nobis
409 2984 554 3038 enim
585 2983 629 3038 si
653 2983 906 3038 Christus
932 2984 986 3040 in
1013 2983 1177 3037 corde
1203 2985 1274 3036 sit
1302 2982 1439 3054 (39),
1468 2984 1609 3038 diem
1649 2985 1801 3038 nobis

219 3077 361 3133 facit
395 3095 408 3129 :
445 3077 491 3132 si
524 3077 861 3145 ignorantias
910 3084 1127 3130 nostras
1169 3076 1411 3131 scientia:
1445 3077 1583 3131 ratio
1631 3076 1798 3146 fuget,

216 3179 278 3223 et
308 3168 558 3237 indignos
584 3176 739 3222 actus
765 3167 1104 3221 declinantes
1131 3168 1215 3235 pia
1237 3182 1465 3236 quicque
1489 3178 1544 3222 et
1573 3168 1797 3222 honesta

220 3267 533 3324 sectemur,
567 3259 618 3313 in
651 3259 769 3314 luce
796 3274 982 3314 sumus
1006 3259 1206 3328 positi,
1238 3269 1294 3313 et
1317 3258 1474 3328 quasi
1500 3261 1552 3313 in
1585 3261 1671 3314 die
1699 3261 1800 3314 ho-

220 3359 382 3404 neste
405 3348 768 3403 ambulamus.

293 3434 388 3494 55.
431 3438 560 3505 Quae
589 3439 694 3493 sint
718 3448 898 3493 autem
930 3453 1090 3507 opera
1125 3437 1474 3494 tenebrarum
1511 3456 1633 3507 qum
1659 3441 1796 3510 abji-

218 3533 418 3588 cienda
441 3542 588 3598 sunt,
629 3543 1025 3601 consequenter
1053 3541 1356 3596 enumerat,
1385 3542 1438 3584 et
1465 3531 1594 3584 dicit
1623 3549 1636 3583 :
1674 3531 1794 3584 Non

221 3627 278 3677 in
307 3623 776 3678 comessationibus
814 3632 865 3676 et
907 3621 1293 3687 ebrietatibus;
1323 3638 1424 3676 non
1454 3624 1508 3676 in
1542 3624 1806 3678 cubilibus

218 3727 269 3771 et
299 3717 687 3784 impudicitiis;
716 3732 818 3769 non
851 3716 906 3768 in
933 3715 1264 3767 contentione
1288 3723 1337 3767 et
1373 3715 1706 3768 temulatione
1729 3717 1798 3768 ⁵⁸.

217 3809 330 3862 Ista
359 3817 485 3862 sunt
528 3823 692 3876 opera
733 3807 1112 3872 tenebrarum,
1157 3820 1277 3872 qua:
1319 3816 1374 3860 et
1407 3808 1589 3861 carnis
1633 3824 1796 3876 opera

220 3899 584 3968 appellantur,
618 3900 670 3952 in
701 3899 902 3966 bisqui
931 3911 1150 3952 carnem
1179 3911 1334 3950 suam
1362 3898 1586 3953 luxuriae
1613 3909 1666 3954 et
1697 3902 1799 3953 im-

219 3994 538 4064 pudicitiae,
568 4007 672 4045 non
706 3992 982 4045 sanctitati
1035 4008 1209 4060 neque
1246 3993 1471 4046 Domino
1515 3993 1796 4062 mancipa-

215 4093 371 4141 runt.
413 4085 852 4140 Comessationes
893 4085 1068 4150 enim,
1125 4085 1226 4140 hoc
1264 4095 1349 4139 est
1406 4085 1688 4138 inhonesta
1730 4099 1795 4138 ac

218 4179 506 4232 luxuriosa
551 4178 836 4243 convivia,
878 4178 1074 4246 quibus
1117 4177 1434 4231 necessario
1482 4191 1665 4230 comes
1713 4185 1795 4230 est

220 4273 542 4342 turpissima
571 4271 906 4336 temulentia,
942 4272 1071 4340 quid
1095 4271 1239 4325 aliud
1271 4270 1656 4340 subsequetur,
1687 4273 1790 4326 nisi

216 4365 424 4420 cubilia
451 4373 504 4418 et
534 4363 917 4433 impudicitize?
950 4363 994 4415 Α
1026 4363 1188 4416 Redis
1235 4361 1658 4416 cuhitationibus
1699 4377 1794 4416 cu-

286 4484 335 4516 “
359 4483 495 4538 Luc.
530 4500 644 4551 χχι,
688 4482 778 4538 28.
853 4482 900 4514 ⁵⁵
932 4481 1088 4536 Rom.
1113 4499 1238 4546 xiii,
1272 4481 1357 4534 15.

1457 4481 1503 4512 ⁸⁸
1529 4481 1693 4538 Rom.
1738 4499 1850 4548 xiv,
1880 4485 1942 4550 1,
1981 4486 2037 4540 9..

1911 1891 2032 1930 mus
2055 1876 2329 1929 Christum
2361 1874 2680 1942 sapientiam
2709 1889 2854 1938 esse,
2880 1877 3243 1943 etjustitiam,
3275 1888 3329 1930 et
3349 1895 3476 1930 san-

1907 1967 2322 2033 ctiﬁcationem,
2352 1976 2405 2020 et
2433 1965 2737 2031 veritatem,
2773 1975 2828 2020 et
2869 1982 3062 2022 omnes
3090 1969 3249 2022 simul
3301 1971 3474 2022 virtu-

1907 2067 1991 2114 tes
2030 2073 2046 2111 :
2082 2073 2219 2127 quas
2251 2059 2439 2128 utique
2461 2063 2550 2127 qui
2575 2059 2947 2126 assumpserit.
2977 2057 3250 2112 Christum
3281 2060 3482 2114 dicitur

1907 2149 2166 2205 induisse.
2200 2150 2258 2205 Si
2295 2151 2439 2205 enim
2463 2155 2574 2206 hazc
2601 2153 2782 2207 omnia
2811 2150 3062 2205 Christus
3089 2161 3191 2216 est,
3225 2166 3472 2206 necessa-

1908 2242 1990 2296 rio
2033 2244 2124 2311 qui
2157 2244 2270 2296 haec
2303 2243 2502 2310 habet,
2539 2243 2706 2297 habet
2747 2251 2802 2296 et
2845 2241 3147 2294 Christum.
3182 2241 3283 2308 Qui
3330 2245 3483 2296 enim

1906 2333 2022 2388 haec
2070 2334 2236 2387 habet
2266 2372 2282 2396 ,
2313 2333 2496 2388 carnis
2546 2348 2733 2386 curam
2765 2330 2881 2402 (46)
2929 2331 2980 2384 in
3017 2333 3475 2400 concupiscentiis

1906 2443 2014 2483 non
2045 2425 2195 2480 facit.
2234 2425 2600 2482 Moderatioue
2631 2427 2790 2482 solita
2821 2426 3114 2495 Apostolus
3141 2429 3477 2492 utitur,cum

1907 2537 2009 2574 non
2039 2535 2136 2590 per
2174 2520 2355 2573 omnia
2381 2522 2563 2574 carnis
2587 2536 2771 2575 curam
2802 2529 2966 2590 negat
2990 2520 3314 2574 habendam.
3345 2522 3477 2575 Cer-

1908 2622 2017 2664 tum
2047 2621 2130 2665 est
2156 2611 2299 2665 enim
2329 2614 2470 2681 quod
2503 2617 2555 2664 in
2584 2614 2904 2667 necessariis
2935 2613 3180 2666 habenda
3218 2623 3306 2667 est
3333 2629 3348 2676 ;
3411 2614 3470 2666 in

1904 2704 2111 2758 deliciis
2140 2719 2294 2768 vero,
2320 2716 2371 2759 et
2407 2707 2624 2759 luxuria
2653 2746 2667 2768 ,
2694 2713 2857 2773 atque
2895 2705 3042 2759 omni
3079 2708 3474 2776 concupiscen-

1907 2795 2002 2858 tia,
2029 2798 2246 2862 peuitus
2270 2795 2627 2849 excludenda.

1973 2886 2064 2941 55.
2099 2885 2382 2955 lnﬁrmum
2405 2900 2581 2941 autem
2614 2889 2666 2940 in
2700 2889 2806 2956 fide
2845 2889 3115 2950 assumite,
3147 2904 3250 2942 non
3278 2888 3337 2942 in
3383 2888 3467 2940 di-

1902 2979 2309 3046 sceptationibus
2367 2982 2764 3050 cogitationum.
2827 2981 2978 3034 Alius
3030 2981 3240 3050 quidem
3304 2981 3472 3032 credit

1904 3070 2224 3123 manducare
2249 3086 2304 3122 se
2332 3071 2507 3123 omnia
2539 3085 2559 3124 :
2590 3071 2681 3140 qui
2714 3083 2890 3124 autem
2928 3071 3171 3140 inﬁrmus
3191 3081 3289 3135 est,
3326 3071 3472 3125 olera

1909 3166 2182 3218 manducet
2219 3165 2288 3219 “.
2327 3165 2395 3220 Et
2426 3167 2477 3220 in
2503 3167 2876 3235 superioribus
2907 3170 2974 3221 de
3001 3166 3125 3222 ﬁdei
3155 3167 3475 3221 inﬁrmitate

1909 3257 2234 3310 mentionem
2281 3257 2406 3313 fecit
2438 3258 2554 3329 (47)
2588 3259 2881 3328 Apostolus
2905 3300 2920 3325 ,
2962 3259 3052 3314 ubi
3085 3262 3164 3314 ait
3207 3260 3274 3317 de
3299 3261 3472 3315 Abra-

1905 3350 2030 3403 ham
2059 3369 2071 3404 :
2099 3349 2230 3404 Cum
2260 3351 2366 3420 fere
2391 3365 2593 3406 centum
2624 3369 2883 3406 annorum
2909 3364 3063 3417 esset,
3098 3370 3200 3407 non
3231 3355 3470 3424 inﬁrma-

1905 3454 1987 3496 tus
2019 3450 2094 3496 est
2131 3441 2235 3509 ﬁde
2253 3443 2318 3496 ⁵⁷.
2356 3441 2429 3495 De
2463 3458 2569 3512 qua
2606 3444 2922 3498 inﬁrmitate
2951 3445 3076 3497 ﬁdei
3112 3445 3166 3498 in
3199 3445 3305 3498 illis
3330 3447 3469 3502 locis

1901 3551 2022 3604 qua:
2047 3550 2338 3590 occurrere
2365 3544 2653 3604 potuerunt
2675 3540 3044 3606 exposuimus.
3059 3538 3164 3592 Sed
3177 3548 3230 3592 et
3247 3554 3389 3593 nunc
3405 3541 3475 3596 de

1904 3630 2120 3683 inﬁrmo
2157 3630 2209 3683 in
2247 3631 2349 3684 ﬁde
2378 3639 2770 3683 commemorat
2799 3630 2934 3699 (48),
2964 3647 3125 3700 quem
3160 3631 3212 3684 in
3244 3645 3310 3687 eo
3340 3631 3475 3685 dicit

1907 3723 2182 3776 inﬁrmum
2209 3763 2222 3786 ,
2256 3723 2385 3794 quia
2422 3739 2528 3777 non
2559 3725 2734 3777 credit
2761 3726 3093 3779 manducare
3119 3724 3302 3778 omnia
3324 3763 3340 3788 ,
3370 3724 3466 3778 sed

1908 3825 2016 3868 tam
2049 3815 2241 3885 exigua
2273 3824 2360 3870 est
2399 3815 2532 3871 lides
2564 3817 2704 3883 ejus,
2743 3825 2798 3869 ut
2830 3815 2945 3870 sola
2980 3817 3128 3870 olera
3155 3825 3469 3884 competen—

1907 3919 2011 3962 tem
2057 3908 2159 3962 sibi
2194 3923 2320 3962 esse
2361 3910 2635 3965 existimet
2680 3907 2881 3962 cibum.
2929 3908 3082 3976 Quod
3131 3920 3308 3980 potest
3349 3913 3471 3981 qui-

1903 4000 2025 4052 dem
2053 3999 2164 4071 (49)
2192 4001 2366 4056 videri
2408 4002 2610 4057 dictum
2639 4004 2704 4058 ad
2735 4020 2827 4059 eos
2850 4005 2941 4073 qui
2963 4021 3027 4058 ex
3059 4005 3312 4075 gentibus
3340 4018 3464 4060 cre-

1902 4092 2194 4157 diderunt,
2239 4094 2563 4150 extollentes
2598 4110 2656 4149 se
2700 4097 2750 4149 in
2789 4097 3088 4151 libertatem
3121 4095 3286 4161 ﬁdei,
3336 4097 3463 4166 quia

1902 4183 2034 4236 nihil
2061 4200 2348 4240 commune
2397 4194 2488 4239 aut
2518 4189 2851 4243 immundum
2890 4205 3011 4244 esse
3043 4190 3330 4243 crederent
3353 4187 3467 4259 (50)

1899 4277 2183 4329 adversum
2233 4292 2328 4331 eos
2370 4281 2463 4348 qui
2507 4295 2576 4334 ex
2617 4283 3033 4337 circumcisione
3076 4282 3464 4345 crediderunt,

1897 4365 2258 4423 observantes
2303 4370 2480 4426 adhuc
2515 4373 2813 4426 secundum
2849 4373 3196 4427 traditionem
3230 4373 3366 4443 legis
3389 4373 3468 4426 ci-

2139 4489 2180 4550 ",7
2213 4489 2372 4544 Rom.
2404 4507 2476 4554 IV,
2509 4491 2595 4546 19.

215 4581 382 4635 etiam
403 4580 601 4660 dicitur
625 4620 640 4646 ,
665 4582 760 4635 sed
789 4597 890 4636 ms.
918 4579 1118 4651 Regius
1148 4595 1297 4632 num.
1334 4578 1469 4633 1659
1493 4618 1509 4643 ,
1545 4590 1600 4633 et
1625 4578 1798 4635 Raba-
1830 4587 1873 4639 D
1900 4582 2301 4660 gloriant‘gerit.
2333 4587 2429 4642 Ms.
2455 4588 2656 4657 Regius
2690 4606 2836 4642 num.
2873 4589 3035 4656 1659,
3064 4606 3228 4660 neque
3251 4605 3342 4659 per
3381 4591 3466 4643 in-

216 4666 342 4712 itus,
380 4651 604 4705 dicetur.

291 4722 406 4790 (54)
436 4721 599 4787 Editi,
629 4723 962 4787 processisse,
986 4721 1145 4776 male.

294 4793 408 4861 (35)
453 4790 584 4845 Mss.
614 4793 856 4860 quidam,
884 4792 1120 4846 alienati.

291 4862 409 4930 (56)
452 4861 615 4915 Deest
641 4863 736 4916 sub
767 4866 821 4916 in
853 4865 1005 4917 libris
1032 4873 1190 4915 antea
1222 4863 1405 4916 editis.

293 4933 407 4999 (57)
433 4931 528 4985 Ms.
552 4931 752 5001 Regius
787 4951 932 4988 num.
970 4933 1127 4998 1659,
1161 4932 1256 4986 Est
1283 4944 1330 4986 et
1357 4933 1598 5003 generale
1619 4936 1789 4987 omni-

217 5005 338 5063 bus,
368 5015 412 5054 et
440 5004 716 5071 unicuique
746 5006 988 5071 speciale.

292 5072 402 5145 (58)
440 5073 512 5125 Ita
543 5072 640 5125 Ms.
683 5074 878 5142 Regius
915 5090 1062 5145 num.
1091 5073 1248 5128 1659.
1277 5075 1468 5145 Caneri
1499 5088 1793 5138 veromss.,

215 5143 500 5216 Rabantts,
540 5157 593 5196 et
639 5147 790 5216 editi.
831 5155 878 5197 et
915 5143 1030 5196 ideo
1070 5147 1286 5211 propior
1330 5156 1404 5198 est
1447 5144 1597 5216 (editi
1634 5148 1788 5199 omit-

218 5223 337 5269 tunt
359 5215 455 5283 est)
480 5227 657 5266 nostra
675 5215 842 5276 salus,
877 5226 1013 5280 etc.,
1044 5215 1246 5268 tunisso
1275 5218 1465 5283 inquit.

289 5284 403 5356 (39)
436 5284 574 5337 Editi
602 5322 616 5345 ,
659 5286 715 5350 ﬁt
756 5297 937 5356 autem
971 5299 1153 5356 etuper
1179 5288 1412 5354 singulos
1450 5288 1561 5340 dies
1601 5285 1785 5355 hujus-

216 5354 360 5408 mo‘di
393 5357 646 5407 adventus
677 5355 822 5408 nobis
851 5370 869 5407 :
900 5357 994 5408 etsi
1021 5354 1261 5409 Christus
1283 5357 1337 5409 in
1367 5360 1523 5410 corde
1554 5359 1643 5419 sit,
1671 5354 1777 5410 etc.

290 5424 402 5494 (40)
443 5425 540 5477 Ms.
572 5425 768 5491 Regius
796 5442 945 5479 num.
980 5425 1140 5485 1ιι59.
1179 5427 1222 5476 Α
1263 5427 1415 5495 {tedis
1450 5427 1785 5495 cogitationi-

219 5497 334 5548 bus.
383 5497 583 5548 Deinde
615 5497 766 5559 editi,
799 5513 919 5548 cum
953 5505 1188 5549 nontam
1217 5497 1640 5559 rationabilibus,
1677 5506 1786 5551 etc.

302 5565 416 5634 (4|)
454 5566 618 5627 Editi,
638 5581 796 5632 supra
822 5568 954 5619 dixi.

293 5637 407 5703 (ἃ)
439 5635 597 5688 Deest
618 5635 776 5688 simul
810 5637 861 5689 in
894 5636 1048 5690 libris
1080 5645 1236 5692 antea
1271 5637 1449 5691 editis.

295 5707 406 5776 (45)
440 5706 608 5777 Alias,
645 5706 697 5755 in
725 5706 878 5777 malis
908 5722 1088 5760 eorum
1111 5718 1186 5777 est
1210 5708 1331 5777 qui,
1363 5717 1469 5762 etc.

300 5775 412 5850 (44)
467 5775 557 5829 Sic
608 5790 739 5830 mss.
782 5776 1048 5847 plerique.
1094 5775 1232 5832 Editi
1281 5792 1441 5848 vero,
1489 5788 1535 5835 et
1579 5778 1787 5834 inanem

1902 4656 2305 4730 unentqloriunt
2333 4662 2485 4726 gerit,
2523 4656 2592 4710 al.
2630 4664 2835 4730 quierit.

1898 4723 2083 4847 “(1.45)
2118 4727 2278 4789 Editi,
2311 4723 2616 4796 deponitur.
2641 4723 2755 4784 'Sed
2794 4731 3170 4785 induiiuini....
3208 4731 3264 4783 in
3317 4733 3461 4788 desi-

2116 4867 2279 4930 Editi,
2315 4869 2359 4921 si
2389 4870 2527 4921 enim
2565 4869 2676 4922 lucc
2708 4871 2889 4922 omnia
2928 4871 3190 4937 Christus,
3227 4889 3465 4928 necessa-

1899 4935 1978 4987 rio
1999 4938 2088 5004 qui
2121 4943 2232 4990 hau:
2262 4938 2431 4998 habet,
2459 4940 2611 4992 habet
2634 4938 2921 4994 Christum.
2945 4943 3048 5004 Qui
3078 4935 3252 5005 habet,
3287 4946 3461 4996 carnis

1897 5021 2100 5078 curam,
2131 5018 2241 5060 etc.
2270 5007 2468 5062 Deinde
2502 5024 2635 5062 mss.
2665 5011 2925 5078 plerique,
2961 5012 3214 5066 Rabauus
3234 5015 3458 5076 etedili,

1898 5073 2267 5130 Moderatione
2291 5077 2520 5130 sollicita
2551 5073 2834 5146 Apostolus
2873 5084 3057 5142 utitur.
3096 5098 3198 5135 non
3227 5098 3319 5142 per
3346 5073 3462 5135 om;

1897 5147 2006 5209 uia,
2052 5157 2156 5201 etc.
2200 5149 2303 5201 Sed
2340 5152 2540 5202 rectius
2579 5167 2682 5204 ius.
2725 5151 2924 5221 Regius
2958 5167 3110 5206 num.
3150 5149 3285 5204 1639
3314 5162 3370 5204 ut
3404 5157 3457 5209 in

1894 5227 2086 5269 IIOSII'U
2115 5228 2285 5272 ιιτχιιι.

1960 5284 2096 5356 (47)
2141 5287 2282 5342 Editi
2311 5332 2328 5355 ,
2363 5290 2428 5342 de
2469 5289 2593 5352 ﬁdei
2635 5289 2887 5356 ﬁrmitate
2931 5293 3239 5346 mentionem
3284 5289 3408 5358 fecit
3439 5331 3455 5354 ,

1887 5366 2085 5550 33:8)
2135 5428 2275 5483 Eum
2300 5469 2316 5494 ν
2362 5429 2427 5484 de
2470 5429 2780 5499 i"ﬁrmitate
2823 5432 2876 5484 in
2917 5429 3022 5498 ﬁde
3063 5439 3456 5486 commemorat.

1947 5503 2074 5638 T43)
2099 5569 2190 5623 Sic
2210 5579 2359 5643 recte
2391 5585 2494 5643 ms.
2529 5572 2730 5643 Regius
2761 5585 2905 5624 num.
2927 5571 3086 5628 1659.
3109 5569 3296 5627 Czeteri
3317 5583 3453 5626 vero

1891 5641 2286 5714 mss._7et_etli_ti,
2318 5639 2460 5704 Quia
2478 5639 2644 5708 potest
2677 5644 2903 5714 quidem,
2937 5653 3046 5697 etc.

1958 5710 2070 5782 (50)
2099 5711 2264 5778 Editi,
2289 5726 2399 5766 esse
2420 5713 2658 5767 credunt.
