3744 6146
307 317 444 374 1255

305 441 499 497 borum
546 431 734 487 dilfere

306 542 529 584 monere
558 539 625 578 ne
673 520 936 575 insultent
977 515 1058 571 eis
1086 512 1282 584 quibus
1325 508 1483 578 longa
1528 496 1868 559 consuetudo

309 624 361 675 in
402 613 762 674 observandis
807 610 945 666 cibis
990 604 1375 663 discretionem
1423 597 1600 653 adhuc
1634 592 1871 660 aliquam

306 725 362 769 et
389 710 789 769 cunctationem
822 704 1094 760 movebat.
1124 699 1285 755 lubet
1329 710 1460 765 ergo
1507 707 1631 749 eum
1668 684 1761 756 qui
1793 681 1870 735 ita

307 807 363 861 in
392 805 496 861 hac
530 802 632 857 ﬁde
655 800 904 855 inﬁrmus
930 805 1035 859 est,
1072 791 1272 848 assumi
1304 787 1494 858 magis,
1516 795 1572 841 et
1605 800 1710 840 non
1737 782 1873 851 abji-

307 898 398 962 ci,
452 909 554 950 nec
598 891 753 962 quasi
790 886 1060 944 inﬁdelem
1096 882 1356 951 iudicari.
1399 877 1557 932 Aliud
1592 885 1676 930 est
1727 875 1872 929 enim

306 986 580 1043 inﬁdelem
603 996 744 1048 esse,
776 978 917 1034 aliud
941 973 1203 1031 inﬁrmari
1229 973 1283 1026 in
1316 970 1441 1025 ﬁde.
1466 967 1605 1022 Nam
1638 963 1874 1020 inﬁdelis

309 1081 507 1136 dicitur
528 1078 622 1148 qui
654 1090 757 1129 non
789 1071 950 1127 habet
969 1068 1161 1131 ﬁdem;
1196 1065 1443 1119 inﬁrtnus
1468 1072 1645 1115 autem
1665 1060 1717 1114 in
1744 1057 1872 1122 ﬁde,

308 1173 402 1244 qui
424 1171 633 1228 dubitat
659 1169 713 1223 in
742 1175 894 1253 parte
921 1162 1099 1231 aliqua
1136 1159 1278 1214 ﬁdei.

376 1284 470 1342 56.
514 1283 856 1353 Componens
894 1276 1058 1346 igitur
1097 1269 1386 1341 Apostolus
1415 1267 1467 1321 in
1498 1280 1634 1335 pace
1674 1276 1875 1331 corpus

306 1377 565 1434 Ecclesia:
589 1414 606 1440 ,
644 1372 774 1428 dicit
803 1368 914 1441 (Si)
951 1384 965 1421 :
1003 1365 1108 1431 Qui
1143 1362 1460 1423 manducat,
1497 1374 1600 1412 non
1646 1356 1874 1409 mandu-

307 1477 514 1523 cantem
551 1480 653 1518 non
679 1471 889 1530 spernat
918 1474 936 1513 :
964 1467 1013 1512 et
1040 1458 1131 1526 qui
1163 1471 1264 1508 non
1295 1453 1578 1507 manducat
1598 1489 1613 1513 ,
1650 1446 1877 1501 mandu-

307 1570 510 1616 cantem
541 1573 644 1611 non
673 1554 876 1625 judicet
894 1569 914 1618 ;
937 1551 1078 1605 Deus
1107 1550 1246 1603 enim
1275 1546 1426 1600 illum
1457 1542 1763 1606 assumpsit.
1799 1536 1876 1591 Tu

307 1654 425 1722 quis
455 1667 508 1704 es
538 1648 648 1723 (52)
672 1688 688 1711 ,
711 1647 801 1715 qui
825 1644 1040 1715 judicas
1079 1641 1309 1695 alienum
1334 1650 1535 1690 servum
1576 1634 1600 1686 .9
1634 1629 1743 1686 Suo
1779 1630 1877 1682 do-

308 1721 452 1797 mino
501 1721 652 1803 stat,
688 1746 781 1790 aut
832 1735 975 1789 cadit
1009 1747 1027 1783 :
1058 1732 1215 1786 stabit
1262 1740 1436 1783 autem
1475 1740 1491 1778 :
1524 1734 1689 1793 potest
1735 1721 1873 1775 enim

308 1833 452 1889 Deus
498 1840 726 1884 statuere
753 1827 904 1881 illum
950 1825 1032 1891 '3;
1066 1837 1173 1895 quo
1200 1822 1409 1877 scilicet
1451 1833 1551 1889 per
1582 1819 1696 1871 bare
1730 1813 1872 1869 nulla

308 1933 455 1979 esset
485 1922 629 1978 inter
671 1919 955 1975 credentes
978 1917 1222 1972 ciborum
1249 1928 1411 1969 causa
1444 1910 1730 1965 dissensio.
1770 1905 1877 1961 Sed

308 2017 527 2073 videtur
574 2013 688 2069 haec
733 2011 934 2066 Paulus
961 2007 1316 2080 profundiore
1353 2002 1524 2072 magis
1556 2013 1718 2054 sensu
1770 1999 1877 2053 elo-

310 2120 492 2165 cutus.
529 2107 714 2177 Neque
738 2105 884 2160 enim
913 2117 980 2157 ex
1006 2097 1420 2155 circumcisione
1452 2091 1789 2148 venientibus
1810 2088 1877 2144 de

311 2202 534 2258 edendis
574 2199 814 2255 oleribus
846 2197 933 2250 lex
964 2191 1167 2262 aliquid
1215 2188 1570 2243 mandaverat
1598 2225 1613 2250 ,
1646 2192 1705 2239 ut
1742 2182 1877 2252 ipsis

312 2295 608 2353 convenire
643 2293 894 2347 videatur
934 2286 1079 2358 quod
1118 2285 1241 2339 ait:
1281 2281 1387 2347 Qui
1416 2289 1589 2334 autem
1630 2278 1874 2345 inﬁrmus

309 2400 410 2457 est,
434 2389 579 2445 olera
607 2385 911 2441 manducet.
937 2379 1091 2436 Unde
1108 2385 1321 2433 constat
1346 2389 1467 2429 eum
1490 2374 1556 2428 de
1584 2374 1705 2428 cibo
1722 2369 1873 2428 verbi

309 2486 417 2541 ista
460 2488 698 2537 tractare
719 2518 736 2544 ,
777 2484 832 2530 et
861 2473 1132 2528 inﬁrmum
1168 2470 1348 2527 dicere
1389 2480 1512 2521 esse
1541 2463 1654 2536 (55)
1687 2463 1739 2518 in
1771 2462 1877 2517 ﬁde

310 2591 432 2632 eum
474 2572 567 2644 qui
616 2584 723 2625 non
767 2569 839 2622 ita
883 2563 1159 2636 perfectus
1204 2570 1289 2615 est
1327 2558 1576 2613 sensibus
1621 2565 1679 2610 ut
1707 2555 1878 2623 possit

308 2680 526 2727 omnem
563 2665 744 2719 cibum
771 2659 920 2715 verbi
958 2657 1051 2711 Dei
1075 2667 1311 2718 sumere,
1341 2653 1486 2706 sicut
1507 2658 1563 2704 et
1590 2650 1703 2717 ipse
1735 2648 1878 2716 Apo-

310 2763 484 2820 slolus
514 2761 567 2814 in
607 2758 729 2813 aliis
771 2755 903 2810 dicit
935 2766 949 2804 :
977 2748 1342 2817 Perfectorum
1387 2754 1563 2798 autem
1604 2753 1678 2797 est
1728 2743 1876 2797 cibus

311 2853 533 2914 solidus,
560 2863 741 2903 eorum
778 2847 867 2916 qui
895 2858 987 2912 pro
1017 2838 1364 2909 possibilitate
1393 2836 1634 2890 sumendi
1670 2836 1874 2888 exerci-

313 2955 450 3000 tatos
489 2940 677 2997 habent
706 2953 888 2994 sensus
916 2935 984 2989 ad
1009 2933 1373 2988 discretionem
1413 2930 1534 2983 boni
1564 2938 1613 2983 et
1648 2927 1775 2980 mali
1803 2925 1873 2977 ⁸⁸.

314 3038 383 3096 Et
404 3038 598 3091 iterum
631 3033 699 3087 ad
731 3031 868 3086 alios
897 3029 1029 3083 dicit
1054 3041 1069 3080 :
1095 3026 1201 3080 Lac
1223 3024 1367 3081 vobis
1392 3034 1572 3094 potum
1600 3022 1747 3087 dedi,
1771 3038 1876 3075 non

313 3145 485 3184 escam
524 3143 541 3181 :
574 3125 808 3179 nondum
843 3121 983 3175 enim
1027 3119 1281 3189 poteratis
1317 3092 1482 3171 “.‘Et
1522 3111 1766 3183 nunquid
1800 3112 1876 3167 ita
1903 3092 1948 3150 (ἶ

311 3219 481 3290 inepti
514 3215 718 3273 erimus
745 3255 759 3279 ,
805 3225 866 3268 ut
900 3221 1150 3283 putemus
1178 3208 1497 3279 Apostolum
1541 3206 1632 3276 qui
1680 3206 1877 3259 missus

312 3321 396 3366 est
425 3310 725 3380 pratdicare
749 3307 972 3364 verbum
998 3303 1117 3369 Dei,
1151 3301 1236 3356 lac
1261 3308 1508 3371 portasse
1533 3310 1718 3354 secum
1734 3295 1879 3365 quod

312 3403 611 3459 Corinthiis
655 3410 840 3470 potum
873 3397 1027 3453 daret
1066 3394 1180 3465 (54)
1216 3394 1240 3448 ?
1275 3393 1381 3448 Sed
1410 3391 1763 3445 manifestum
1793 3399 1880 3445 est

314 3501 431 3555 haec
476 3512 597 3553 eum
641 3496 710 3551 de
734 3492 997 3564 qualitate
1023 3491 1175 3546 verbi
1207 3487 1480 3558 proloqui,
1505 3495 1559 3540 et
1589 3492 1879 3564 propterea

314 3594 496 3648 dicere
526 3609 540 3646 :
576 3591 632 3646 Si
660 3589 783 3658 quis
826 3585 1093 3640 inﬁrmior
1123 3593 1208 3638 est
1255 3582 1503 3637 sensibus
1524 3620 1539 3645 ,
1564 3588 1620 3633 et
1659 3562 1766 3632 non
1799 3585 1884 3631 est

315 3688 388 3742 ita
418 3684 669 3757 perfectae
695 3682 819 3738 ﬁdei
849 3720 863 3746 ,
898 3690 958 3735 ut
987 3680 1053 3734 de
1082 3677 1467 3733 secretioribus
1493 3675 1765 3746 mysteriis
1789 3688 1877 3728 ca-

316 3781 433 3853 piat
459 3777 707 3840 verbum,
737 3788 843 3829 non
878 3772 1078 3828 debere
1123 3771 1171 3824 ei
1218 3785 1315 3840 per
1343 3785 1407 3824 ea
1432 3783 1551 3839 quae
1578 3767 1883 3836 intelligere

314 3887 426 3930 non
451 3879 652 3942 potest,
671 3866 1092 3935 disceptationes
1119 3862 1507 3931 cogitationum
1526 3860 1726 3914 moveri
1741 3857 1879 3931 (55).

317 3963 469 4022 Alius
493 3964 633 4017 enim
657 4004 672 4029 ,
706 3960 921 4030 inquit,
960 3958 1127 4014 credit
1171 3957 1494 4011 manducare
1537 3953 1732 4007 omnia.
1764 3950 1879 4006 Non

319 4073 417 4129 per
462 4057 577 4110 haec
622 4053 822 4110 Paulus
872 4054 939 4109 ad
982 4050 1167 4108 omnia
1207 4047 1537 4105 comedenda
1589 4043 1885 4114 discipulos

316 4150 599 4215 hortatur;
632 4161 730 4202 nec
764 4148 901 4217 gulae
949 4152 1005 4199 et
1029 4142 1274 4214 “gurgitis
1320 4152 1404 4195 est
1439 4136 1697 4208 magister
1734 4155 1748 4191 :
1785 4134 1884 4190 sed

319 4242 387 4295 de
424 4238 533 4293 illis
556 4237 676 4293 sine
702 4237 867 4292 dubio
893 4235 1044 4299 dicit,
1071 4248 1304 4304 quorum
1339 4231 1475 4287 ﬁdes
1513 4228 1750 4301 perfecta
1776 4235 1882 4291 est,

319 4342 378 4388 et
405 4332 571 4388 nullis
600 4333 654 4388 in
671 4333 840 4386 verbo
868 4330 964 4385 Dei
983 4327 1399 4385 discretionibus
1417 4329 1710 4398 impeditur
1727 4320 1838 4399 (56)
1865 4355 1878 4391 ε

1799 285 1957 344 ORIG
1966 282 2119 339 ENIS

741 427 908 482 titiam
949 442 962 478 :
1002 431 1063 478 ut
1088 435 1183 477 eos
1214 416 1513 495 reprimere
1539 411 1784 466 videatur
1812 415 1868 459 et
1896 414 1943 467 Α
1971 417 2091 455 care
2119 397 2322 452 omnia.
2353 393 2595 460 Denique
2625 398 2680 444 et
2711 384 2991 495 apostolis:
3027 389 3319 495 antequarm
3366 375 3536 479 Spiri-

3404 258 3539 314 1236

1974 502 2086 545 tum
2138 497 2387 543 sanctum
2439 486 2792 552 acciperent,
2840 476 3124 533 dicebatur
3176 487 3205 523 a
3257 468 3534 522 Domino:

1974 582 2147 637 Multa
2187 579 2356 635 adhuc
2388 578 2552 631 habeo
2573 591 2687 645 qute
2714 573 2898 641 loquar
2933 568 3111 627 vobis;
3141 565 3232 619 sed
3268 577 3374 616 non
3399 571 3539 628 pote-

1973 675 2067 727 stis
2091 670 2185 725 illa
2208 670 2361 723 modo
2391 666 2596 721 audire.
2636 663 2821 717 Veniet
2857 670 3033 715 autem
3071 654 3380 711 Paracletus
3419 652 3542 717 Spi-

1974 766 2110 818 ritus
2140 762 2405 826 veritatis,
2427 772 2475 813 et
2498 761 2607 828 ipse
2642 772 2732 810 vos
2751 752 2951 807 docebit
2975 749 3155 805 omnia
3173 747 3242 801 ⁶².
3276 743 3384 799 Ista
3421 750 3547 797 sunt

1974 866 2104 922 ergo
2135 850 2316 905 omnia
2360 862 2481 917 quas
2516 845 2689 901 credit
2719 844 3049 897 manducare
3076 839 3123 893 is
3149 838 3242 906 qui
3281 849 3384 904 pro
3423 832 3546 888 ﬁdei

1974 942 2311 1014 perfectione
2343 954 2442 1010 per
2477 938 2710 1008 gratiam
2740 933 2914 990 sancti
2941 931 3178 1000 Spiritus
3203 942 3375 996 capax
3395 924 3545 979 verbi

1975 1034 2290 1090 secretioris
2317 1031 2606 1088 exstiterit.
2634 1027 2809 1083 Habet
2841 1036 3021 1081 tamen
3052 1030 3108 1078 et
3132 1020 3381 1075 inﬁrmus
3400 1016 3544 1088 quod

1975 1138 2152 1184 sumat
2194 1141 2260 1181 ex
2307 1124 2471 1178 verbo
2501 1123 2637 1185 Dei,
2681 1129 2737 1174 et
2763 1127 2846 1173 est
2873 1115 3084 1186 species
3112 1114 3362 1185 quaedam
3395 1109 3546 1163 verbi

1975 1234 2138 1288 quam
2164 1217 2251 1271 hic
2282 1213 2568 1285 Apostolus
2594 1211 2740 1266 olera
2771 1207 3085 1279 appellavit,
3119 1219 3241 1275 quae
3271 1199 3546 1257 audientis

1975 1322 2197 1363 sensum
2224 1320 2331 1360 non
2361 1313 2473 1358 tam
2509 1303 2787 1357 robustum
2817 1298 3010 1353 reddat
3034 1305 3089 1351 et
3124 1295 3346 1357 fortem,
3382 1304 3546 1359 quam

1974 1396 2141 1468 660
2179 1401 2451 1449 sustentet
2480 1403 2536 1446 et
2569 1390 2796 1446 interire
2828 1402 2934 1443 non
2965 1386 3130 1442 faciat
3156 1383 3294 1456 (57).
3324 1381 3383 1435 in
3411 1378 3548 1433 inul-

1979 1491 2047 1545 tis
2079 1488 2278 1544 etenim
2310 1486 2377 1541 de
2395 1484 2748 1540 interioribus
2773 1480 2968 1536 animae
2997 1480 3244 1534 sensibus
3261 1477 3546 1546 Scriptura

1978 1581 2157 1637 divina
2184 1578 2336 1649 quasi
2368 1579 2433 1634 de
2453 1576 2817 1632 exterioribus
2844 1573 3090 1643 corporis
3112 1571 3354 1641 loquitur
3378 1582 3548 1622 mem-

1977 1678 2125 1740 bris;
2161 1685 2215 1730 et
2243 1675 2384 1729 sicut
2425 1687 2565 1743 saepe
2593 1670 2878 1725 docuimus
2910 1669 3221 1723 interiorem
3266 1665 3542 1720 hominem

1907 1757 1949 1811 Β
1981 1767 2065 1822 vel
2088 1767 2275 1821 videre
2302 1804 2318 1830 ,
2348 1763 2431 1819 vel
2464 1761 2652 1817 audire
2675 1799 2691 1825 ,
2718 1757 2802 1814 vel
2841 1756 3123 1812 ambulare
3150 1754 3446 1819 nominari,
3474 1754 3547 1806 ita

1978 1867 2033 1914 et
2066 1871 2209 1910 nunc
2243 1832 2361 1924 ipse
2408 1852 2638 1908 interior
2682 1851 2845 1906 homo
2878 1857 2972 1903 aut
2997 1861 3215 1904 omnem
3247 1846 3435 1901 cibum
3467 1845 3547 1899 di-

1979 1950 2120 2004 citur
2146 1962 2306 2017 posse
2332 1946 2607 2017 percipere
2645 1943 2690 1997 si
2727 1941 3001 2011 perfectus
3029 1949 3138 2004 est,
3169 1946 3263 1992 aut
3304 1940 3351 1993 si
3395 1936 3546 1990 inﬁr-

1978 2056 2099 2096 mus
2127 2049 2211 2096 est
2239 2040 2389 2094 olera
2440 2034 2792 2090 manducare.
2823 2033 2931 2088 Sed
2984 2040 3046 2086 ut
3086 2030 3461 2101 perfectorum
3493 2029 3545 2083 in

1977 2132 2221 2189 Ecclesia
2267 2128 2615 2184 concordiam
2660 2133 2716 2181 et
2754 2123 3192 2193 imperfectorum
3237 2119 3395 2191 (58),
3432 2129 3549 2173 tau-

1977 2240 2139 2296 quam
2171 2224 2580 2278 inhonestorum
2608 2218 2664 2272 in
2698 2229 2928 2286 corpore
2980 2214 3344 2270 membrorum
3380 2214 3547 2267 bone-

1977 2327 2296 2386 storumque
2328 2318 2639 2383 componat,
2667 2322 2770 2364 nec
2794 2307 3060 2363 habeatur
3097 2308 3152 2360 in
3187 2305 3268 2360 eis
3296 2304 3407 2358 ulla
3437 2304 3546 2358 dis-

1977 2411 2180 2473 sensio,
2210 2405 2346 2462 dicit
2367 2404 2413 2436 “
2443 2421 2459 2457 :
2494 2402 2598 2467 Qui
2633 2400 2919 2455 manducat
2941 2439 2956 2466 ,
2997 2414 3098 2452 non
3135 2397 3547 2452 manducantem

1978 2517 2083 2555 non
2116 2505 2324 2569 spernat
2358 2511 2379 2551 .'
2417 2505 2465 2549 et
2503 2493 2592 2564 qui
2629 2509 2734 2546 non
2776 2491 3062 2545 manducat
3084 2527 3102 2553 ,
3136 2489 3547 2542 manducantem

1977 2607 2080 2646 non
2112 2590 2340 2660 judicet.
2383 2585 2494 2639 Hoc
2521 2594 2606 2639 est
2636 2582 2780 2652 quod
2808 2593 2861 2637 et
2903 2580 3031 2635 alibi
3070 2579 3201 2634 dicit
3229 2597 3243 2632 :
3277 2578 3419 2645 Quia
3448 2594 3550 2632 non

1975 2689 2137 2751 potest
2160 2681 2335 2733 dicere
2365 2675 2545 2730 oculus
2578 2675 2801 2727 manui:
2822 2671 2945 2726 Non
2970 2687 3025 2725 es
3053 2672 3183 2725 mihi
3210 2670 3551 2735 necessaria;

1977 2784 2023 2826 et
2047 2779 2203 2841 caput
2222 2768 2439 2840 pedibus
2470 2780 2489 2818 :
2519 2765 2644 2820 Non
2674 2765 2915 2819 desidero
2942 2780 3150 2832 operam
3175 2772 3430 2816 uestram.
3448 2760 3551 2816 Sed

1977 2863 2142 2918 multo
2170 2864 2338 2933 magis
2363 2876 2480 2929 quae
2512 2858 2753 2912 videntur
2786 2857 3016 2911 membra
3055 2855 3289 2923 corporis
3323 2854 3551 2908 inhone-

1977 2957 2142 3009 stiora
2174 2968 2307 3018 esse,
2341 2950 2634 3004 necessaria
2669 2957 2791 3001 sunt
2832 2947 2900 3002 “.
2928 2947 2993 3002 Et
3028 2946 3115 3001 his
3150 2959 3284 3015 ergo
3312 2959 3548 3013 quorum

1979 3046 2114 3102 fides
2133 3054 2285 3101 tanta
2311 3051 2394 3097 est
2421 3050 2479 3097 ut
2515 3041 2698 3096 omnia
2732 3041 2939 3109 possint
2962 3039 3313 3103 manducare,
3353 3045 3413 3091 et
3436 3051 3550 3091 om-

1983 3156 2106 3196 nem
2156 3138 2307 3194 verbi
2338 3137 2572 3206 speciem
2625 3148 2823 3204 capere
2875 3146 2942 3188 ne
2972 3130 3288 3202 superbiant
3312 3139 3371 3183 et
3402 3143 3551 3199 sper-

1983 3241 2116 3288 nant
2161 3246 2255 3286 eos
2296 3232 2388 3302 qui
2432 3228 2721 3284 inferiores
2760 3233 2887 3280 sunt
2929 3223 3206 3302 praecipit;
3238 3231 3298 3277 et
3331 3236 3551 3277 rursum

1980 3327 2066 3382 his
2096 3325 2186 3395 qui
2220 3301 2507 3392 incapaces
2554 3328 2685 3376 sunt
2731 3301 3076 3390 perfectioris
3103 3316 3370 3371 doctrina:
3396 3330 3549 3369 man-

1982 3418 2076 3495 dat
2101 3432 2171 3472 ne
2194 3417 2438 3485 judicent
2459 3427 2553 3469 eos
2590 3425 2831 3481 quorum
2852 3424 3042 3467 sensus
3078 3409 3330 3476 capacior
3356 3415 3466 3473 est,
3499 3414 3553 3461 et

1982 3510 2292 3566 intellectus
2314 3504 2663 3562 eminentior.
2691 3502 2879 3559 Solent
2901 3504 3046 3559 enim
3074 3516 3335 3572 perverso
3360 3499 3555 3556 ordine

1981 3603 2215 3673 imperiti
2244 3601 2446 3671 peritos
2470 3599 2750 3668 judicare,
2796 3606 2853 3652 et
2890 3594 3105 3651 desides
3131 3594 3433 3649 studiosos.
3464 3589 3553 3644 Iu-

1985 3695 2193 3751 terdum
2227 3704 2405 3749 tamen
2435 3707 2489 3748 et
2513 3693 2567 3747 hi
2597 3694 2691 3763 qui
2723 3690 2969 3748 scientia:
3001 3688 3182 3758 aliqua
3210 3686 3366 3741 initia
3395 3697 3554 3754 cepe—

1984 3788 2114 3851 rint,
2159 3785 2414 3840 inllantur
2441 3793 2494 3840 et
2525 3784 2862 3841 extolluntur
2902 3782 3189 3837 adversum
3223 3793 3320 3835 eos
3345 3777 3442 3846 qui
3477 3773 3553 3829 vi-

1984 3878 2178 3933 dentur
2215 3879 2396 3932 minus
2423 3891 2652 3944 capaces
2680 3890 2821 3930 esse.
2863 3872 3074 3929 Idcirco
3108 3871 3273 3942 igitur
3302 3869 3554 3937 increpa-

1984 3973 2131 4026 tione
2150 3971 2461 4040 apostolicaa
2480 3968 2821 4023 auctoritatis
2842 3965 3046 4021 Paulus
3073 3963 3355 4030 utriusque
3385 3958 3554 4030 partis

1983 4063 2323 4118 insolentiam
2352 4063 2651 4132 reprimens
2672 4060 2802 4115 dicit
2827 4078 2841 4113 :
2870 4058 2950 4112 Tu
2980 4059 3098 4126 quis
3122 4055 3306 4124 es,qui
3332 4054 3552 4123 judicas

1983 4156 2212 4209 alienum
2238 4172 2444 4210 servum
2472 4156 2496 4209 .9
2525 4153 2636 4209 Suo
2662 4153 2874 4207 domino
2914 4160 3039 4217 stat,
3072 4158 3165 4202 aut
3198 4146 3364 4200 cadit.
3399 4143 3553 4212 Quod

1982 4248 2132 4314 dicit,
2167 4256 2291 4313 stat,
2320 4256 2413 4300 aut
2446 4249 2614 4311 cadit,
2652 4245 2950 4300 secundum
2991 4256 3211 4297 sensum
3235 4239 3356 4307 ejus
3391 4250 3549 4307 quem

1979 4339 2231 4408 increpat
2280 4338 2395 4409 (59)
2451 4338 2603 4393 dicit.
2653 4336 2788 4391 Nam
2829 4345 2883 4390 et
2931 4332 3238 4402 imperitior
3280 4327 3328 4383 si
3375 4328 3553 4381 videat

318 4434 458 4488 quos
480 4419 624 4476 idem
653 4420 940 4488 Apostolus
969 4420 1029 4473 in
1052 4418 1175 4473 aliis
1201 4420 1477 4487 spiritales
1505 4424 1881 4493 appellatcum
1912 4443 1963 4504 ι)
1989 4425 2292 4494 quempiam
2323 4423 2646 4495 profundius
2674 4423 2971 4494 aliquid,et
3004 4430 3064 4475 ut
3096 4421 3211 4489 ipse
3232 4430 3433 4486 capere
3451 4429 3553 4469 non

318 4511 453 4565 dicit
484 4510 530 4542 “
555 4529 571 4566 :
606 4510 883 4581 Spiritalis
926 4522 1104 4566 autem
1130 4514 1394 4567 examinat
1424 4515 1621 4571 omnia.
1652 4516 1770 4586 Ipse
1799 4528 1887 4573 est

319 4622 451 4677 ergo
481 4607 547 4662 de
575 4620 685 4676 quo
718 4605 808 4659 hic
848 4606 978 4659 dicit
1008 4623 1023 4661 :
1056 4602 1211 4658 Alius
1245 4614 1423 4659 autem
1457 4608 1620 4661 credit
1658 4613 1886 4663 mandu-

389 4771 437 4804 ⁸⁸
461 4770 615 4826 Rom.
651 4786 761 4836 XIV,
794 4770 859 4834 5,
890 4769 945 4823 4.
1029 4770 1074 4801 ³⁹
1110 4768 1273 4824 Hebr.
1300 4785 1354 4836 v,
1390 4770 1476 4826 M.

320 4844 496 4908 xw,5.
565 4840 610 4873 “
658 4841 825 4896 lCor.
865 4856 962 4904 xu,
1007 4839 1100 4907 21,
1138 4839 1227 4895 22.

397 5006 512 5081 (51)
568 5004 849 5081 Sic_recte
891 5015 1031 5081 mss._
1072 4999 1271 5081 Regius
1305 5012 1452 5081 num.
1480 4995 1654 5081 _l659.
1689 4994 1888 5081 Caneri

325 5066 454 5135 vero
492 5066 642 5138 inss.,
673 5078 727 5127 in
757 5086 885 5141 pace
908 5072 1066 5123 corda
1092 5066 1267 5123 ex'ltis
1298 5067 1460 5141 dicit.
1479 5066 1553 5120 Ita
1583 5069 1746 5141 etiam
1769 5066 1886 5120 edi-

326 5155 386 5212 ti,
421 5148 525 5204 nisi
573 5144 717 5216 quod
747 5138 1003 5198 omittam
1027 5156 1092 5195 ea:
1119 5143 1200 5194 his
1226 5178 1241 5205 ,
1286 5149 1342 5193 et
1375 5138 1614 5193 habeant
1638 5178 1653 5203 ,
1714 5139 1760 5190 is
1799 5138 1888 5206 qui

326 5221 636 5280 manducat,
675 5224 783 5269 etc.

399 5289 511 5360 (52)
544 5278 667 5360 Hice
690 5282 872 5360 verba.
903 5280 981 5334 Tu
1011 5281 1129 5360 quis
1158 5296 1252 5360 es,
1267 5289 1403 5360 etc.,
1437 5278 1699 5360 usque
1726 5317 1742 5340 ,
1777 5285 1889 5360 sta-
1973 5308 1977 5311 Α

330 5349 689 5424 tuere'illum,
715 5349 1048 5410 omittuntur
1085 5352 1140 5406 in
1172 5350 1365 5414 editis;
1400 5349 1493 5402 sed
1527 5349 1887 5403 restituuntur

328 5446 392 5483 ex
420 5430 673 5483 omnibus
696 5440 826 5481 mss.

401 5499 511 5570 (55)
543 5498 693 5570 Esse.
720 5495 779 5551 In
801 5494 963 5570 editis
994 5490 1450 5570 praetermittitur;

402 5555 518 5638 (54)
548 5569 790 5638 Sicimss.
826 5555 1028 5638 Regius
1054 5578 1205 5618 num.
1239 5560 1397 5638 1655,
1428 5555 1705 5638 Rabanus,
1726 5557 1889 5612 Salo-

332 5631 524 5695 dianus
556 5647 610 5691 et
637 5631 935 5692 Merlinusf
952 5636 1083 5690 Mss.
1113 5647 1242 5687 vero
1258 5631 1498 5699 quidam,
1519 5632 1601 5682 lac
1631 5639 1886 5697 portasse,

333 5710 617 5766 secundum
645 5707 782 5777 quod
818 5710 890 5761 ait
928 5709 995 5759 ad
1029 5703 1329 5759 Corinthios
1355 5743 1370 5768 ,
1402 5710 1460 5754 ut
1496 5708 1680 5777 potunm
1715 5700 1885 5777 daret.

334 5768 732 5839 Gcnebrardus,
759 5779 843 5832 lac
869 5790 1102 5850 portasse
1126 5778 1407 5832 secundum
1434 5771 1573 5842 quod
1603 5768 1887 5825 Corinthiis

1992 4525 2172 4586 potest
2204 4515 2340 4589 (60),
2358 4518 2701 4583 sentientem,
2725 4515 2989 4571 cecidisse
3011 4525 3134 4567 eum
3155 4510 3362 4580 iudicat
3388 4507 3552 4562 aﬁdei

1994 4620 2172 4677 statu;
2202 4619 2257 4665 et
2282 4625 2501 4665 rursum
2528 4611 2619 4679 qui
2673 4606 2933 4663 inﬂantur
2961 4622 3029 4662 ex
3058 4604 3287 4661 scientia
3312 4643 3327 4669 ,
3359 4609 3418 4655 et
3450 4610 3551 4654 non

1560 4771 1605 4802 °°
1638 4770 1806 4827 lCor.
1842 4788 1884 4827 tt

2101 4771 2145 4804 “
2179 4770 2345 4827 lCor.
2379 4786 2442 4835 ιι,
2467 4770 2556 4825 15.
2633 4770 2676 4801 ⁶²
2701 4764 2858 4821 Joan.
2887 4778 3000 4829 le,
3028 4762 3117 4827 12,
3153 4761 3237 4816 15.
3314 4759 3363 4791 ⁸³
3388 4759 3536 4814 Rom.

1992 5005 2173 5065 potum
2204 4994 2373 5065 claret.

2065 5064 2179 5136 (55)
2226 5063 2404 5126 Editi,
2453 5058 2934 5136 nondebereeum
2980 5076 3069 5126 per
3101 5074 3164 5136 ea
3200 5072 3319 5136 qui?
3358 5052 3545 5107 intelli-

1994 5130 2113 5216 gere
2142 5130 2247 5189 non
2283 5143 2488 5203 potest,
2525 5131 2984 5201 disceptationibus
3025 5130 3401 5197 cogitationum
3436 5139 3546 5177 mo-

1992 5221 2119 5261 υεη.

2063 5275 2178 5346 iss)
2204 5273 2366 5346 Editi,
2390 5271 2666 5346 impedita.

2088 5344 2180 5414 57)
2206 5344 2373 5407 Editi,
2400 5359 2500 5414 non
2536 5345 2697 5397 sinat.

2088 5355 2180 5414 57)
2206 5355 2373 5407 Edill,
2400 5359 2500 5396 non
2536 5355 2697 5397 sinat.

2064 5355 2179 5486 (58)
2205 5414 2371 5480 Editi,
2401 5412 2577 5486 sedul
2603 5413 2946 5486 perfectorum
2978 5422 3026 5465 et
3055 5408 3471 5482 imperfectorum
3491 5403 3542 5459 in

1996 5483 2234 5542 Ecclesia
2264 5483 2621 5545 concordiam,
2648 5496 2694 5537 et
2717 5485 3155 5553 imperfectorum,
3191 5492 3304 5536 etc.

2067 5556 2179 5629 (59)
2219 5554 2733 5629 Editi,}ncrepabat,
2763 5554 2920 5608 male.

2068 5623 2180 5697 (60)
2208 5625 2277 5678 Et
2306 5636 2361 5697 ut
2383 5625 2493 5697 ipse
2520 5639 2707 5697 capere
2741 5634 3060 5697 nonpotest,
3092 5635 3197 5679 etc.
3241 5623 3333 5679 Sic
3366 5634 3544 5679 omnes

1997 5694 2130 5753 mss.
2162 5694 2340 5751 nostri
2371 5704 2425 5749 et
2465 5694 2738 5751 Rabanus.
2774 5695 2913 5751 Editi
2945 5709 3094 5760 vero,
3133 5697 3274 5767 quod
3324 5697 3427 5765 ipse
3462 5707 3544 5744 ca-

1996 5784 2117 5839 pere
2142 5784 2245 5822 non
2269 5777 2453 5838 potest,
2483 5780 2589 5822 etc.
