3744 6146
147 293 171 348 1
189 294 292 348 2.57

1146 298 1500 356 COMMENT.
1537 299 1603 353 IN
1639 298 1854 355 EPIST.
1889 298 1977 352 AD
2017 299 2183 355 ROM.
2230 299 2358 356 LIB.
2393 301 2483 358 1X.

3303 307 3453 363 19.58

143 425 272 466 cum
305 410 624 479 charitate,
657 415 800 470 sicut
833 415 1039 472 Paulus
1069 430 1399 482 commouet,
1439 421 1761 491 agunt(6l),
1793 429 1837 482 Α
1867 391 1973 489 que
2005 422 2299 490 capitulum
2328 423 2520 508 inquo
2548 422 2738 493 dogma
2761 423 2979 491 pietatis
3014 431 3069 479 et
3101 423 3223 479 fidei
3259 429 3438 480 couti-

145 504 416 558 similiter
439 510 516 562 de
545 508 972 578 imperitioribus
999 513 1308 583 quibusque
1339 515 1632 583 opinantur
1661 533 1674 567 :
1703 525 1757 568 et

143 595 271 652 ideo
302 606 654 667 potestatem
677 599 830 656 fratri
855 601 1130 669 iudicandi
1152 603 1337 661 fratris
1368 608 1592 660 exemit.
1614 606 1758 658 Bene

143 697 334 744 autem
365 691 620 746 alienum
647 711 852 750 servum
881 696 977 759 ait.
998 698 1122 766 quia
1147 698 1406 755 Dominus
1435 702 1568 756 dicit
1601 721 1613 756 :
1655 701 1756 756 Vos

143 791 333 834 autem
377 799 578 838 omnes
619 784 814 854 fratres
845 789 968 842 estis
1002 788 1067 844 ⁸⁸.
1101 788 1305 846 Omnes
1332 833 1347 855 ,
1398 794 1498 848 hoc
1525 803 1608 848 est
1638 797 1758 849 uni-

141 887 310 928 versa
347 886 621 932 creatura
647 920 664 946 ,
693 888 746 934 et
780 895 920 936 unus
965 892 1050 938 est
1083 882 1232 937 solus
1281 885 1542 940 Dominus
1593 884 1754 942 Jesus

143 964 439 1035 Christus,
483 970 580 1039 qui
611 982 694 1025 est
723 971 982 1026 Dominus
1008 975 1239 1027 omnium
1265 1016 1279 1037 ,
1320 976 1460 1028 dives
1501 979 1557 1030 in
1595 980 1757 1031 omni-

143 1057 242 1111 bus
278 1058 353 1112 ⁶⁶.
394 1060 588 1115 Simul
637 1071 694 1117 et
738 1061 1038 1118 bonitatem
1080 1067 1169 1119 Dei
1220 1065 1542 1122 ineffabilem
1581 1071 1757 1124 mani-

143 1147 335 1216 festat,
373 1166 516 1206 cum
551 1154 681 1208 dicit
703 1154 770 1210 de
793 1169 859 1209 eo
887 1156 979 1224 qui
1004 1157 1269 1212 cecidisse
1286 1159 1520 1226 videtur,
1539 1163 1753 1215 etiamsi

144 1257 277 1296 vere
323 1245 643 1310 ceciderit,
681 1247 807 1316 quia
850 1259 1032 1315 potens
1073 1260 1148 1302 est
1195 1249 1332 1302 Deus
1378 1249 1492 1321 (62)
1527 1263 1755 1307 statuere

141 1333 300 1388 illum
328 1336 400 1388 ⁸⁷.
441 1335 705 1392 Dominus
737 1339 881 1393 enim
912 1341 1063 1410 erigit
1098 1340 1250 1395 elisos
1273 1341 1341 1396 ⁸⁸.

214 1427 311 1485 57.
353 1429 518 1483 Alter
540 1432 755 1500 judicat
803 1432 1036 1488 alternos
1063 1435 1176 1489 dies
1206 1451 1226 1500 ;
1257 1435 1393 1490 alter
1419 1449 1598 1490 autem
1638 1435 1751 1510 (65)

132 1518 355 1590 judicat
388 1537 610 1575 onmem
641 1524 796 1577 diem.
821 1521 1188 1594 Unusquisque
1210 1529 1264 1580 in
1295 1544 1391 1582 suo
1412 1545 1564 1582 sensu
1588 1530 1754 1582 abun-

139 1613 228 1666 det
263 1612 336 1666 ⁸⁸.
374 1612 638 1670 Diximus
681 1618 930 1685 superius
970 1621 1262 1673 secundum
1310 1621 1502 1675 litterze
1535 1633 1752 1691 aposto-

139 1703 262 1758 licae
308 1707 780 1791 consequentiam
827 1709 998 1762 videri
1049 1709 1163 1791 haec
1213 1710 1280 1764 de
1329 1712 1581 1765 ciborum
1634 1711 1748 1783 (64)

1864 525 2043 576 netur,
2063 515 2176 568 dies
2201 514 2432 569 dicatur.
2455 513 2592 569 Vere
2623 516 2769 568 enim
2795 516 2911 570 dies
2933 525 3015 570 est
3045 513 3162 587 (68)
3194 517 3286 584 qui
3317 517 3437 570 illn-

1863 607 2030 658 tniuat
2061 616 2296 660 mentem
2326 647 2340 670 ,
2367 607 2460 675 qui
2493 607 2812 676 ignorantia;
2838 609 3092 661 tenebras
3127 607 3296 678 fugat,
3334 608 3424 677 qui

1860 697 2154 759 Christum,
2203 698 2292 768 qui
2324 699 2404 753 sol
2448 707 2532 753 est
2560 698 2790 769 justitize
2817 699 2885 761 ⁷⁸,
2931 699 3092 752 habet
3122 700 3174 752 in
3209 715 3350 756 sese.
3377 701 3434 754 Si

1860 792 1982 859 quis
2032 804 2163 859 ergo
2211 792 2283 844 sit
2329 791 2422 858 qui
2480 791 2552 845 ita
2585 791 2782 845 divinis
2834 791 3029 844 litteris
3076 806 3296 859 cperam
3328 792 3433 845 im-

1859 883 2060 952 pendat
2113 898 2178 938 ac
2227 884 2504 948 stndimn,
2558 892 2617 936 ut
2661 898 2875 937 omnem
2928 883 3074 938 diem
3125 896 3177 937 et
3215 900 3433 940 onmem

1859 988 2075 1027 sensum
2106 973 2406 1043 Scriptura:
2439 973 2634 1028 divinae
2673 974 2927 1029 discutiat
2957 985 3011 1029 et
3041 975 3320 1042 dijudicet,
3361 979 3434 1031 ita

1857 1074 1916 1117 ut
1949 1081 2052 1120 nou
2084 1082 2206 1120 eum
2270 1077 2511 1120 transeat
2545 1068 2612 1121 de
2658 1067 2776 1138 lege
2816 1068 2923 1120 iota
2967 1084 3130 1122 unum
3164 1070 3245 1122 vel
3292 1087 3434 1124 unus

1859 1171 1994 1222 apex
2029 1156 2099 1219 ",
2150 1156 2238 1210 hic
2276 1171 2492 1211 omnem
2538 1158 2681 1213 diem
2721 1159 2996 1212 videbitur
3027 1159 3291 1228 judicare.
3332 1161 3432 1227 Qui

1857 1255 2036 1299 autem
2061 1262 2166 1301 non
2189 1257 2273 1302 est
2297 1257 2478 1303 tantus
2502 1249 2742 1319 ingenio,
2767 1251 3029 1315 alternos,
3053 1251 3103 1304 id
3129 1263 3213 1306 est
3233 1267 3434 1321 paucos

1855 1337 2013 1408 661
2051 1354 2116 1392 ex
2148 1339 2334 1393 multis
2363 1339 2546 1408 capiet
2574 1355 2785 1401 sensus,
2818 1340 2975 1409 quisi
3009 1358 3113 1395 non
3155 1343 3220 1396 ad
3260 1343 3432 1411 pleni-

1858 1430 2098 1481 tudinem
2123 1429 2369 1483 scieutiae
2397 1428 2688 1495 sufﬁciant,
2713 1440 2768 1483 at
2791 1441 2939 1486 certe
2967 1434 3057 1501 qui
3083 1433 3148 1488 ad
3165 1449 3432 1488 summam

1856 1517 1980 1572 fidei
2020 1521 2155 1574 satis
2187 1520 2296 1575 sint
2334 1520 2470 1591 (69).
2516 1521 2753 1590 Uterque
2791 1538 2921 1592 ergo
2948 1526 3247 1578 secundum
3297 1540 3433 1594 apo-

1855 1611 2108 1665 Stolicum
2154 1613 2447 1668 consilium
2495 1616 2704 1684 gratias
2746 1626 2870 1684 agat
2909 1615 3018 1669 Deo
3049 1614 3194 1688 (70);
3221 1617 3310 1672 ille
3337 1619 3426 1685 qui

1854 1705 1997 1773 sapit
2025 1719 2241 1759 omnem
2276 1706 2438 1770 diem,
2470 1718 2523 1761 et
2556 1707 2649 1775 qui
2682 1709 2973 1763 manducat
3000 1712 3205 1774 omnia,
3260 1713 3310 1764 id
3346 1721 3430 1765 est

140 1796 528 1863 continentia,
563 1783 645 1853 vel
676 1779 1165 1856 libertatetractari
1199 1821 1211 1855 :
1247 1805 1500 1872 quoniam
1531 1778 1749 1860 vocatio
1785 1778 1826 1832 Β
1853 1797 1943 1865 qui
1982 1799 2234 1866 330050"
2269 1807 2324 1852 οἱ
2370 1800 2624 1869 intelligit
2668 1801 2890 1862 omnia;
2935 1811 2991 1855 Cl
3035 1801 3124 1855 ille
3174 1804 3265 1872 qui
3302 1803 3428 1856 licet

143 1888 378 1957 quidem
422 1906 552 1960 quae
582 1892 632 1944 in
662 1891 880 1948 Christo
918 1905 1024 1958 est,
1053 1895 1184 1948 nihil
1217 1911 1504 1951 commune
1531 1908 1622 1950 aut
1647 1899 1747 1950 im—

142 1981 431 2035 mundum
465 1983 620 2052 ponit
652 1983 704 2038 in
747 1987 904 2049 cibis,
937 1988 1031 2040 sed
1067 1989 1416 2041 continentia:
1447 1988 1584 2041 ratio
1622 2004 1748 2043 sua-

143 2072 235 2126 det
263 2075 446 2128 etiam
486 2090 518 2129 a
566 2075 734 2132 licitis
777 2079 1069 2135 abstinere.
1102 2080 1216 2134 Non
1247 2081 1392 2136 enim
1417 2125 1431 2148 ,
1462 2091 1601 2136 utet
1631 2083 1744 2148 ipse

140 2163 195 2218 in
243 2165 376 2221 aliis
426 2168 614 2233 dicit,
657 2173 782 2239 quia
831 2175 1016 2227 omnia
1072 2174 1278 2239 licent,
1317 2175 1526 2230 idcirco
1576 2175 1742 2230 etiam

93 2311 96 2314 ,
140 2257 334 2310 omnia
372 2261 718 2328 expediunt,
751 2263 834 2317 vel
864 2265 1050 2318 omnia
1084 2264 1356 2320 aedificant
1383 2266 1474 2320 δ”.
1511 2266 1627 2336 Ipsa
1661 2277 1743 2322 ta-

139 2361 270 2401 men
315 2349 679 2406 abstinentia:
711 2354 850 2408 ratio
878 2355 1092 2411 diversa
1123 2368 1205 2411 est
1239 2373 1337 2427 pro
1369 2369 1496 2412 voto
1533 2368 1591 2413 et
1616 2373 1742 2428 pro-

140 2440 330 2506 posito
368 2446 632 2501 voveatis
665 2446 803 2518 (65).
831 2447 984 2504 Alius
1012 2465 1243 2520 namque
1271 2451 1375 2504 hoc
1413 2449 1646 2519 judicat,
1682 2459 1738 2506 et

140 2529 217 2584 ita
266 2533 424 2601 apud
471 2536 683 2592 animos
730 2553 858 2594 suos
897 2541 1180 2606 decernit,
1213 2550 1272 2594 ut
1303 2555 1522 2596 onmem
1549 2541 1695 2596 diem
1723 2586 1740 2612 ,

137 2623 246 2677 hoc
277 2633 368 2678 est
402 2627 731 2682 continuum
769 2631 891 2684 vitae
937 2645 1049 2684 suae
1081 2641 1292 2700 tempus
1322 2633 1504 2701 exigat
1560 2634 1611 2686 in
1645 2635 1744 2689 ab-

139 2705 438 2774 stinentia.
478 2720 634 2777 Alius
679 2737 810 2777 vero
856 2733 1070 2793 tempus
1107 2724 1322 2794 aliquod
1372 2725 1515 2780 velut
1559 2727 1738 2781 votiva

139 2812 501 2880 professione
531 2813 793 2868 decernit.
819 2814 874 2868 In
909 2831 1016 2883 quo
1044 2815 1170 2870 sive
1199 2827 1260 2870 ut
1297 2815 1508 2893 jugem,
1539 2819 1655 2873 sive
1681 2832 1740 2874 ut

142 2905 518 2974 temporalem
553 2907 819 2977 suscipiat
847 2908 1237 2964 continentiam
1265 2953 1278 2975 ,
1312 2911 1739 2981 uniuscujusque

140 2996 409 3052 sensibus
445 2999 539 3051 dat
585 2998 809 3053 liberam
841 2999 1181 3055 facultatem.
1214 3001 1522 3072 Utrumque
1557 3013 1734 3058 tamen

142 3100 442 3160 acceptum
495 3091 610 3145 fieri
659 3091 771 3163 (66)
809 3095 949 3163 apud
1000 3092 1285 3148 Dominum
1334 3096 1640 3165 pollicetur,
1681 3105 1736 3152 et

138 3191 453 3251 propterea
483 3182 764 3252 subjungit
801 3201 814 3237 :

210 3271 307 3327 38.
353 3272 464 3338 Qui
499 3275 632 3334 sapit
658 3274 818 3338 diem,
858 3273 1082 3328 Domino
1117 3275 1285 3344 sapit;
1319 3285 1366 3329 et
1391 3276 1482 3345 qui
1513 3278 1737 3332 mandu-

140 3373 252 3429 cat,
292 3364 530 3419 Domino
569 3366 855 3418 manducat
886 3382 904 3420 :
937 3368 1136 3436 gratias
1169 3369 1309 3422 enim
1353 3371 1460 3439 agit
1505 3369 1657 3425 Deo:
1688 3383 1736 3426 et

142 3456 229 3521 qui
255 3471 370 3509 non
410 3455 724 3520 manducat,
761 3455 989 3510 Domino
1029 3473 1133 3510 non
1167 3459 1491 3525 manducat,
1532 3470 1579 3513 et
1612 3476 1736 3529 gra-

142 3547 244 3599 tias
289 3547 409 3616 agit
459 3545 568 3599 Deo
599 3546 669 3600 "°.
715 3546 918 3602 Gratiae
955 3563 1086 3618 ergo
1120 3549 1230 3620 (67)
1267 3550 1375 3604 Deo
1409 3551 1476 3606 ab
1503 3561 1734 3621 utroque

143 3641 468 3696 referuntur
496 3658 509 3693 :
543 3641 611 3695 ab
641 3640 733 3694 illo
759 3641 978 3709 quidem
1003 3659 1100 3711 pro
1133 3643 1313 3696 fructu
1345 3644 1729 3710 continentitc;

141 3733 210 3786 ab
240 3733 349 3788 hoc
385 3747 514 3787 vero
546 3749 644 3801 pro
689 3733 944 3787 libertate
995 3735 1274 3791 vescendi.
1308 3734 1415 3790 Sed
1449 3738 1728 3805 quoniam,

141 3831 201 3876 ut
234 3824 291 3878 in
321 3823 694 3879 anterioribus
719 3825 1076 3890 ostendimus,
1107 3825 1426 3894 profundior
1458 3827 1731 3882 invenitur

140 3914 394 3982 Aposmli
443 3929 677 3980 sensus,
712 3929 874 3984 quam
919 3915 1169 3970 ciborum
1224 3917 1527 3970 carnalium
1585 3919 1727 3972 ratio

142 4007 435 4071 continet,
490 4008 542 4061 in
589 4006 860 4076 spirituali
904 4006 1276 4076 expositione,
1319 4008 1616 4062 secundum
1662 4021 1723 4061 ea

142 4113 266 4164 quae
297 4114 465 4169 supra
499 4100 857 4156 disseruimus
883 4099 950 4154 de
980 4100 1064 4154 his
1090 4113 1321 4168 quorum
1352 4099 1488 4154 alius
1509 4113 1723 4155 omnem

142 4190 290 4244 diem
318 4232 336 4258 ,
380 4192 517 4246 alius
566 4207 696 4246 vero
725 4191 967 4248 alternos
1017 4193 1225 4261 judicat
1253 4193 1390 4259 dies,
1435 4206 1724 4260 possumus

143 4279 276 4335 illud
309 4284 542 4347 sentire,
569 4282 714 4352 quod
746 4284 798 4337 in
835 4281 1134 4354 Scripturis
1153 4281 1351 4337 divinis
1384 4281 1721 4349 unumquod-

213 4401 262 4433 “
297 4401 486 4456 Matth.
519 4417 672 4465 χχιιι,
716 4404 770 4456 8.
837 4403 881 4434 ⁸⁸
921 4402 1078 4456 Rom.
1119 4418 1174 4455 x.
1218 4401 1305 4455 12.

1395 4400 1438 4431 δ’
1468 4399 1623 4452 Rom.
1668 4415 1778 4463 χιν,
1819 4399 1873 4453 4.

1852 1903 1956 1941 non
1991 1890 2177 1942 omnia
2220 1891 2531 1954 manducet,
2564 1900 2620 1945 et
2663 1907 2768 1945 non
2807 1895 3184 1946 universorqu
3221 1894 3424 1948 intelli-

1850 1983 2086 2050 gentiam
2124 1983 2328 2052 capiat,
2365 1984 2516 2037 brevi
2552 1993 2728 2038 tamen
2777 1985 2896 2038 lidei
2946 1985 3288 2040 confessione
3317 1989 3426 2042 sal-

1846 2084 2024 2128 vatur.
2076 2074 2141 2129 Et
2183 2075 2303 2129 ideo
2348 2075 2510 2129 etiam
2562 2091 2669 2130 non
2719 2077 3059 2131 manducans
3093 2079 3296 2141 omnia,
3327 2095 3426 2134 nec

1845 2168 2087 2220 omnium
2125 2169 2409 2222 scientiam
2442 2184 2689 2234 sumens,
2713 2184 2877 2238 agere
2903 2179 3082 2224 tamen
3115 2171 3278 2224 etiam
3310 2172 3426 2240 ipse

1844 2260 2045 2328 gratias
2081 2260 2278 2314 dicitur
2307 2260 2432 2316 Deo.

1914 2351 2002 2406 59.
2046 2351 2217 2406 Nemo
2261 2353 2400 2406 enim
2439 2363 2674 2407 nostrum
2715 2355 2816 2408 sibi
2850 2357 2995 2421 vivit,
3027 2368 3073 2410 et
3123 2375 3270 2411 nemo
3318 2359 3420 2412 sibi

1843 2442 2108 2507 moritur;
2149 2443 2255 2496 sive
2286 2444 2445 2496 etiam
2491 2444 2732 2506 vivimus,
2775 2444 2999 2500 Domino
3034 2448 3292 2512 vivimus;
3317 2451 3422 2503 sive

1841 2534 2118 2598 morimur,
2142 2532 2372 2588 Domino
2402 2536 2681 2588 morimur.
2715 2535 2834 2589 Sive
2861 2539 3022 2604 igitur
3049 2539 3294 2602 vivimus,
3313 2541 3420 2593 sive

1841 2625 2121 2691 morimur,
2163 2623 2377 2678 Domini
2423 2642 2624 2680 sumus.
2676 2625 2744 2680 In
2779 2627 2875 2682 hoc
2912 2630 3054 2682 enim
3087 2628 3332 2684 Christus
3370 2639 3420 2685 et

1841 2732 2080 2774 mortuus
2107 2728 2208 2782 est,
2235 2729 2286 2774 et
2323 2721 2471 2786 vixit,
2493 2731 2548 2772 ut
2571 2731 2617 2774 et
2641 2731 2968 2774 mortuorum
2991 2732 3038 2775 et
3062 2725 3297 2777 vivorum
3321 2723 3413 2776 do-

1840 2809 2151 2866 minetur".
2199 2811 2338 2877 Quid
2387 2812 2459 2864 sit
2509 2813 2691 2865 vivere
2737 2813 2789 2864 in
2833 2812 3080 2877 Clll‘lSlO,
3117 2815 3326 2883 etquid
3351 2815 3421 2868 sit

1843 2905 1979 2958 mori
2015 2906 2066 2957 in
2108 2902 2349 2965 Christo,
2381 2904 2584 2956 dictum
2627 2918 2769 2972 srepe
2810 2919 2837 2956 a
2878 2905 3034 2958 nobis
3059 2915 3143 2959 est
3175 2908 3228 2959 in
3261 2907 3420 2975 hujus

1840 2995 2096 3064 Epistulae
2139 2993 2504 3061 expositione,
2544 3003 2600 3048 et
2643 2994 2915 3064 praecipue
2959 2997 3012 3050 in
3051 3012 3118 3050 eo
3165 2996 3281 3052 loco
3325 2999 3418 3052 ubi

1839 3085 2131 3155 explanare
2166 3085 2502 3139 tentavimns
2528 3100 2836 3139 sermonem
2876 3085 3124 3154 Apostoli
3159 3101 3267 3156 quo
3292 3088 3370 3142 ait
3398 3104 3415 3139 :

1839 3177 1904 3234 Si
1927 3187 2100 3232 autem
2130 3179 2325 3232 mortui
2356 3194 2536 3230 sumus
2573 3193 2689 3230 cum
2721 3176 2957 3244 Christo,
3001 3179 3262 3233 credimus
3291 3182 3420 3250 quia

1835 3282 1882 3324 et
1913 3273 2246 3324 convivemus
2273 3270 2406 3323 ei“.
2444 3269 2500 3324 Si
2532 3285 2662 3341 ergo
2695 3270 3040 3324 meminimus
3069 3285 3190 3340 quae
3218 3271 3272 3325 in
3314 3276 3417 3326 hoc

1835 3361 1956 3417 loco
1993 3362 2137 3417 dicta
2179 3371 2326 3427 sunt,
2370 3377 2438 3418 ex
2487 3363 2617 3432 ipsis
2653 3363 2818 3416 etiam
2848 3363 3172 3432 propositus
3199 3367 3253 3417 in
3281 3378 3417 3434 pra:-

1835 3456 1976 3511 seuti
2007 3470 2193 3510 sermo
2240 3455 2489 3525 Apostoli
2536 3457 2777 3523 apertior
2804 3465 2859 3510 et
2880 3454 3114 3510 lucidior
3142 3455 3256 3522 fiet,
3286 3471 3414 3525 quio-

1836 3548 1995 3602 modo
2027 3560 2189 3600 nemo
2229 3545 2343 3617 (71)
2377 3557 2621 3602 nostrum
2659 3545 2763 3601 sibi
2813 3550 2981 3612 vivat,
3013 3556 3068 3602 et
3113 3561 3272 3602 nemo
3307 3549 3409 3602 sibi

1836 3641 2125 3694 moriatur.
2158 3639 2275 3695 Non
2310 3640 2454 3696 enim
2492 3641 2864 3711 unusquisque
2901 3641 3014 3710 ipse
3043 3641 3148 3696 sibi
3173 3642 3288 3705 dat,
3316 3643 3413 3696 sed.

1835 3747 1865 3787 a
1907 3732 2132 3787 Christo
2178 3731 2345 3786 sumit
2385 3721 2942 3801 mortis'exemplum,
2979 3734 3074 3802 qui
3106 3733 3256 3788 solus
3278 3747 3409 3804 pec-

1833 3836 1956 3882 cato
1993 3833 2243 3880 mortuus
2275 3832 2358 3879 est
2387 3823 2524 3895 (79),
2573 3835 2629 3879 ut
2677 3834 2734 3879 et
2775 3827 2892 3893 ipse
2944 3825 3249 3880 imitatione
3293 3825 3410 3892 ejus

1833 3918 2002 3989 possit
2045 3918 2258 3973 alienus
2296 3925 2352 3971 et
2396 3926 2641 3970 mortuus
2678 3917 2812 3972 eilici
2857 3933 2886 3971 a
2932 3926 3177 3988 peccato.
3223 3918 3331 3974 Sed
3356 3927 3411 3972 et

1835 4012 1959 4065 vitae
1987 4009 2293 4078 exemplum
2330 4023 2441 4063 non
2473 4011 2574 4079 ipsi
2613 4025 2678 4063 ex
2714 4011 2869 4064 nobis
2909 4011 3189 4078 habemus,
3221 4013 3314 4066 sed
3342 4025 3408 4064 ex

1833 4098 2038 4152 Christi
2075 4099 2477 4153 resurrectione
2506 4099 2855 4169 suscipimus,
2893 4110 2952 4154 ut
2994 4102 3132 4156 idem
3165 4103 3404 4171 Aposto—

1833 4188 1918 4242 lus
1947 4188 2115 4243 dicit:
2147 4187 2216 4242 Ut
2250 4190 2384 4242 sicut
2417 4189 2658 4244 Christus
2690 4194 2980 4246 resurrexit
3006 4211 3038 4246 a
3069 4195 3290 4246 mortuis
3313 4210 3406 4262 per

1829 4280 2055 4350 gloriam
2095 4278 2299 4346 Patris,
2344 4281 2417 4334 ita
2452 4293 2500 4335 et
2539 4299 2628 4337 nos
2664 4284 2717 4336 in
2750 4285 2974 4338 novitate
3013 4286 3129 4339 vita:
3171 4287 3411 4339 ambule-

1963 4400 2008 4431 ⁸⁸
2029 4398 2174 4453 Psal.
2210 4414 2387 4462 cxuv,
2416 4400 2500 4453 14.
2585 4401 2628 4433 ³⁸
2657 4399 2812 4454 Rom.
2847 4417 2954 4462 xiv,
2985 4400 3038 4454 5.
3119 4399 3183 4431 "‘
3223 4400 3240 4452 Ι
3274 4401 3403 4456 Cor.

141 4484 218 4535 vt,
247 4471 357 4539 12;
405 4472 423 4526 l
457 4471 581 4528 Cor.
613 4489 665 4538 χ,
689 4472 780 4528 25.
854 4473 900 4504 "°
934 4475 1090 4529 Rom.
1129 4489 1239 4540 XIV,
1266 4472 1319 4526 6.
1408 4471 1452 4501 '”
1489 4469 1718 4526 Malach.

1900 4508 1911 4523 .
1987 4470 2033 4501 "
2069 4469 2258 4523 Matth.
2289 4485 2341 4533 ν,
2377 4471 2461 4524 18.
2537 4471 2582 4502 ⁷³
2627 4471 2781 4525 Rom.
2815 4487 2927 4536 xrv,
2962 4473 3078 4526 7-9.
3175 4474 3221 4502 "
3246 4471 3401 4529 Rom.

141 4555 216 4606 vi,
249 4543 305 4596 8.

210 4634 326 4706 (6|)
359 4635 553 4704 Agunt.
592 4634 749 4691 Deest
777 4639 831 4692 in
866 4637 1022 4692 libris
1050 4645 1208 4692 antea
1233 4637 1415 4692 editis.
1743 4638 1787 4692 D

209 4705 329 4772 (62)
369 4705 531 4769 Edili,
562 4708 683 4775 quia
713 4717 893 4771 potens
933 4719 1004 4761 est
1032 4709 1173 4762 enim
1205 4707 1366 4770 Deus,
1401 4718 1508 4763 etc.

215 4775 331 4847 (65)
366 4775 460 4830 Sic
491 4794 621 4830 mss.
649 4776 788 4832 Editi
818 4792 949 4831 vero
979 4789 1034 4831 et
1071 4778 1326 4832 Rabanus
1347 4820 1362 4846 ,
1394 4777 1538 4832 Nam
1569 4780 1710 4833 alius

135 4841 349 4915 judicat
371 4847 506 4898 diem
533 4849 671 4899 inter
693 4848 863 4912 diem;
887 4847 1022 4901 alius
1059 4859 1256 4911 autem,
1283 4841 1390 4903 etc.

215 4916 328 4987 (64)
365 4917 529 4987 Editi,
561 4916 722 4971 videri
751 4919 837 4970 hic
870 4919 932 4972 de
962 4919 1220 4981 ciborum,
1247 4929 1356 4976 etC.

215 4986 329 5057 (65)
362 4987 458 5041 Ms.
488 4986 684 5056 Regius
715 5003 866 5043 num.
898 4987 1058 5054 1659,
1086 4989 1324 5054 volentis,
1354 4989 1515 5046 male.
1556 4989 1714 5045 Dein-

142 5056 211 5112 de
234 5056 387 5122 editi,
412 5068 459 5110 et
490 5059 628 5125 apud
658 5058 892 5112 animant
915 5074 1068 5112 suum
1097 5060 1350 5114 decernit.
1384 5059 1491 5115 Sed
1525 5077 1713 5116 omnes

146 5142 274 5183 mss.
303 5140 357 5183 et
395 5127 647 5182 Rabanus
682 5138 740 5182 ut
775 5128 827 5182 in
859 5137 1032 5184 textu.

215 5199 327 5268 (66)
364 5198 656 5265 Utrumque
673 5209 847 5252 tamen
870 5211 1139 5262 acceptum
1168 5199 1307 5268 ﬁeri,
1326 5211 1435 5256 etc.
1460 5199 1561 5254 Sic
1583 5215 1714 5255 mss.

144 5265 484 5338 Regii'num.
533 5269 668 5324 1659
701 5278 757 5324 et
787 5285 934 5338 num.
975 5269 1135 5334 1640,
1168 5265 1226 5324 et
1263 5265 1416 5324 editi.
1461 5270 1714 5325 Rabanus

147 5351 277 5476 Fero
311 5352 373 5463 etl
411 5341 590 5476 (galeri
628 5356 784 5406 mss.,
821 5337 1110 5409 Utrumque
1148 5352 1321 5395 tamen
1351 5343 1406 5396 in
1445 5352 1712 5408 acceptum

170 5423 296 5472 em,
325 5426 350 5463 a
383 5449 396 5464 .
463 5427 560 5466 eri.

170 5413 296 5472 erri,
325 5411 396 5464 al.
424 5412 560 5472 fieri.

219 5412 560 5551 (iiballifrigt
591 5480 751 5536 Deest
791 5481 846 5536 in
889 5480 1072 5535 editis.
1125 5482 1326 5538 Deinde
1370 5499 1469 5538 ms.
1513 5481 1711 5552 Regius

147 5561 292 5605 num.
322 5551 455 5606 1659
475 5592 490 5616 ,
529 5553 754 5606 restituit
783 5554 1033 5620 quidem;
1073 5562 1126 5606 et
1156 5562 1340 5619 postea
1386 5553 1575 5615 habet,
1602 5551 1710 5605 sed

146 5623 389 5686 quoniam
433 5623 484 5675 in
535 5624 884 5677 anterioribus
935 5624 1258 5692 ostendimus
1295 5628 1434 5692 quod
1481 5622 1709 5690 profun-

147 5693 279 5753 dior,
321 5702 424 5748 etc.
457 5692 523 5748 At
565 5693 746 5749 caeteri
798 5709 956 5762 mss.,
989 5691 1247 5749 Rabanus
1310 5691 1370 5750 et
1393 5693 1523 5751 editi
1554 5703 1610 5749 ut
1657 5693 1710 5748 in

149 5768 310 5816 textu.

1889 4635 2002 4705 (68)
2045 4635 2142 4689 Ms.
2195 4634 2396 4704 Regius
2451 4650 2598 4705 num.
2647 4635 2822 4701 1659,
2875 4636 3001 4703 quia
3040 4635 3400 4705 illuminat....

1815 4704 1936 4777 quia
1963 4708 2369 4777 ignorantite....
2402 4707 2526 4776 quia
2554 4704 2823 4759 Christum
2846 4745 2861 4769 ,
2891 4716 2995 4761 etc.
3042 4704 3149 4760 Sed
3219 4712 3402 4764 caeteri

1813 4776 1971 4832 mss..
2005 4776 2260 4830 Rabanus
2291 4786 2347 4829 et
2371 4777 2502 4830 editi
2533 4785 2589 4829 ut
2621 4778 2674 4830 in
2710 4785 2898 4830 nostro
2926 4785 3096 4830 textu.

1885 4847 1996 4917 (69)
2032 4847 2122 4901 Sic
2145 4863 2247 4900 ms.
2281 4845 2480 4914 Regius
2505 4861 2652 4917 nutu.
2689 4845 3056 4901 1640.C:eteri
3082 4862 3212 4901 vero
3238 4865 3396 4914 mss.,

1813 4916 2068 4972 Rabanus
2083 4927 2136 4970 et
2164 4917 2316 4980 editi,
2347 4917 2520 4984 capiat
2549 4916 2670 4986 (aL,
2692 4917 2885 4985 capiet)
2912 4933 3115 4980 sensus,
3145 4931 3190 4970 et
3217 4924 3260 4972 si
3288 4938 3390 4974 non

1810 4989 1902 5056 qui
1942 4989 2010 5043 ad
2053 4988 2429 5053 plenitudinem
2458 4987 2692 5041 scientiw
2722 4988 3008 5057 suﬁiciant,
3039 5000 3091 5041 at
3124 4999 3264 5042 certe
3307 4993 3395 5057 qui

1813 5060 1880 5112 ad
1913 5072 2172 5127 summam
2205 5057 2332 5126 ﬁdei
2359 5059 2492 5112 satis
2519 5058 2646 5118 sint,
2674 5058 2829 5122 editi,
2866 5059 3021 5127 ﬁunt.

1883 5125 1996 5199 (70)
2031 5125 2212 5190 Editi,
2241 5129 2528 5199 secundum
2551 5125 2921 5199 apostolicum
2945 5143 3158 5199 sensum
3187 5139 3242 5199 et
3265 5145 3393 5181 con-

1811 5196 1989 5252 silium
2018 5199 2222 5266 gratias
2246 5200 2354 5265 agit
2386 5197 2513 5251 Deo.
2551 5196 2647 5253 Ms.
2675 5197 2877 5264 Regius
2925 5213 3075 5251 num.
3114 5197 3274 5256 1659.
3305 5216 3393 5250 se-

1811 5273 2039 5323 cundum
2067 5267 2304 5334 Apostoli
2332 5268 2632 5330 consilium,
2654 5269 2854 5338 gratias
2879 5276 3005 5337 agat
3039 5268 3166 5320 Deo.
3191 5269 3389 5323 Castori

1813 5355 1940 5394 vero
1967 5353 2103 5392 mss.
2131 5349 2187 5393 et
2222 5339 2476 5393 Rabauus
2503 5349 2566 5392 ut
2606 5339 2658 5392 in
2692 5348 2878 5392 nostro
2906 5348 3077 5392 textu.

1881 5410 1992 5478 (7|)
2025 5409 2188 5469 Editi.
2223 5413 2278 5460 in
2307 5411 2549 5476 praesenti
2585 5425 2821 5462 sermone
2841 5409 3124 5478 Apostolus
3153 5411 3390 5476 apertior

1809 5491 1856 5533 et
1884 5477 2112 5533 lucidior
2139 5480 2226 5547 [iet
2255 5495 2272 5532 :
2301 5479 2561 5548 quomodo
2590 5496 2760 5542 nemo,
2809 5489 2917 5532 etc.
2951 5477 3082 5531 Mss.
3113 5479 3338 5547 quidam
3371 5521 3386 5544 ,

1809 5551 1862 5604 in
1899 5553 2143 5616 prtesenti
2175 5565 2344 5603 sermo
2389 5551 2624 5615 Apostoli
2657 5551 2867 5603 videtur
2892 5549 3143 5616 apertior,
3176 5562 3222 5602 et
3251 5551 3387 5604 luci-

1812 5625 1931 5676 dior
1955 5624 2066 5690 ﬁet,
2097 5633 2200 5676 etc.
2237 5621 2342 5674 Sed
2382 5637 2483 5674 ms.
2516 5619 2714 5690 Regius
2754 5634 2901 5673 num.
2936 5618 3073 5674 1659
3119 5629 3171 5673 et
3211 5620 3390 5676 Raba-

1814 5705 2003 5748 uus.ut
2037 5696 2088 5745 in
2123 5702 2306 5745 nostro
2340 5702 2507 5745 textu.

1888 5764 2001 5837 (72)
2031 5765 2194 5831 Editi,
2223 5763 2311 5834 qui
2337 5763 2435 5817 soli
2461 5761 2579 5832 (aL,
2617 5760 2748 5832 solo)
2787 5769 2999 5830 peccato
3032 5771 3266 5816 mortuus
3288 5774 3386 5818 est.
