3744 6146
393 255 531 314 1259

1873 257 2195 316 ORIGENIS

3494 258 3613 315 {2H

393 378 590 432 mus".
625 377 848 433 Novitas
874 392 1011 448 ergo
1040 376 1163 430 vita:
1200 390 1307 444 qua
1336 374 1391 427 in
1423 371 1638 429 Christo
1670 388 1766 441 per
1801 373 1959 427 fidem
1989 383 2034 435 Α
2066 374 2319 443 perando,
2362 374 2638 430 invitando
2674 375 2853 444 potius
2893 390 3054 444 quam
3102 376 3476 446 extorquendo
3514 392 3605 443 per

395 470 815 523 resurreclionis
868 471 988 536 ejus
1053 469 1309 531 vivimus,
1369 463 1598 519 Domino
1648 466 1958 534 deputatur,

394 557 520 625 quia
557 571 662 610 non
690 572 719 610 a
754 559 932 622 nobis,
968 556 1063 610 sed
1098 556 1166 609 ab
1196 555 1312 623 ipso
1363 555 1528 609 sumit
1560 555 1878 620 exordium;
1908 564 1963 609 et

396 647 520 703 ideo
553 666 566 701 :
601 648 720 705 Sive
748 651 965 706 vivimus
988 647 1122 722 (73),
1150 645 1378 702 Domino
1407 649 1628 702 vivimus
1654 666 1673 713 ;
1710 649 1817 704 sive
1849 665 1962 704 mo-

395 743 588 806 rimur,
623 742 848 797 Domino
889 743 1165 796 morimur.
1204 738 1321 794 Sive
1360 741 1523 808 igitur
1564 740 1808 804 vivimus,
1857 740 1962 794 sive

393 835 676 892 morimur.
720 834 931 888 Domini
961 851 1143 888 sumus
1158 833 1226 887 ⁷⁶.
1258 832 1484 887 Mortem
1506 832 1705 887 etenim
1730 831 1961 901 appellat

394 924 566 993 illam,
603 940 708 995 qua
752 916 995 989 Christo,
1038 936 1097 978 ut
1142 925 1401 991 diximus,
1441 923 1768 992 consepulti,
1806 932 1863 977 et
1905 923 1958 977 in

395 1026 573 1073 morte
617 1018 788 1089 ipsius
822 1017 1084 1087 baptizati
1104 1018 1171 1079 ⁷⁸⁷,
1197 1025 1421 1084 peccato
1447 1016 1640 1068 mortui
1669 1004 1874 1077 sumus,
1906 1024 1961 1068 et

393 1110 562 1164 vitam
592 1125 699 1180 qua
731 1110 892 1165 alieni
927 1108 1102 1164 effecti
1134 1111 1201 1162 ab
1248 1110 1348 1163 hoc
1392 1107 1612 1171 mundo,
1652 1116 1728 1171 et,
1762 1119 1819 1161 ιιι
1848 1108 1961 1177 ipse

394 1203 493 1267 ait,
548 1218 612 1256 ea:
662 1202 886 1256 mortuis
923 1200 1144 1255 viventes
1168 1200 1213 1232 ⁷⁸
1245 1198 1381 1271 (7t),
1414 1214 1521 1253 non
1568 1198 1746 1263 nobis,
1790 1199 1842 1253 id
1877 1210 1962 1255 est

393 1308 501 1348 non
530 1292 682 1347 carni
713 1292 969 1358 vivimus,
999 1293 1095 1346 sed
1132 1292 1262 1356 Deo,
1295 1292 1593 1345 secundum
1639 1306 1703 1346 ea
1748 1306 1868 1360 qua:
1906 1292 1958 1345 in

394 1384 851 1454 subsequentibus
862 1383 1063 1454 jungit.
1089 1381 1157 1437 In
1179 1383 1277 1436 hoc
1304 1385 1461 1449 enim,
1496 1382 1690 1454 inquit,
1722 1380 1960 1438 Christus

392 1486 634 1531 mortuus
663 1486 738 1530 est
771 1486 819 1529 et
856 1477 991 1529 vixit
1024 1474 1162 1545 (75),
1193 1484 1252 1528 ut
1299 1484 1351 1529 et
1395 1486 1718 1530 ntortuorum
1747 1487 1795 1531 et
1825 1477 1961 1532 vivo-

394 1586 514 1623 rum
549 1567 865 1621 dominetur.
894 1565 1163 1621 Morinum
1208 1567 1336 1622 dicit
1375 1584 1499 1624 esse
1545 1569 1817 1624 Christum
1848 1569 1961 1626 dis-

395 1661 713 1729 pensatione
741 1661 862 1714 sine
889 1658 1054 1714 dubio
1082 1659 1383 1729 passionis;
1410 1661 1607 1716 vixisse
1635 1675 1815 1715 autem
1865 1675 1961 1730 per

392 1761 790 1808 sacramentum
823 1753 1263 1807 resurrectionis.
1294 1751 1450 1807 Unde
1497 1763 1553 1808 et
1603 1752 1761 1807 nobis
1786 1754 1962 1822 prima

392 1844 665 1912 passionis
710 1851 766 1898 et
800 1842 1261 1908 mortificationis,
1299 1853 1483 1914 postea
1520 1845 1685 1899 etiam
1721 1860 1964 1900 resurre-

393 1934 592 1989 ctionis
624 1945 681 1989 et
723 1936 851 1990 vita:
897 1935 1160 1990 novitatis
1222 1934 1445 2003 reliquit
1483 1934 1809 2005 exemplum.
1855 1934 1962 1990 Sed

391 2035 609 2082 moveat
651 2027 886 2098 aliquem
925 2027 1175 2084 fortassis
1202 2026 1345 2095 quod
1378 2027 1515 2081 dicit
1538 2027 1847 2098 Apostolus,
1881 2028 1963 2082 id-

391 2118 541 2175 circo
580 2130 850 2175 mortuum
889 2134 1011 2176 esse
1048 2128 1103 2173 et
1144 2119 1369 2183 vixisse,
1426 2130 1487 2174 ut
1523 2130 1859 2174 mortuorum
1906 2128 1962 2174 et

391 2198 640 2267 vivorum
681 2212 1024 2274 dominetur;
1063 2212 1216 2281 quasi
1252 2213 1343 2281 qui
1374 2213 1480 2267 hoc
1519 2212 1728 2267 dederit
1759 2212 1958 2266 intelli-

391 2300 650 2369 gendum,
697 2303 840 2371 quod
899 2302 1000 2357 nisi
1060 2309 1312 2355 mortuus
1363 2299 1576 2365 fuisset,
1625 2312 1959 2356 mortuorum

391 2391 730 2447 dominatum
776 2407 884 2448 non
935 2394 1250 2457 habuisset;
1306 2404 1362 2448 et
1404 2393 1507 2447 nisi
1562 2401 1682 2462 post
1727 2405 1957 2448 mortem

391 2497 606 2538 rursum
644 2483 890 2550 vixisset,
916 2499 1023 2538 non
1064 2485 1326 2539 tenuisset
1347 2483 1774 2539 dominationem
1810 2485 1959 2539 vivo-

391 2591 534 2630 rum.
574 2574 681 2631 Sed
722 2575 789 2629 ad
822 2577 936 2630 hate
968 2576 1041 2628 ita
1087 2576 1526 2645 respondendum
1565 2587 1712 2647 puto.
1743 2576 1958 2631 Duobus

389 2681 457 2721 ex
510 2667 683 2722 modis
744 2676 958 2721 constat
1012 2665 1067 2719 in
1116 2681 1329 2722 omnem
1383 2677 1690 2724 creaturam
1753 2669 1955 2725 Christi

389 2759 708 2813 dominatio.
745 2758 888 2823 Uno,
937 2773 1037 2828 per
1077 2774 1237 2827 quem
1274 2770 1327 2814 ut
1374 2759 1601 2816 Creator
1630 2764 1872 2817 omnium
1902 2769 1959 2816 et

390 2861 713 2923 potestatem
766 2868 964 2923 gerens
1015 2854 1422 2917 universorum,
1460 2855 1511 2908 vi
1556 2855 1858 2925 majestatis
1900 2865 1958 2909 et

394 2946 726 3000 necessitate
774 2946 1029 3015 potentiae
1075 2944 1192 3017 (76)
1240 2947 1399 3002 habet
1449 2957 1644 3002 cuncta
1690 2946 1953 3018 subjecta,

2064 467 2292 521 suadeat
2314 465 2450 536 (78).
2484 467 2614 522 Inde
2634 468 2869 538 denique
2896 477 3000 533 est,
3016 469 3159 537 quod
3190 484 3364 537 usque
3392 470 3457 521 ad
3483 484 3616 521 mor-

2065 567 2175 614 tem
2227 560 2480 629 dignatur
2525 561 2810 626 accedere,
2845 569 2904 615 ut
2935 561 3240 632 exemplum
3276 560 3618 621 obedientim.

2067 662 2125 707 et
2169 652 2433 707 moriendi
2487 652 2713 707 formam
2760 653 3065 708 volentibus
3102 663 3330 721 peccato
3378 664 3434 706 et
3484 653 3618 705 Villia

2064 743 2235 798 emori
2261 744 2621 815 derelinquat.
2662 744 2728 799 Et
2752 756 2974 815 propter
3000 745 3101 801 hoc
3130 745 3184 798 in
3218 744 3477 811 praesenti
3513 744 3620 798 loco

2066 836 2356 904 Apostolus
2390 837 2579 891 scribit
2626 836 2832 891 idcirco
2867 852 2990 892 eum
3020 845 3292 891 mortuum
3324 850 3448 890 esse
3470 846 3524 889 et
3547 836 3619 888 vi-

2066 929 2230 990 xisse,
2258 940 2315 983 ut
2340 941 2388 981 et
2409 930 2642 982 vivorum
2668 937 2719 981 et
2749 938 3076 983 mortuorum
3111 928 3415 982 dominetur
3440 944 3462 992 ;
3486 929 3619 980 vivu-

2064 1035 2206 1083 rum,
2227 1021 2470 1087 profecto
2499 1020 2710 1074 illorum
2732 1021 2825 1089 qui
2853 1020 3272 1075 resurrectionis
3303 1019 3427 1090 ejus
3453 1034 3620 1074 exem-

2066 1112 2156 1181 plo
2186 1128 2378 1166 novam
2423 1121 2478 1164 et
2526 1112 2808 1166 cmlestem
2854 1112 2905 1164 in
2965 1113 3130 1166 terris
3167 1113 3395 1181 exigunt
3436 1111 3622 1177 vitam;

2065 1213 2426 1266 mortuorum,
2460 1202 2676 1257 illorum
2705 1200 2818 1272 (79)
2850 1203 2968 1256 sine
3006 1202 3172 1256 dubio
3198 1203 3290 1271 qui
3334 1200 3621 1255 mortiﬁca-

2066 1293 2264 1346 tionem
2301 1293 2504 1347 Christi
2553 1295 2605 1347 in
2653 1308 2882 1363 corpore
2928 1308 3028 1347 suo
3067 1289 3546 1356 circumferunt“,
3577 1303 3621 1346 et

2064 1384 2390 1438 mortificant
2421 1385 2659 1439 membra
2696 1400 2792 1439 sua
2834 1400 2955 1453 qure
2997 1392 3119 1437 sunt
3153 1399 3316 1453 super
3342 1392 3546 1438 terram
3561 1383 3621 1436 “.

2135 1474 2298 1547 662
2329 1475 2419 1529 ἆυ.
2463 1475 2613 1542 Quod
2642 1475 2688 1530 si
2722 1476 2835 1529 haec
2855 1476 2932 1529 ita
2952 1490 3010 1530 se
3033 1475 3271 1529 habent:
3306 1475 3413 1540 Tu,
3433 1477 3621 1545 inquit,

2066 1584 2229 1637 quare
2268 1567 2485 1638 judicas
2534 1566 2647 1639 (80)
2695 1567 2915 1637 fratrem
2969 1567 3159 1621 tuum?
3201 1566 3308 1621 Aut
3358 1576 3418 1620 tu
3469 1584 3621 1639 quare

2067 1658 2269 1726 spernis
2302 1659 2523 1727 fratrem
2559 1669 2705 1711 tuum
2723 1658 2790 1724 ⁸³,
2827 1674 2951 1713 cttm
3002 1658 3120 1713 sive
3171 1659 3528 1713 mortificatio
3558 1660 3623 1713 sit

2067 1750 2121 1802 in
2165 1760 2217 1804 te
2245 1732 2430 1805 carnis
2463 1760 2517 1805 et
2548 1751 2827 1815 vitiorum,
2861 1765 2969 1804 non
3017 1765 3081 1807 ex
3131 1760 3183 1806 te
3223 1762 3344 1805 orta
3402 1751 3496 1815 sit,
3537 1752 3624 1805 sed

2065 1839 2268 1896 Christi
2302 1853 2476 1897 morte
2506 1842 2705 1899 donata
2735 1860 2749 1895 :
2786 1834 2901 1897 sive
2939 1842 3032 1897 tibi
3069 1843 3285 1898 novitas
3309 1843 3435 1897 vitae
3461 1852 3541 1898 est
3562 1840 3623 1905 “,

2064 1942 2119 1987 et
2169 1932 2219 1986 in
2274 1933 2434 1986 terris
2484 1931 2772 1988 ambulans
2833 1934 3303 1989 conversationem
3356 1933 3529 1988 habes
3575 1933 3622 1988 in

2063 2024 2215 2079 cmlis
2232 2023 2299 2090 ⁸⁵,
2335 2022 2539 2078 Christi
2567 2024 2672 2080 hoc
2707 2026 3107 2081 resurrectione
3139 2027 3446 2080 merueris?
3485 2025 3623 2080 Bene

2062 2100 2244 2168 autem
2269 2115 2555 2183 utriusque
2578 2116 2694 2169 vitii
2731 2126 2914 2171 notam
2946 2115 3236 2171 vernacula
3265 2116 3623 2185 appellatione

2062 2205 2317 2275 signavit,
2353 2205 2432 2258 illi
2479 2206 2697 2276 quidem
2738 2208 2926 2263 dicens
2967 2207 3118 2279 (8|):
3154 2206 3337 2274 Quare
3383 2210 3625 2278 spernis!

2061 2295 2128 2352 Et
2150 2299 2277 2353 huic
2303 2317 2317 2354 :
2346 2296 2525 2364 Quare
2541 2299 2758 2370 judicas
2794 2300 3013 2370 fratrem
3037 2303 3226 2355 tuum?
3261 2301 3454 2357 Solent
3488 2304 3643 2356 enim

2060 2388 2114 2445 hi
2141 2390 2236 2459 qui
2282 2390 2676 2461 aliquantulum
2718 2394 2968 2447 videntur
3000 2396 3052 2448 in
3087 2394 3318 2449 scientia
3354 2394 3469 2463 (89.)
3505 2409 3624 2463 pro-

2058 2480 2280 2546 fecisse,
2313 2497 2569 2553 spernere
2611 2492 2669 2538 et
2712 2484 2868 2538 nihili
2910 2484 3111 2539 ducere
3141 2499 3239 2539 eos
3284 2482 3376 2551 qui
3422 2482 3625 2537 altioris

2059 2576 2427 2643 intelligentiae
2457 2577 2636 2631 minus
2657 2590 2882 2646 capaces
2910 2588 3069 2640 sunt;
3102 2578 3414 2633 econtrario
3447 2587 3623 2632 autem

2059 2668 2293 2737 imperiti
2328 2680 2383 2725 et
2420 2672 2681 2727 indociles
2714 2671 2989 2741 judicare,
3024 2675 3125 2727 hoc
3163 2681 3251 2727 est
3278 2672 3538 2728 incusare
3576 2682 3624 2725 et

2060 2763 2432 2819 condemnare
2454 2777 2548 2819 eos
2575 2765 2667 2833 qui
2702 2764 2897 2819 altiora
2928 2774 2987 2819 et
3021 2763 3373 2833 profundiora
3412 2763 3625 2833 perqui-

2058 2863 2208 2923 runt,
2245 2869 2406 2925 quam
2436 2855 2539 2925 ipsi
2563 2870 2758 2926 capere
2778 2867 2873 2910 aut
2902 2858 3114 2927 assequi
3148 2866 3373 2926 possunt
3403 2857 3538 2928 (85).
3568 2857 3623 2910 Et

2059 2945 2182 3000 ideo
2209 2947 2519 3016 Apostolus,
2539 2963 2799 3003 resecare
2831 2947 3049 3017 culpam
3091 2948 3278 3002 volens
3302 2962 3367 3003 ex
3404 2957 3626 3017 utraque

390 3050 491 3104 per
519 3050 677 3105 quem
711 3038 929 3092 modum
968 3054 1074 3091 non
1108 3041 1280 3093 solum
1316 3039 1472 3094 bonis
1495 3048 1549 3093 et
1577 3040 1780 3094 sanctis
1807 3055 1958 3094 men-
1982 3052 2030 3117 ο
2056 3047 2212 3107 parte
2238 3049 2573 3104 nascentem,
2605 3039 2710 3095 illis
2734 3040 2951 3110 quidem
2993 3040 3260 3109 przecipit,
3305 3055 3375 3095 ne
3407 3038 3625 3095 inferio-

392 3126 538 3181 tibus
565 3142 631 3181 ac
655 3126 933 3196 spiritibus
954 3128 1284 3193 dominatur,
1320 3144 1512 3184 verum
1536 3138 1591 3183 et
1619 3145 1873 3200 nequam,
1899 3140 1956 3186 et

392 3215 617 3286 refugis,
666 3226 722 3271 et
764 3217 851 3273 his
899 3234 1035 3289 quos
1085 3218 1363 3289 Scriptura
1414 3219 1660 3275 divina"
1692 3221 1956 3293 malignos

390 3308 617 3377 angelos
647 3309 955 3378 appellavit.
992 3309 1197 3366 idcirco
1228 3312 1371 3365 enim
1402 3320 1457 3367 et
1476 3313 1840 3378 omnitenens,
1869 3314 1955 3369 vel

389 3397 736 3468 omnipotens
762 3399 876 3471 (77)
908 3400 1127 3464 dicitur,
1175 3401 1479 3455 secundum
1530 3402 1676 3471 quod
1717 3401 1955 3458 Joannes

2057 3143 2146 3184 res
2186 3140 2447 3198 spernant
2477 3140 2639 3199 atque
2672 3130 3013 3201 despiciant;
3041 3132 3125 3186 bis
3171 3146 3323 3197 vero,
3355 3146 3425 3187 ne
3467 3147 3623 3202 supe-

2058 3224 2236 3279 riores
2260 3240 2318 3278 se
2341 3224 2601 3293 judicent,
2630 3240 2751 3279 cum
2781 3226 3036 3292 peritiam
3076 3240 3181 3279 non
3215 3225 3459 3281 habeant
3486 3224 3624 3293 judi-

2059 3316 2242 3370 candi.
2282 3314 2543 3383 Quamvis
2581 3331 2713 3387 ergo
2756 3316 2869 3388 (84)
2908 3328 3203 3385 utrumque
3244 3319 3621 3388 reprehendat,

2058 3419 2113 3461 et
2139 3423 2262 3461 eum
2298 3408 2390 3476 qui
2428 3410 2638 3478 spernit
2669 3410 2897 3464 fratrem
2930 3409 3265 3473 inferiorem,
3298 3422 3354 3463 et
3383 3425 3510 3463 eum
3538 3412 3624 3478 qui

392 3491 642 3561 designat
671 3492 724 3547 in
768 3491 1112 3565 Apocalypsi,
1144 3493 1330 3550 dicens
1358 3510 1372 3547 :
1402 3495 1534 3550 Hcce
1569 3497 1699 3550 dicit
1734 3499 1826 3563 qui
1859 3506 1954 3564 est,
2049 3498 2262 3566 judicat
2288 3501 2652 3569 superiorem,
2675 3511 2852 3557 tamen
2883 3511 2944 3554 ut
2975 3503 3290 3557 ostenderet
3320 3503 3474 3557 illum
3506 3521 3622 3574 gra-

389 3591 443 3636 et
481 3584 569 3652 qui
601 3592 738 3650 erat,
770 3595 821 3638 et
848 3587 938 3655 qui
977 3574 1223 3642 vénturus
1272 3598 1372 3654 est,
1410 3589 1738 3658 omnipotens
1755 3589 1820 3644 ³ο.
1859 3589 1958 3645 llic

390 3685 525 3741 ergo
551 3688 693 3727 unus
718 3681 802 3728 est
844 3675 1033 3730 modus
1060 3691 1167 3745 quo
1208 3676 1454 3731 Christus
1487 3677 1744 3733 omnibus
1782 3679 1955 3734 domi-

392 3772 577 3819 natur.
609 3764 766 3820 Alius
805 3780 936 3821 vero
967 3777 1070 3833 est,
1103 3782 1213 3836 quo
1242 3777 1498 3838 tanquam
1536 3772 1708 3825 bonus
1742 3780 1796 3824 et
1829 3769 1955 3826 boni

390 3853 570 3911 Patris
598 3855 769 3912 Filius
793 3872 901 3912 non
935 3858 1051 3912 vult
1089 3859 1438 3915 rationabiles
1476 3859 1701 3929 spiritus
1733 3862 1799 3915 ad
1828 3861 1958 3916 obe-

390 3947 647 4003 dientiam
679 3948 817 4020 legis
860 3965 971 4005 sua:
997 3950 1268 4007 violenter
1297 3951 1598 4016 inﬂectere,
1637 3954 1730 4007 sed
1762 3969 1954 4023 exspe-

388 4047 500 4093 ctat
529 4048 587 4094 ut
627 4052 820 4109 sponte
862 4042 1102 4111 veniant,
1129 4052 1191 4097 ut
1222 4044 1497 4099 voluntate
1529 4055 1585 4100 et
1625 4062 1729 4100 nou
1760 4061 1950 4101 neces-

387 4130 547 4186 sitate
574 4130 771 4187 bonum
801 4141 1070 4204 quaerant,
1100 4144 1156 4191 et
1184 4136 1423 4193 docendo
1450 4137 1624 4205 magis
1657 4153 1814 4207 quam
1849 4137 1950 4192 im-

2057 3590 2177 3646 vius
2220 3591 2272 3645 in
2317 3589 2633 3659 iudicando,
2679 3608 2842 3663 quam
2889 3593 3032 3647 hunc
3079 3594 3133 3648 in
3173 3597 3483 3662 spernendo
3519 3596 3621 3649 fra-

2058 3689 2194 3734 trem
2239 3694 2485 3751 peccare,
2523 3683 2725 3738 omissa
2769 3685 3064 3754 spretiouis
3116 3684 3296 3753 culpa,
3361 3701 3623 3755 praesum-

2060 3770 2298 3839 ptionem
2334 3771 2627 3842 judicantis
2670 3772 2784 3845 (85)
2831 3774 3019 3833 fratris
3064 3788 3378 3849 exaggerat,
3415 3790 3471 3834 et
3511 3780 3623 3835 ideo

2062 3862 2116 3917 in
2148 3865 2609 3932 consequentibus
2628 3864 2815 3935 jungit
2848 3882 2863 3920 :

2127 3957 2219 4011 41.
2261 3956 2454 4011 Omnes
2482 3960 2619 4012 enim
2649 3963 2904 4015 stabimus
2938 3970 3063 4015 ante
3092 3963 3328 4017 tribunal
3348 3963 3465 4019 Dei.
3484 3965 3621 4023 Scri-

2055 4056 2202 4114 ptum
2234 4057 2309 4100 est
2351 4050 2526 4102 enim:
2561 4047 2683 4102 Vivo
2725 4066 2842 4119 ego,
2879 4053 3006 4105 dicit
3059 4050 3342 4118 Dominus,
3376 4056 3619 4125 quoniam

2058 4137 2187 4191 mihi
2222 4139 2462 4208 flectetur
2490 4156 2643 4194 omne
2671 4158 2830 4212 genu,
2862 4154 2913 4197 et
2939 4144 3273 4213 conﬁtebitur
3315 4148 3484 4201 omnis
3523 4148 3616 4201 lin-

457 4288 872 4374 "..l‘°m.-.V.'-.4-
949 4297 1169 4374 "nam
1202 4315 1315 4374 1W.-
1337 4298 1389 4353 8-
1450 4297 1679 4374 "Ram-
1713 4298 1871 4374 νερξ·

2095 4299 2166 4374 id_.
2202 4300 2289 4374 15.
2324 4301 2565 4374 -ῖξιηε,
2595 4319 2712 4367 vm,
2738 4303 2793 4356 2.
2866 4303 2914 4336 ‘°
2942 4305 3108 4374 Apoc.
3145 4320 3184 4372 ι,
3214 4305 3270 4360 8.
3349 4306 3395 4339 ⁸⁸
3428 4306 3472 4363 ll
3496 4308 3611 4363 Cor.

387 4372 465 4426 tv,
493 4361 583 4415 10.
658 4362 929 4421 "Coloss.
962 4382 1047 4432 Ill,
1074 4370 1129 4425 5.
1205 4370 1251 4401 ³³
1279 4367 1435 4424 Rom.
1467 4370 1669 4435 xlv,10.
1744 4370 1791 4402 3*
1815 4370 1926 4425 lion

2122 4371 2175 4424 t.
2249 4372 2293 4404 ευ
2323 4371 2513 4442 Philip.
2545 4390 2627 4440 ιιι,
2655 4361 2745 4429 20.

471 4497 587 4569 (⁸15)
616 4499 780 4564 Editi,
809 4504 914 4557 sive
936 4506 1072 4559 enim
1103 4507 1340 4569 vivimus,
1373 4515 1476 4560 etc.

466 4569 582 4654 (71)
611 4569 710 4654 με.
746 4571 947 4654 Regius
980 4576 1324 4654 num._1639,
1371 4577 1510 4654 velut
1540 4578 1731 4654 mortui
1778 4579 1957 4631 viven-

396 4636 857 4715 tes:.__Sed__ca:teri
880 4660 1034 4709 mss.,
1063 4636 1321 4700 Rabanus
1350 4658 1404 4698 et
1429 4648 1555 4698 editi
1582 4658 1638 4699 ut
1667 4647 1718 4699 in
1750 4658 1917 4700 textu.

469 4708 581 4782 (75)
619 4708 710 4765 Sic
748 4729 939 4768 omnes
964 4708 1096 4768 is.
1134 4716 1329 4782 nostri,
1356 4716 1486 4769 editi
1526 4731 1655 4769 vero
1690 4730 1744 4770 et
1782 4718 1959 4771 liaba-

396 4779 518 4860 nus.
546 4779 613 4860 In
646 4782 741 4835 hoc
775 4784 914 4837 enim
945 4784 1183 4840 Christus
1231 4779 1471 4839 mortuus
1514 4797 1613 4852 est,
1640 4796 1689 4841 et
1720 4803 1959 4842 resurre-

393 4858 491 4915 xit,
525 4858 629 4903 etc.

466 4917 578 4990 (76)
610 4917 708 4999 bis.
744 4917 946 4999 Regius
977 4923 1308 4999 nttm,1659,
1329 4923 1476 4999 Unus
1499 4936 1594 4986 est.
1616 4942 1947 4999 perguem...

392 5004 505 5062 sua}
538 4991 901 5062 majestatiea:
927 4997 1231 5048 necessitate
1267 4997 1536 5062 potentitr,
1563 4991 1671 5051 etc.
1703 4991 1807 5050 Sed
1841 5012 1948 5050 ca:-

392 5059 499 5112 teri
524 5073 691 5131 mss.,
732 5060 987 5131 [tabanus
1017 5074 1070 5117 et
1103 5065 1233 5117 editi
1265 5059 1322 5118 ut
1348 5067 1399 5118 in
1432 5077 1619 5120 nostro
1644 5075 1813 5131 textu,
1845 5067 1946 5122 nisi

393 5128 901 5205 quo_d__posteriorcs
923 5131 1165 5205 habeant
1198 5146 1382 5189 ca’tera
1404 5138 1656 5205 subjecta.

464 5198 581 5272 (77)
616 5198 791 5273 Editi,
828 5201 1026 5273 idcirco
1059 5204 1297 5273 igituret
1330 5198 1672 5264 omnitenens,
1700 5216 1748 5259 et
1782 5206 1950 5260 omni-

390 5268 596 5341 potens,
627 5283 735 5325 etc.
769 5268 846 5323 lla
893 5271 1055 5323 etiam
1081 5268 1200 5326 'ms.
1227 5272 1428 5341 Regius
1471 5291 1619 5328 num.
1656 5276 1814 5339 i639,
1848 5276 1949 5331 nisi

390 5338 535 5456 μυῖα
566 5340 781 5459 qmittat
812 5341 993 5410 igitur.
1024 5341 1129 5397 Sed
1162 5338 1343 5400 caeteri
1367 5360 1495 5399 mss.
1519 5355 1573 5400 et
1603 5345 1864 5401 Rabanus
1894 5356 1953 5400 ut

390 5422 444 5459 lli
499 5422 563 5459 ex
596 5424 647 5459 u.

389 5422 444 5459 Ill
480 5422 647 5460 ΙΘΧΙΙΙ.

462 5476 578 5546 (78)
613 5477 711 5531 Ms.
747 5476 950 5547 Regius
983 5496 1132 5534 num.
1175 5482 1332 5546 1659,
1364 5483 1514 5537 Alius
1544 5501 1658 5538 vero
1710 5497 1789 5539 est
1833 5496 1953 5538 tan-

390 5560 549 5611 quam
593 5550 784 5600 bonum
807 5558 857 5602 et
896 5551 1015 5604 boni
1041 5549 1222 5605 Patris
1252 5552 1451 5606 Filium
1477 5570 1581 5606 non
1609 5554 1821 5608 ultra...
1861 5556 1950 5609 sed

391 5627 761 5694 exspectare”:
793 5636 951 5694 quam
978 5629 1330 5694 extorquendo
1361 5625 1691 5691 persuadere.
1722 5624 1827 5680 Sed
1854 5642 1953 5681 cat-

390 5686 490 5737 tcri
528 5698 685 5752 mss.,
716 5686 968 5746 Rabanus
998 5702 1053 5750 et
1086 5686 1216 5747 editi
1248 5704 1308 5749 ut
1342 5686 1395 5749 in
1426 5703 1611 5750 nostro
1637 5696 1805 5751 textu.

2134 4508 2247 4578 (79)
2275 4508 2519 4578 Illorum.
2548 4510 2708 4567 Deest
2736 4512 2789 4567 in
2817 4522 2975 4566 antea
3008 4512 3190 4568 editis.

2134 4577 2247 4647 (80)
2301 4577 2465 4652 Editi,
2511 4596 2568 4634 tu
2612 4591 2788 4636 autem
2828 4584 2956 4652 quid
2984 4583 3224 4650 judicas,
3281 4596 3387 4642 etc.
3429 4585 3612 4641 Deinde

2060 4646 2382 4719 iidemqediti
2412 4661 2467 4703 et
2495 4666 2623 4705 mss.
2657 4646 2896 4719 quidam,
2926 4646 3055 4706 et'in
3072 4646 3224 4706 terris
3241 4656 3482 4711 ambulas
3501 4674 3613 4710 con-

2058 4717 2397 4794 versationem
2422 4721 2636 4794 habens,
2659 4717 2765 4775 etc.
2808 4721 2915 4777 Sed
2951 4737 3055 4777 ms.
3076 4722 3282 4794 Regius
3318 4741 3471 4781 nutu.
3489 4726 3611 4781 £639

2059 4796 2116 4843 et
2148 4787 2405 4843 Rabanus
2430 4802 2488 4843 ut
2513 4790 2566 4843 in
2596 4802 2779 4845 nostro
2813 4803 2984 4849 textu.

2132 4857 2239 4927 (81)
2281 4859 2440 4924 Editi,
2494 4862 2777 4934 vernacula
2808 4864 3089 4931 appellatio
3148 4865 3396 4934 signavit,
3436 4866 3513 4919 illi
3535 4868 3611 4930 di-

2060 4944 2224 5000 censL
2245 4939 2377 4993 etc.,
2410 4931 2614 4984 omisso
2643 4933 2877 4995 quidem,
2905 4936 3046 5000 quod
3075 4931 3239 4989 etiam
3264 4937 3533 4990 omittitur
3563 4938 3608 4988 iu

2059 5015 2161 5079 ius.
2195 4998 2365 5067 Regio
2389 5016 2539 5079 num.
2569 5001 2704 5055 i659
2730 5009 2788 5057 et
2814 4998 2956 5072 apud
2990 5004 3317 5073 ltabanum;
3345 5009 3442 5063 sed
3466 5006 3609 5061 resti-

2058 5072 2227 5121 tuitur
2263 5083 2331 5122 ex
2361 5072 2572 5124 caeteris
2602 5085 2732 5127 mss.

2126 5137 2238 5210 (82)
2267 5137 2346 5210 I_n
2370 5140 2605 5194 scientia.
2634 5141 2978 5197 Desideratur
3010 5143 3063 5198 in
3093 5144 3275 5199 editis.

2127 5208 2240 5283 (83)
2266 5208 2444 5271 Editi,
2473 5212 2823 5283 condemnare
2851 5224 2899 5267 et
2926 5215 3174 5267 incusare
3206 5232 3294 5268 eos
3318 5217 3477 5277 qui...
3498 5230 3605 5283 quia

2056 5279 2159 5347 ipsi
2185 5279 2367 5350 capere
2395 5288 2488 5350 aut
2517 5282 2726 5350 assequi
2752 5298 2854 5335 non
2880 5298 3118 5350 possunt.
3141 5284 3233 5339 Sic
3249 5288 3415 5339 etiam
3448 5279 3602 5338 Batta-

2058 5364 2182 5412 nus,
2216 5348 2318 5403 nisi
2349 5348 2492 5417 quod
2527 5348 2742 5413 habeat,
2765 5348 3008 5406 incusare
3040 5365 3085 5406 et
3122 5366 3464 5409 contemnere.
3505 5352 3600 5407 Sed

2060 5432 2252 5494 names
2298 5433 2429 5473 mss.
2453 5429 2511 5470 ut
2540 5420 2593 5471 in
2627 5430 2812 5494 nostro
2863 5432 3034 5488 textu,
3081 5424 3187 5477 nisi
3221 5428 3369 5493 quod
3399 5425 3596 5494 quidam

2061 5487 2317 5557 ItaheanL
2323 5504 2590 5551 accusare,
2630 5506 2727 5557 pro
2756 5493 3020 5547 incusare.

2131 5555 2245 5626 (84)
2272 5556 2436 5626 Ergo.
2473 5555 2901 5616 Proclérmittitut
2939 5564 2991 5615 in
3015 5564 3195 5617 editis.

2131 5625 2244 5702 (8_5_)
2275 5625 2367 5702 Sic
2397 5643 2501 5702 tn‘s.
2536 5628 2906 5702 Regiusmtm.
2937 5634 3094 5687 1659.
3124 5634 3263 5687 Editi
3293 5648 3442 5695 vero,
3457 5630 3593 5702 judi-

2056 5698 2234 5751 caudi.
2270 5698 2462 5755 Caeteri
2496 5714 2627 5755 tuss.
2658 5711 2714 5755 et
2739 5700 3283 5773 liabanus,judicati,
3315 5698 3469 5759 male.
