3744 6146
122 303 248 358 1211

1082 299 1440 358 COMMENT.
1480 299 1548 354 ΙΝ
1585 297 1803 354 EPIST.
1845 296 1938 350 AD
1972 291 2138 349 ROM.
2173 290 2303 346 LIB.
2339 288 2432 347 1X.

3243 280 3384 338 1242

117 435 216 490 gua
275 415 416 472 Deo.
462 415 656 484 Itaque
710 413 825 483 (86)
863 417 1219 487 unusquisque
1254 427 1493 471 nostrum
1523 434 1618 486 pro
1653 435 1707 471 se
1736 420 1782 474 Α
1810 411 1972 466 altior
1994 418 2050 463 et
2067 406 2396 462 eminentior
2432 402 2648 459 caeteris
2671 396 3060 470 quijudicandi
3083 405 3230 460 sunt,
3262 397 3383 466 fiat,

119 512 380 564 rationem
433 510 619 562 reddet
673 505 975 561 Deo.’Non
1022 523 1146 574 ergo
1201 509 1430 578 amplius
1486 510 1708 565 invicem

112 607 420 677 judicemus
448 619 469 658 :
488 603 579 658 sed
618 602 715 655 hoc
731 600 973 670 judicate
994 602 1182 670 magis,
1199 617 1264 656 ne
1297 603 1506 671 ponatis
1536 603 1709 671 o/fen-

120 702 322 755 sionem
356 699 549 768 fratri,
581 695 658 752 vel
688 694 999 748 scandalum
1023 694 1091 749 ⁸⁸.
1139 695 1440 750 Assumens
1483 697 1710 764 Aposto-

119 793 202 847 lus
236 791 357 863 (87)
395 808 596 848 causas
625 806 690 847 ex
719 791 804 845 his
833 790 888 842 in
915 789 1112 857 quibus
1147 804 1255 844 non
1293 797 1438 842 recte
1467 788 1711 858 judicant

121 887 172 940 hi
199 885 292 955 qui
319 886 589 953 judicant
619 883 844 945 fratres,
873 883 1007 937 recti
1037 892 1092 937 et
1128 881 1259 950 justi
1307 881 1605 935 introducit
1631 880 1710 934 di-

120 978 231 1030 vini
268 977 477 1047 judicii
507 976 759 1035 formam.
792 982 847 1029 et
869 974 986 1027 ait:
1019 972 1214 1028 Omnes
1253 972 1392 1026 enim
1440 987 1534 1025 nos
1571 982 1710 1025 stare

123 1079 331 1140 oportet
363 1080 497 1122 ante
524 1068 754 1122 tribunal
783 1067 915 1134 Dei;
942 1083 1048 1135 quo
1074 1066 1283 1122 scilicet
1310 1066 1522 1119 noverit
1548 1064 1593 1117 is
1616 1065 1710 1132 qui

116 1158 328 1228 iudicat
353 1157 613 1222 fratrem,
649 1164 857 1211 tantum
898 1171 956 1212 se
988 1156 1193 1210 crimen
1241 1153 1494 1208 elationis
1529 1153 1712 1206 incur-

121 1264 259 1315 rere,
293 1258 358 1302 ut
377 1249 620 1304 tribunal
659 1249 753 1305 Dei
778 1248 878 1304 sibi
913 1246 1154 1302 videatur
1176 1259 1474 1312 assumere,
1497 1254 1552 1298 et
1580 1243 1712 1299 Uni-

121 1342 284 1413 geniti
301 1342 578 1412 judicium
610 1343 934 1411 praevenire.
963 1339 1162 1395 Verum
1185 1338 1312 1407 quid
1337 1336 1436 1390 sibi
1461 1337 1586 1391 velit
1615 1339 1714 1392 boc

120 1435 295 1502 ipsum
343 1435 497 1502 quod
543 1434 837 1503 Apostolus
877 1430 1117 1486 tribunal
1187 1429 1282 1482 Dei
1331 1439 1616 1494 memorat,
1659 1437 1714 1482 et

119 1527 404 1595 quomodo
456 1525 870 1597 intelligendum
921 1525 992 1580 sit
1029 1523 1332 1577 videamus.
1374 1519 1491 1576 Non
1537 1521 1711 1576 solum

121 1619 265 1672 enim
287 1616 408 1688 (88)
447 1617 504 1671 in
548 1618 650 1672 hoc
701 1617 845 1685 loco,
886 1617 980 1670 sed
1024 1626 1079 1672 et
1121 1617 1188 1670 ad
1240 1614 1551 1670 Corinthios
1577 1613 1713 1667 scri-

121 1711 276 1774 bens,
311 1711 616 1766 tribunalis
651 1710 782 1764 facit
824 1708 1180 1764 nihilominus
1223 1708 1577 1771 mentionem,
1619 1705 1710 1760 tibi

120 1795 510 1872 ait:Propter
551 1803 693 1871 quod
746 1802 1016 1854 studemus
1079 1800 1186 1853 sive
1247 1805 1553 1866 praesentes,
1603 1797 1709 1850 sire

121 1895 362 1948 absentes
399 1894 614 1964 placere
664 1893 765 1946 illi.
807 1892 1001 1946 Omnes
1046 1891 1183 1944 enim
1216 1905 1311 1942 nos
1343 1887 1455 1957 (89)
1481 1887 1707 1955 manife-

120 1987 250 2038 stdri
287 1993 504 2053 oportet
539 1994 660 2037 ante
683 1981 920 2036 tribunal
947 1980 1168 2044 Christi,
1207 1988 1264 2032 ut
1296 1978 1514 2043 recipiat
1547 1993 1711 2029 unus-

120 2079 349 2148 quisque
389 2093 489 2146 per
529 2091 717 2145 corpus
749 2083 910 2142 prout
930 2073 1110 2144 gessit,
1139 2073 1246 2126 sive
1272 2073 1430 2134 bona,
1467 2070 1573 2122 sive
1597 2085 1711 2122 ma-

121 2168 251 2222 la".
286 2168 401 2223 Sed
434 2176 493 2223 et
519 2167 663 2237 apud
700 2166 978 2220 Danielem
1034 2165 1357 2233 prophetam
1405 2161 1711 2215 invenimus

125 2261 249 2314 talia
282 2262 543 2330 quaedam
588 2259 654 2314 de
689 2258 970 2328 iudicandi
998 2256 1182 2326 specie
1223 2253 1516 2323 descripta.
1560 2250 1714 2305 Vide-

123 2356 262 2418 bam,
296 2353 503 2422 inquit,
537 2363 585 2406 et
616 2368 731 2406 ecce
774 2351 919 2404 sedes
949 2349 1135 2418 posita:
1164 2356 1344 2410 erant,
1376 2355 1424 2398 et
1461 2342 1712 2399 Vetustus

123 2449 332 2498 dierum
359 2444 600 2508 sedebat,
625 2453 674 2497 et
705 2442 1072 2495 indumentum
1102 2438 1217 2508 ejus
1241 2439 1375 2492 sicut
1401 2437 1494 2490 nia:
1526 2436 1712 2489 candi-

123 2537 272 2599 dum,
310 2545 361 2590 et
391 2534 574 2605 capilli
599 2534 789 2602 capitis
813 2531 928 2601 ejus
959 2532 1096 2584 sicut
1130 2531 1257 2584 lana
1286 2531 1508 2582 munda.
1543 2526 1712 2580 Thro-

122 2643 218 2680 uus
253 2627 374 2696 ejus
414 2627 637 2696 ﬂamma
663 2626 822 2695 ignis,
854 2632 985 2676 rota:
1018 2622 1133 2693 ejus
1182 2622 1320 2690 ignis
1344 2621 1709 2691 inﬂammans,

123 2718 313 2786 ﬂuvius
341 2719 485 2788 ignis
533 2719 775 2772 currebat
810 2727 930 2769 ante
963 2715 1156 2783 ipsum.
1184 2711 1379 2766 Millies
1410 2710 1579 2764 millia
1607 2711 1710 2763 mi-

122 2811 431 2864 nistrabant
471 2810 541 2874 ei,
589 2819 638 2863 et
673 2810 846 2862 decies
886 2805 1080 2860 millies
1111 2805 1248 2859 dena
1291 2803 1462 2858 millia
1495 2803 1712 2856 assiste-

124 2901 245 2954 bant
293 2913 422 2956 ante
459 2917 598 2955 eum.
657 2898 932 2953 Judicium
996 2896 1272 2950 constituit
1319 2894 1454 2965 (90),
1488 2903 1535 2948 et
1589 2893 1710 2946 libri

125 2994 295 3057 aperti
347 2993 558 3047 sunt“.
609 2991 665 3045 In
716 2989 1004 3044 duodecim
1051 3002 1270 3057 quoque
1315 2986 1706 3056 prophetarum

127 3084 286 3152 libro,
322 3087 432 3141 sub
478 3084 737 3157 mysterio
790 3081 1049 3137 dicitur”
1085 3083 1214 3152 quia
1254 3080 1310 3134 in
1346 3079 1492 3134 valle
1543 3078 1706 3134 Josa-

127 3181 254 3249 phat
283 3181 556 3235 Dominus
579 3178 782 3248 judicet
809 3177 1062 3248 populum
1088 3192 1244 3232 suum
1274 3191 1286 3225 :
1324 3175 1494 3245 ipsam
1532 3181 1712 3232 autem

128 3273 322 3328 vallem
351 3272 618 3342 Josapbat
646 3273 805 3342 paulo
836 3282 954 3340 post
986 3269 1177 3324 vallem
1198 3267 1394 3337 judicii
1443 3265 1708 3319 nominat.

130 3365 234 3420 Sed
279 3366 350 3420 de
381 3366 471 3420 bis
520 3379 662 3419 nunc
701 3363 952 3433 singulis,
982 3377 1100 3432 quae
1137 3357 1510 3415 similitudinis
1546 3369 1712 3409 causa

130 3458 484 3524 protulimus,
529 3457 804 3511 disserere
853 3456 1073 3524 longum
1109 3451 1346 3506 videtur.
1397 3450 1474 3505 Ea
1534 3457 1712 3501 tamen

75 3577 79 3584 -
129 3566 244 3619 quae
294 3553 366 3606 ad
414 3548 726 3604 Corinthios
768 3547 1051 3614 scripsisse
1088 3542 1407 3614 Apostolum
1450 3540 1708 3604 diximus,

133 3644 480 3698 conferentes
524 3655 647 3695 cum
685 3639 939 3708 praisenti
993 3636 1134 3701 loco,
1179 3635 1264 3690 vel
1321 3631 1540 3689 caneris
1594 3645 1714 3699 quae

134 3737 272 3804 apud
320 3735 628 3806 prophetas
652 3731 991 3804 (9l)scripta
1051 3725 1501 3786 memoravimus,
1533 3722 1717 3777 decla-

132 3830 235 3882 rari
271 3830 529 3882 videmus
572 3839 635 3879 ex
683 3824 940 3878 omnibus
979 3819 1289 3874 certissime
1323 3815 1560 3869 futurum
1591 3827 1712 3867 esse

127 3918 392 3988 judicium
431 3919 561 3982 Dei;
593 3917 750 3984 cujus
799 3914 1012 3983 Species
1053 3920 1112 3964 ut
1169 3909 1347 3963 notior
1401 3905 1714 3960 hominibus

137 4012 312 4076 lieret,
349 4008 630 4078 judicandi
683 4005 856 4060 forma
897 4017 961 4056 ex
1007 4001 1092 4054 his
1125 4015 1246 4068 qua:
1280 3999 1421 4051 inter
1464 3995 1710 4049 homines

134 4112 403 4168 geruntur
448 4107 726 4166 assumpta
777 4102 882 4152 est.
929 4105 1040 4160 quo
1094 4088 1304 4144 scilicet
1339 4098 1707 4145 posceremus,

134 4194 258 4258 quia
295 4193 442 4246 sicut
471 4188 636 4260 iudex
671 4187 775 4242 iste
804 4196 1053 4239 terrenus
1098 4178 1382 4236 celsiorem
1420 4176 1710 4246 quemdam

138 4281 318 4337 locum
345 4282 494 4352 quod
532 4277 767 4334 tribunal
799 4275 1121 4346 appellatur,
1155 4269 1424 4333 ascendit,
1458 4275 1516 4320 ut
1550 4280 1616 4320 ex
1649 4279 1715 4320 eo

205 4423 251 4454 ⁸⁸
285 4423 445 4476 Rom.
475 4435 584 4483 inv,
623 4418 810 4472 10-15.
887 4416 932 4447 ⁸⁷
963 4415 1014 4471 ll.
1037 4413 1163 4468 Cor.
1197 4427 1256 4483 v_,
1291 4410 1346 4483 9,
1380 4407 1466 4483 10.

1561 4405 1605 4437 ⁸⁸
1634 4405 1769 4458 Dan.
1798 4417 1896 4466 vn,
1929 4398 2101 4465 9,10.

140 4491 181 4524 ’⁸
213 4494 231 4546 |
271 4469 527 4555 ἐῶς’-ιδ,-
555 4469 645 4544 5.-
665 4469 934 4543 ‘9’7lCor.
967 4469 1142 4550 ni,l3.
1217 4469 1264 4513 ³³
1295 4469 1493 4550 Ephes.
1536 4492 1586 4542 ν,
1619 4477 1706 4529 15.

1892 4483 1992 4526 ian.
2018 4486 2116 4536 vn,
2153 4470 2242 4525 10.
2317 4469 2362 4501 ³³
2399 4470 2530 4524 ibid.
2565 4471 2620 4524 9.

1810 519 1880 558 ne
1900 510 2247 570 conspectum
2267 500 2383 569 ejus
2399 497 2606 551 lateant
2624 494 2705 548 vel
2725 507 2941 548 reorum
2965 490 3077 561 (92)
3096 489 3382 558 supplicia,

1811 593 1897 648 vel
1954 591 2306 662 allegationes
2361 587 2769 652 innocentium;
2806 585 2879 638 ita
2929 581 3290 650 intelligamus
3327 589 3386 635 et

1805 685 2042 756 judicem
2061 683 2300 738 onmium
2322 681 2599 736 Christum
2639 687 2833 730 natura
2863 684 2917 729 et
2941 674 3225 742 majestate
3253 687 3387 726 cun-

1809 771 1916 826 ctis
1967 773 2298 825 eminentem
2345 768 2703 835 introspicere
2735 764 2902 817 curtia
2932 773 2986 816 et
3025 762 3386 816 conscientias

1810 863 2170 932 singulorum,
2211 860 2562 914 manifestare
2594 857 2829 921 occulta,
2860 867 2905 909 et
2931 855 3146 908 obtecta
3185 854 3387 908 revela-

1812 969 1892 1021 re,
1925 965 1984 1009 ut
2009 966 2062 1008 ct
2086 954 2244 1008 bonis
2281 953 2494 1006 actibus
2527 951 2742 1002 laudem
2776 948 3072 1009 tribuat,et
3107 946 3231 999 mali
3265 958 3380 1014 ρω-

1811 1064 1934 1102 nam
1989 1063 2151 1115 quam
2188 1054 2466 1100 merentur
2501 1042 2778 1110 excipiant
2811 1039 2942 1109 (93).
2988 1038 3140 1105 Quod
3191 1039 3234 1092 si
3273 1054 3388 1091 ma-

1812 1149 1903 1207 net
1934 1139 2096 1211 663
2121 1137 2357 1191 futurum
2382 1133 2647 1205 judicium
2681 1132 2794 1196 Dei,
2826 1141 2880 1185 et
2903 1129 3009 1184 tale
3034 1131 3302 1199 judicium
3331 1129 3386 1182 in

1812 1245 1918 1301 qun
1953 1248 2056 1285 non
2099 1231 2276 1284 solum
2325 1225 2700 1296 unusquisque
2753 1223 2978 1292 recipiet
3025 1238 3123 1292 pro
3171 1221 3387 1276 actibus

1813 1325 1945 1388 suis,
1973 1323 2064 1378 sed
2094 1333 2147 1376 et
2167 1337 2262 1392 pro
2297 1321 2442 1374 omni
2479 1320 2655 1373 otioso
2680 1316 2846 1370 verbo
2879 1315 3068 1369 reddet
3097 1315 3385 1380 rationem,

1812 1417 2106 1469 secundum
2176 1415 2503 1468 sententiam
2581 1407 2799 1463 Domini
2868 1408 2914 1439 ⁹⁰
2965 1426 2977 1461 :
3033 1407 3388 1476 cogitationes

1813 1521 2027 1578 quoque
2091 1509 2244 1560 make
2319 1504 2451 1575 (94)
2530 1502 2959 1556 confutabunttlr
3030 1500 3389 1567 redargnente

1812 1599 2167 1661 conscientia,
2201 1609 2254 1652 et
2281 1598 2334 1651 in
2369 1597 2622 1650 munibus
2656 1595 3010 1662 unusquisque
3037 1603 3269 1643 nostrum
3294 1604 3388 1654 pro

1813 1707 1867 1744 se
1893 1691 2149 1742 rationem
2189 1691 2368 1742 reddet
2412 1688 2542 1742 Deo.
2591 1688 2712 1742 Non
2737 1703 2879 1756 ergo,
2913 1683 3124 1750 inquit,
3163 1680 3389 1747 amplius

1740 1765 2033 1834 Binvicem
2076 1781 2401 1849 judicemus.
2449 1780 2593 1833 sicut
2639 1789 2692 1831 et
2740 1777 2795 1830 in
2843 1776 2962 1829 aliis
2992 1775 3168 1827 dicit:
3201 1771 3389 1839 Itaque

1808 1872 1967 1927 nolite
2001 1883 2124 1925 ante
2175 1883 2373 1936 tempus
2423 1872 2546 1940 quid
2593 1870 2859 1938 judicare,
2904 1881 3168 1935 usquequo
3214 1865 3388 1916 veniat

1807 1962 2067 2016 Dominus
2093 1961 2183 2030 qui
2216 1960 2536 2012 illuminabit
2564 1958 2769 2010 occulta
2808 1956 3162 2017 tenebrarum,
3188 1962 3235 2006 et
3271 1969 3388 2004 ma-

1812 2053 2084 2120 nifestabit
2115 2052 2342 2106 consilia
2370 2051 2604 2103 (ordinm
2633 2066 2650 2104 :
2680 2060 2723 2102 et
2753 2061 2876 2100 tunc
2907 2048 3024 2098 laus
3052 2047 3146 2098 erit
3184 2044 3392 2097 unicui-

1810 2159 1910 2215 que
1953 2161 1986 2195 a
2049 2143 2156 2196 Deo
2192 2143 2236 2176 ⁹¹
2275 2141 2411 2214 (95).
2457 2141 2762 2195 Nudabitur
2817 2141 2962 2194 enim
3011 2139 3296 2201 universus,
3335 2143 3392 2188 ut

1811 2251 1912 2307 ego
1942 2233 2208 2301 arbitror,
2235 2243 2510 2289 creatura:
2540 2233 2849 2287 rationabili
2881 2246 2978 2285 cor
3016 2239 3262 2284 nostrum
3289 2269 3302 2288 ,
3339 2236 3394 2282 et

1812 2327 2200 2382 revelabuntnr
2249 2326 2494 2392 occulta,
2533 2326 2616 2379 vel
2664 2326 2826 2379 etiam
2877 2321 3389 2378 manifestabuntur.

1809 2418 1910 2475 Est
1957 2420 2101 2476 enim
2151 2417 2480 2474 dili‘erentia.
2530 2417 2795 2474 Videntur
2853 2417 2996 2471 enim
3049 2430 3112 2469 ea
3173 2414 3391 2482 quidem

1809 2527 1932 2584 quae
1977 2511 2312 2577 revelantur,
2368 2513 2434 2564 ad
2487 2511 2657 2564 malos
2707 2508 3018 2578 pertinere,
3071 2507 3138 2560 de
3195 2505 3395 2574 quibus

1809 2605 2011 2661 dicitur
2038 2626 2049 2660 :
2079 2604 2149 2658 In
2201 2605 2320 2674 igne
2354 2605 2494 2658 enim
2527 2603 2844 2656 revelabitur
2875 2602 2920 2633 θ’
2947 2619 2962 2667 ;
2994 2615 3056 2652 ea
3093 2614 3224 2652 vero
3267 2613 3391 2666 quae

1811 2697 2266 2764 manifestantur,
2312 2698 2379 2751 ad
2429 2698 2634 2761 bonos;
2679 2704 2736 2749 et
2783 2695 2905 2748 ideo
2945 2694 3145 2748 dicitur
3180 2714 3191 2747 :
3226 2690 3394 2744 Omne

1808 2792 1947 2846 enim
1986 2791 2128 2860 quod
2157 2789 2551 2858 manifestatur,
2574 2788 2668 2840 lua:
2691 2797 2764 2840 est
2794 2785 2876 2845 ’3;
2899 2794 2956 2838 et
2986 2794 3238 2852 tanquam
3270 2781 3392 2835 libri

1811 2885 2037 2955 quidam
2090 2881 2378 2950 descripti,
2429 2879 2509 2932 vel
2568 2878 2772 2932 tabula:
2821 2878 3005 2931 incisae
3051 2876 3394 2929 continentes

1813 2973 2030 3028 litteras
2082 2982 2305 3027 actuum
2362 2969 2862 3039 cogitationumque
2923 2979 3267 3027 nostrarum,
3323 2966 3394 3019 ab

1813 3066 1986 3131 omni,
2023 3074 2080 3119 ut
2113 3064 2350 3119 diximus
2374 3106 2390 3128 ,
2419 3071 2670 3116 creatura
2703 3060 3014 3114 rationabili
3061 3058 3391 3129 relegentnr.

1818 3158 1888 3212 Et
1921 3160 2026 3213 hoc
2053 3167 2136 3212 est
2162 3158 2306 3226 quod
2343 3156 2583 3210 arbitror
2604 3153 2841 3206 indicari
2869 3169 2964 3221 per
2994 3152 3265 3206 Danielem
3297 3149 3388 3204 ubi

1815 3249 1990 3305 dicit:
2025 3247 2090 3302 Et
2129 3248 2251 3300 libri
2278 3247 2444 3316 aperti
2480 3255 2602 3300 sunt
2651 3245 2717 3312 “,
2753 3245 2844 3314 qui
2888 3244 3096 3299 scilicet
3136 3243 3187 3296 in
3228 3243 3391 3296 corde

1816 3356 1963 3395 nunc
1995 3341 2218 3395 involuti
2261 3351 2388 3394 sunt
2425 3351 2482 3391 et
2523 3337 2763 3403 obtecti,
2806 3337 3148 3391 continentes
3172 3336 3393 3403 quidem

1817 3434 2019 3502 scripta
2081 3446 2203 3501 qua)
2273 3433 2512 3503 gerimus
2565 3433 2700 3503 (96),
2766 3441 2824 3485 et
2876 3430 3020 3483 nods
3069 3429 3393 3498 quibusdam

1816 3527 2163 3582 conscientiae
2207 3526 2435 3590 sulcati,
2500 3542 2602 3582 nec
2660 3536 2837 3579 tamen
2877 3524 2966 3577 ulli
3003 3523 3110 3576 nisi
3155 3523 3252 3578 soli
3285 3521 3394 3575 Deo

1817 3619 2040 3688 cogniti.
2073 3616 2167 3672 Isti
2201 3633 2334 3689 ergo
2365 3618 2484 3672 libri
2521 3619 2718 3672 animae
2739 3627 2963 3681 nostra,
2995 3616 3077 3669 vel
3105 3617 3184 3668 ba:
3213 3614 3396 3668 cordis

1821 3710 1997 3765 nostri
2061 3711 2272 3780 paginae
2331 3711 2653 3779 aperientur
2718 3709 2771 3762 in
2853 3718 3150 3777 conspectu
3211 3705 3394 3760 throni

1816 3802 2080 3867 ﬂammei,
2144 3813 2200 3856 et
2255 3809 2499 3855 rotarum
2553 3800 2694 3868 ignis
2743 3800 3004 3860 ardentis.
3049 3808 3103 3852 et
3160 3796 3395 3850 ﬂuminis

1819 3895 1961 3966 ignei
1993 3909 2056 3947 ac
2088 3893 2459 3962 percurrentis
2487 3902 2614 3944 ante
2649 3889 2929 3945 Vetustnm
2965 3892 3175 3943 dierum
3201 3888 3268 3940 θ’.
3305 3887 3396 3941 Vi-

1819 3986 2020 4041 debunt
2047 3986 2192 4051 hinc,
2228 3995 2282 4040 et
2319 3984 2500 4052 legent
2531 3982 2694 4038 etiam
2724 3981 2925 4051 angeli,
2971 3992 3026 4035 et
3067 3981 3155 4034 illa
3199 3980 3394 4034 millies

1819 4076 1987 4130 millia
2020 4077 2355 4146 angelorum,
2383 4085 2439 4129 et
2475 4076 2654 4130 decies
2699 4075 2894 4130 millies
2923 4076 3057 4128 dena
3099 4073 3266 4126 millia
3296 4073 3395 4126 mi-

1819 4167 2122 4221 nistrorum
2153 4167 2223 4232 ³⁸,
2256 4177 2310 4221 et
2345 4167 2419 4219 ita
2449 4166 2744 4220 criminum
2775 4180 3084 4219 nosuorum
3116 4165 3170 4218 in
3199 4163 3396 4233 quibus

1823 4274 1967 4315 nunc
2017 4274 2186 4312 unum
2221 4257 2412 4313 saltem
2445 4268 2636 4312 testem
2677 4260 2788 4328 pati
2831 4255 3233 4319 confundimur,
3280 4268 3396 4309 cu:-

2199 4399 2246 4431 ⁸⁹
2275 4399 2412 4454 Joel.
2449 4413 2533 4463 Ill,
2563 4397 2618 4462 2,
2657 4397 2744 4452 12.
2850 4397 2895 4428 ⁸ο
2928 4395 3115 4450 Matth.
3156 4411 3254 4462 xu,
3301 4396 3393 4454 56.

2199 4470 2242 4522 Et.
2317 4469 2362 4501 "
2399 4470 2530 4522 ibid.
2565 4471 2620 4522 9.
2729 4468 2777 4500 9“
2809 4467 2939 4522 ibid.
2974 4468 3038 4522 10

203 4607 324 4680 ’(86)
363 4608 928 4680 Ινιαίιιιεᾲζιηιιεῳιὲεᾳιιε
982 4614 1340 4680 nostrumpro
1369 4617 1424 4680 se
1456 4601 1713 4680 rationem
1743 4599 1792 4660 D
1820 4596 1924 4680 cia,
1960 4602 2068 4680 etc.
2100 4591 2463 4680 Deinde.editi
2492 4589 2745 4680 omittunt
2771 4591 2844 4669 ita
2863 4596 2990 4640 ante
3017 4584 3393 4657 intelligamus;

144 4672 318 4733 reddei
371 4672 496 4732 Ded.
541 4678 664 4731 Non
713 4672 1111 4744 ergo'amplius
1138 4674 1356 4744 invicem
1384 4672 1710 4744 judiceinus,

144 4751 230 4801 sed
253 4751 350 4802 hoc
368 4741 826 4818 judicatemagis,
849 4763 909 4798 ne
933 4741 1140 4818 ponatis
1173 4742 1509 4811 offensionem
1533 4741 1713 4818 fratri,

144 4819 217 4871 uel
251 4809 581 4872 scandalum.
617 4809 756 4878 H326,
785 4832 907 4884 quae
933 4809 1228 4868 restituunt
1267 4827 1398 4863 mss.
1443 4820 1496 4864 et
1530 4809 1716 4864 Raba-

148 4904 268 4950 nus,
299 4890 352 4942 in
382 4889 534 4941 libris
558 4899 717 4940 antea
757 4887 920 4939 editis
950 4900 1056 4937 non
1089 4889 1429 4950 comparent.

217 4959 329 5028 (87)
368 4957 673 5026 Apostolus.
704 4956 864 5028 Deest
887 4957 938 5008 in
967 4953 1218 5028 oinnibus
1248 4966 1378 5005 mss.
1409 4950 1637 5017 nostris,
1663 4959 1719 5006 et

148 5024 290 5099 apud
314 5024 629 5099 Rabanum,
657 5026 750 5099 sed
785 5033 960 5099 exstat
991 5025 1043 5076 in
1074 5024 1251 5099 editis.

215 5097 325 5168 (88)
364 5101 519 5152 Deest
547 5096 774 5168 enim_i_u
805 5096 967 5168 libris
990 5101 1156 5168 antea
1175 5092 1359 5168 editis.

214 5160 322 5240 (89)
352 5169 510 5240 Enim
553 5182 667 5219 nos.
699 5163 826 5240 Haec
849 5166 1019 5240 verba
1045 5164 1428 5240 desiderantur
1454 5160 1715 5240 in_editis.

216 5233 326 5309 (96)
362 5239 525 5301 Editi,
553 5234 825 5309 rotaeejus
842 5235 979 5309 ignis
1000 5249 1270 5309 accensus,
1287 5233 1480 5309 ﬂuvius
1509 5233 1714 5300 igneus.

153 5304 343 5363 Millies
378 5309 547 5361 millia
575 5307 882 5359 ministrant
911 5306 1026 5359 ei...
1058 5305 1370 5356 assistebant
1407 5306 1475 5363 ei,
1505 5312 1558 5356 et
1585 5311 1705 5354 ante

152 5393 264 5431 eum
289 5380 554 5448 judicium
586 5377 1091 5448 constitutum,_etc.
1129 5373 1332 5427 Deinde
1380 5374 1542 5427 iidem
1586 5371 1718 5426 editi

152 5457 203 5499 et
233 5446 360 5519 mss.
392 5451 639 5519 quidam,
662 5446 1323 5519 lniduodecimu‘quoquel
1346 5457 1450 5519 etc.

221 5518 327 5588 (9i)
357 5512 430 5572 Ita
471 5535 574 5573 ms.
612 5512 813 5586 Regius
843 5532 992 5569 num.
1033 5512 1171 5568 1659
1203 5524 1259 5568 et
1288 5513 1567 5568 Rabanus.
1599 5512 1716 5568 Cae-

157 5592 249 5640 teri
279 5603 405 5643 vero
429 5606 558 5645 mss.
580 5598 635 5641 et
660 5589 816 5651 editi,
840 5587 1170 5654 prophetam.

222 5658 329 5728 (92)
369 5659 533 5724 Editi,
565 5675 626 5710 ne
650 5653 949 5724 conspectui
972 5657 1086 5725 ejus
1111 5656 1308 5709 lateant
1334 5655 1409 5708 uel
1433 5653 1715 5728 malorum,

155 5737 257 5780 etc.
288 5725 382 5782 Ms.
416 5728 617 5797 Regius
642 5743 795 5784 num.
829 5728 990 5788 1659,
1023 5743 1086 5779 ne
1119 5738 1421 5792 conspectus
1465 5727 1590 5797 ejus
1639 5725 1715 5797 lu-

158 5805 256 5849 teat
281 5799 353 5852 vel
383 5795 589 5853 reorum
614 5797 920 5870 (Rabanus,
947 5803 1146 5851 lateant
1179 5797 1254 5849 rel
1289 5796 1484 5866 rerum)
1515 5795 1719 5866 suppli-

1817 4673 1871 4718 et
1900 4663 2059 4732 paulo
2091 4673 2214 4730 post
2242 4664 2460 4727 habent,
2494 4660 3049 4732 caeteriseminentem.

1889 4727 2002 4805 (95)
2036 4727 2128 4786 Sic
2161 4732 2434 4795 Rabanus,
2469 4748 2570 4782 ms.
2598 4729 2796 4805 Regius
2819 4745 2965 4781 lttlltt.
2997 4727 3129 4781 1659
3156 4737 3209 4781 et
3239 4728 3392 4783 editi.

1818 4803 1948 4858 Mss.
1983 4803 2113 4857 vero
2143 4805 2408 4871 plerique,
2445 4810 2494 4854 et
2533 4803 2702 4852 malos
2739 4815 2890 4868 paena
2929 4814 3088 4865 quant
3127 4812 3395 4852 uterentur

1817 4876 2067 4941 excipiat.

1893 4938 2007 5014 (94)
2035 4943 2111 4996 lta
2147 4957 2248 4996 ms.
2279 4943 2478 5010 Regius
2510 4954 2658 4992 num.
2687 4938 2853 5014 l659._
2879 4939 3018 5014 Editi
3053 4953 3183 4992 vero
3207 4980 3221 5001 ,
3252 4940 3391 5014 reci-

1820 5009 1924 5086 piet
1961 5009 2055 5084 pro
2089 5014 2314 5086 actibus,
2341 5009 2430 5065 sed
2462 5027 2556 5078 pro
2581 5013 2720 5086 omni
2749 5009 2898 5062 verbo
2942 5011 3391 5086 otiosdreddetur

1820 5081 2052 5140 ratio}...
2089 5085 2536 5153 coyilalionesque
2568 5081 2758 5153 _mala:,
2794 5091 2900 5134 etc.
2943 5081 3135 5153 ueteri
3170 5096 3299 5133 mss.
3338 5090 3393 5132 et

1823 5156 2104 5217 Rabanus,
2156 5151 2410 5206 redditur
2474 5151 2704 5204 ratio....
2763 5151 3105 5220 cogitationes
3173 5165 3392 5218 quisque

1824 5235 1843 5297 (
1866 5225 2144 5297 Rabanns,
2179 5221 2417 5292 quoque)
2444 5225 2623 5297 maliv,
2648 5232 2754 5297 etc_.

1896 5296 2010 5367 (95)
2040 5296 2190 5367 Sicut
2209 5305 2261 5367 et
2286 5311 2340 5345 in
2366 5290 2488 5345 aliis
2507 5293 2636 5344 dicit
2666 5306 2686 5345 :
2716 5290 2741 5343 Ι
2751 5303 2903 5359 taque
2925 5290 3085 5342 nolite
3110 5300 3230 5367 ante
3266 5299 3394 5367 teni-

1825 5361 1922 5434 pus
1957 5361 2361 5434 quidjudicare,
2393 5379 2525 5426 etc.,
2562 5378 2733 5430 usque
2763 5369 2830 5414 ad
2851 5401 2864 5423 ,
2897 5375 2940 5414 et
2973 5374 3106 5434 tunc
3126 5361 3258 5434 laus
3291 5363 3389 5434 erit

1826 5429 2109 5506 unicuique
2144 5452 2178 5488 a
2228 5433 2356 5487 Deo.
2396 5435 2518 5486 Haec
2554 5429 2930 5506 desiderantur
2969 5433 3021 5482 in
3071 5431 3263 5495 editis;
3293 5429 3390 5483 sed

1825 5499 2189 5560 restituuntur
2231 5519 2294 5556 ex
2330 5521 2459 5557 mss.
2503 5503 2718 5555 nostris.
2773 5499 2874 5553 Ms.
2905 5508 3080 5554 tamen
3129 5515 3264 5553 unus
3294 5515 3392 5567 pro

1825 5577 1912 5631 his
1947 5580 2128 5630 verbis
2153 5577 2338 5637 habet,
2373 5579 2458 5626 sed
2489 5574 2584 5624 hoc
2606 5573 2846 5638 judicate
2880 5572 3069 5637 magis,
3100 5586 3160 5623 ne
3181 5580 3390 5639 ponatis

1827 5647 2204 5718 offendiculum
2248 5643 2421 5708 ’ratri,
2460 5645 2538 5718 vel
2585 5643 2894 5695 scandalum
2921 5683 2936 5709 ,
2973 5643 3116 5708 quod
3168 5641 3392 5695 minime

1829 5716 2067 5774 cuba-ret
2100 5732 2223 5770 cum
2257 5716 2630 5783 sequentibus.

1900 5787 2014 5857 (96)
2059 5787 2220 5851 Editi,
2270 5787 2512 5856 quietiam
2555 5783 2749 5850 scripta
2780 5797 2897 5851 qua:
2929 5783 3176 5852 gerimus.
