3744 6146
30 313 151 369 1215

981 313 1334 370 COMMENT.
1378 314 1442 368 IN
1487 313 1700 369 EPIST.
1740 314 1829 366 AD
1868 312 2034 368 803.1.
2071 311 2196 365 LIB.
2242 309 2333 364 |.\'.

3133 308 3270 362 1246

28 427 122 482 illis
147 428 539 481 tantummodo
573 426 840 483 rationem
871 429 995 484 boni
1020 447 1124 484 non
1155 433 1364 498 haberi,
1398 433 1450 486 in
1478 432 1597 500 qui-
1626 439 1672 494 Α
1701 433 1972 498 labantur,
2007 433 2072 485 ad
2116 432 2306 484 horum
2338 439 2516 484 autem
2544 427 2949 483 distinctionem
2986 426 3096 497 (16)
3137 425 3234 479 reli
3258 449 3276 462 -

32 521 118 570 bus
143 517 297 572 valde
329 519 757 588 praeponderant
790 521 928 575 mala
965 521 1062 591 (9);
1101 531 1153 576 et
1196 524 1248 576 in
1287 523 1392 577 illis
1432 525 1600 577 ratio-

33 623 140 662 netu
163 607 288 660 mali
321 623 433 663 non
459 613 657 680 accipi,
691 613 744 666 in
776 613 972 681 quibus
996 613 1412 682 praeponderant
1437 615 1600 680 bona,

31 712 75 754 et
112 702 162 754 in
207 702 416 770 quibus
445 703 718 757 malorum
753 703 978 774 vestigia
1005 705 1322 774 poenitentia
1367 720 1601 759 conver-

33 795 186 849 sionis
213 795 488 848 abolevit.
517 794 590 850 Ut
613 806 796 852 autem
825 797 890 852 ad
915 797 1179 867 propositi
1203 797 1421 867 capituli
1443 799 1602 852 ﬁnem

35 887 544 956 conclusionemque
573 889 881 953 redeamus,
916 903 1063 954 cum,
1106 889 1303 958 inquit,
1353 898 1499 942 tanta
1533 891 1606 943 sit

33 979 160 1046 apud
200 977 374 1033 Deum
413 987 473 1034 et
513 980 651 1047 apud
679 979 951 1034 Christum
995 980 1112 1048 ejus
1149 979 1338 1050 judicii
1377 980 1602 1048 veritas,

36 1085 171 1127 tanta
197 1072 402 1127 futurae
443 1075 872 1130 examinationis
915 1075 1130 1145 indago,
1187 1090 1290 1129 non
1332 1091 1474 1144 ergo,
1507 1075 1602 1139 ait,

36 1167 247 1234 amplius
275 1168 507 1220 invicem
530 1169 854 1237 judicemus.
883 1167 990 1224 Sed
1026 1169 1122 1222 hoc
1147 1170 1388 1238 Judicate
1414 1170 1602 1237 magis,

38 1277 90 1311 ne
108 1261 310 1328 ponatis
341 1261 686 1327 offensionem
723 1261 926 1329 fratri,
976 1259 1056 1313 vel
1096 1259 1428 1314 scandalum.
1496 1257 1606 1314 Hoc

36 1353 284 1421 jndicate,
319 1352 374 1405 id
407 1359 498 1406 est
551 1353 654 1407 hoc
697 1352 926 1406 statuite
975 1366 1044 1406 ne
1073 1367 1170 1421 per
1198 1351 1605 1406 observantiam

38 1445 267 1498 ciborum
298 1443 642 1498 offensiones
685 1443 949 1498 fratribus
975 1444 1056 1497 vel
1093 1444 1346 1498 scandala
1385 1458 1609 1514 genere-

39 1535 121 1588 tis.
153 1534 226 1588 De
251 1532 560 1588 offensione
602 1535 686 1588 vel
727 1535 982 1589 scaudalo
1014 1535 1125 1604 jam
1170 1550 1332 1602 supra
1373 1535 1608 1588 diximus

40 1626 167 1695 quod
193 1626 520 1681 scandalum
548 1628 616 1682 sit
647 1642 768 1682 cum
793 1627 948 1680 invia
976 1641 1080 1696 qua
1105 1627 1376 1681 inceditur
1407 1625 1608 1694 aliquid

40 1717 298 1772 invenitur
323 1719 634 1788 obiectum,
673 1721 726 1774 in
748 1734 854 1790 quo
885 1716 1162 1772 oﬂ’endant
1199 1719 1314 1789 (10)
1341 1720 1609 1772 scanden-

1703 539 1808 592 qua
1837 537 1961 576 vasa
2001 522 2311 575 communia
2342 519 2694 582 dicebantur;
2729 518 2800 572 ita
2835 529 2890 572 et
2925 520 2991 572 ad
3023 519 3270 572 cibormn

1703 613 2130 676 distinctionem,
2165 627 2353 667 eorum
2381 623 2520 680 quos
2547 609 2702 678 quasi
2744 611 2975 665 mundos
3002 622 3056 665 et
3081 625 3278 666 secun-

1703 703 1828 758 dum
1880 703 2052 773 legem
2097 703 2339 757 edendos
2389 699 2673 770 Scriptura
2714 705 3037 772 segregavit,
3082 703 3277 773 reliqui

1701 809 1893 847 omnes
1909 809 2226 848 communes
2248 794 2501 864 appellati
2527 802 2672 847 sunt.
2703 793 2806 848 Sed
2838 792 3010 849 Judaei
3033 796 3144 848 vim
3164 811 3282 849 ver-

1703 884 1754 938 bi
1788 885 2243 954 ignorantes(17),
2275 887 2418 940 unde
2446 886 2748 941 communis
2782 887 3057 941 diceretur
3091 887 3276 954 homo,

1704 992 1864 1046 quem
1887 977 2050 1048 665
2075 993 2420 1033 communem
2445 978 2802 1047 appellabant,
2824 979 3094 1034 sermonis
3117 995 3276 1034 usum

1706 1076 1825 1129 sine
1869 1074 2279 1143 signiﬁcationis
2319 1078 2675 1148 intelligentia
2721 1085 3031 1129 tenuerunt.
3095 1072 3282 1142 Neque

1706 1167 1851 1220 enim
1881 1166 1994 1239 (18)
2039 1169 2144 1223 cibi
2189 1184 2325 1238 quos
2358 1169 2500 1225 Deus
2537 1169 2768 1230 creavit,
2825 1175 2920 1220 aut
2968 1165 3282 1235 ignoranter

1707 1267 1800 1314 aut
1829 1259 2152 1330 simpliciter
2182 1264 2380 1330 sumpti
2409 1274 2756 1315 communem
2789 1258 2967 1313 facere
3003 1258 3279 1312 hominem

1707 1361 2035 1423 poterantet
2062 1355 2434 1419 immundum;
2471 1355 2563 1407 sed
2599 1367 2752 1406 mens
2774 1351 2863 1404 illa
2899 1350 3137 1404 hominis
3165 1363 3283 1418 qua:

1710 1443 1818 1497 Deo
1845 1443 1942 1497 soli
1992 1453 2272 1512 segregata
2321 1453 2425 1508 est,
2475 1441 2672 1496 merito
2713 1443 2910 1496 munda
2938 1440 3281 1510 appellatur:

1707 1549 1827 1604 quae
1868 1550 1995 1588 vero
2034 1535 2207 1588 aliena
2248 1551 2278 1589 a
2330 1535 2441 1590 Deo
2485 1544 2602 1599 est,
2650 1535 2904 1601 quoniam
2940 1549 3047 1588 tton
3074 1531 3141 1586 ab
3176 1545 3284 1584 uno

1709 1626 1902 1694 spiritu
1938 1627 2232 1690 immundo,
2261 1627 2353 1681 sed
2379 1642 2408 1679 a
2432 1627 2681 1697 plurimis
2717 1625 3045 1696 possidetur,
3079 1623 3285 1677 idcirco

1713 1719 1834 1772 talis
1864 1720 2024 1772 homo
2054 1721 2357 1774 communis
2389 1721 2712 1789 appellatur,
2766 1717 2920 1788 quasi
2954 1716 3044 1785 qui
3081 1713 3283 1772 multo-

43 1808 162 1862 tium
196 1807 281 1862 vel
324 1809 702 1864 incedentium
756 1781 941 1880 pedes.
990 1809 1102 1864 Hoc
1142 1820 1226 1864 est
1279 1823 1409 1878 ergo
1463 1810 1605 1878 quod
1637 1781 1684 1841 Β
1713 1824 1831 1862 rum
1877 1809 1948 1862 sit
1986 1806 2096 1879 (19)
2150 1809 2232 1864 vel
2275 1809 2568 1874 vitiorum,
2604 1810 2689 1863 vel
2731 1808 3033 1862 dzemonum
3069 1819 3282 1867 servus,

42 1901 308 1970 patiuntur
336 1903 394 1956 hi
425 1904 523 1971 qui
550 1903 694 1956 viam
737 1901 860 1956 ﬁdei
889 1917 1061 1971 nuper
1085 1902 1340 1973 ingressi,
1367 1902 1607 1970 priorum

42 1993 117 2046 vel
143 1993 610 2057 contentionibus,
634 1995 719 2048 vel
748 1993 1127 2064 negligentiis,
1175 1993 1260 2047 vel
1298 2002 1608 2064 contemptu

42 2093 89 2137 et
119 2084 447 2139 elationibus
485 2085 857 2148 offenduntur,
907 2093 1072 2156 atque
1112 2085 1377 2155 exemplis
1417 2100 1608 2142 eorum

43 2177 232 2232 recussi
258 2177 376 2250 (11)
401 2165 733 2234 avertuntur
765 2194 794 2230 a
830 2178 954 2233 ﬁde.

104 2268 188 2324 42.
213 2267 342 2323 Scio
370 2278 423 2323 et
457 2269 670 2337 conﬁdo
701 2269 757 2322 in
788 2268 1011 2324 Domino
1034 2267 1184 2335 Iesu,
1213 2269 1336 2341 quia
1367 2269 1498 2324 nihil
1535 2279 1609 2324 est

46 2369 299 2406 commune
329 2369 426 2417 per
456 2355 654 2422 ipsum,
681 2354 783 2407 nisi
815 2354 862 2407 ei
883 2353 970 2420 qui
1004 2353 1269 2407 existimat
1304 2354 1430 2423 quid
1471 2369 1614 2406 com-

45 2461 186 2498 mune
217 2461 352 2509 esse,
395 2445 485 2499 illi
509 2461 780 2500 commune
801 2455 897 2501 est.
944 2444 1006 2501 Si
1035 2446 1172 2500 enim
1204 2456 1417 2515 propter
1439 2445 1612 2498 cibum

45 2537 197 2606 frater
229 2546 353 2592 tuus
377 2541 752 2605 contristatur,
779 2539 896 2606 jam
930 2554 1034 2591 non
1061 2537 1347 2591 secundum
1379 2536 1614 2590 charito-

45 2639 134 2680 tem
171 2629 438 2684 ambulas.
497 2627 625 2684 Noli
664 2630 779 2683 cibo
801 2639 892 2683 tuo
921 2628 1074 2681 illum
1115 2629 1355 2698 perdere,
1385 2643 1481 2697 pro
1509 2644 1612 2696 quo

47 2720 270 2777 Christus
321 2735 571 2778 mortuus
603 2735 679 2779 est
718 2726 762 2757 ¹⁰
794 2723 929 2794 (12).
984 2723 1230 2780 Diximus
1270 2733 1325 2778 et
1372 2725 1424 2778 in
1470 2724 1612 2789 aliis,

50 2815 182 2881 quod
212 2816 262 2870 in
290 2816 600 2887 Scripturis
622 2819 829 2872 sanctis
857 2818 1149 2873 vernacula
1172 2818 1404 2886 quadam
1430 2817 1615 2887 appel-

51 2905 236 2963 latione
267 2911 415 2979 quod
463 2921 714 2964 sanctum
759 2910 845 2965 vel
878 2911 1137 2964 mundum
1169 2925 1276 2965 non
1304 2919 1412 2976 est,
1466 2925 1615 2963 com-

49 3012 195 3052 mune
229 3000 578 3066 nominetur;
615 3013 734 3067 quae
787 3008 969 3052 tamen
1023 2997 1313 3068 appellatio
1360 2998 1414 3052 in
1466 2997 1614 3054 Novo

51 3085 385 3143 Testamento
439 3089 778 3158 frequentius
824 3090 1102 3145 invenitur
1173 3089 1309 3163 (15),
1353 3091 1406 3145 in
1434 3091 1612 3146 Veteri

52 3195 166 3236 vero
194 3196 302 3236 non
336 3184 600 3238 recordor
629 3183 801 3237 sicubi
821 3183 1098 3237 nominata
1130 3193 1237 3248 est,
1269 3193 1328 3238 ut
1355 3185 1406 3238 in
1435 3183 1614 3238 Evan-

53 3273 175 3341 gelia
211 3272 472 3328 Salvator
505 3274 661 3340 dicit,
691 3273 816 3342 quia
851 3273 915 3326 de
949 3273 1105 3326 corde
1143 3273 1432 3342 procedunt
1464 3274 1611 3342 cogi-

55 3366 259 3420 tationes
294 3367 480 3433 malae,
511 3367 820 3430 homicidia,
856 3367 1270 3434 fornicationes,
1320 3366 1609 3432 adulteria,

58 3454 204 3524 furta,
243 3459 385 3527 falsa
417 3460 715 3514 testimonia
745 3473 762 3510 :
793 3469 840 3511 et
869 3459 971 3512 ista
1007 3469 1132 3512 sunt
1163 3476 1280 3528 qua:
1317 3459 1611 3514 communi-

56 3550 287 3623 cant(14)
326 3551 618 3604 hominem.
662 3550 786 3603 Non
825 3550 948 3603 lotis
982 3561 1158 3605 autem
1188 3552 1427 3605 manibus
1455 3568 1610 3605 man-

57 3639 250 3708 ducare,
314 3659 424 3697 non
473 3643 823 3694 communicat
857 3642 1119 3695 hominem
1154 3644 1218 3694 “.
1252 3642 1512 3709 Quamvis
1555 3641 1610 3696 in

58 3735 308 3790 nonnullis
350 3733 758 3803 exemplaribus
809 3733 988 3788 Latini
1038 3750 1135 3804 pro
1180 3737 1568 3789 communicant
1597 3775 1614 3801 ,

58 3825 377 3894 coinquinant
427 3827 734 3897 posuerint,
788 3836 841 3882 et
877 3826 1004 3882 licet
1057 3829 1248 3882 eadem
1295 3827 1468 3882 virtus
1521 3828 1612 3893 sit,

58 3920 343 3987 praprietas
373 3932 554 3975 tamen
585 3921 856 3976 sermonis
881 3921 1234 3974 communicat
1269 3922 1428 3978 habet
1471 3922 1609 3994 (15).

59 4006 151 4060 Sed
191 4020 246 4065 et
289 4012 345 4066 in
387 4013 614 4067 Actibus
651 4013 1018 4081 apostolorum
1071 4012 1330 4068 Dominus
1368 4015 1499 4070 dicit
1545 4016 1612 4069 ad

57 4093 254 4154 Petrum
287 4119 302 4156 :
332 4103 488 4168 Quod
511 4102 652 4157 Deus
672 4105 962 4170 mandavit,
992 4114 1048 4158 tu
1075 4121 1346 4160 commune
1378 4122 1439 4160 ne
1465 4106 1614 4160 dixe-

58 4188 121 4240 ris
153 4189 210 4244 “.
247 4191 386 4248 Puto
443 4207 576 4261 ergo
635 4193 761 4248 inde
793 4209 947 4248 usum
994 4195 1156 4265 hujus
1205 4197 1473 4252 sermonis
1525 4212 1613 4251 as-

59 4290 334 4352 sumptum,
399 4296 458 4337 ut
485 4289 636 4354 quia,
679 4285 832 4340 verbi
875 4287 1087 4354 gratia,
1126 4301 1254 4341 vasa
1283 4287 1466 4356 templi
1503 4289 1609 4341 mi-

1713 1903 2006 1956 seeundum
2047 1903 2194 1954 illum
2241 1902 2333 1971 qui
2381 1901 2763 1972 interrogatus,
2797 1901 2950 1965 Quod
2979 1899 3073 1952 tibi
3099 1913 3285 1950 nomen

1712 2005 1784 2048 est
1805 1994 1830 2046 ἲ
1859 1995 2156 2064 respondit,
2185 1994 2344 2064 Legio
2375 2011 2392 2049 :
2426 1995 2585 2048 Multi
2615 1999 2753 2048 enim
2785 2009 2963 2046 sumus
2995 1990 3038 2022 ¹⁸
3067 2007 3080 2042 :
3115 2001 3169 2044 et
3202 2004 3287 2043 so-

1711 2086 1951 2139 cundum
1991 2086 2119 2140 illud
2161 2086 2303 2155 quod
2350 2101 2379 2140 a
2428 2086 2712 2140 Salvatore
2747 2087 2965 2150 dicitur,
3003 2083 3131 2152 quia
3168 2099 3284 2135 cum

1710 2176 1898 2230 exierit
1943 2177 2244 2230 immundus
2289 2177 2507 2245 spiritus
2551 2181 2615 2231 ab
2665 2179 2896 2240 homine,
2959 2174 3144 2230 circuit
3172 2173 3288 2226 locu

1711 2269 1887 2333 arida,
1928 2284 2166 2337 quaerens
2206 2269 2469 2339 requiem,
2501 2281 2547 2322 et
2591 2286 2693 2323 non
2730 2269 2992 2324 inveniens
3024 2269 3201 2320 redit:
3238 2276 3288 2320 et

1711 2361 1975 2414 inveniens
2001 2360 2214 2413 domum
2250 2369 2522 2414 vacantem
2548 2371 2595 2414 et
2630 2361 2801 2429 scopis
2830 2360 3140 2413 mandatam
3158 2403 3170 2424 ,
3197 2375 3286 2411 as-

1713 2454 1874 2506 sumit
1917 2467 2090 2506 secum
2136 2463 2330 2522 septem
2375 2453 2507 2506 alios
2552 2453 2770 2521 spiritus
2815 2453 3087 2520 nequiores
3111 2466 3199 2514 se;
3239 2461 3287 2503 et

1713 2544 1970 2598 intrantes
1997 2544 2239 2597 habitant
2279 2545 2335 2597 in
2375 2560 2434 2596 eo
2477 2543 2589 2612 (20)
2619 2542 2681 2596 ⁸⁸.
2719 2542 2786 2595 Ει
2824 2543 2944 2597 sine
2989 2542 3150 2594 dubio
3187 2543 3288 2595 iste

1717 2635 1839 2689 talis
1873 2636 2034 2690 homo
2063 2635 2366 2690 communis
2401 2635 2618 2700 dicitur,
2652 2650 2841 2689 eorum
2883 2635 3136 2690 videlicet
3167 2651 3286 2689 scr-

1713 2743 1814 2781 vus
1841 2726 2066 2783 eﬁectns
2090 2729 2330 2782 omnium
2361 2728 2645 2796 spirituum
2683 2727 3039 2796 malignorum
3072 2728 3163 2797 qtti
3194 2729 3286 2782 ha-

1714 2823 1890 2879 bitant
1930 2822 1982 2875 in
2028 2836 2112 2875 eo.
2164 2819 2358 2874 Merito
2416 2835 2546 2888 ergo
2590 2821 2768 2874 sciens
2821 2820 3087 2874 sermonis
3133 2817 3288 2887 hujus

1716 2915 1858 2970 hanc
1885 2928 2006 2968 esse
2031 2913 2316 2967 rationem
2364 2909 2583 2974 Paulus,
2613 2911 2743 2965 dicit
2773 2929 2786 2964 :
2830 2910 2956 2966 Scio
2997 2922 3044 2966 et
3080 2911 3288 2977 conﬁdo

1715 3005 1767 3060 in
1798 3004 2020 3058 Domino
2047 3002 2200 3068 Jesu,
2240 3003 2365 3072 quia
2395 3001 2524 3055 nihil
2553 3008 2626 3054 est
2663 3015 2937 3054 commune
2969 3015 3063 3069 per
3092 3001 3287 3064 ipsum.

1717 3095 1859 3150 Nihil
1894 3097 2036 3151 enim
2068 3097 2120 3150 in
2154 3096 2424 3150 creaturis
2456 3094 2546 3150 Dei
2581 3105 2772 3148 natura
2807 3094 2890 3146 sui
2921 3091 3033 3163 (21)
3060 3091 3286 3144 immun-

1719 3191 1846 3246 dum
1871 3197 1955 3242 est
1984 3188 2185 3258 (omnia
2224 3201 2458 3256 namque
2502 3201 2532 3240 a
2581 3188 2722 3240 bono
2767 3186 2876 3238 Deo
2905 3193 3110 3247 creata,
3150 3183 3287 3236 bona

1718 3296 1838 3337 esse
1864 3289 2148 3335 constatet
2184 3279 2406 3348 munda)
2433 3279 2522 3332 sed
2557 3279 2623 3342 ei,
2653 3277 2845 3347 inquit,
2888 3276 2980 3346 qui
3020 3276 3287 3329 existimat

1719 3372 1917 3444 aliquid
1948 3391 2058 3428 esse
2097 3389 2388 3438 commune,
2432 3373 2532 3440 ipsi
2583 3387 2854 3425 commune
2896 3380 3008 3426 est:
3047 3369 3147 3422 hoc
3183 3377 3288 3432 est,

1719 3467 1810 3536 qui
1834 3465 2134 3520 intentiOne
2171 3464 2354 3518 cordis
2387 3463 2722 3516 immundum
2749 3461 2953 3530 aliquid
2983 3459 3201 3528 cogitat,
3235 3468 3287 3512 et

1717 3558 2120 3612 observantiam
2151 3555 2488 3609 diversitatis
2515 3555 2777 3618 admittit,
2815 3555 2958 3608 sicut
2993 3564 3045 3606 et
3081 3553 3131 3604 in
3157 3565 3286 3604 con-

1716 3648 2066 3718 sequentibus
2097 3649 2227 3701 dicit
2266 3663 2279 3698 :
2318 3645 2421 3711 Qui
2457 3657 2634 3700 autem
2681 3646 2954 3710 discernit,
2995 3647 3040 3698 si
3067 3644 3284 3697 mandu-

1717 3743 1932 3808 caverit,
1963 3741 2248 3794 damnatus
2272 3751 2380 3804 est;
2420 3740 2546 3808 quia
2574 3754 2676 3792 non
2704 3753 2768 3791 ea:
2788 3738 2912 3805 ﬁde.
2963 3735 3128 3790 Omne
3152 3736 3290 3786 enim

1719 3833 1858 3902 quod
1894 3847 1996 3886 non
2019 3843 2090 3885 est
2115 3847 2179 3884 ea:
2202 3831 2326 3898 ﬁde,
2368 3840 2640 3898 peccatum
2672 3839 2747 3883 est
2777 3829 2840 3882 “'.
2874 3827 2984 3881 Nec
3032 3837 3208 3879 tamen
3238 3825 3289 3876 iu

1725 3922 1812 3978 bis
1841 3921 2242 3977 distinctionem
2274 3921 2411 3990 legis
2434 3919 2688 3982 exclusit,
2721 3928 2780 3971 ut
2807 3917 3052 3972 absolute
3085 3915 3286 3968 diceret

1720 4017 1854 4070 nihil
1875 4032 1996 4071 esse
2026 4031 2312 4072 commune
2338 4021 2433 4067 aut
2459 4011 2794 4067 immundum
2832 4025 3020 4064 eorum
3051 4024 3170 4078 qua:
3200 4008 3285 4062 lex

1719 4110 1962 4164 definivit
1988 4110 2291 4163 immunda.
2324 4107 2596 4162 Prmmisit
2620 4107 2764 4160 enim
2807 4119 3026 4158 causam
3057 4117 3156 4156 cur
3192 4115 3294 4172 per

1717 4202 2070 4270 semetipsum
2108 4200 2243 4253 nihil
2290 4213 2579 4253 commune
2618 4199 2848 4251 dicatur.
2894 4195 3046 4260 Scio,
3091 4193 3285 4260 inquit,

1717 4303 1764 4346 et
1801 4292 2008 4358 conﬁdo
2054 4293 2108 4345 in
2154 4291 2379 4345 Domino
2419 4290 2570 4343 Iesu.
2623 4288 2680 4343 In
2727 4287 2953 4340 Domino
2988 4299 3120 4352 ergo
3161 4281 3287 4336 Jcsu

58 4370 262 4430 nisterio
291 4387 578 4447 segregata
605 4419 621 4445 ,
658 4393 788 4433 vasa
821 4380 941 4436 sine
983 4381 1144 4436 dubio
1176 4381 1389 4435 Domini
1421 4381 1607 4452 appel-
1641 4374 1685 4428 Ι)
1713 4382 1847 4436 nihil
1868 4397 2156 4437 commune
2183 4397 2278 4451 per
2302 4383 2675 4452 semetipsum,
2713 4381 2816 4433 hoc
2847 4387 2950 4442 est,
2981 4386 3172 4429 natura
3196 4373 3282 4425 sui

119 4516 158 4546 “’
203 4517 356 4575 Rom.
397 4535 513 4584 xtv,
546 4520 633 4583 14,
663 4521 750 4576 15.

859 4522 901 4554 ¹²
930 4522 1116 4578 Matth.
1158 4538 1250 4588 xv,
1282 4522 1372 4588 19,
1404 4521 1496 4577 20.

60 4583 96 4616 ³⁸
117 4586 262 4644 Rom.
292 4607 405 4658 κεν,
431 4591 520 4648 25.

116 4729 185 4802 (9)
228 4734 390 4803 Editi,
435 4753 499 4790 ea:
530 4735 715 4806 quibus
745 4735 982 4806 omnibus
1033 4736 1236 4790 videtur
1270 4737 1429 4802 mihi,
1474 4737 1602 4804 quia

63 4812 154 4876 non
186 4814 349 4876 potest
389 4805 549 4860 unus
573 4817 728 4876 atque
759 4805 898 4858 idem
932 4808 1066 4860 bona
1096 4807 1253 4859 simul
1296 4823 1521 4872 recipere
1551 4817 1598 4859 et

62 4870 204 4946 (Itala.
227 4873 409 4946 Neque
429 4880 566 4930 enim
597 4870 756 4929 simul
783 4885 876 4928 aut
917 4877 970 4928 in
1003 4879 1314 4945 paradisum
1344 4870 1484 4944 quis,
1509 4885 1602 4928 aut

62 4951 112 5014 81!
146 4957 294 5010 regna
337 4949 622 5010 caelorum,
665 4956 756 4998 aut
802 4947 856 4998 in
899 4947 1183 5014 gehennam
1235 4948 1371 5000 ntitti
1415 4957 1602 5014 potest.

65 5004 428 5076 Respondemus
448 5018 502 5070 in
524 5004 629 5070 illis
657 5004 1018 5068 tantummodo
1036 5018 1292 5069 rationem
1313 5004 1434 5070 vitri:
1458 5017 1606 5070 bona:

67 5092 156 5158 gon
179 5085 376 5150 haberi,
413 5088 466 5140 in
489 5088 676 5158 quibus
699 5085 846 5158 valde
865 5091 1268 5158 prwponderant
1295 5088 1436 5140 mala
1458 5127 1473 5152 ,
1497 5094 1604 5142 etc.

69 5144 158 5201 Sed
185 5168 307 5208 mss.
346 5144 518 5211 nostri
544 5168 598 5211 et
624 5144 882 5209 Rabanus
905 5144 1052 5207 ut'in
1083 5165 1254 5210 textu.

133 5222 234 5297 (10)
265 5225 427 5292 Editi,
467 5228 523 5281 in
547 5244 649 5297 quo
676 5225 1026 5294 offendentur.
1060 5225 1318 5281 Rabanus
1339 5266 1355 5292 ,
1388 5228 1444 5282 in
1469 5228 1608 5296 quod

75 5289 336 5359 Offendunt,
363 5289 470 5352 el’c.

130 5359 232 5431 (11)
275 5366 412 5422 Editi
445 5374 498 5422 et
523 5380 628 5421 ms.
680 5380 841 5430 unus,
893 5368 1210 5434 repercussi.
1249 5367 1355 5423 Sed
1413 5368 1613 5423 rectius

78 5435 226 5504 caeteri
251 5451 381 5491 mss.
414 5437 606 5504 nostri,
630 5446 684 5492 et
716 5437 974 5491 Rabanus
998 5476 1013 5498 ,
1042 5439 1258 5493 rerussi.

132 5498 234 5576 (12)
273 5505 330 5560 Si
367 5509 507 5566 enim
541 5498 750 5576 propter
780 5505 955 5562 cibum
986 5506 1152 5575 frater
1178 5521 1299 5561 tuus
1329 5508 1613 5562 contrista-

79 5573 164 5645 lttr.
199 5574 309 5641 jant
351 5594 454 5632 non
501 5573 789 5633 secundum
824 5573 1138 5630 charitatem
1182 5579 1446 5632 ambulas.
1485 5578 1611 5631 Noli

79 5639 296 5718 :ibo_:tuo
345 5649 494 5701 illum
536 5647 787 5718 perdere,
828 5664 924 5716 pro
947 5647 1326 5718 quoichristus
1374 5661 1611 5702 mortuus

81 5718 152 5789 tat.
179 5711 294 5769 time
317 5711 694 5773 desiderantur
720 5720 774 5772 in
814 5711 997 5774 editis.
1033 5717 1142 5772 Mss
1209 5720 1454 5789 plerique
1482 5734 1612 5772 cnn-

81 5783 256 5838 tcxtmn
288 5789 524 5858 Apostoli
559 5799 981 5860 prosequuntur,
1015 5789 1154 5843 alter
1185 5783 1462 5859 u'sque‘ad
1492 5806 1613 5845 ver-

1597 4525 1638 4556 "
1670 4523 1790 4580 Act.
1817 4539 1874 4589 ι,
1913 4522 2000 4578 15.

2103 4523 2147 4554 ¹³
2177 4521 2310 4578 Luc.
2340 4535 2458 4586 vut,
2485 4518 2576 4575 50.
2677 4517 2721 4550 ¹⁸
2746 4517 2935 4572 Matth.
2971 4531 3072 4581 xu,
3104 4514 3286 4570 45-45.

1706 4748 1823 4788 sum
1847 4732 1915 4788 19
1938 4731 2225 4797 inclusive,
2255 4730 2397 4786 alter
2426 4743 2598 4797 usque
2633 4728 2700 4781 ad
2726 4726 2960 4782 medium
2999 4741 3147 4780 vers.
3194 4725 3287 4781 20.

1704 4803 1811 4860 Sed
1845 4819 1967 4858 cum
1997 4813 2175 4857 tomus
2216 4802 2461 4856 decimus
2492 4799 2714 4866 incipiat
2745 4813 2773 4850 a
2804 4813 2962 4851 versu
3012 4798 3099 4859 16,
3143 4809 3287 4852 recte

1705 4889 1879 4942 usque
1900 4875 1966 4927 ad
1993 4873 2136 4927 hunc
2159 4888 2374 4927 versum
2402 4869 2782 4925 tantummodo
2803 4870 3151 4939 prosequitur
3186 4883 3287 4922 ins.

1710 4946 1909 5012 Regius
1934 4960 2084 5012 num.
2111 4942 2268 4996 1639.

1779 5010 1892 5085 (15)
1927 5011 2223 5067 Invenitur.
2279 5013 2440 5067 Deest
2473 5012 2529 5065 in
2560 5020 2722 5085 antea
2754 5010 2939 5066 editis.

1779 5083 1892 5152 (14)
1925 5085 2094 5146 Alias,
2127 5085 2496 5152 coinquinant,
2538 5083 2695 5135 male.

1781 5149 1896 5227 (15)
1945 5153 2112 5218 Editi,
2162 5165 2213 5207 et
2260 5149 2380 5227 licet
2427 5153 2610 5227 eadem
2655 5151 2778 5205 istic
2829 5149 2895 5205 sit
2950 5151 3287 5222 proprietas,

1713 5223 1888 5280 tamen
1914 5239 2084 5278 sermo
2107 5224 2496 5277 communicant
2518 5223 2693 5278 habet.

1786 5295 1898 5365 (16)
1928 5295 2094 5359 Editi,
2117 5294 2501 5365 deﬁnitionem,
2534 5295 2689 5347 male.

1785 5363 1897 5434 (17)
1933 5365 2096 5430 Editi,
2133 5367 2234 5417 vim
2267 5365 2406 5419 verbi
2435 5363 2534 5418 Dei
2562 5366 2892 5434 ignorantes.

1814 5435 1900 5501 18)
1934 5435 2112 5491 Enim.
2150 5437 2501 5490 Desideratur
2525 5437 2580 5490 in
2610 5436 2790 5491 editis.

1814 5439 1900 5501 18)
1934 5439 2112 5491 Enim.
2150 5439 2480 5490 Desideratul

1785 5439 1898 5577 (19)
1927 5505 2089 5560 Deest
2116 5506 2185 5559 sit
2212 5506 2265 5559 in
2295 5506 2480 5560 editis.

1787 5573 1901 5649 (20)
1947 5577 2111 5641 Editi,
2160 5589 2206 5630 et
2251 5578 2452 5649 intrant
2493 5576 2554 5649 in
2598 5593 2740 5631 eum.
2801 5575 3078 5649 Rabanuis,
3115 5581 3164 5628 et
3196 5573 3283 5628 in-

1720 5647 1920 5702 trantes
1949 5649 2186 5702 habitant
2228 5649 2278 5700 in
2308 5663 2389 5700 ea.
2427 5647 2532 5700 Sed
2565 5663 2752 5703 omnes
2780 5661 2911 5703 mss.
2940 5657 2992 5702 ut
3023 5648 3079 5702 iu
3109 5655 3282 5701 textu.

1792 5717 1904 5790 (21)
1929 5716 2090 5787 Editi,
2129 5721 2194 5774 de
2225 5729 2413 5774 natura
2445 5719 2545 5772 sui.
