3744 6146
475 286 610 334 1217

1901 270 2226 330 ORIGENIS

3575 265 3677 314 ωδ

471 402 704 461 dicitur;
749 399 838 454 sed
867 397 974 462 illi,
1015 397 1213 468 inquit,
1242 398 1330 466 qui
1353 396 1639 460 existimat,
1680 404 1735 450 et
1778 395 1868 464 qui
1897 404 2050 465 putat
2078 396 2125 453 Α
2150 399 2272 445 sunt
2302 389 2482 444 omnia
2507 386 2560 440 in
2593 383 2989 451 corruptionem
3012 381 3125 446 ipso
3157 393 3278 442 usu,
3299 378 3570 431 secundum
3583 397 3682 445 prc-

473 493 674 561 aviquid
697 507 804 545 esse
833 507 1126 554 commune,
1163 491 1264 556 ipsi
1293 505 1568 551 commune
1609 499 1706 543 est.
1747 488 1813 542 Et
1845 504 1914 543 ne
1949 489 2050 542 ini-

473 583 615 632 reris
643 580 784 648 quod
818 579 1076 648 cOgitatio
1111 580 1308 633 mentis
1349 580 1532 632 cibum
1580 580 1670 650 qui
1723 589 1916 633 natura
1964 579 2048 634 sui

471 673 778 727 communis
823 664 908 726 v'el
955 673 1192 741 pollutus
1228 688 1334 726 non
1379 682 1496 733 est,
1552 672 1716 727 faciat
1762 672 2046 740 pollutum,

470 779 596 818 cum
645 766 952 819 econtrario
999 765 1179 819 cibum
1216 779 1345 818 vere
1394 765 1659 832 pollutum
1713 767 1863 834 (vere
1901 765 2048 818 enim

471 854 706 924 pollutus
733 865 817 907 est
849 855 940 924 qui
988 853 1144 908 idolis
1173 853 1506 923 immolatur)
1537 853 1857 922 simplicitas
1901 868 2051 906 inen-

471 946 562 1008 tis,
590 954 645 1000 et
687 945 830 998 nulla
867 945 1212 1013 cogitationis
1244 942 1634 1012 scrupulositas
1675 942 1869 1010 injecta
1909 939 2045 1010 (2%),

470 1035 618 1089 omni
660 1035 967 1102 suspicione
997 1033 1473 1088 contaminationis
1511 1033 1776 1086 absolvat.
1819 1032 1878 1085 Et
1927 1048 2049 1086 rur-

473 1139 590 1181 sum
619 1127 829 1181 etiamsi
877 1128 1106 1178 mundus
1137 1127 1206 1179 sit
1238 1125 1412 1187 ribus,
1465 1126 1826 1191 suspicionem
1865 1134 2046 1179 tamen

471 1221 668 1289 aliquis
711 1221 949 1288 patiatur
986 1220 1140 1288 quasi
1194 1220 1336 1288 quod
1386 1219 1544 1273 idolis
1591 1219 1901 1272 immolatus
1952 1219 2045 1285 sit,

471 1309 639 1379 pollui
686 1309 886 1363 dicitur
929 1325 1025 1377 pro
1079 1310 1423 1363 conscientia:
1463 1311 1736 1377 scrupulo.
1805 1309 1864 1363 Si
1908 1317 2047 1362 enim

470 1411 684 1470 propter
712 1402 882 1455 cibum
922 1402 1090 1469 frater
1117 1413 1237 1455 tuus
1265 1405 1611 1455 contristatur
1641 1402 1777 1472 (25),
1811 1420 1913 1455 non
1927 1403 2046 1472 jam

470 1495 760 1546 secundum
797 1495 1103 1545 charitatem
1146 1495 1407 1547 ambulas.
1457 1492 1585 1546 Noli
1627 1498 1739 1547 cibo
1770 1505 1859 1547 tuo
1891 1495 2044 1548 illum

469 1588 703 1652 perdere,
732 1603 826 1652 pro
858 1604 958 1658 quo
993 1585 1236 1640 Christus
1269 1596 1508 1639 mortuus
1536 1598 1632 1640 est.
1665 1590 1798 1641 Cum
1831 1589 2048 1652 deﬁnis-

471 1685 557 1730 set
597 1678 891 1744 apostolico
931 1680 1180 1745 dogmate
1229 1696 1324 1749 per
1371 1679 1654 1734 Dominum
1695 1680 1878 1735 Jesnm
1913 1682 2045 1736 nihil

2155 493 2306 551 cepta
2351 491 2398 534 et
2449 479 2718 532 doctrinas
2762 476 3032 528 hominum
3079 489 3246 542 :qua.’
3295 481 3415 525 sunt
3470 472 3682 525 rationem

2156 574 2367 643 quidem
2398 572 2644 624 habentia
2665 571 2938 637 sapientiae
2969 569 3024 620 in
3056 565 3412 618 observatione
3435 563 3682 632 religionis,

2155 675 2205 718 et
2231 664 2531 717 humilitate
2551 679 2644 731 per
2667 662 2992 716 vexationem
3014 658 3270 727 corporis,
3300 673 3407 710 non
3441 657 3492 708 in
3529 658 3684 711 honore

2156 756 2332 826 aliquo
2367 756 2436 808 ad
2456 755 2793 808 saturitatem
2828 753 3007 806 carnis
3039 751 3105 805 ¹⁷.
3138 751 3213 804 De
3244 751 3440 819 quibus
3476 765 3562 816 per
3596 753 3682 803 sin-

2156 845 2276 914 gula
2320 846 2587 899 disserere
2629 860 2735 898 non
2787 851 2870 896 est
2915 841 3202 911 praesentis
3243 841 3461 905 operis;
3526 837 3582 890 de
3623 839 3684 891 liis

2155 936 2296 990 enim
2329 951 2470 990 nunc
2511 951 2631 1005 qua!
2674 935 2740 988 ad
2777 933 3054 987 Romanos
3098 931 3288 985 scribit
3313 928 3593 998 Apostolus
3618 945 3686 982 co-

2157 1044 2352 1082 namur
2387 1043 2656 1097 exponere
2701 1026 2834 1097 (27).
2881 1025 2996 1079 Hoc
3038 1035 3122 1080 est
3164 1035 3340 1078 tamen
3386 1021 3523 1092 quod
3558 1024 3685 1076 etiam

2155 1122 2408 1190 przesenti
2441 1122 2706 1174 asseritur
2739 1118 2990 1188 exemplo
3022 1135 3036 1171 :
3072 1132 3139 1171 ne
3162 1118 3214 1170 in
3251 1117 3398 1181 cibo,
3439 1115 3516 1168 vel
3545 1116 3590 1166 in
3613 1131 3684 1183 po-

2159 1229 2238 1281 tu,
2275 1215 2358 1268 vel
2404 1215 2459 1266 in
2501 1211 2810 1278 hnjnsinodi
2860 1209 3254 1271 observantiis,
3291 1221 3416 1275 qua
3453 1209 3582 1274 apud
3618 1203 3686 1258 Ju-

2156 1309 2301 1364 dseos
2329 1305 2473 1360 velut
2494 1304 2660 1376 666
2689 1303 2999 1371 angelorum
3035 1302 3223 1370 religio
3257 1309 3506 1370 putatur,
3527 1298 3687 1365 judice-

2157 1418 2278 1455 mnr
2304 1401 2372 1455 ab
2400 1400 2604 1468 aliquo.
2643 1396 2922 1451 Extollunt
2947 1397 3091 1449 enim
3119 1411 3176 1450 se
3201 1397 3251 1448 in
3285 1394 3372 1447 bis
3396 1406 3514 1460 qua:
3541 1392 3685 1444 viden-

2157 1503 2264 1556 tur,
2290 1504 2341 1546 et
2372 1492 2536 1546 inﬂati
2567 1502 2693 1546 sunt
2725 1493 2790 1546 de
2825 1491 3130 1547 visibilibus
3157 1492 3340 1546 rebus.
3393 1490 3522 1556 Qua:
3545 1499 3685 1542 tamen

2155 1586 2316 1641 elatio
2362 1602 2468 1639 non
2517 1595 2600 1639 est
2639 1586 2937 1639 secundum
2988 1585 3312 1656 sapientiam
3348 1584 3582 1652 spiritus,
3616 1587 3684 1637 sed

2154 1681 2450 1733 secundmn
2485 1693 2703 1732 sensum
2732 1678 2934 1734 carnis.
2965 1675 3082 1729 Non
3108 1685 3288 1729 autem
3322 1675 3687 1732 de.carnalibus

469 1782 759 1822 commune
790 1781 881 1823 aut
930 1772 1262 1824 immundum
1292 1783 1483 1825 natura
1513 1777 1596 1826 sui
1639 1777 1959 1841 putandmn,
1993 1783 2048 1826 et
2082 1758 2124 1812 Β
2153 1771 2314 1825 rebus
2349 1779 2672 1838 praeceptum
2701 1778 2782 1822 est.
2814 1784 2828 1820 :
2868 1767 2950 1822 Ne
2991 1768 3241 1836 tetigeris,
3275 1783 3340 1820 ne
3389 1767 3692 1819 attaminatu-

469 1862 709 1916 dedisset
756 1879 883 1931 erga
934 1880 1063 1917 usus
1131 1867 1375 1918 ciborum
1438 1865 1684 1920 ﬁdelibus
1745 1867 2047 1935 quibusque

472 1953 929 2008 absolutissimum
963 1955 1284 2019 libertatem,
1315 1973 1502 2010 rursus
1533 1957 1596 2010 ad
1633 1958 2044 2013 aidzlicattonem

471 2047 697 2099 fraterni
737 2048 938 2100 amoris
966 2048 1236 2101 licentiam
1290 2057 1500 2102 resecat
1552 2049 1851 2116 libertatis,
1883 2049 2044 2104 etdi-

471 2137 586 2189 cit:
620 2136 839 2190 Etiamsi
893 2153 1179 2192 commune
1225 2139 1356 2192 nihil
1396 2150 1498 2200 est,
1546 2151 1605 2194 et
1641 2156 1770 2194 usus
1804 2142 2044 2195 omnium

469 2225 714 2280 ciborum
749 2227 975 2281 licenter
1013 2229 1336 2291 admittitur,
1383 2238 1562 2283 tamen
1618 2239 1674 2284 tu
1725 2230 1770 2283 si
1825 2241 2047 2300 propter

470 2316 648 2371 cibum
673 2333 830 2385 quem
867 2318 1016 2373 licito
1047 2330 1202 2387 putas
1234 2321 1576 2386 sumendum,
1615 2321 1837 2376 fratrem
1872 2334 2042 2389 tuum,

470 2411 563 2475 qui
599 2412 833 2464 nondum
867 2412 1109 2466 scientiae
1133 2411 1295 2478 hujus
1329 2428 1501 2482 capax
1527 2424 1632 2478 est,
1680 2416 2043 2481 scandalizas,

464 2503 578 2570 jam
626 2517 728 2556 non
770 2505 1054 2555 secundum
1095 2505 1408 2556 charitatem
1453 2505 1715 2568 ambulas,
1765 2520 1864 2560 nec
1915 2506 2046 2560 alle-

468 2603 616 2646 ctum
651 2595 702 2648 in
741 2605 792 2647 te
825 2594 1045 2649 fraterni
1077 2596 1280 2650 amoris
1306 2597 1567 2650 ostendis.
1613 2597 1750 2663 Quid
1779 2598 1921 2652 enim
1953 2599 2045 2654 la:-

467 2687 636 2751 deris,
668 2686 713 2740 si
748 2696 803 2742 ut
835 2687 1058 2741 fratrem
1112 2699 1258 2742 tuum
1307 2703 1410 2742 non
1461 2691 1773 2753 contristes,
1819 2692 1983 2746 etiam
2013 2709 2043 2746 a

468 2776 633 2833 licitis
666 2780 980 2833 abstineas?
1009 2779 1124 2834 Tibi
1158 2782 1302 2835 enim
1344 2783 1622 2838 abstinere
1673 2801 1703 2839 a
1742 2785 1904 2840 licitis
1938 2786 2046 2839 cri-

469 2885 591 2922 men
632 2871 833 2924 nullum
884 2881 998 2936 est;
1058 2873 1130 2925 illi
1185 2889 1314 2928 vero
1352 2876 1402 2928 in
1445 2876 1642 2944 quibus
1686 2876 1950 2931 discernit
1990 2887 2045 2931 et

468 2973 622 3030 putat
654 2979 756 3016 non
790 2964 975 3026 licere,
1017 2966 1446 3020 condemnabilis
1492 2982 1622 3021 usus
1669 2967 1908 3036 estalt).
1941 2968 2046 3034 Qui

468 3057 607 3109 enim
633 3055 904 3120 discernit,
927 3057 974 3110 si
994 3059 1406 3123 manducauerit,
1444 3060 1727 3113 damnatus
1755 3071 1852 3113 est.
1886 3061 2040 3128 Quod

468 3145 514 3197 si
561 3146 752 3208 iacias,
806 3157 858 3200 tu
912 3149 1095 3218 utique
1144 3149 1368 3203 fratrem
1403 3159 1554 3203 tuum
1596 3151 1776 3220 perdis
1806 3168 1900 3220 pro
1937 3169 2040 3220 quo

468 3237 708 3292 Christus
764 3251 1000 3294 mortuus
1046 3256 1142 3306 est,
1185 3251 1240 3295 et
1295 3253 1348 3297 tu
1389 3244 1436 3296 ei
1476 3259 1668 3298 causas
1721 3243 2044 3312 perditionis

468 3331 724 3398 acquiris.
760 3330 1190 3399 Magnificentius
1217 3345 1397 3388 autem
1445 3336 1509 3388 de
1541 3335 1627 3392 his
1669 3335 1811 3389 idem
1845 3334 2044 3390 Paulus

466 3423 535 3476 ad
558 3423 906 3479 Colossenses
921 3425 1186 3490 scribens,
1223 3427 1352 3479 dicit
1387 3444 1400 3480 :
1435 3425 1606 3481 Nemo
1634 3429 1812 3498 itaque
1833 3444 1919 3482 vos
1949 3428 2045 3496 ju-

467 3517 604 3569 (licet
627 3522 679 3568 in
701 3534 842 3580 esca,
864 3527 957 3570 aut
983 3519 1035 3570 in
1059 3527 1206 3587 potu,
1239 3529 1331 3572 aut
1364 3520 1416 3573 in
1458 3530 1606 3587 parte
1632 3521 1736 3574 diei
1766 3521 1910 3590 festi,
1951 3530 2043 3574 aut

468 3611 773 3672 ueomeniis,
809 3620 898 3662 aut
924 3611 1178 3673 Sabbato,
1208 3627 1328 3676 qua:
1353 3621 1474 3666 sunt
1506 3613 1690 3665 umbra
1717 3613 2038 3680 futurorum,

467 3719 656 3770 corpus
696 3715 870 3758 autem
916 3705 1134 3759 Christi.
1187 3705 1356 3759 Nemo
1387 3724 1473 3761 vos
1509 3710 1724 3762 seducat
1773 3710 1946 3763 volens
1987 3712 2040 3764 in

467 3794 765 3848 humilitate
793 3797 964 3849 cordis
1008 3807 1054 3850 et
1082 3797 1332 3866 religione
1377 3799 1682 3867 angelorum
1724 3815 1882 3865 quam
1937 3817 2041 3854 non

466 3886 595 3937 uidit
637 3889 889 3940 extollens
934 3904 1009 3952 se,
1052 3888 1254 3955 frustra
1297 3889 1514 3957 inflatus
1559 3906 1590 3942 a
1641 3901 1809 3942 mente
1864 3893 2042 3944 carnis

466 3993 578 4031 sua:
609 3977 738 4049 (25).
777 3991 825 4033 et
868 3998 970 4034 non
1021 3993 1198 4034 tenens
1245 3993 1399 4049 caput
1451 3982 1530 4047 "‘;
1582 3991 1639 4036 et
1667 3992 1789 4051 post
1819 3998 1988 4050 pauca
2025 3998 2040 4035 :

469 4069 532 4122 Si
561 4087 681 4138 ergo
709 4073 903 4124 mortui
943 4073 1066 4124 estis
1102 4089 1218 4126 cum
1251 4071 1459 4126 Christo
1493 4074 1556 4126 ab
1599 4073 1864 4126 elementis
1900 4091 2046 4128 mun-

467 4163 544 4225 di,
565 4165 692 4230 quid
723 4164 858 4216 velut
903 4165 1123 4218 viventes
1151 4165 1203 4216 in
1227 4163 1323 4216 hoc
1363 4167 1558 4217 mundo
1606 4165 1925 4219 decernitis?
1963 4163 2046 4219 Ne

468 4254 725 4322 tetigeris,
755 4272 818 4308 ne
851 4257 1164 4325 gustaveris,
1212 4272 1274 4310 ne
1320 4257 1714 4310 attaminaveris
1739 4256 1850 4327 (26)
1879 4271 1894 4310 :
1927 4273 2046 4328 qua:

1225 4395 1267 4425 ιτ
1301 4395 1430 4450 ibid.
1461 4397 1531 4450 eo
1564 4411 1681 4467 seq.

2070 3101 2115 3163 C

541 4391 584 4422 ¹⁶
610 4390 820 4446 Coloss.
852 4409 912 4459 ll,
963 4395 1146 4449 16-18.

1758 4398 1803 4429 ¹⁸
1837 4397 2045 4454 Coloss.
2076 4414 2140 4465 ιι,

2150 1866 2244 1927 ris,
2275 1881 2336 1917 ne
2361 1865 2649 1934 gustaveris
2679 1861 2792 1932 (‘28)
2823 1861 2886 1914 ¹⁸.
2929 1861 3051 1914 Haec
3083 1861 3226 1914 enim
3274 1863 3484 1922 omnia,
3512 1859 3602 1913 hoc
3628 1872 3689 1912 est

2148 1957 2411 2021 carnalia,
2445 1957 2512 2011 ad
2561 1973 2717 2010 usum
2762 1962 2904 2010 hunc
2947 1954 3361 2024 corruptibilem
3411 1953 3530 2005 data
3561 1963 3687 2013 sunt;

2148 2059 2203 2103 et
2227 2064 2346 2116 quae
2379 2059 2556 2117 potest
2579 2063 2702 2102 esse
2726 2049 2778 2102 in
2805 2049 3154 2117 corruptione
3195 2045 3544 2100 observantia
3575 2047 3687 2110 puri-

2151 2140 2312 2193 tatis?
2340 2138 2445 2193 Sed
2478 2156 2598 2193 cum
2633 2140 2720 2192 lex
2757 2140 2869 2192 haec
2903 2139 2970 2192 de
3006 2137 3428 2192 rationabilibus
3466 2136 3685 2202 praemii,

2147 2247 2288 2301 quae,
2341 2231 2386 2285 si
2434 2231 2710 2285 immunda
2757 2240 2904 2294 sunt,
2955 2244 3082 2284 vere
3118 2228 3390 2297 tangenda
3421 2241 3529 2281 non
3576 2242 3688 2287 sunt.

2147 2337 2324 2390 neque
2365 2323 2650 2391 gnstauda,
2697 2337 2766 2376 ne
2804 2322 3095 2391 participes
3141 2335 3238 2374 nos
3288 2319 3498 2374 faciant
3525 2320 3688 2388 peccati

2145 2421 2202 2465 et
2225 2412 2579 2467 inmunditiae
2608 2429 2742 2479 suae,
2775 2424 3042 2482 praecepta
3068 2413 3353 2466 hominum
3375 2417 3433 2465 et
3457 2411 3690 2465 doctrinas

2146 2503 2542 2574 relinquentes,
2574 2506 2718 2559 hunc
2757 2503 3062 2573 Spiritalem
3098 2503 3210 2572 (29)
3245 2518 3474 2558 sensum
3503 2503 3563 2554 ad
3591 2516 3688 2557 ear-

2148 2597 2288 2651 nalia
2318 2598 2432 2650 haec
2455 2607 2508 2651 et
2531 2597 2837 2667 corporalia
2872 2596 3284 2658 transtulerunt,
3313 2612 3441 2664 qua:
3471 2597 3688 2648 rationein

2146 2690 2428 2757 sapientia:
2469 2691 2669 2744 habent
2709 2689 2762 2743 in
2797 2689 3178 2744 observatione
3223 2688 3512 2757 religionis
3554 2697 3602 2740 et
3623 2689 3689 2740 Ιιυ·

2147 2782 2376 2836 militale
2419 2781 2686 2850 corporis,
2724 2796 2831 2834 non
2870 2792 3052 2834 tamen
3094 2790 3152 2833 ut
3201 2779 3501 2834 occasione
3537 2778 3687 2846 hujus-

2147 2874 2290 2926 modi
2327 2873 2694 2927 observantia:
2722 2872 2894 2926 honor
2925 2870 3040 2941 (30)
3085 2871 3278 2939 aliquis
3312 2871 3459 2938 apud
3485 2869 3690 2922 homines

2147 2978 2202 3018 et
2231 2967 2413 3019 carnis
2446 2964 2656 3019 deliciae
2686 2965 3056 3033 requirantur,
3104 2966 3230 3018 dum
3273 2977 3378 3030 pro
3431 2977 3687 3030 paucorum

2148 3058 2473 3111 abstinentia
2521 3056 2676 3110 multi
2722 3056 2826 3111 cibi
2868 3057 3215 3126 requiruntur
3259 3066 3316 3109 et
3369 3055 3550 3108 electi.
3588 3052 3691 3104 Vera

2148 3160 2329 3203 autem
2368 3148 2718 3202 observantia
2752 3156 2835 3202 est
2869 3148 2958 3202 ubi
2986 3149 3058 3200 ita
3106 3148 3344 3201 sumitur
3368 3148 3545 3207 cibus,
3570 3155 3618 3199 et
3640 3146 3690 3195 ita

2146 3252 2378 3311 aguntur
2401 3242 2604 3305 omnia,
2633 3251 2691 3294 ut
2725 3256 2829 3296 non
2868 3241 2934 3294 de
2963 3240 3158 3293 talibus
3192 3240 3420 3293 dicatur
3449 3255 3462 3290 :
3491 3236 3692 3301 Quorum

2147 3334 2287 3388 Deus
2316 3344 2492 3387 venter
2519 3343 2593 3386 est
2627 3334 2692 3389 ¹⁹.
2725 3333 3016 3386 Abstinere
3048 3331 3191 3385 enim
3233 3330 3352 3400 (51)
3381 3330 3624 3384 convenit
3644 3332 3693 3378 ab

2147 3427 2293 3480 omni
2317 3427 2449 3480 ‘cibo
2479 3441 2639 3494 quem
2674 3424 3115 3492 concupiscentia
3143 3434 3197 3476 et
3226 3423 3401 3476 libido
3427 3420 3692 3489 praesumit,

2146 3532 2306 3587 quem
2354 3518 2563 3572 delicia:
2610 3526 2822 3587 parant,
2880 3531 3040 3583 quem
3100 3516 3260 3569 luxus
3294 3515 3589 3584 excogitat.
3623 3510 3688 3562 Vi-

2147 3612 2380 3666 dendum
2426 3626 2655 3679 namque
2689 3622 2772 3664 est
2811 3609 2921 3680 (52)
2955 3624 3060 3663 non
3111 3607 3288 3662 solum
3338 3608 3519 3677 quali,
3546 3606 3694 3658 sedet

2149 3718 2351 3777 quanto
2399 3705 2545 3768 cibo,
2591 3714 2647 3758 et
2696 3719 2804 3772 quo
2856 3704 2907 3756 in
2953 3710 3222 3770 tempore,
3273 3711 3330 3755 et
3365 3716 3526 3768 quam
3560 3712 3694 3767 parco

2147 3810 2382 3853 utamur.
2415 3797 2506 3851 Sic
2551 3797 2697 3851 enim
2730 3799 2907 3849 omnia
2951 3795 3148 3847 munda
3200 3794 3420 3846 mundis
3457 3791 3693 3845 mentibus

2142 3890 2310 3951 ﬁunt;
2371 3887 2744 3941 contaminatis
2782 3899 2982 3946 autem,
3032 3895 3084 3937 ut
3133 3885 3266 3938 dicit
3311 3883 3616 3952 Apostolus,
3657 3893 3691 3933 et

2149 3981 2449 4050 inﬁdelibus
2483 3981 2611 4034 nihil
2663 3981 2915 4033 mundum
2941 3980 3006 4032 “.
3041 3980 3098 4032 In
3133 3994 3240 4047 quo
3285 3978 3548 4040 ostendit,
3588 3976 3687 4044 quia

2141 4075 2306 4127 etiam
2335 4089 2396 4126 ea
2422 4087 2546 4142 qua:
2581 4072 2722 4140 apud
2759 4069 2974 4125 Judaaos
3018 4073 3216 4123 munda
3273 4069 3622 4122 nominantur
3653 4070 3690 4117 in

2143 4166 2300 4232 cibis,
2342 4166 2387 4219 si
2425 4168 2547 4235 quis
2587 4165 2985 4220 contaminatus
3021 4164 3090 4216 sit
3129 4171 3188 4216 et
3228 4163 3493 4225 inﬁdelis,
3526 4160 3690 4215 munda

2143 4260 2192 4312 ei
2225 4273 2347 4313 esse
2377 4275 2481 4313 non
2518 4269 2762 4328 possunt.
2804 4258 3156 4326 Consequens
3193 4257 3362 4326 igitur
3412 4257 3537 4321 erit,
3583 4265 3631 4306 ut
3657 4254 3689 4305 si

2173 4398 2268 4456 21.
2345 4399 2387 4431 "
2417 4399 2610 4469 Philip.
2656 4414 2740 4462 Ill,
2794 4397 2878 4452 19.
2957 4396 3003 4428 ¹⁰
3030 4394 3139 4449 Tit.
3171 4411 3210 4458 ι,
3241 4393 3331 4450 15.

548 4527 781 4600 (‘29.)_Sie
818 4543 916 4581 IIIS.
957 4528 1158 4594 Regius
1193 4548 1340 4584 nutu.
1379 4531 1515 4587 1639
1535 4543 1588 4586 et
1613 4532 1889 4588 Rabanns.
1917 4534 2042 4588 Mss.
2075 4541 2123 4600 ι)
2150 4533 2352 4586 omisso
2385 4533 2546 4585 enim.
2580 4532 2718 4585 Editi
2745 4530 3001 4584 omittunt
3036 4545 3193 4592 nunc,
3231 4537 3286 4582 et
3325 4527 3526 4581 habent
3551 4525 3689 4600 etiam

467 4597 600 4656 vero
633 4597 892 4670 plerique,
933 4609 982 4652 et
1031 4602 1176 4652 nulla
1205 4605 1517 4670 cogitatione
1549 4607 1928 4665 scrupulositas
1957 4609 2042 4658 in-

461 4673 627 4740 jecta.
673 4668 832 4734 Editi,
866 4679 917 4722 et
943 4672 996 4722 in
1019 4668 1335 4741 cogitatione
1359 4675 1504 4725 nulla
1536 4677 1913 4743 scrupulositas
1961 4681 2043 4728 in-

495 4756 629 4794 εσιίι.

555 4760 629 4793 ia.

462 4760 653 4880 Jec(25)
686 4807 845 4869 Editi,
871 4809 1037 4876 frater
1059 4822 1179 4864 tuus
1213 4813 1610 4866 scandalizatur
1641 4814 1719 4867 vel
1758 4815 2036 4867 contrista-

471 4893 578 4943 tur,
613 4889 719 4952 etc.
764 4881 984 4941 Deinde,
1027 4898 1143 4934 cum
1193 4888 1329 4936 enim
1383 4885 1713 4952 deﬁnisset...
1759 4901 1850 4951 per
1881 4884 2040 4938 Citri-

471 4962 608 5006 stum
643 4950 850 5015 Iesum,
884 4960 989 5004 etc.
1019 4954 1123 5006 Sed
1157 4969 1346 5010 omnes
1373 4950 1505 5008 mss.
1535 4967 1588 5007 et
1620 4950 1875 5010 Rabanns
1900 4966 1958 5010 ut
1988 4958 2039 5009 in

472 5032 641 5078 textu.

544 5092 658 5161 (2t)
693 5088 820 5142 Mss.
852 5089 1116 5161 plerique,
1152 5093 1410 5148 Rabanns
1440 5103 1496 5147 et
1529 5094 1682 5153 editi.
1710 5097 2040 5148 contamina-

471 5165 589 5216 bilis
618 5177 744 5214 usus
771 5170 845 5212 est
875 5176 894 5213 :
925 5166 1016 5215 sed
1050 5166 1246 5218 rectior
1276 5165 1488 5217 videtur
1513 5165 1673 5217 lectio
1703 5169 1907 5221 codicis
1935 5165 2040 5220 Re-

468 5234 541 5304 gii
575 5229 910 5304 nutnllli59,
937 5233 1350 5304 condemnabilis
1383 5252 1507 5288 usus
1532 5244 1632 5292 est.

543 5303 654 5373 ('25)
687 5301 779 5354 Sic
823 5318 924 5356 tus.
959 5302 1156 5370 Regius
1189 5319 1334 5355 num.
1364 5305 1520 5358 1659.
1555 5305 1629 5358 lta
1662 5305 1823 5360 etiam
1855 5306 2034 5358 ueteri

471 5389 628 5434 ηυδε..
659 5375 860 5426 omisso
901 5390 953 5426 α.
987 5373 1152 5436 Editi,
1179 5373 1392 5439 inﬂatus
1419 5392 1573 5428 sensu
1601 5378 1772 5428 carnis
1797 5393 1926 5429 sua'.

543 5443 927 5514 (‘26)Altatnss.
974 5444 1238 5512 plerique.
1282 5445 1417 5496 Editi
1458 5461 1584 5499 vero
1610 5457 1664 5498 et
1707 5462 1806 5498 ius.
1842 5446 2043 5514 Regius

472 5529 624 5592 num.
658 5512 812 5593 ίίξῦρ,
847 5512 928 5566 Ne
973 5514 1267 5584 tetigerilis,
1307 5531 1369 5568 ue
1407 5517 1764 5585 gustareritis,
1815 5531 1878 5568 ne
1902 5512 2044 5569 attu-

470 5586 813 5646 minaveritis,
845 5595 954 5640 etc.

544 5651 803 5724 (‘27)_Ms.
848 5654 1052 5724 Regius
1101 5670 1250 5710 num.
1297 5654 1455 5720 1639,
1503 5673 1608 5711 non
1655 5666 1739 5713 est.
1773 5657 2044 5724 presentis

472 5722 739 5787 temporis.
783 5725 859 5778 De
899 5722 980 5781 his
1027 5743 1233 5786 nunc...
1280 5743 1528 5782 conemur
1579 5722 1866 5796 expone-re,
1914 5739 2045 5793 etc.,

2149 4621 2270 4656 eum
2305 4603 2577 4671 plerisque
2615 4616 2749 4655 mss.
2792 4617 3040 4654 conemur
3075 4614 3354 4664 exponere.
3389 4600 3498 4652 Sed
3527 4596 3691 4649 rectior

2150 4670 2366 4727 videtur
2401 4673 2560 4725 lectio
2586 4688 2687 4725 ins.
2719 4671 2868 4739 Regii
2909 4688 3055 4724 num.
3085 4670 3245 4734 1640,
3288 4684 3544 4722 conamur
3563 4682 3690 4733 expo-

2151 4761 2291 4797 nere.
2324 4743 2523 4796 Deinde
2557 4743 2710 4806 editi,
2741 4740 2857 4794 lloc
2882 4751 2956 4794 est
2988 4751 3214 4805 tantum,
3239 4751 3347 4793 etc.

2221 4814 2334 4884 (98)
2366 4813 2439 4866 Ita
2472 4828 2662 4884 omnes
2703 4828 2830 4865 mss.
2870 4813 3060 4864 nostri.
3103 4810 3244 4863 Editi
3282 4822 3436 4884 vero,
3488 4823 3549 4861 ne
3589 4809 3687 4859 teti-

2148 4879 2446 4952 geritistne
2471 4882 2930 4943 attaminaveritis,
2959 4898 3020 4933 ne
3044 4879 3403 4952 gustaveritis.

2221 4955 2333 5023 (‘29)
2358 4951 2518 5017 Editi,
2547 4963 2591 5004 et
2623 4955 2876 5006 doctrina:
2899 4945 3336 5023 (mssfplerique,
3357 4959 3407 5000 et
3431 4945 3687 5011 doctrinas)

2150 5019 2519 5092 relinquentes,
2557 5019 3040 5092 huncspirualem.
3081 5032 3187 5074 etc.
3231 5019 3328 5073 Ms.
3367 5031 3540 5072 tamen
3574 5033 3687 5092 unus

2148 5088 2351 5163 Regius
2388 5109 2537 5145 num.
2584 5091 2722 5146 lii/lo
2763 5094 2925 5146 habet
2976 5094 3340 5155 observantes,
3403 5104 3500 5158 pro
3548 5088 3686 5140 relin-

2185 5175 2379 5216 nentes.

2185 5181 2379 5216 uenies.

2146 5181 2177 5234 ᾳ
2217 5235 2330 5304 (5U)
2361 5233 2521 5292 Editi.
2549 5249 2652 5286 non
2676 5245 2878 5286 tantum
2907 5248 3024 5286 vero
3056 5233 3328 5285 occasione
3359 5229 3517 5304 hujus
3545 5229 3685 5281 obser-

2143 5302 2331 5359 vantia:
2354 5304 2695 5370 honorabilis,
2722 5314 2826 5358 etc.
2853 5305 2959 5358 Sed
2981 5318 3169 5358 omnes
3201 5318 3333 5356 mss.
3362 5311 3422 5354 ut
3447 5302 3500 5354 in
3525 5308 3684 5352 ucstra

2145 5386 2314 5429 textu.

2214 5445 2326 5516 (51)
2353 5444 2530 5498 Enim.
2558 5443 2725 5516 _[_)eest
2752 5447 2814 5516 in
2857 5443 3009 5498 libris
3046 5457 3201 5498 antea
3230 5443 3406 5516 editis.

2213 5507 2326 5587 (5‘2)
2355 5517 2515 5578 Editi,
2558 5513 2864 5587 Videndum.
2893 5525 3145 5587 saneest.
3193 5507 3414 5587 bellule,
3446 5509 3532 5587 Sic
3565 5507 3677 5586 enini

2145 5583 2320 5639 omnia
2347 5587 2559 5639 mundis
2589 5588 2784 5637 munda
2808 5585 2962 5654 ﬁunt.
2999 5585 3127 5639 Mss.
3158 5585 3419 5654 plerique,
3455 5583 3540 5636 Sic
3564 5583 3677 5632 enim

2145 5657 2320 5709 omnia
2348 5658 2546 5710 ntunda
2598 5651 2990 5723 mundis/iant.
3024 5657 3127 5712 Sed
3158 5651 3279 5712 dua.
3322 5651 3522 5724 Regius
3552 5665 3676 5704 nunt.

2149 5726 2286 5782 1659
2320 5735 2376 5782 ut
2406 5727 2458 5782 in
2487 5735 2674 5783 nostro
2702 5736 2868 5783 textu.
