3744 6146
74 249 184 306 ηις)

990 244 1344 302 COMMENT.
1387 243 1454 298 IN
1488 243 1709 301 EPIST.
1747 245 1844 300 ιΛῙ)
1879 245 2046 302 ROM.
2084 247 2211 302 LIB.
2252 247 2318 303 Χ.

3155 251 3294 307 1250

71 384 118 418 ρει
155 376 268 433 qua:
313 360 518 414 munda
562 367 711 422 sunt,
762 362 1146 416 contaminatis
1197 364 1470 418 immunda
1504 363 1616 416 elli—
1646 373 1688 428 Α
1721 365 1988 434 ruptionis
2012 366 2272 435 explebit.
2301 367 2363 421 Et
2399 366 2530 421 nihil
2558 367 2754 422 mirum
2790 367 2833 420 si
2861 377 3085 422 sanctus
3113 368 3292 423 cibum

70 457 272 517 riantur,
321 450 488 502 etiam
527 461 590 502 ea
623 462 742 516 qute
783 449 1036 502 dicuntur
1067 451 1368 516 immunda,
1415 454 1618 508 sanctis

71 558 109 598 et
140 541 384 603 .lidelibus
432 539 636 591 munda
687 539 838 592 ﬁant.
894 540 1312 607 Sancti/icantur
1356 544 1492 596 enim
1529 560 1620 609 per

70 635 244 689 uerbum
273 631 365 685 Dei
399 630 516 701 ('53)
551 639 601 683 et
633 631 945 696 orationem,
991 635 1118 702 quia
1161 635 1329 687 omnis
1375 646 1620 688 creatura

70 729 142 780 Dei
165 727 310 788 bona,
364 737 412 776 et
443 724 583 776 nihil
610 723 962 790 abjiciendum
995 728 1132 794 quod
1172 743 1289 780 cum
1323 729 1620 796 gratiarum

69 823 238 873 actione
266 817 558 884 percipitur
589 819 658 870 ¹¹.
692 817 800 872 Per
825 821 1128 873 orationem
1161 831 1340 873 autem
1378 837 1483 874 non
1521 836 1618 874 cu-

67 913 334 978 iuscunque
366 909 809 972 sanctiﬁcantur,
848 911 942 964 sed
964 926 1152 964 eorum
1194 912 1284 977 qui
1316 911 1494 965 levant
1517 930 1618 981 pu-

67 1022 139 1058 ras
182 1019 364 1055 manus
401 1002 518 1055 sine
567 1002 649 1056 ira
685 1015 732 1058 et
784 1003 1162 1069 disceptatione
1189 1006 1256 1056 ’⁸.
1298 1003 1390 1058 Vis
1434 1015 1619 1058 autent

68 1095 478 1165 magniﬁcentius
503 1093 683 1149 adhuc
711 1097 778 1148 de
807 1095 1022 1148 mundis
1049 1104 1104 1150 et
1135 1095 1449 1158 immundis,
1472 1095 1617 1163 quod

67 1207 154 1243 non
182 1190 243 1242 de
269 1189 619 1258 corporibus,
653 1195 746 1242 sed
775 1189 840 1242 de
870 1188 1066 1241 animis
1101 1187 1353 1241 dicantur
1381 1195 1436 1240 et
1469 1202 1620 1242 men-

67 1285 209 1344 tibus,
237 1283 452 1336 edoceri
487 1282 646 1351 (54)?
675 1281 814 1335 Audi
847 1281 1014 1351 ipsius
1043 1281 1251 1334 Domini
1283 1291 1334 1334 et
1370 1278 1617 1333 Salvato-

69 1375 130 1427 ris
155 1377 200 1426 in
235 1373 527 1442 Evangelio
559 1375 883 1428 sententiam
907 1373 1138 1426 dicentis
1173 1391 1185 1425 :
1223 1371 1342 1425 Non
1380 1387 1498 1441 qua:
1537 1375 1619 1424 iu-

65 1473 182 1516 trant
206 1465 254 1516 in
280 1481 356 1526 os,
387 1465 780 1517 communicant
821 1463 934 1534 (55)
965 1463 1248 1526 hominem,
1277 1463 1367 1515 sed
1409 1478 1528 1532 qute
1554 1478 1619 1516 ea:

68 1572 141 1608 ore
175 1555 492 1623 procedunt;
533 1557 785 1625 quoniam
830 1557 894 1609 ab
934 1558 1075 1609 intus
1113 1556 1176 1608 de
1229 1556 1384 1608 corde
1427 1565 1617 1609 exeunt

67 1646 382 1715 cogitationes
410 1647 600 1712 malae,
625 1648 933 1713 homicidia,
963 1649 1230 1701 adulteria
1265 1647 1332 1711 ",
1359 1655 1464 1702 etc.
1514 1649 1618 1702 Coo

1723 473 1882 526 quem
1928 461 2130 524 sumit,
2182 460 2349 514 verbo
2400 461 2527 524 Dei.
2579 469 2632 513 et
2671 461 2915 513 oratione
2951 461 3293 525 sanctiﬁcat,

1723 562 1844 601 cum
1879 548 2041 602 etiam
2087 548 2201 617 ipsa
2251 550 2447 619 quibus
2487 551 2728 604 induitur
2774 561 2956 604 sancta
2984 552 3095 604 sint
3126 553 3285 606 vesti-

1725 649 1924 693 menta.
1978 639 2209 693 Sudaria
2254 642 2490 709 denique
2537 641 2687 695 Pauli
2740 641 2785 672 "
2847 650 2901 695 et
2951 643 3290 697 semicinctia

1725 739 1934 784 tantum
1966 746 2032 785 ex
2083 733 2250 801 ipsius
2305 734 2540 801 puritate
2581 733 3027 787 sanctiﬁcationis
3064 749 3293 803 accepe-

1725 831 1867 884 rant.
1908 832 1965 876 ut
2013 825 2175 892 aegris
2223 825 2464 878 adhibita
2521 827 2839 895 corporibus
2880 825 2991 896 ('56)
3043 826 3296 894 fugarent

1723 915 1962 980 morbos,
2004 926 2058 970 ct
2105 917 2393 971 redderent
2442 919 2751 972 sanitatem.
2817 916 2952 970 Nam
3014 917 3080 972 de
3126 917 3294 972 Petro

1723 1009 1851 1076 quid
1895 1009 2093 1072 dicam,
2148 1009 2302 1078 cujus
2343 1010 2508 1062 etiam
2559 1013 2746 1063 umbra
2797 1010 3041 1078 corporis
3085 1020 3295 1064 tanttnn

1723 1099 2168 1154 sanctiﬁcationis
2209 1106 2434 1172 gerebat
2469 1102 2539 1166 ’⁸,
2591 1111 2650 1156 ut
2679 1117 3031 1172 quoscunque
3066 1115 3293 1172 praeter-

1725 1188 1839 1242 iens
1871 1206 1976 1242 non
2022 1193 2153 1257 ipse,
2189 1192 2280 1245 sed
2309 1191 2420 1244 sola
2468 1191 2584 1260 ejus
2615 1193 2801 1245 umbra
2845 1193 3130 1260 tetigisset,
3161 1207 3297 1246 con-

1725 1278 1872 1330 tinuo
1921 1281 1989 1332 ab
2035 1281 2180 1332 omni
2226 1281 2545 1350 aegritudine
2587 1279 2936 1334 levarentur?
2978 1279 3086 1336 Sed
3135 1281 3295 1350 paulo

1723 1364 1883 1419 latius
1913 1369 2245 1422 excessimus
2289 1370 2354 1422 de
2402 1370 2614 1423 mundis
2645 1370 2784 1423 cibis
2828 1381 2886 1423 et
2916 1370 3296 1426 communibus

1723 1459 2079 1524 disserentes,
2110 1471 2166 1515 ut
2189 1461 2434 1530 Apostoli
2469 1477 2710 1527 sensum,
2745 1473 3006 1530 quantum
3036 1465 3294 1533 possibile

1701 1557 1827 1622 gest,
1873 1549 2344 1606 consideraremus
2387 1553 2676 1606 excelsius.
2723 1553 2828 1608 Sed
2872 1570 3139 1610 memores
3171 1571 3294 1623 pro-

1724 1639 1911 1708 posita:
1961 1641 2268 1707 brevitatis,
2320 1643 2375 1698 in
2421 1645 2505 1699 his
2555 1645 2681 1700 noni
2735 1644 3026 1702 voluminis
3073 1648 3297 1701 conclu-

65 1740 232 1804 gitatio
273 1755 403 1809 ergo
444 1750 532 1796 est
576 1750 631 1794 et
671 1757 826 1796 mens
867 1755 973 1793 non
1019 1750 1165 1794 recte
1209 1740 1448 1792 sentiens
1500 1755 1619 1808 qua:
1650 1718 1693 1777 Β
1722 1735 1874 1788 sione
1905 1735 2068 1798 facta,
2100 1737 2296 1791 decimi
2321 1737 2670 1809 ejusdemque
2701 1741 2874 1795 ultimi
2910 1743 3296 1811 aggrediamur

65 1828 229 1896 polluit
260 1829 562 1896 hominem,
592 1845 697 1884 non
720 1832 963 1884 ciborum
992 1829 1222 1900 qualitas
1243 1869 1257 1894 ,
1284 1844 1406 1898 qua:
1434 1830 1618 1898 cujus-

65 1933 255 1987 cunque
287 1921 432 1975 modi
465 1919 650 1987 fuerit,
677 1921 794 1990 pari
822 1921 1121 1990 eodemque
1145 1920 1292 1974 exitu
1319 1935 1472 1974 usum
1499 1934 1621 1974 cor-

1726 1829 2008 1882 exordium
2037 1828 2169 1900 (57),

1173 2240 1524 2326 LIBER
1598 2239 2164 2332 DECIMUS.

117 2569 267 2640 667
334 2570 385 2623 1.
451 2566 576 2622 Non
629 2566 1010 2635 blasphemetur
1073 2582 1194 2636 ergo
1249 2568 1441 2620 bonum
1499 2584 1597 2622 ηο-

62 2639 206 2713 strain
222 2662 352 2730 (58).
385 2658 515 2713 Νοη
531 2660 667 2712 enim
683 2675 896 2727 regnuut
918 2657 1012 2710 Dei
1031 2669 1102 2710 est
1117 2675 1232 2712 esca
1257 2670 1304 2712 et
1320 2671 1494 2722 potus,
1517 2639 1615 2712 sed.

58 2753 271 2821 justitia,
287 2763 334 2806 et
351 2770 484 2823 pax,
503 2764 551 2807 et
566 2754 813 2822 gaudium
834 2752 888 2804 in
906 2751 1115 2820 Spiritu
1129 2763 1332 2806 sancto.
1361 2753 1502 2808 Nam
1519 2756 1610 2824 qui

62 2845 106 2894 in
122 2844 208 2896 hoc
225 2846 377 2898 servit
400 2843 638 2909 Christo,
661 2843 828 2911 placet
861 2841 990 2904 Deo,
1016 2850 1064 2895 et
1080 2849 1327 2909 probatus
1341 2855 1419 2898 est
1440 2846 1614 2900 homi-

64 2936 192 2988 nibus
217 2937 261 2967 "
301 2935 436 3008 (39).
473 2935 713 3004 Requiro
744 2933 1015 3004 quomodo
1045 2933 1408 3000 blasphemari
1446 2939 1616 3006 possit

1717 2571 1807 2640 qui
1852 2571 2023 2626 suillis
2053 2581 2306 2626 vescatur
2344 2570 2634 2640 carnibus,
2673 2574 2754 2630 vel
2809 2575 2930 2632 aliis
2975 2577 3284 2648 huiusmodi

1717 2664 2094 2718 communibus
2138 2673 2194 2718 et
2237 2664 2669 2722 iudill'erentibus
2710 2670 2868 2724 cibis.
2914 2672 3077 2726 Addit
3108 2683 3288 2730 autem

1718 2755 1842 2810 his:
1878 2753 2001 2808 Non
2033 2756 2168 2808 enim
2195 2773 2408 2824 regnum
2441 2757 2534 2812 Dei
2559 2776 2674 2812 esca
2705 2770 2752 2813 et
2782 2769 2936 2828 potus
2961 2773 3056 2827 est,
3085 2770 3175 2818 sed
3193 2768 3290 2834 ju-

1719 2846 1886 2908 stitia,
1917 2856 1963 2898 et
1999 2862 2125 2913 pax,
2155 2857 2200 2899 et
2225 2849 2476 2916 gaudium
2514 2850 2567 2901 iu
2610 2848 2812 2917 Spiritu
2849 2866 3052 2908 sancto.
3092 2855 3148 2909 lu
3181 2871 3291 2926 quo

1722 2936 1916 2990 iterum
1951 2937 2298 2991 vehementer
2336 2940 2577 2992 admiror
2609 2945 2932 3010 sapientiam
2976 2947 3164 3012 Pauli,
3195 2949 3288 3018 qui

64 3026 238 3080 bonum
266 3039 514 3083 nostrum
533 3027 668 3098 (40).
694 3027 902 3081 Bonum
932 3037 1016 3080 est
1051 3027 1221 3095 legem
1249 3029 1612 3097 spiritualiter
1639 3019 1681 3075 (ἶ
1715 3029 1994 3096 praesentis
2026 3031 2288 3097 temporis
2315 3031 2507 3099 culpas
2529 3031 2698 3087 futuri
2733 3040 3060 3092 sacramenti
3103 3051 3287 3094 aucto-

65 3119 365 3190 intelligere,
391 3130 447 3175 et
474 3121 634 3188 impia
665 3130 826 3189 atque
859 3121 1040 3190 inepta
1065 3121 1482 3187 haereticorum,
1524 3125 1609 3178 vel

63 3207 558 3282 lalstephilosOpbia:
591 3210 916 3264 studentium
947 3211 1198 3281 dogmata
1227 3221 1480 3280 tanquam
1513 3213 1616 3266 itu-

67 3304 272 3358 mundos
285 3306 442 3360 cibos
472 3304 810 3373 pollutosque
835 3305 1023 3358 vitare.
1055 3303 1168 3358 Hoc
1195 3304 1339 3358 enim
1370 3313 1453 3358 est
1474 3304 1617 3373 quod

67 3396 306 3459 spirituali
335 3397 458 3468 lege
485 3397 746 3451 sancitur.
774 3396 976 3450 Tamen
1027 3397 1071 3450 si
1106 3397 1227 3464 quis
1257 3412 1323 3449 ex
1380 3395 1576 3450 Judzcis
1596 3434 1614 3461 ,

68 3486 194 3539 verbi
215 3503 402 3556 causa,
428 3499 596 3542 autex
617 3488 802 3555 bisqui
818 3488 1105 3542 Eucratitaz
1120 3488 1460 3557 appellantur
1479 3488 1612 3558 (Η),

65 3580 176 3634 velit
200 3582 418 3637 Christo
441 3581 683 3644 credere,
708 3588 856 3647 putet
889 3589 1064 3649 tamen
1097 3596 1202 3634 non
1224 3596 1415 3646 parum
1435 3581 1616 3633 inesse

68 3680 302 3728 momenti
329 3676 384 3729 in
407 3675 751 3728 observantia
771 3672 1137 3736 COllllnelllltl',
1154 3673 1236 3725 vel
1261 3687 1446 3726 eorum
1465 3673 1615 3726 cibo-

65 3768 264 3835 rutnqui
290 3768 408 3839 lege
434 3767 808 3838 prohibentur,
836 3767 919 3821 vel
935 3779 1070 3834 quos
1094 3767 1243 3832 quasi
1262 3765 1495 3818 castitati
1520 3765 1615 3818 ad-

66 3869 321 3916 versantes
333 3862 611 3916 :estimaut
645 3858 883 3914 nonnulli
903 3858 1064 3912 etiam
1096 3855 1501 3924 Scripturarum
1517 3872 1613 3909 au-

63 3951 289 4008 ctoritate
309 3953 693 4008 declinandos:
730 3950 1031 4020 hujusmodi
1057 3950 1327 4003 hominem
1355 3951 1398 4002 si
1424 3963 1613 4018 perur-

63 4056 173 4107 geas
185 4045 245 4098 ad
259 4060 580 4099 communes
597 4045 835 4099 omnium
855 4043 1022 4107 cibos,
1043 4057 1139 4095 nec
1158 4042 1304 4096 dicas
1317 4057 1438 4095 eum
1455 4042 1613 4095 aliter

63 4149 202 4200 posse
229 4137 463 4204 salvari,
489 4137 572 4190 vel
600 4137 665 4189 ad
694 4137 849 4189 tidem
881 4135 1082 4189 Christi
1125 4144 1179 4188 et
1218 4134 1447 4204 gratiam
1492 4150 1612 4204 per-

63 4226 252 4291 venire,
292 4229 396 4284 nisi
443 4229 673 4297 sumptis
716 4227 800 4282 his
841 4242 978 4294 quos
1027 4226 1223 4294 refugit
1269 4227 1436 4288 ciliis,
1485 4234 1610 4279 tunc

61 4328 173 4371 vere
213 4320 413 4374 bonum
463 4319 720 4390 spiritalis
767 4317 1051 4372 sententiae
1107 4317 1221 4385 (42)
1269 4317 1608 4386 blasphema-

62 4414 154 4472 tur,
185 4421 406 4479 putante
443 4426 508 4466 eo
532 4426 692 4480 quem
726 4425 984 4479 pernrges
1010 4409 1152 4462 hanc
1189 4409 1334 4476 apud
1377 4422 1476 4462 nos
1512 4407 1606 4460 ha-

1720 3118 1879 3172 ritate
1905 3122 2220 3187 compescit,
2268 3131 2322 3174 et
2371 3131 2430 3175 ut
2483 3123 2739 3180 Ecclesia:
2775 3127 3001 3181 l‘orinam
3049 3140 3286 3196 statuat,

1722 3210 1869 3280 regni
1915 3211 2178 3266 cmlorum
2229 3214 2545 3282 mysterium
2593 3219 2794 3284 prodit.
2827 3219 2912 3272 Ait
2939 3235 3069 3288 ergo
3100 3241 3113 3271 τ
3149 3223 3286 3287 Quid

1717 3315 1852 3368 opus
1878 3310 1957 3354 est
1988 3311 2269 3370 tantopere
2302 3319 2398 3372 pro
2424 3306 2560 3359 cibis
2589 3316 2641 3358 et
2674 3321 2918 3359 escarum
2939 3309 3289 3375 qualitatibus

1719 3392 2012 3448 fraternam
2029 3410 2213 3463 pacem
2231 3397 2658 3464 charitatemque
2675 3381 2829 3452 turba
2839 3415 3044 3464 re,cum
3063 3417 3286 3470 regnum

1718 3485 1810 3539 Dei
1836 3497 2056 3556 propter
2084 3490 2228 3556 quod
2259 3488 2568 3543 laboramus
2594 3499 2648 3544 et
2677 3493 2966 3557 currimus,
2993 3509 3164 3562 neque
3194 3510 3289 3561 per

1715 3594 1867 3634 escas
1889 3590 2120 3642 constet,
2153 3595 2328 3647 neque
2352 3595 2446 3648 per
2468 3593 2651 3649 potum
2684 3601 2694 3634 :
2721 3583 2812 3636 sed
2836 3585 3012 3637 aliena
3041 3585 3154 3638 haec
3178 3585 3288 3639 sint

1716 3684 1744 3721 a
1775 3685 1940 3736 regno
1978 3669 2070 3722 Dei
2099 3670 2209 3740 (45)
2231 3710 2246 3731 .
2283 3679 2336 3724 et
2370 3673 2438 3724 ab
2481 3671 2567 3723 illa
2609 3673 3025 3727 conversatione
3058 3674 3237 3728 futura
3263 3675 3288 3727 ἲ

1713 3760 1787 3815 lbi
1821 3763 1964 3815 enim
2008 3762 2150 3816 sicut
2182 3779 2344 3830 neque
2390 3764 2616 3826 nubunt,
2647 3779 2810 3832 neque
2853 3765 3150 3829 nubuntur,
3195 3768 3284 3820 sed

1711 3864 1836 3907 sunt
1858 3857 1992 3907 sicut
2022 3855 2195 3924 angeli
2229 3856 2321 3908 Dei
2353 3857 2417 3920 ’7;
2452 3858 2529 3909 sic
2564 3873 2738 3925 neque
2775 3873 2955 3913 eseam
2988 3875 3162 3928 neque
3196 3875 3288 3928 po-

1717 3954 1825 3996 ttun
1868 3956 2109 4008 sumunt,
2145 3947 2236 3999 sed
2265 3957 2389 4001 sunt
2419 3949 2559 4002 sicut
2589 3949 2762 4020 angeli
2793 3949 2909 4004 Dei.
2936 3950 3105 4017 Igitur
3129 3951 3287 4004 abso-

1715 4037 1990 4091 lutissimo
2022 4040 2272 4106 dogmate
2307 4050 2361 4094 et
2393 4043 2627 4096 evidenti
2671 4042 2742 4095 ab
2773 4043 3030 4108 Apostolo
3061 4054 3282 4097 senten-

1713 4131 1785 4183 tia
1822 4129 1934 4199 (Μ)
1978 4134 2324 4184 terminatum
2357 4142 2442 4186 est
2483 4134 2532 4186 in
2576 4148 2740 4202 regno
2778 4134 2871 4188 Dei
2911 4149 3084 4202 neque
3125 4150 3282 4190 escas

1711 4221 2021 4290 corporales
2049 4238 2222 4291 neque
2241 4235 2423 4291 potum
2444 4225 2649 4280 habere
2671 4225 2870 4289 locum,
2898 4228 2988 4279 sed
3011 4227 3280 4293 justitiam

1709 4325 1764 4368 et
1793 4329 1980 4383 pacem
2011 4316 2062 4367 in
2094 4314 2301 4383 Spiritu
2335 4326 2559 4379 sancto;
2606 4327 2658 4372 et
2698 4318 2820 4371 ideo
2860 4318 3110 4371 hortatur
3135 4329 3192 4372 ut
3225 4317 3279 4372 in

1711 4409 1816 4464 illis
1862 4424 1961 4464 nos
1987 4399 2378 4475 exerceamus,
2422 4419 2476 4463 et
2504 4409 2592 4462 illa
2635 4409 2773 4462 bona
2797 4408 2921 4477 'jam
2955 4409 3043 4461 hic
3079 4407 3281 4462 habere

60 4500 160 4553 beri
183 4503 360 4572 Iidem,
399 4515 458 4558 ut
495 4504 702 4558 salvum
750 4503 864 4556 ﬁeri
912 4502 1115 4555 nullum
1156 4501 1467 4566 credamus,
1499 4501 1603 4554 nisi
1637 4489 1684 4548 Ι)
1710 4498 2052 4562 meditemur,
2086 4510 2246 4569 atque
2268 4500 2413 4554 illam
2443 4499 2802 4554 substantiam
2838 4499 3134 4567 possidere,
3161 4512 3282 4567 qua:

93 4595 132 4626 “
159 4595 176 4649 Ι
205 4597 342 4653 Tim.
379 4616 455 4663 tv,
492 4599 546 4659 5.
577 4600 633 4653 4.
714 4599 801 4651 "l
835 4598 975 4652 'l'im.
1011 4613 1065 4655 ll.
1097 4597 1150 4652 8.

59 4663 225 4724 iii-l8.
316 4673 359 4704 ³⁷
397 4671 586 4726 Matth.
632 4671 909 4733 xxn,50.'

121 4760 223 4829 (53)
257 4764 371 4817 Dei.
407 4763 754 4817 Desideratur
777 4763 826 4814 in
860 4771 1016 4815 antea
1041 4760 1218 4813 editis-

121 4830 226 4901 (54)
257 4833 498 4887 Edoceri.
534 4835 813 4889 Otnittitur
840 4835 889 4885 in
921 4833 1115 4901 gcditis,
1145 4840 1198 4883 et
1234 4829 1286 4882 in
1323 4828 1595 4901 plerisque

63 4900 323 4962 mss.,'scd
356 4906 664 4958 restituitur
697 4919 762 4956 ex
799 4900 1084 4969 ms.Regio
1118 4916 1265 4954 num.
1295 4900 1451 4954 1659.

121 4971 225 5043 (55)
258 4977 418 5035 Editi,
457 4976 822 5043 coinquinant.
858 4975 1014 5026 male.

120 5041 222 5114 (b6)
252 5041 669 5114 Corporibus—In
701 5055 856 5096 antea
887 5043 1044 5096 editis
1073 5041 1526 5114 praetermittitur.

120 5111 221 5181 (57)
247 5111 408 5178 Editi,
445 5116 632 5167 decimi
662 5114 892 5181 ejusdem
922 5111 1600 5180 aggrediamurexordium.

62 5176 153 5235 Sed
180 5176 364 5240 outnes
395 5176 524 5239 mss.
557 5195 615 5238 ut
645 5176 700 5236 in
733 5195 918 5236 nostro
948 5176 1116 5237 testu.

121 5252 224 5325 ('58)
255 5255 419 5319 Editi,
452 5257 646 5308 bonum
681 5269 886 5307 nomen.

122 5319 224 5395 (59)
262 5325 400 5380 Nam
432 5327 521 5396 qui
549 5329 602 5378 in
636 5325 732 5378 hoc
757 5325 910 5396 servit
936 5319 1169 5396 Christo,
1193 5321 1362 5391 placet
1388 5320 1519 5385 Deo,
1547 5329 1594 5374 et

62 5393 286 5455 probatus
319 5409 392 5450 est
421 5393 735 5451 hominibus.
771 5393 898 5448 Huic
943 5395 995 5447 in
1041 5393 1204 5448 editis
1243 5407 1350 5447 non
1376 5407 1594 5462 comptis

63 5476 194 5528 rent;
227 5479 280 5521 et
303 5471 661 5523 restituuntur
689 5484 754 5521 ex
782 5481 912 5520 mss.
944 5463 1170 5519 nostris.

121 5535 222 5607 (40)
252 5539 412 5600 Editi,
450 5539 640 5591 bonum
672 5547 908 5590 nostrum
925 5553 1134 5588 nomen.

120 5603 223 5680 (4|)
259 5610 394 5664 Editi
427 5611 720 5680 plet'iqttet
745 5623 917 5660 tamen
947 5607 1145 5680 siquis
1173 5605 1428 5680 Iudaeus,
1455 5603 1599 5680 uerbi

62 5675 222 5742 musa,
251 5693 336 5733 aut
367 5675 532 5733 cex—Itis
563 5675 648 5744 qui
686 5678 955 5732 Seueriani
991 5675 1300 5743 Tatiauiqne
1327 5675 1598 5740 appellan-

61 5756 152 5814 tur,
180 5765 282 5807 αις.
313 5753 422 5808 Sed
457 5765 648 5806 omnes
683 5767 816 5806 mss.
857 5760 911 5804 et
947 5747 1204 5810 Rabauus
1231 5757 1289 5802 ut
1317 5747 1372 5802 iu
1409 5755 1596 5802 nostro

1703 5601 1759 5658 et
1779 5606 2002 5658 evidenti
2043 5607 2289 5666 dogmate
2328 5605 2392 5660 ab
2431 5603 2669 5658 Anostoli
2710 5601 3063 5658 sententia....

1702 5693 1846 5731 escas
1876 5676 2140 5730 carnales.

1225 4596 1273 4628 "
1294 4595 1482 4651 Matth.
1516 4613 1606 4661 xv,

1777 4598 1824 4652 9.
1897 4595 1944 4628 ³⁸
1971 4597 2093 4652 Act.
2133 4596 2363 4662 nx,12.
2436 4595 2485 4628 ³⁸
2521 4596 2642 4650 Act.
2675 4609 2726 4660 ν,
2752 4594 2840 4651 15.
2907 4593 2953 4624 ³⁸
2977 4592 3129 4648 Rom.
3165 4607 3280 4658 xw,

1699 4768 1871 4816 textu.

1773 4832 1886 4901 ita)
1923 4830 1999 4884 lta
2045 4846 2179 4885 mss.
2215 4829 2460 4900 plerique
2502 4840 2558 4885 et
2596 4829 2752 4884 editi.
2785 4828 2886 4884 Ms.
2917 4843 3047 4882 vero
3079 4828 3280 4898 Regius

1706 4917 1861 4955 num.
1890 4902 2047 4965 1659,
2081 4903 2330 4955 scientiae.
2377 4902 2672 4958 Rabanus.
2720 4901 2944 4970 gratiae;
2987 4902 3078 4970 qui
3117 4904 3280 4970 paulo

1707 4983 1833 5040 post
1862 4974 2046 5034 habet,
2081 4971 2238 5026 suilla
2266 4982 2504 5024 vescatur
2536 4985 2714 5023 carne.

1783 5042 1897 5114 (45)
1928 5043 2090 5109 Editi,
2130 5043 2220 5114 sed
2259 5042 2436 5114 aliena
2486 5041 2596 5095 Ittec
2621 5050 2742 5094 sunt
2764 5056 2796 5091 a
2822 5055 2979 5114 regno
3010 5040 3128 5107 Dei,
3168 5049 3275 5094 etc.

1711 5111 2090 5169 Deindeiidetn
2113 5112 2272 5175 editi,
2302 5111 2556 5166 Rabanus
2584 5120 2640 5165 et
2663 5113 3079 5180 mss.pleriqne,
3115 5126 3278 5175 neque

1709 5183 1922 5241 nubent.
1970 5197 2134 5252 neque
2187 5186 2539 5252 nubentum...
2588 5196 2750 5250 neque
2801 5197 2979 5244 potum
3029 5192 3274 5240 sument,

1705 5263 1811 5306 etc.
1841 5255 1948 5309 Sed
1977 5251 2181 5308 restius
2211 5267 2314 5307 tus.
2337 5251 2543 5322 Regius
2571 5268 2722 5306 num.
2755 5252 2892 5304 1659
2923 5263 2980 5304 ut
3005 5255 3057 5305 in
3088 5263 3277 5304 nostro

1705 5332 1873 5376 ιειιυ.

1777 5393 1887 5463 (Η)
1929 5393 2022 5448 Sic
2066 5403 2216 5447 recte
2249 5408 2348 5448 ms.
2390 5391 2592 5462 licgius
2639 5406 2787 5444 num.
2821 5389 2958 5444 1659
2993 5399 3044 5463 et
3091 5389 3274 5443 Raba-

1705 5461 1825 5516 nus.
1872 5461 1955 5516 lla
1995 5464 2159 5517 etiam
2199 5465 2379 5518 caeteri
2427 5461 2558 5516 tuss.
2604 5463 2705 5515 nisi
2743 5464 2888 5528 quod
2921 5461 3176 5522 habeant,
3208 5462 3274 5513 ab

1705 5534 1942 5602 Apostoli
1970 5535 2250 5590 sententia.
2286 5535 2427 5588 Editi
2468 5549 2598 5587 vero
2621 5573 2636 5595 ,
2682 5532 2847 5600 igitur
2881 5530 3272 5602 absolutissima

3108 5615 3274 5670 neque
