3744 6146
426 206 557 265 1251

1927 205 2247 263 ORIGENIS

3572 213 3690 271 125']

429 326 713 380 nobiscum
747 322 982 379 transire
1024 324 1199 395 possit
1233 322 1346 396 (45)
1392 325 1458 380 ad
1504 341 1671 397 regna
1715 326 2002 382 caelorum.
2038 333 2083 388 Α
2111 336 2167 381 et
2186 326 2275 381 hic
2298 325 2535 396 qualiter
2572 341 2674 396 pax
2705 329 2964 382 sectanda
2995 329 3069 383 sit
3116 328 3537 400 intelligamus,
3570 335 3683 399 quia

425 416 537 473 Pax
569 432 724 485 ergo,
745 415 1132 483 etjustitia,et
1160 417 1204 473 si
1231 432 1336 488 qua
1367 418 1673 488 bujusmodi
1707 429 1855 485 sunt,
1885 435 2007 490 quae

427 527 524 580 per
572 509 840 579 Spiritum
885 519 1140 564 sanctum
1191 511 1610 581 conquiruntur,
1667 512 1781 581 ipsa
1845 512 2005 568 nobis

425 615 586 661 erunt
628 605 782 659 cibus
825 613 882 659 et
933 602 1236 659 substantia
1283 604 1337 659 in
1384 620 1558 676 regno
1601 607 1695 660 Dei
1732 624 1745 660 :
1779 615 1833 661 et
1885 607 2007 663 ideo

430 714 530 768 per
559 699 675 754 haec
711 698 867 752 docet
908 712 1017 751 non
1059 711 1308 751 escarum
1349 699 1713 768 corporalium
1741 700 2002 762 rationes.

425 807 548 862 qua:
582 791 741 847 nullae
766 799 926 846 erunt
951 790 1002 843 in
1026 790 1229 855 futuro,
1254 792 1349 846 sed
1389 793 1652 846 virtutum
1685 809 1870 847 curam
1911 809 2007 864 ge-

425 885 675 948 rendam,
709 901 828 954 quae
871 884 1151 940 nobiscum
1194 893 1252 940 et
1284 886 1339 938 in
1372 887 1623 954 praesenti
1663 886 1773 941 vita
1797 927 1813 951 ,
1851 896 1906 942 et
1945 887 2003 942 in

426 974 608 1028 futuro
634 982 989 1043 permaneant
1017 973 1069 1025 in
1105 987 1274 1039 regno
1307 971 1422 1027 Dei.
1449 972 1516 1026 Et
1546 972 1666 1027 ideo
1705 971 1858 1036 dicit,
1877 973 2004 1042 quia

424 1068 515 1139 qui
563 1069 618 1122 in
665 1069 759 1122 hoc
796 1070 956 1122 servit
995 1066 1228 1132 Christo,
1279 1069 1451 1137 placet
1500 1068 1631 1136 Deo,
1673 1083 1724 1124 et
1750 1070 2003 1139 probatus

423 1173 498 1217 est
537 1162 649 1227 (t6)
682 1162 979 1215 hominibus
1005 1160 1072 1216 ’⁸.
1112 1160 1224 1216 Hoc
1259 1171 1342 1216 est
1377 1161 1520 1231 quod
1556 1164 1705 1218 etde
1739 1164 1918 1231 seipso
1947 1164 2004 1218 in

425 1257 546 1310 aliis
578 1254 711 1309 dicit
746 1272 758 1307 :
797 1252 947 1309 Sicut
978 1263 1026 1307 et
1055 1270 1173 1322 ego,
1206 1253 1420 1322 inquit,
1448 1256 1687 1310 omnibus
1711 1271 1803 1324 per
1826 1257 2005 1309 omnia

424 1347 629 1416 placeo,
678 1361 780 1398 non
821 1360 1061 1413 qumrens
1099 1343 1240 1412 quod
1280 1344 1409 1398 mihi
1447 1344 1576 1399 utile
1604 1346 1705 1410 sit,
1738 1348 1828 1400 sed
1863 1350 2003 1414 quod

424 1436 606 1491 multis
632 1437 697 1489 ”.
726 1434 850 1489 Ideo
879 1434 1023 1488 enim
1058 1442 1112 1488 et
1134 1448 1257 1487 cum
1290 1445 1436 1489 esset
1467 1436 1745 1506 apostolus
1774 1437 2002 1503 Christi,

383 1585 387 1589 _
427 1530 586 1583 liebat
611 1527 817 1583 ludatis
844 1525 1094 1591 .ludzcus,
1126 1527 1242 1582 sine
1274 1528 1438 1583 dubio
1464 1539 1524 1583 nt
1556 1529 1776 1599 placens
1802 1527 2004 1585 Judacis

426 1620 658 1676 salvaret
690 1635 784 1676 eos
815 1637 830 1673 :
859 1630 915 1673 et
937 1620 1021 1675 bis
1047 1622 1136 1690 qui
1162 1621 1278 1674 sine
1300 1623 1417 1695 lege
1443 1634 1596 1676 erant
1634 1622 1795 1677 fiebat
1816 1633 1870 1676 et
1893 1623 2003 1692 ipse

2108 429 2160 474 et
2193 419 2358 473 David
2384 419 2636 473 similiter
2666 420 2799 475 dicit
2823 420 2908 474 “z
2940 420 3157 491 lnquire
3184 438 3396 489 pacem,
3427 432 3481 476 et
3504 435 3688 483 sectare

2108 526 2246 565 eam.
2288 509 2441 565 Licet
2480 512 2534 565 in
2577 510 2786 566 Latinis
2829 512 3108 567 codicibus
3143 513 3442 579 habeatur,
3490 533 3688 586 sequere

2107 618 2242 666 eam,
2268 610 2469 656 sectare
2500 612 2681 656 tamen
2709 601 2879 657 etiam
2922 603 2997 658 ibi
3030 605 3292 674 scriptum
3326 614 3441 660 est.
3488 605 3547 660 1n
3590 624 3685 677 quo

2108 693 2212 747 hoc
2236 694 2366 746 mihi
2401 694 2617 750 videtur
2646 697 2858 753 ostendi
2896 714 2908 748 :
2943 698 3202 766 quoniam
3233 698 3465 767 quidem
3501 714 3531 751 ι
3560 703 3682 753 mul-

2109 781 2197 845 tis,
2249 780 2445 851 inquit,
2483 785 2725 855 inquiete
2780 797 2834 841 et
2873 785 3174 841 insolenter
3227 789 3529 858 agentibus
3585 802 3681 847 tur-

2105 873 2232 928 bata
2272 882 2356 928 est
2410 874 2523 945 (52)
2575 892 2727 947 pax,
2780 887 2836 933 et
2879 876 3113 948 eﬂ'ugata
3162 879 3307 933 velut
3369 882 3683 951 subterfugit

2105 963 2176 1019 ab
2234 967 2578 1034 hominibus;
2642 970 2955 1023 econtrario
3004 970 3073 1023 ab
3122 968 3215 1023 his-
3265 970 3362 1040 qui
3424 971 3681 1028 Christum

2107 1056 2420 1113 didicerunt
2470 1071 2526 1113 et
2570 1059 2670 1129 ipsi
2723 1060 2990 1123 serviunt,
3048 1060 3210 1115 etiam
3273 1062 3529 1131 fugitans
3580 1081 3683 1119 con-

2104 1152 2358 1206 sectanda
2390 1163 2493 1216 est,
2523 1162 2576 1206 et
2604 1151 2778 1206 modis
2801 1152 3055 1207 omnibus
3074 1155 3407 1210 revocanda.
3443 1154 3680 1211 Sectatur

2105 1252 2286 1299 autem
2318 1259 2545 1314 pacem,
2578 1247 2667 1315 qui
2705 1261 2768 1302 ea
2801 1247 3000 1317 quibus
3034 1264 3137 1317 pax
3186 1259 3458 1303 constare
3500 1262 3677 1320 potest,

2103 1335 2268 1391 etiam
2300 1352 2422 1392 cum
2447 1337 2638 1393 labore
2672 1354 2793 1406 suo,
2823 1355 2949 1396 cum
2979 1340 3197 1406 damno,
3234 1357 3363 1396 cum
3402 1344 3676 1414 opprobrio

2104 1439 2358 1495 quoque,
2392 1436 2448 1482 et
2483 1428 2529 1483 si
2563 1429 2637 1483 ita
2671 1445 2901 1487 necesse
2932 1430 3038 1496 sit,
3073 1434 3238 1488 etiam
3283 1449 3422 1489 cum
3456 1436 3676 1504 periculo

2103 1520 2229 1575 vita:
2257 1521 2522 1591 famaeque
2543 1525 2795 1579 custodit.
2822 1526 2946 1582 [hec
2970 1530 3111 1584 enim
3141 1544 3248 1583 non
3274 1528 3461 1584 solum
3487 1545 3675 1596 parem,

2103 1620 2290 1661 verum
2337 1619 2392 1662 et
2431 1610 2846 1668 aediﬁcationem
2888 1616 2955 1670 ad
2999 1618 3235 1674 invicem
3284 1630 3517 1673 servant
3557 1621 3675 1692 (53).

423 1714 541 1765 sine
573 1712 708 1782 lege,
733 1722 792 1766 ,η
824 1711 1044 1780 placens
1065 1684 1244 1783 .668
1271 1684 1551 1767 eis-salvos
1581 1713 1788 1769 facere;
1812 1684 2000 1771 eos-ao.
2035 1684 2078 1740 Β
2105 1696 2435 1755 Εάἰῆεειιυι·
2469 1703 2616 1757 enim
2643 1703 2689 1759 is
2717 1706 2806 1775 qui
2841 1707 3040 1762 viderit
3069 1721 3121 1765 te
3150 1726 3256 1764 non
3287 1726 3418 1779 quae
3451 1712 3545 1766 tibi
3568 1715 3675 1778 soli,

422 1805 650 1861 Placere
680 1816 859 1861 autem
907 1818 967 1858 se
1001 1804 1315 1861 hominibus
1364 1806 1438 1859 ita
1482 1804 1646 1869 dicit,
1697 1822 1802 1861 non
1841 1808 2003 1861 obse-

425 1897 713 1953 cundando
740 1898 909 1965 vitiis,
948 1899 1042 1954 sed
1070 1897 1181 1969 (47)
1213 1896 1556 1951 inﬁrmitates
1581 1911 1767 1951 eorum
1797 1912 1892 1964 per
1911 1912 2004 1965 pa-

428 1989 668 2044 tientiam
717 1991 1088 2046 sustentando.
1150 1988 1257 2046 Sed
1305 2003 1372 2043 ne
1407 1989 1535 2043 illud
1576 1988 1795 2056 quidem
1827 1989 2003 2043 otiose

420 2089 808 2144 praztercamns
858 2079 999 2148 quod
1036 2081 1111 2133 ait
1142 2098 1156 2135 :
1189 2079 1332 2133 Nam
1365 2080 1455 2150 qui
1501 2079 1557 2132 in
1594 2078 1712 2139 hoc,
1754 2079 1857 2132 hoc
1894 2086 2000 2144 est,

422 2166 474 2219 in
503 2166 707 2235 Spiritu
737 2179 951 2231 sancto,
988 2173 1145 2225 servit
1172 2170 1404 2231 Christo,
1436 2169 1604 2236 placet
1638 2168 1768 2230 Deo,
1794 2177 1843 2221 et
1874 2185 2000 2237 pro-

421 2259 575 2312 batus
609 2270 683 2313 est
713 2261 1012 2315 hominibus
1044 2261 1184 2329 (48).
1215 2261 1269 2314 1η
1310 2259 1518 2329 Spiritu
1557 2267 1748 2314 sancto
1775 2259 2002 2315 Christo

419 2350 630 2406 servire
670 2351 967 2405 secundum
1016 2351 1120 2408 hoc
1165 2353 1300 2407 dicit
1349 2354 1492 2423 quod
1532 2362 1587 2408 et
1632 2352 1757 2407 alibi
1798 2352 1875 2405 ait
1908 2351 1997 2405 “:

424 2442 594 2499 Nemo
637 2444 764 2497 dicit
809 2444 1095 2499 Dominum
1143 2444 1329 2499 Jesum
1363 2446 1498 2516 (49),
1540 2447 1644 2500 nisi
1686 2447 1741 2499 in
1797 2444 2001 2513 Spiritu

419 2545 621 2589 sancto.
653 2535 835 2590 Servit
866 2551 997 2607 ergo
1033 2536 1254 2591 Christo
1284 2533 1335 2589 in
1373 2535 1581 2606 Spiritu
1616 2538 1733 2606 ipse
1758 2536 1995 2600 Paulus,

421 2626 513 2694 qui
538 2636 761 2695 accepta
795 2628 973 2697 gratia
1000 2628 1178 2682 Sancti
1206 2627 1449 2695 Spiritus
1481 2628 1651 2681 servit
1681 2627 1847 2682 verbo
1881 2627 1997 2691 Dei,

419 2719 593 2773 servit
623 2719 928 2788 sapientia},
961 2719 1130 2773 servit
1157 2718 1417 2786 iustitiae,
1467 2728 1520 2772 et
1547 2719 1799 2773 omnibus
1837 2716 1999 2773 simul

420 2810 755 2874 virtutibus,
791 2824 910 2878 qua;
937 2807 1197 2863 Christus
1237 2824 1357 2864 esse
1385 2819 1738 2864 memoratur.
1781 2809 1846 2863 Et
1876 2810 1998 2863 ideo

419 2901 636 2969 placere
672 2901 726 2954 in
776 2901 860 2955 bis
909 2901 1111 2954 dicitur
1157 2900 1265 2956 Deo
1311 2900 1404 2968 qui
1443 2899 1631 2970 implet
1665 2899 1996 2954 voluntatem

418 2992 536 3059 Dei,
564 2994 859 3049 secundum
894 2994 1118 3047 verbum
1158 2994 1303 3062 quod
1339 2994 1454 3063 ipse
1482 2993 1873 3063 pronuntiavit,
1913 2995 1996 3050 di-

418 3099 553 3139 ccns
587 3100 601 3140 :
639 3082 743 3137 Hic
771 3094 844 3138 est
871 3081 1044 3137 Filius
1073 3100 1221 3137 meus
1245 3082 1470 3137 dilectus
1496 3084 1548 3137 in
1573 3099 1677 3154 quo
1706 3085 1830 3137 bene
1856 3100 1971 3140 com

415 3176 593 3246 placui
627 3176 764 3249 (50),
798 3178 970 3244 ipsum
1016 3176 1197 3230 audite
1224 3176 1289 3228 ’I.
1325 3175 1425 3243 Qui
1457 3190 1589 3247 ergo
1619 3177 1769 3230 audit
1804 3176 1995 3241 Deum,

415 3280 472 3325 et
512 3272 680 3341 servit
705 3268 929 3325 Christo
969 3270 1023 3324 in
1072 3284 1180 3340 quo
1227 3270 1554 3338 complacuit
1604 3270 1778 3337 Deus,
1822 3270 1999 3340 placet

418 3361 551 3429 Deo,
580 3374 634 3418 et
661 3364 919 3433 probatus
949 3363 1383 3419 esthominibus.

488 3457 544 3511 2.
575 3456 765 3525 Itaque
785 3473 904 3526 qum
938 3457 1083 3526 pacis
1108 3466 1228 3511 sunt
1257 3465 1538 3518 sectemur,
1557 3463 1605 3508 et
1629 3470 1745 3522 qua:
1766 3454 1995 3524 aediﬁca-

419 3549 576 3602 tionis
616 3558 739 3602 sunt
779 3548 835 3601 in
875 3547 1117 3601 invicem.
1171 3544 1354 3599 Nolite
1404 3554 1616 3613 propter
1660 3544 1832 3597 cibum
1879 3545 1994 3615 (51)

416 3639 614 3692 solvere
636 3654 765 3707 opus
796 3637 890 3690 Dei
918 3637 984 3691 ³³.
1014 3636 1188 3706 Supra
1227 3636 1304 3668 ³³⁴
1333 3635 1472 3691 dixit
1509 3655 1521 3688 :
1569 3634 1994 3703 Hospitalitatem

416 3741 711 3794 sectantes;
742 3740 797 3785 et
822 3731 910 3785 hic
946 3731 1218 3795 similiter,
1247 3746 1364 3801 qua:
1418 3730 1563 3798 pacis
1620 3737 1764 3792 sunt,
1797 3728 1992 3797 inquit,

415 3834 694 3888 sectemur,
722 3831 771 3877 et
815 3838 933 3888 qua:
964 3823 1332 3892 azdiﬁcationis
1370 3822 1428 3875 in
1463 3823 1682 3877 invicem
1710 3838 1728 3875 :
1770 3830 1824 3875 et
1856 3822 1995 3874 sicut

416 3915 490 3971 ibi
528 3916 868 3971 ostendimus
891 3914 1127 3985 qualiter
1150 3917 1407 3971 sectanda
1439 3914 1511 3968 sit
1542 3914 1899 3984 hospitalitas,
1921 3914 1994 3968 ita

485 4079 534 4112 ³⁸
579 4079 735 4133 Rom.
776 4094 892 4143 xxv,
945 4078 1032 4132 18.
1110 4075 1213 4130 "1
1255 4075 1379 4129 Cor.
1441 4093 1501 4137 χ,
1545 4075 1635 4134 55.
1713 4075 1800 4129 ³⁰Ι
1834 4075 1961 4129 Cor.

2118 4074 2160 4137 ),
2183 4075 2273 4131 21.

412 4149 507 4209 35.
580 4150 627 4182 ³³
651 4150 807 4206 Rom.
842 4164 952 4214 xw,
982 4148 1070 4215 19,
1106 4148 1196 4203 20.
1271 4147 1348 4178 ³³⁸
1374 4146 1532 4203 Rom.
1561 4147 1773 4211 111,15.
1846 4148 1892 4177 ³⁵
1927 4145 1988 4199 Ps

2118 4149 2416 4213 txxut,15.
2492 4148 2537 4180 ³⁵
2566 4150 2720 4204 Rom.
2753 4166 2866 4217 xw,
2896 4151 2986 4217 20,
3017 4151 3108 4206 ‘21.

2106 1789 2201 1844 sed
2225 1801 2282 1844 et
2305 1807 2425 1860 quae
2454 1793 2575 1849 aliis
2601 1797 2895 1864 expediunt
2920 1803 3325 1869 requirentem;
3360 1813 3421 1857 et
3467 1805 3546 1859 sic
3571 1822 3674 1861 cre-

2105 1880 2211 1935 scit
2237 1882 2522 1937 asdilicium
2557 1885 2680 1940 lidei
2725 1886 2873 1957 (5-1),
2923 1906 2988 1945 ac
3027 1893 3285 1961 templum
3333 1894 3433 1950 Dei
3469 1911 3534 1950 ex
3562 1898 3675 1966 lapi-

2107 1971 2265 2028 dibus
2299 1975 2438 2029 vivis
2465 1966 2572 2045 per'
2593 1981 3054 2037 constructionem
3084 1987 3385 2042 charitatis
3421 1992 3670 2060 assurgit;

2104 2075 2160 2119 et
2185 2064 2305 2119 ideo
2330 2066 2481 2120 addit
2512 2083 2526 2120 :
2555 2065 2736 2122 Nolite
2758 2081 2971 2141 propter
2985 2074 3157 2128 cibum
3186 2076 3399 2131 solvere
3424 2096 3553 2146 opus
3574 2080 3669 2134 Dei.

2107 2156 2281 2212 Solvit
2309 2159 2453 2213 enim
2492 2174 2626 2230 opus
2645 2162 2761 2224 Dei,
2791 2174 2845 2219 et
2861 2165 3148 2220 aedilicium
3180 2168 3426 2225 destruit
3454 2173 3673 2227 cbarita—

2104 2252 2193 2315 tis,
2225 2251 2315 2320 qui
2338 2260 2558 2322 propter
2578 2253 2822 2311 ciborum
2849 2258 3329 2329 intemperantiam
3362 2266 3665 2321 scandalum

2101 2346 2360 2401 fratribus
2384 2350 2553 2416 ponit.

2172 2438 2226 2493 5.
2267 2441 2460 2492 Omnia
2487 2441 2699 2512 quidem
2731 2444 2933 2497 munda
2954 2455 3098 2509 sunt,
3125 2445 3216 2500 sed
3244 2447 3456 2500 malum
3482 2459 3556 2501 est
3588 2448 3667 2502 Ita-

2103 2530 2234 2584 mini
2264 2533 2353 2601 qui
2391 2549 2483 2602 per
2511 2534 2855 2602 o/fensionem
2882 2541 3193 2593 manducat.
3224 2538 3445 2593 Bonum
3475 2554 3549 2595 est
3582 2561 3665 2596 non

2101 2625 2426 2679 manducare
2466 2642 2702 2690 carnem,
2751 2636 2801 2682 et
2835 2645 2940 2683 non
2987 2631 3154 2685 bibere
3195 2633 3416 2696 vinum,
3450 2650 3662 2705 nequem

2100 2731 2202 2786 quo
2227 2715 2399 2785 frater
2424 2729 2542 2772 tuus
2574 2720 2866 2788 offenditur
2891 2724 2937 2756 ³⁸
2975 2724 3110 2796 (55).
3157 2726 3309 2791 Quod
3348 2727 3491 2780 dixit
3514 2769 3528 2791 ,
3558 2727 3663 2781 Omv

2103 2806 2193 2859 nia
2229 2808 2444 2876 quidem
2491 2813 2712 2876 munda,
2755 2816 2846 2868 sed
2889 2817 3087 2870 malum
3117 2828 3193 2870 est
3231 2820 3447 2871 homini
3482 2821 3565 2887 qui
3592 2835 3665 2883 per

2100 2898 2440 2966 oﬁ'ensionem
2484 2904 2797 2969 manducet,
2820 2904 2999 2961 simile
3034 2916 3119 2961 est
3151 2907 3226 2962 illi
3253 2910 3406 2977 quod
3435 2912 3661 2979 superius

2103 2993 2239 3047 dixit
2269 2992 2333 3057 ³⁸,
2367 2995 2493 3064 quia
2520 2995 2652 3047 nihil
2684 3012 2958 3052 commune
2987 3015 3079 3068 per
3098 3003 3358 3068 seipswn,
3396 3002 3499 3054 nisi
3530 3003 3575 3055 ei
3591 3003 3660 3069 qui

2100 3087 2363 3141 existimat
2385 3089 2511 3158 quid
2531 3105 2805 3144 commune
2826 3106 2960 3155 esse,
2984 3091 3068 3146 illi
3085 3109 3368 3148 commune
3391 3105 3491 3148 est.
3518 3092 3661 3165 Igitur

2101 3179 2398 3234 secundum
2437 3191 2687 3235 naturam
2739 3184 2821 3236 sui
2846 3192 2901 3236 et
2928 3186 3193 3240 rationem
3226 3197 3530 3249 creaturae,
3577 3202 3661 3254 qua

2102 3279 2296 3326 cuncta
2329 3288 2450 3340 quae
2483 3283 2630 3338 sunt,
2666 3290 2695 3328 a
2732 3275 2843 3330 Deo
2877 3276 3017 3330 facta
3054 3286 3200 3342 sunt,
3250 3281 3443 3333 omnia
3490 3282 3660 3333 munda

2101 3372 2228 3415 sunt
2261 3361 2409 3432 (56);
2442 3371 2498 3416 et
2525 3365 2892 3431 immundum,
2926 3365 3010 3419 vel
3043 3367 3187 3435 quod
3211 3382 3513 3426 commune
3552 3371 3662 3424 dici-

2104 3460 2214 3515 tur,
2265 3451 2400 3505 nihil
2440 3460 2545 3506 est.
2583 3453 2730 3509 Duas
2773 3464 2953 3509 tamen
2982 3472 3179 3514 causas
3207 3462 3428 3528 posuit,
3481 3462 3656 3527 quibus

2101 3542 2183 3596 vel
2218 3558 2339 3613 qua:
2361 3546 2559 3600 munda
2596 3556 2748 3613 sunt,
2781 3547 3055 3604 immunda
3085 3549 3240 3617 ﬁant,
3280 3551 3372 3605 vel
3401 3566 3522 3620 qua:
3545 3552 3659 3605 bona

2100 3646 2247 3701 sunt,
2293 3637 2454 3692 mala.
2504 3638 2596 3692 Ait
2635 3642 2778 3694 enim
2823 3641 2878 3694 in
2930 3644 3182 3710 praesenti
3232 3645 3462 3713 quidem
3517 3644 3656 3700 loco:

2100 3726 2203 3782 Sed
2233 3730 2516 3785 malumest
2541 3735 2740 3787 homini
2760 3737 2851 3804 qui
2872 3752 2963 3802 per
2985 3737 3331 3805 offensionem
3365 3738 3651 3793 manducet.

2101 3819 2254 3887 Quod
2285 3838 2416 3894 ergo
2449 3824 2537 3878 sui
2570 3835 2761 3880 natura
2782 3827 2987 3882 bonum
3018 3836 3123 3890 est,
3151 3843 3216 3882 ex
3240 3827 3543 3884 offensione
3562 3828 3652 3882 clli-

2102 3916 2244 3969 citur
2270 3916 2496 3981 malum,
2548 3917 2599 3972 id
2626 3930 2711 3974 est
2747 3920 2800 3973 in
2826 3935 2892 3974 eo
2918 3922 3066 3977 auod
3092 3921 3394 3978 offenditur
3430 3924 3590 3977 frater
3613 3935 3651 3974 te

2350 4077 2392 4110 ³⁸
2418 4077 2438 4131 1
2460 4076 2583 4132 Cor.
2623 4093 2720 4140 xu.
2745 4081 2799 4134 '5.
2877 4078 2920 4112 “
2946 4079 3134 4135 Matth.
3166 4097 3250 4145 III,
3280 4082 3391 4148 17;
3435 4083 3559 4137 Luc.
3587 4099 3647 4146 ιι,

2364 4149 2416 4203 5.
2492 4148 2537 4180 ³⁵
2566 4150 2720 4204 Rom.
2753 4166 2866 4209 xw.
2896 4151 2986 4209 20.
3017 4151 3108 4206 ‘21.
3187 4155 3232 4185 ³⁵
3259 4154 3394 4209 ibid.
3428 4156 3513 4209 ts.

3259 4169 3394 4208 tum.
3428 4169 3513 4208 Η.

490 4311 602 4381 (45)
635 4309 1095 4393 Ιξξξξιῑληρὸἱεεαηι
1117 4310 1400 4393 transferri
1428 4312 1615 4393 possit,
1640 4321 1749 4369 etc.
1785 4311 1993 4366 Deinde
2022 4335 2068 4392 ι)
2101 4383 2113 4393 ⁵
2168 4312 2284 4393 (51)
2323 4313 2465 4368 Editi
2492 4321 2553 4393 e_t_
2581 4311 3091 4393 Rabanu's,__etqua:
3125 4315 3504 4393 aedificationis
3544 4326 3645 4393 sunt

417 4380 583 4440 iidem
604 4383 759 4444 editi,
789 4380 1046 4435 Rabanus
1076 4391 1132 4434 et
1168 4397 1299 4435 mss.
1337 4382 1604 4451 plerique,
1638 4400 1819 4450 pacem
1836 4398 1983 4451 ergo.

417 4462 468 4508 et
493 4452 779 4521 justitiam,
811 4462 917 4509 etc.
938 4452 1045 4508 Sed
1067 4454 1274 4507 rectius
1303 4469 1405 4508 ms.
1440 4452 1644 4523 Regius
1672 4470 1824 4509 num.
1850 4453 1987 4508 1659

417 4532 479 4579 ut
505 4524 558 4577 in
594 4531 763 4576 textu.

489 4593 603 4716 (46)
634 4593 728 4647 Sic
758 4592 891 4648 editi
914 4603 971 4648 et
1003 4608 1106 4648 ms.
1142 4591 1348 4660 Regius
1378 4609 1529 4649 num.
1575 4593 1749 4657 1659,
1785 4594 1838 4648 in
1875 4594 1986 4648 sin-

514 4665 592 4716 ari
627 4678 873 4716 numero.
905 4665 1032 4716 Mss.
1061 4679 1190 4716 vero
1221 4664 1485 4716 nleriane.
1526 4665 1652 4716 auia
1680 4666 1768 4716 uui
1797 4667 1852 4716 in
1891 4664 1986 4716 hac

416 4664 592 4732 gulari
627 4678 873 4717 numero.
905 4665 1032 4719 Mss.
1061 4679 1190 4719 vero
1221 4664 1485 4734 plerique,
1526 4665 1652 4731 quia
1680 4666 1768 4734 qui
1797 4667 1852 4718 in
1891 4664 1987 4719 hoc

416 4735 739 4789 serviunt....
769 4734 1071 4803 placent....
1101 4736 1304 4800 probati
1326 4744 1470 4793 sunt,
1499 4745 1605 4789 etc.

489 4803 605 4874 (47)
626 4804 742 4875 ῌὸἰο
779 4821 882 4859 ms.
926 4804 1128 4875 Regius
1187 4820 1337 4859 num.
1391 4804 1550 4859 1659.
1602 4804 1801 4860 Crateri
1857 4821 1988 4862 vero

336 4918 343 4925 .
416 4873 578 4937 is.,
624 4873 883 4928 Rabanus
926 4885 982 4928 et
1013 4873 1172 4941 editi,
1225 4876 1430 4944 placere
1476 4888 1650 4930 autem
1685 4876 1986 4929 hominibus

418 4946 495 4998 ita
522 4945 673 5006 dicit,
706 4959 809 4996 non
854 4944 1163 5000 obsectando
1210 4947 1338 4999 uitia
1380 4946 1503 5015 (aL,
1536 4962 1641 4999 non
1669 4948 1986 5000 obsectanda

418 5016 587 5088 uitia;
623 5016 722 5088 ah,
757 5016 1205 5088 nomoblectando
1235 5016 1401 5088 vitiis)
1427 5018 1539 5079 sed,
1567 5026 1677 5088 etc.

492 5086 609 5157 (48)
638 5085 807 5149 Εάἰιί,
834 5084 981 5157 Nam
1007 5087 1111 5157 qui
1132 5087 1188 5138 in
1222 5088 1318 5139 hoc
1344 5084 1442 5150 est,
1474 5089 1531 5140 in
1555 5086 1765 5157 Spiritu
1799 5097 1986 5142 sancto

417 5154 604 5223 servit,
629 5157 795 5225 placet
822 5154 953 5220 Deo,
994 5156 1246 5226 probatus
1276 5154 1600 5222 hominibus.

496 5228 609 5300 (49)
641 5226 739 5300 Ms.
774 5226 977 5300 Regius
1007 5242 1161 5300 num.
1201 5226 1358 5291 1659,
1394 5229 1534 5300 quod
1567 5237 1617 5281 et
1638 5227 1766 5281 alibi
1806 5228 1938 5282 dixit
1968 5244 1986 5282 :

421 5296 592 5352 Nemo
624 5298 774 5362 dicit,
802 5296 1057 5350 Dominus
1085 5298 1265 5361 Jesus,
1297 5308 1403 5351 etc.
1447 5298 1649 5351 Deinde
1686 5301 1838 5365 editi,
1876 5315 1987 5353 ser-

418 5371 488 5422 uit
513 5380 690 5422 autem
719 5368 929 5438 Christo
955 5369 1012 5421 in
1040 5365 1241 5435 Spiritu
1269 5368 1397 5438 ipse,
1418 5366 1642 5431 Paulus,
1678 5370 1828 5438 quia,
1874 5379 1983 5423 etc.

493 5440 603 5510 (50)
652 5438 730 5492 lta
771 5454 871 5492 ms.
903 5436 1103 5507 Regius
1151 5453 1300 5510 num.
1338 5436 1496 5492 1659.
1537 5436 1792 5493 Rabanus
1840 5441 1990 5494 addit

419 5509 574 5571 mihi,
601 5511 744 5563 sicut
789 5519 845 5561 et
887 5511 1040 5563 editi.
1081 5509 1275 5563 Cancri
1321 5524 1450 5562 vero
1492 5526 1619 5564 mss.
1675 5511 1894 5579 habent,
1934 5511 1988 5563 in

418 5596 521 5645 quo
561 5581 687 5632 mihi
729 5581 852 5633 bene
901 5579 1237 5647 complacuit,
1286 5594 1383 5633 nec
1426 5580 1585 5632 male.
1626 5579 1827 5634 Deinde
1867 5596 1986 5649 ergo

421 5660 576 5701 ueest
636 5652 687 5701 in
736 5651 916 5705 editis.
976 5652 1103 5707 Mss.
1153 5651 1373 5719 quidam
1418 5650 1621 5705 habent
1670 5664 1843 5705 autem
1890 5665 1989 5720 pro

419 5733 562 5785 ergo.

2096 4384 2312 4436 inuicem
2346 4384 2727 4437 custodiamus.
2769 4384 2898 4437 Noli
2929 4395 3135 4452 propter
3170 4388 3372 4446 cibum,
3415 4399 3518 4440 etc.
3554 4385 3641 4440 Sed

2093 4467 2283 4507 omnes
2311 4468 2440 4508 mss.
2491 4464 2550 4508 ut
2598 4455 2651 4507 in
2685 4466 2869 4509 nostro
2911 4463 3082 4520 textu,
3121 4456 3225 4510 nisi
3257 4459 3403 4524 quod
3431 4457 3643 4525 plerique

2096 4525 2368 4578 retineant
2408 4524 2789 4586 custodiamus,
2825 4541 2991 4593 quam
3031 4540 3221 4580 vocem
3278 4524 3444 4580 recte
3466 4528 3641 4580 omittit

2096 4610 2200 4648 ms.
2260 4592 2459 4664 Regius
2513 4592 2870 4666 num.71659’,
2924 4604 3111 4664 utpote
3151 4611 3273 4665 qua:
3320 4597 3480 4666 paulo
3524 4598 3639 4650 intra

2093 4667 2386 4719 oinittatur
2430 4666 2481 4718 in
2523 4665 2779 4720 omnibus
2829 4681 2963 4721 mss.
3010 4676 3067 4721 et
3107 4666 3301 4730 editis,
3327 4665 3330 4666 ⁷
3356 4684 3555 4722 necnon
3598 4679 3640 4719 et

2095 4736 2241 4805 apud
2269 4733 2578 4805 Rabanum.

2168 4804 2280 4878 (52)
2311 4803 2492 4874 Inquit
2515 4816 2570 4878 et
2598 4814 2675 4859 est
2700 4814 2821 4875 post
2851 4804 3083 4872 turbata,
3110 4806 3382 4878 desuntin
3402 4809 3637 4878 plerisque

2094 4890 2229 4930 mss.
2261 4874 2310 4929 et
2343 4878 2395 4928 in
2421 4877 2613 4942 editis,
2659 4874 2972 4931 necnon‘et
3024 4879 3164 4945 apud
3214 4874 3515 4938 Rabantnu,
3558 4874 3635 4929 sed

2096 4946 2471 5017 restituuntur
2490 4960 2686 5017 exums.
2723 4945 2895 5017 Regio
2929 4962 3077 4998 num.
3114 4945 3272 5000 1659.

2166 5015 2280 5088 (55)
2328 5016 2490 5079 Edili,
2536 5015 2642 5070 Hic
2691 5015 2830 5069 enim
2870 5033 2976 5071 non
3026 5017 3198 5070 solum
3238 5032 3443 5086 pacem,
3485 5031 3631 5069 verum

2094 5086 2796 5154 wdiﬁcationem....servat.

2166 5157 2279 5227 (54)
2315 5157 2479 5219 Editi,
2512 5157 2799 5226 wdiﬁcium
2835 5155 2949 5211 Dei.
2987 5157 3190 5213 Deinde
3237 5157 3398 5227 iidem
3433 5155 3548 5210 editi
3579 5167 3629 5206 ac

2097 5226 2230 5282 mss.
2261 5228 2504 5294 quidam,
2533 5240 2582 5280 et
2618 5244 2711 5293 per
2737 5230 3197 5291 constructionem,
3228 5237 3335 5282 etc.
3368 5226 3470 5281 Sed
3507 5237 3629 5277 recte

2098 5314 2201 5352 ms.
2232 5296 2436 5364 Regius
2467 5314 2616 5354 num.
2659 5297 2796 5352 1659
2832 5309 2888 5352 et
2915 5299 3170 5353 Rabanus
3195 5302 3449 5351 omittunt
3475 5308 3535 5350 et.

2166 5368 2279 5440 (55)
2309 5368 2472 5440 Editi,
2529 5369 2994 5437 oﬂ‘endiculum....
3020 5369 3189 5438 frater
3222 5381 3341 5422 tuus
3385 5365 3618 5440 scandali-

2096 5438 2271 5492 zatur.
2304 5439 2409 5492 Sed
2442 5454 2630 5494 omnes
2659 5455 2788 5494 mss.
2834 5448 2888 5493 et
2916 5441 3174 5495 Rabanus
3210 5440 3295 5493 hic
3333 5449 3385 5494 et
3427 5438 3549 5492 intra
3576 5442 3619 5485 ut

2096 5511 2150 5563 in
2188 5518 2372 5561 nostro
2404 5518 2572 5563 textu.

2168 5578 2280 5647 (56)
2323 5579 2486 5642 Editi,
2511 5589 2558 5632 et
2583 5580 2834 5654 rationem
2860 5588 3330 5654 creaturmcuncta
3351 5594 3460 5648 quae
3485 5593 3512 5627 a
3530 5572 3617 5654 Deo

2095 5649 2242 5719 facta
2287 5660 2434 5709 sunt,
2476 5652 2652 5703 omnia
2684 5654 2881 5705 munda
2927 5661 3071 5717 sunt,
3105 5650 3376 5714 Rabanus,
3411 5649 3566 5703 omnia
3590 5658 3615 5693 α

2097 5720 2204 5776 Deo
2242 5719 2436 5774 munda
2462 5730 2581 5774 sunt
