3744 6146
115 211 256 269 1253

1111 217 1467 275 COMMENT.
1503 217 1569 272 IN
1612 218 1830 274 EPIST.
1863 220 1954 274 AD
1985 220 2153 280 ROM.
2188 221 2316 278 LIB.
2361 221 2427 278 Χ.

3273 232 3414 290 1254

110 344 304 391 utente
331 336 430 390 his
464 335 623 394 cibis
656 336 770 409 (57)
798 338 851 392 in
885 337 1082 406 quibus
1105 341 1195 395 ille
1224 340 1544 397 scandalum
1579 341 1725 410 pati-
1761 344 1808 400 Α
1837 344 2128 410 quentibus
2158 343 2354 411 posuit,
2384 342 2440 394 in
2463 357 2566 409 quo
2597 342 2764 410 frater
2789 343 3096 412 o/fenditur,
3128 361 3233 402 non
3259 363 3417 404 man.

110 439 215 484 tur.
245 428 373 484 Alia
409 445 561 488 vero
599 447 762 487 causa
789 441 874 486 cst
899 447 1003 500 qua
1039 449 1332 489 commune
1363 435 1447 488 vel
1481 437 1722 490 immun-

109 523 232 576 dum
273 519 543 576 efficitur
583 525 730 592 quod
765 537 960 578 natura
996 525 1082 578 sui
1111 525 1447 580 immundum
1478 542 1584 582 non
1616 537 1726 593 est,

107 615 152 668 si
177 615 479 669 existimet
506 617 672 685 quis,
706 625 762 671 et
799 617 939 686 apud
977 631 1035 671 se
1065 617 1140 672 ita
1167 618 1367 673 haheat
1393 621 1536 689 quod
1571 635 1725 675 com-

108 721 277 760 mune
314 708 417 761 sit.
471 707 568 761 Illi
614 722 743 776 ergo
788 708 889 778 ipsi
936 711 1311 766 tantummodo
1357 712 1448 782 qui
1501 713 1604 767 hoc
1649 713 1724 766 ita

109 799 432 864 existimat,
477 815 784 855 commune
828 799 1057 856 efficitur
1107 802 1189 856 vel
1238 803 1600 858 immundum.
1642 805 1723 859 Ex

105 893 310 960 quibus
330 891 642 946 evidenter
666 891 778 963 (58)
799 891 1091 960 Apostolus
1119 894 1314 949 edocet
1334 912 1440 951 non
1464 898 1516 950 in
1560 901 1722 954 rebus

105 983 184 1039 vel
216 983 272 1036 in
311 981 667 1037 substantiis
688 1025 702 1046 ,
734 983 830 1038 sed
861 985 912 1038 in
952 985 1168 1041 actibus
1197 997 1254 1040 et
1298 989 1722 1056 cogitationibus

106 1073 289 1126 minus
308 1073 496 1127 rectis
524 1072 930 1128 immunditiam
955 1074 1419 1147 pollutionemque
1443 1082 1717 1137 consiste-

104 1177 163 1217 re
182 1179 198 1227 ;
220 1163 494 1231 quamvis
517 1161 690 1234 Moysi
707 1161 792 1214 lex
808 1161 856 1231 δῖ
871 1165 1118 1232 quaedam
1147 1168 1366 1232 munda,
1387 1178 1440 1223 et
1465 1171 1715 1236 quaedam

104 1256 395 1311 immunda
430 1255 747 1325 signaverit
780 1255 872 1310 :in
906 1256 1102 1324 quibus
1136 1259 1525 1317 distinctiones
1553 1280 1720 1333 quas-

103 1350 227 1402 dam
261 1362 488 1417 ponere
527 1348 724 1411 voluit,
750 1357 808 1402 ut
838 1349 1072 1418 populus
1100 1353 1192 1420 qui
1217 1354 1319 1407 sub
1374 1354 1489 1426 lege
1524 1371 1718 1413 cense.

104 1443 288 1505 batur,
314 1441 576 1495 discerni
593 1456 689 1510 per
709 1438 1014 1508 huiusmodi
1034 1442 1418 1501 observantias
1442 1462 1471 1501 a
1502 1449 1716 1504 caeteris

105 1534 703 1605 gentibusvideretur.
739 1537 804 1591 Et
825 1539 1066 1607 quandiu
1096 1537 1316 1608 quidem
1359 1540 1590 1609 populus
1622 1541 1713 1597 ille

105 1637 335 1681 sanctus
348 1637 408 1681 et
428 1639 776 1698 segregatus
793 1645 822 1684 a
836 1631 1050 1686 caeteris
1065 1633 1377 1686 nationibus
1394 1632 1712 1696 habebatur,

105 1719 267 1771 etiam
287 1718 578 1773 discretio
592 1721 656 1774 de
677 1721 895 1776 mundis
909 1732 964 1778 et
984 1724 1280 1780 immundis
1306 1741 1526 1782 necesse
1537 1728 1614 1780 ria
1640 1729 1713 1782 vi-

105 1811 363 1872 debatur,
394 1810 580 1882 669
601 1827 719 1878 quae
743 1822 1052 1883 segregaret
1074 1825 1128 1868 et
1157 1828 1468 1872 secerneret
1501 1818 1710 1888 specia-

107 1903 208 1958 lem
265 1906 554 1974 populum
622 1905 716 1960 Dei
769 1923 798 1961 a
851 1907 1158 1963 nationibus
1211 1925 1350 1980 quas
1407 1910 1708 1979 ignorantia

106 1991 194 2046 Dei
227 2002 285 2045 et
315 1994 606 2048 idolorum
638 1995 816 2050 cultus
845 1995 1076 2051 faciebat
1102 1997 1405 2054 immundas
1431 2017 1444 2052 :
1472 2003 1560 2055 ubi
1582 2018 1709 2056 vero

99 2081 262 2150 ianua
302 2085 440 2140 fidei
492 2086 750 2154 gentibus
786 2088 1049 2156 aperitur,
1081 2098 1134 2141 et
1167 2089 1467 2145 invitantur
1515 2107 1707 2148 omnes

103 2176 167 2230 ad
198 2177 404 2244 Deum,
463 2182 834 2236 ostenduntur
868 2181 1028 2238 Petro
1078 2184 1257 2237 omnia
1311 2185 1701 2253 quadrupedia,

101 2278 154 2322 et
179 2270 469 2341 repentia,
508 2281 565 2327 et
595 2273 831 2329 volatilia
862 2275 1106 2344 exposita
1138 2275 1190 2329 in
1221 2275 1391 2329 lintco
1418 2277 1562 2346 quod
1594 2293 1704 2334 coe-

103 2357 229 2414 litus
277 2359 470 2416 fuerat
503 2362 816 2428 deductum,
840 2372 896 2418 et
922 2364 1121 2418 dicitur
1154 2365 1204 2419 ei
1237 2380 1249 2414 :
1289 2363 1481 2432 Surge,
1518 2363 1698 2431 Petre,

101 2451 280 2505 occide
331 2463 385 2506 et
435 2457 708 2508 manduca
739 2455 806 2511 ‘3.
854 2455 1098 2525 Cumque
1125 2455 1314 2526 legalis
1340 2455 1703 2514 observantiae

106 2559 316 2599 metnor
344 2548 734 2616 respondisset
766 2551 832 2603 ad
864 2549 1150 2604 Dominum
1183 2559 1239 2603 et
1263 2549 1492 2605 dixisset
1520 2567 1535 2602 :
1590 2549 1700 2604 Ab-

102 2637 186 2699 sit,
227 2636 490 2704 Domine,
514 2642 639 2708 quia
662 2657 929 2710 nunquam
953 2657 1225 2694 commune
1251 2651 1340 2695 aut
1371 2642 1700 2696 immundum

104 2726 339 2783 introivit
368 2732 428 2784 in
485 2747 545 2785 os
586 2749 784 2795 meum,
838 2733 1048 2788 cmlesti
1081 2733 1346 2786 sententia
1376 2734 1697 2809 pronuntia-

105 2831 189 2873 tur
221 2837 236 2872 :
273 2823 437 2888 Quod
472 2823 613 2878 Deus
646 2825 942 2889 mandauit,
974 2837 1030 2878 tu
1060 2840 1334 2903 commune
1371 2841 1435 2879 ne
1475 2821 1696 2879 dixeris.

111 2907 206 2966 Ubi
238 2929 374 2983 ergo
399 2930 597 2969 omnes
631 2927 820 2985 gentes
852 2933 945 2986 per
977 2917 1304 2987 agnitionem
1346 2917 1466 2970 fidei
1501 2931 1531 2969 a
1561 2931 1690 2970 con-

110 3000 480 3057 taminatione
525 3005 881 3069 mundantur,
919 3007 988 3060 ibi
1018 3014 1072 3059 et
1098 3007 1279 3060 omnis
1328 3005 1482 3061 cibus
1531 3009 1696 3062 verbo
1723 3033 1767 3092 α

111 3089 321 3146 Domini
360 3103 418 3147 et
450 3096 699 3150 oratione
728 3109 991 3166 purgatur
1021 3115 1036 3151 :
1069 3108 1124 3152 et
1157 3099 1226 3153 ob
1272 3098 1375 3154 hoc
1406 3098 1696 3167 Apostolus

109 3183 236 3237 dicit
268 3187 407 3254 quia
453 3187 632 3240 omnia
667 3189 863 3241 munda
888 3198 1037 3253 sunt,
1070 3198 1279 3244 tantum
1311 3199 1369 3244 ut
1395 3189 1525 3244 illud
1563 3191 1698 3245 vite-

111 3282 194 3328 tur
229 3278 380 3346 quod
425 3279 482 3332 in
513 3281 862 3348 sequentibus
899 3281 1072 3349 ponit,
1118 3296 1184 3336 ne
1219 3297 1316 3352 per
1341 3281 1694 3338 offensionem

108 3363 288 3422 fratris
313 3371 669 3424 manducauti
701 3387 913 3425 rursum
937 3375 1067 3427 fiant
1092 3373 1366 3429 immunda
1393 3391 1512 3445 quae
1541 3392 1696 3429 mun-

109 3455 170 3510 da
200 3470 347 3514 sunt.
381 3461 510 3515 Jam
561 3479 689 3518 vero
732 3464 871 3532 quod
914 3466 1210 3535 subiungit,
1242 3466 1449 3520 Bonum
1480 3478 1556 3522 est
1590 3484 1696 3521 non

109 3551 438 3607 atauducare
485 3569 716 3618 carnem,
749 3567 796 3608 et
837 3572 938 3610 non
968 3557 1140 3610 bibere
1163 3559 1362 3624 vinum,
1398 3559 1502 3613 nisi
1537 3561 1692 3614 addi-

112 3641 298 3710 disset,
334 3662 509 3716 neque
534 3648 588 3699 in
617 3663 716 3716 quo
750 3647 919 3716 frater
948 3660 1066 3702 tuus
1109 3651 1421 3719 o/fenditur,
1472 3663 1692 3707 contra-

111 3735 243 3790 rium
279 3738 536 3794 fortassis
579 3741 851 3809 prioribus
875 3742 1169 3798 videretur.
1199 3742 1528 3798 Manducare
1548 3745 1690 3798 enim

113 3840 332 3882 carnem
385 3838 445 3885 et
495 3845 601 3885 non
633 3833 982 3896 manducare,
1035 3832 1116 3886 vel
1151 3832 1339 3887 bibere
1371 3833 1557 3888 vinum
1595 3841 1694 3888 aut

111 3932 213 3972 non
258 3921 474 3988 bibere,
505 3937 679 3992 neque
704 3922 925 3988 malum,
965 3936 1140 3993 neque
1170 3925 1392 3989 bonum,
1441 3925 1534 3978 sed
1578 3939 1693 3978 me-

112 4008 251 4062 dium
278 4011 478 4067 haberi
505 4013 690 4068 docuit
729 4023 784 4068 et
824 4013 1155 4068 indifferens.
1182 4011 1369 4069 Potest
1405 4014 1547 4068 enim
1579 4030 1686 4070 non

112 4102 445 4158 manducare
483 4119 701 4160 carnem
724 4115 779 4160 et
809 4119 914 4159 non
945 4105 1132 4160 bibere
1159 4105 1343 4159 vinum
1375 4104 1540 4158 etiam
1568 4122 1677 4157 ina-

110 4194 188 4248 lus
220 4197 384 4252 homo
412 4207 470 4253 et
503 4214 533 4253 a
561 4199 666 4254 fide
700 4198 930 4262 alienus,
960 4206 1018 4252 ut
1043 4212 1186 4267 saepe
1211 4199 1374 4251 etiam
1401 4196 1686 4251 nonnullos

111 4286 378 4344 idolorum
421 4306 586 4347 causa
640 4291 823 4346 facere
877 4292 978 4346 hoc
1015 4301 1222 4345 certum
1271 4300 1375 4345 est.
1411 4290 1681 4344 Interdum

1832 433 2035 488 ducare
2056 448 2276 487 carnem
2311 442 2367 486 et
2400 446 2506 485 non
2539 431 2728 487 bibere
2758 435 2968 498 vinum,
2999 450 3106 489 non
3138 435 3262 505 jam
3299 453 3416 494 me-

1829 525 1975 580 dium
2011 535 2105 579 aut
2141 523 2480 589 indifferens,
2519 524 2614 578 sed
2645 540 2772 580 vere
2801 527 3002 581 bonum
3051 537 3152 584 est.
3204 531 3412 587 Bonum

1828 624 1914 670 est
1949 613 2059 686 (60)
2107 617 2251 669 enim
2290 629 2396 669 non
2453 630 2655 683 ponere
2701 614 3054 672 offensionem
3116 620 3270 676 fratri
3325 623 3411 678 vel

1827 707 2166 761 scandalum.
2193 707 2426 776 Propter
2461 709 2563 761 hoc
2587 690 2731 762 enim
2761 720 2816 764 et
2846 710 2898 764 in
2940 712 3062 767 aliis
3091 713 3253 768 dicit:
3286 714 3413 770 Sine

1827 801 2117 868 o/Tensione
2155 811 2318 856 estote
2361 811 2410 856 et
2448 802 2655 856 Juda'is
2697 810 2747 855 et
2794 802 3020 870 Grmcis,
3062 817 3110 859 et
3158 805 3412 863 Ecclesia

1825 892 1922 946 Dei
1950 893 2016 946 ³⁸.
2058 893 2122 946 Et
2150 893 2271 947 ideo
2299 894 2522 946 videant
2551 892 2596 946 si
2626 904 2777 948 recte
2811 894 3015 949 faciunt
3053 897 3106 952 hi
3154 899 3242 966 qui
3277 915 3410 969 qua-

1823 981 1958 1036 libet
1995 998 2061 1037 ex
2109 999 2268 1038 causa
2301 971 2649 1038 continentes
2683 999 2709 1035 a
2747 986 3001 1040 carnibus
3040 997 3095 1041 et
3130 989 3277 1052 vino,
3317 1004 3408 1044 co-

1822 1083 1956 1144 gunt
1977 1075 2306 1130 omnimodis
2331 1078 2644 1145 degustare,
2672 1092 2779 1146 quo
2808 1076 3022 1132 scilicet
3041 1093 3138 1147 per
3168 1081 3272 1150 hoc
3291 1081 3406 1150 (61)

1821 1166 1890 1220 ab
1920 1167 2001 1220 eis
2034 1168 2284 1222 videatur
2310 1167 2512 1222 auferri
2557 1170 2820 1238 suspicio,
2871 1185 2976 1239 qua
3026 1172 3408 1238 superstitiose

1821 1267 2083 1326 putantur
2120 1259 2366 1314 ciborum
2413 1262 2836 1317 discretionibus
2882 1264 3170 1317 inlunrere.
3211 1263 3406 1317 Consi-

1819 1349 2013 1404 derent
2042 1366 2274 1420 namque
2299 1353 2617 1422 Apostolum
2663 1369 2767 1408 non
2800 1355 3006 1408 dixisse
3038 1372 3053 1408 :
3085 1353 3292 1408 Bonum
3327 1366 3405 1409 est

1819 1441 2153 1496 manducare
2200 1451 2254 1496 et
2289 1442 2480 1496 bibere
2509 1445 2732 1510 vinum;
2783 1446 2901 1508 sed,
2932 1461 3036 1498 non
3077 1447 3403 1502 manducare

1818 1549 2048 1599 carnem,
2081 1544 2130 1587 et
2170 1552 2273 1588 non
2299 1535 2472 1589 bibere
2505 1537 2702 1599 uinum,
2737 1537 2780 1592 si
2819 1537 2872 1590 in
2903 1551 2969 1591 eo
3005 1537 3174 1592 frater
3223 1537 3400 1593 offen-

1819 1625 1981 1681 ditur.
2018 1625 2200 1680 Noluit
2231 1642 2364 1696 ergo
2398 1635 2456 1680 ut
2485 1643 2582 1696 pro
2611 1629 2696 1682 his
2724 1628 2818 1697 qui
2851 1629 3400 1696 manducandumju-

1816 1716 2020 1779 dicant,
2054 1727 2283 1787 cogatur
2316 1718 2405 1772 ille
2435 1720 2501 1772 ad
2549 1718 2986 1774 manducandum
3037 1721 3131 1789 qui
3186 1721 3239 1776 in
3293 1723 3398 1776 hoc

1813 1807 2101 1864 offenditur
2129 1828 2143 1873 ;
2175 1812 2272 1864 sed
2302 1827 2400 1880 pro
2435 1811 2525 1866 illo
2557 1813 2648 1880 qui
2701 1828 2807 1868 non
2845 1822 3000 1881 putat
3049 1816 3393 1868 manducan-

1813 1901 1962 1964 dum,
1986 1901 2261 1954 ahstinere
2295 1901 2539 1970 praacipit
2561 1903 2723 1956 etiam
2750 1905 2835 1958 his
2855 1905 2943 1973 qui
2969 1905 3215 1972 judicant
3242 1920 3397 1957 man-

1811 1988 2135 2042 ducandum.
2165 1986 2473 2042 Verendum
2513 2005 2745 2058 namque
2765 2001 2849 2046 est
2882 2007 2949 2045 ne
2984 1991 3122 2045 forte
3155 1993 3390 2060 abrupto

1810 2083 1974 2133 semel
2007 2093 2160 2133 muro
2184 2079 2552 2145 continentiaz,
2585 2089 2638 2135 et
2669 2091 2896 2152 accepta
2927 2083 3170 2148 licentia,
3203 2085 3254 2137 in
3287 2097 3390 2155 gir-

1809 2171 1874 2225 lze
1905 2170 2193 2239 procellam
2229 2184 2294 2224 ac
2335 2171 2661 2240 profundum
2716 2172 2945 2226 luxuriae
2989 2175 3296 2238 decidatur,
3335 2183 3393 2230 et

1807 2265 2013 2331 pariter
2065 2263 2468 2332 subsequantur
2508 2262 2792 2335 naufragia
2846 2265 3135 2319 castitatis.
3192 2263 3386 2321 Omnia

1806 2356 1970 2425 igitur
2005 2355 2123 2410 ﬁeri
2157 2367 2372 2426 oportet
2408 2356 2477 2410 ob
2508 2355 2612 2411 hoc
2635 2371 2702 2409 ne
2733 2357 3049 2410 destruatur
3079 2372 3214 2426 opus
3243 2356 3338 2412 Dei
3374 2379 3386 2413 :

1803 2456 1852 2499 et
1879 2445 1998 2500 ideo
2027 2456 2082 2500 et
2123 2446 2560 2503 manducandum
2601 2445 2715 2516 (69.)
2744 2455 2850 2510 est,
2897 2447 2942 2500 si
2989 2447 3041 2499 in
3077 2446 3180 2501 hoc
3218 2447 3390 2502 frater

1803 2536 2134 2600 aedificatur;
2172 2546 2227 2591 et
2272 2551 2380 2591 non
2427 2545 2511 2591 est
2542 2536 3002 2601 manducandum,
3049 2537 3095 2591 si
3138 2551 3235 2606 per
3286 2540 3388 2594 hoc

1803 2641 1909 2680 non
1938 2630 2137 2681 crescit
2171 2643 2307 2696 opus
2339 2629 2433 2684 Dei
2465 2647 2480 2696 ;
2516 2637 2572 2683 et
2603 2628 2889 2683 bibendum
2922 2638 3025 2693 est,
3072 2629 3120 2684 si
3153 2645 3250 2699 per
3279 2630 3386 2686 hoc

1801 2720 2018 2788 proficit
2066 2721 2235 2776 frater
2294 2724 2362 2777 ad
2419 2723 2620 2788 fidem;
2669 2732 2722 2778 et
2769 2739 2875 2778 non
2929 2735 3015 2779 est
3069 2725 3402 2791 bibendum,

1800 2813 1846 2866 si
1873 2826 1968 2880 per
2001 2812 2102 2868 hoc
2138 2812 2308 2868 frater
2331 2815 2583 2870 damnum
2609 2815 2759 2882 fidei,
2786 2825 2881 2871 aut
2914 2827 2969 2871 tu
2992 2818 3382 2874 detrimentum

1799 2905 2090 2959 charitatis
2112 2905 2383 2963 incurras.

1868 2995 1924 3051 4.
1956 2995 2083 3051 Post
2118 2999 2229 3052 haec
2255 2999 2426 3053 dicit:
2466 2999 2542 3052 Tu
2572 3001 2729 3068 ﬁdem
2755 3019 2912 3070 quam
2943 3003 3100 3056 habes
3139 2992 3279 3073 aitud
3305 3012 3384 3058 te—

1800 3089 2098 3157 metipsum,
2135 3090 2266 3143 habe
2293 3108 2468 3144 coram
2502 3092 2609 3146 Deo
2629 3094 2694 3146 ⁵ο.
2733 3094 2919 3149 Fidem
2954 3096 3041 3149 hic
3072 3095 3218 3149 illam
3247 3097 3381 3152 dicit

1800 3195 1904 3248 qua
1937 3183 2116 3235 credit
2143 3184 2264 3250 quis
2297 3185 2630 3239 manducare
2659 3187 2866 3248 omnia,
2900 3187 3038 3240 sicut
3081 3203 3241 3257 supra
3292 3189 3379 3244 di-

1800 3274 1879 3326 xit
1903 3292 1917 3329 :
1952 3275 2100 3328 Alius
2129 3276 2291 3329 credit
2319 3279 2639 3332 manducare
2664 3281 2840 3332 omnia
2867 3280 2934 3347 ⁸³,
2961 3280 3049 3336 ille
3071 3283 3187 3337 sine
3214 3283 3381 3339 dubio
3417 3287 3424 3289 ’

1798 3364 1893 3433 qui
1941 3368 2114 3420 credit
2161 3368 2304 3437 quod
2356 3368 2493 3421 nihil
2535 3370 2585 3422 in
2623 3371 2889 3425 creaturis
2939 3371 3033 3427 Dei
3065 3388 3376 3443 commune,

1799 3457 1934 3510 nihil
1985 3457 2328 3512 immundum
2378 3460 2468 3516 sit.
2521 3461 2626 3515 Sed
2665 3462 2776 3533 (65)
2808 3462 3001 3518 sufficit
3030 3464 3148 3531 tibi,
3179 3467 3374 3536 inquit,

1796 3546 1996 3602 habere
2050 3563 2234 3602 coram
2288 3549 2398 3604 Deo
2453 3552 2760 3618 hujusmodi
2805 3554 2961 3608 fidem
2990 3595 3005 3619 ,
3043 3570 3149 3608 non
3192 3566 3373 3611 tamen

1796 3640 2002 3696 idcirco
2031 3641 2304 3709 cogendus
2330 3651 2490 3697 estet
2511 3643 2625 3713 (64)
2651 3644 2791 3700 alius
2817 3657 2875 3699 ut
2911 3648 3094 3701 omnia
3133 3649 3373 3702 mandu-
3409 3667 3414 3671 ·

1793 3739 1900 3796 cet,
1935 3732 2026 3802 qui
2059 3733 2294 3787 nondum
2326 3733 2489 3789 habet
2514 3735 2674 3790 talem
2708 3735 2865 3791 fidem
2889 3749 2951 3792 ut
2979 3740 3382 3797 credatomuia'

1791 3839 1915 3879 esse
1950 3823 2350 3881 manducando.
2382 3824 2536 3892 Quod
2571 3837 2753 3884 autem
2805 3829 2964 3892 dixit,
3019 3831 3177 3884 habes
3227 3832 3370 3900 apud

1791 3919 2141 3988 temetipsum,
2167 3919 2490 3989 jactantiam
2525 3932 2759 3987 resecat,
2796 3937 2864 3977 ne
2897 3923 3069 3991 magis
3105 3925 3157 3978 in
3189 3933 3374 3979 osten-

1791 4009 1996 4064 tatione
2021 4011 2094 4064 sit
2122 4012 2264 4080 quod
2298 4012 2593 4076 credimus,
2617 4028 2781 4082 quam
2815 4014 2868 4067 in
2894 4016 3116 4070 virtute.
3144 4016 3368 4072 Addidit

1789 4113 1972 4157 autem
2002 4103 2116 4174 (65)
2145 4143 2161 4169 ,
2202 4105 2334 4158 habe
2353 4121 2535 4158 coram
2555 4105 2688 4172 Deo,
2724 4116 2784 4161 ut
2813 4108 3036 4163 doceret
3063 4108 3367 4179 sutisagen-

1789 4194 1914 4247 dum
1951 4195 2132 4261 nobis,
2164 4211 2269 4251 non
2297 4207 2355 4250 ut
2381 4201 2524 4266 apud
2561 4198 2809 4254 homines
2857 4199 2990 4255 ﬁdes
3039 4211 3227 4255 nostra
3255 4201 3363 4255 dif-

1789 4284 2047 4353 fametur,
2079 4288 2172 4343 sed
2207 4298 2268 4342 ut
2295 4290 2434 4358 apud
2471 4289 2639 4344 Deum
2674 4293 2954 4360 probetur.
3011 4292 3232 4346 Multum
3279 4304 3366 4349 est

110 4379 270 4434 etiam
305 4382 576 4437 malarum
603 4385 803 4438 aruum
832 4383 1008 4438 νει-ων
1041 4382 1162 4438 ιθιὶε
1196 4383 1386 4437 haberi
1419 4383 1680 4437 observa-
1713 4385 1757 4439 1)
1787 4386 1966 4432 autem
1990 4391 2172 4433 coram
2202 4378 2311 4434 Deo
2339 4381 2542 4436 habere
2591 4382 2925 4450 probabilem
2971 4384 3156 4439 fidem.
3207 4385 3364 4453 Apud

115 4473 208 4530 tio.
249 4477 640 4531 liazreticorum
686 4487 834 4530 certe
882 4491 988 4530 non
1027 4474 1214 4544 paucis
1248 4475 1540 4529 observare
1567 4473 1682 4528 hzec

118 4567 279 4621 moris
319 4577 405 4622 est
451 4566 601 4639 (59);
635 4577 692 4623 et
727 4577 905 4622 tamen
956 4582 1061 4621 non
1109 4565 1365 4621 continuo
1411 4563 1677 4618 dicimus:

113 4650 312 4708 Bonum
348 4656 532 4710 esteis
553 4656 680 4725 quia
708 4671 820 4710 non
858 4655 1190 4708 manducant
1223 4665 1469 4716 carnem,
1502 4665 1680 4718 neque

116 4744 303 4802 bibunt
332 4749 538 4802 vinum.
589 4746 696 4802 Sed
729 4746 819 4801 illo
862 4747 1020 4814 plane
1057 4746 1218 4799 modo
1257 4758 1365 4813 quo
1405 4743 1458 4798 in
1489 4757 1680 4798 conse-

1793 4469 1960 4523 Deum
1993 4470 2138 4524 enim
2182 4471 2348 4525 etiam
2379 4473 2751 4541 apostolorum
2782 4474 2913 4529 fides
2942 4491 3107 4544 parva
3136 4474 3248 4547 (66)
3276 4477 3366 4544 ju-

1787 4560 2037 4624 dicatur,
2086 4562 2230 4616 unde
2277 4563 2475 4618 dicitur
2532 4565 2597 4619 ad
2640 4563 2901 4619 Petrum:
2949 4565 3176 4622 Modica:
3212 4568 3363 4636 ﬁdei,

1784 4667 1949 4720 quare
1969 4651 2230 4706 dubitasti
2252 4652 2561 4708 “‘ildcirco
2589 4668 2720 4722 ergo
2750 4669 2878 4710 vere
2906 4670 3134 4726 magnus
3163 4657 3363 4726 estqui

1786 4758 1971 4798 coram
2003 4742 2112 4798 Deo
2137 4745 2300 4798 habet
2325 4746 2658 4815 probabilem
2685 4746 2864 4802 fidem.

178 4869 223 4901 ³⁷
263 4869 438 4926 Levit.
470 4885 548 4936 xi,
582 4869 755 4939 eseq.
818 4868 864 4900 ³⁸
885 4870 1004 4922 Act.
1045 4883 1100 4923 x.
1127 4864 1320 4920 15-15.
1397 4863 1440 4896 ³³
1468 4864 1484 4916 Ι
1513 4863 1642 4918 Cor.

1929 4862 1974 4895 ‘°
2011 4863 2168 4918 Rom.
2199 4864 2404 4930 xwﬂﬂ.
2481 4866 2524 4896 “
2559 4865 2686 4919 ibid.
2717 4864 2771 4919 2.
2847 4865 2893 4896 θ’
2915 4864 3102 4922 Matth.
3131 4883 3240 4936 xw,
3266 4867 3356 4924 51.

185 4981 295 5052 (57)
325 4978 490 5047 Editi,
529 4999 688 5051 super
715 4991 763 5035 te
792 4990 966 5034 utente
994 4980 1076 5033 his
1110 4979 1265 5044 cibis,
1301 4987 1410 5032 etc.
1443 4974 1669 5043 Deinde,

113 5066 520 5130 quanc‘ommune
541 5052 958 5130 etimntundum.
1058 5121 1087 5130 _r
1495 5119 1533 5130 __
1571 5119 1582 5130 .

185 5122 290 5191 (58)
325 5125 487 5188 Editi,
517 5125 607 5192 qui
631 5122 726 5174 hoc
758 5121 1025 5176 existimat
1051 5121 1125 5173 ita
1151 5133 1434 5192 commu_ne_
1456 5119 1672 5189 eﬁicitur

118 5200 162 5243 et
196 5189 545 5248 immundum.
593 5192 797 5257 Quibus
836 5193 1120 5258 euidenter,
1171 5199 1277 5245 etc.
1329 5189 1437 5244 Sed
1481 5203 1674 5244 omnes

117 5276 238 5317 mss.
271 5277 323 5317 et
359 5265 614 5318 Babanus
645 5273 703 5317 ttt
740 5263 793 5316 in
832 5272 1002 5315 textu.

186 5333 290 5404 (59)
323 5335 484 5400 Editi,
513 5336 606 5404 hoc
643 5345 840 5387 certum
870 5339 947 5384 est
970 5343 988 5380 :
1020 5330 1281 5404 interdum
1315 5331 1474 5404 etiam
1501 5327 1672 5404 mala-

120 5400 226 5456 rum
252 5400 465 5458 artium.
519 5402 714 5457 Fertur
742 5405 866 5456 talis
917 5417 1120 5470 quoque
1159 5400 1339 5452 haberi
1380 5401 1669 5452 observatio

122 5473 489 5538 hmreticorum,
519 5482 568 5528 et
603 5491 703 5528 non
729 5474 911 5550 paucis
935 5473 1204 5550 observare
1235 5475 1346 5550 {uec
1372 5472 1534 5522 meris
1567 5479 1666 5550 est,

121 5553 216 5596 etc.
254 5544 353 5600 Sed
399 5560 588 5598 omnes
636 5559 761 5598 mss.
799 5553 851 5596 et
878 5541 1131 5595 liabanus
1155 5549 1213 5594 ut
1242 5542 1294 5593 in
1343 5549 1487 5594 textu
1521 5557 1533 5591 :
1571 5541 1662 5604 qui

119 5625 296 5690 onines
336 5615 490 5684 paulo
521 5624 638 5681 post
686 5615 908 5674 habent,
948 5622 994 5664 et
1035 5611 1416 5690 non_canti._nuo
1443 5611 1665 5690 dicimus

124 5682 230 5748 (aL,
272 5681 518 5741 dicemusl
550 5686 753 5740 omisso
783 5694 974 5744 tamen,
1005 5682 1148 5737 uuod
1189 5681 1479 5742 praeferunt
1512 5681 1662 5735 editi.

1850 4975 1963 5045 (60)
1987 4978 2103 5030 Est.
2120 4975 2398 5030 Omittitur
2423 4977 2476 5031 in
2504 4977 2684 5031 editis.

1779 5115 1800 5167 Ι
1850 5045 2164 5167 (δηιΕιΙίιί,
2211 5049 2508 5101 omnimode
2543 5049 2856 5116 degustare,
2889 5066 2992 5119 quo
3019 5052 3218 5106 scilicet
3262 5069 3356 5122 per

1796 5132 1910 5167 ta'c.
1947 5132 1976 5167 e
2002 5133 2050 5167 c.

1796 5126 1910 5178 ia'c,
1947 5126 2050 5169 etc.

1853 5185 1965 5258 (62)
2002 5187 2162 5251 Editi,
2200 5187 2358 5239 etiam
2384 5188 2812 5242 manducandum
2855 5201 2952 5256 est,
2987 5201 3092 5245 etc.
3147 5191 3353 5248 Deinde

1777 5255 1879 5309 ms.
1917 5255 2118 5325 Regius
2150 5273 2296 5309 nutu.
2338 5259 2496 5314 1659.
2528 5270 2616 5310 aut
2657 5255 3031 5312 detrimentum
3075 5262 3350 5315 cltaritatis

1776 5326 2036 5379 incurrat.
2089 5326 2194 5380 Sed
2223 5330 2405 5382 caeteri
2451 5345 2602 5396 mss.,
2632 5328 2911 5394 Rabanus,
2944 5341 2996 5384 et
3029 5333 3159 5384 editi
3203 5341 3261 5384 ut
3295 5335 3349 5388 in

1779 5407 1897 5449 llOSi
1909 5413 1967 5450 l'0
2000 5407 2170 5450 textu.

1849 5467 1958 5539 (65)
1978 5465 2080 5539 Sed
2095 5467 2362 5539 omittitur
2376 5469 2428 5521 in
2443 5467 2876 5524 editisJiabauus
2893 5470 3112 5524 habete!
3125 5485 3220 5539 pro
3232 5474 3345 5528 scd.

1845 5537 1954 5608 (64)
1987 5538 2143 5592 Deest
2169 5547 2218 5588 et
2251 5538 2303 5589 iu
2328 5541 2507 5592 editis.
2779 5549 2784 5554 ‘

1846 5609 1958 5676 (65)
1986 5611 2188 5661 Auteut.
2226 5608 2732 5662 Prmtertnittilurin
2764 5620 2918 5666 antea
2949 5609 3130 5666 editis.

1851 5678 1961 5750 (66)
1994 5677 2190 5734 Parva.
2221 5680 2569 5736 Omittiturin
2599 5681 2776 5736 editis.
