3744 6146
361 224 500 280 1⁸255

1803 216 2057 275 ORIGEN
2065 215 2125 273 IS

3473 218 3598 273 1256

431 343 484 395 5.
521 338 718 394 Beatus
746 340 836 408 qui
871 355 988 392 .non
1014 337 1226 408 judicat
1259 339 1594 410 semetipsum
1618 340 1671 394 in
1703 354 1762 392 eo
1795 341 1933 408 quod
1967 347 2010 400 Α
2041 338 2156 391 sive
2189 335 2400 389 locutus
2436 331 2624 398 lueris,
2666 334 2782 387 sive
2808 333 2972 388 etiam
3005 332 3352 403 cogitaveris,
3396 347 3599 401 peccas.

358 436 566 501 probat.
597 433 702 498 Qui
750 440 926 485 autem
961 431 1241 494 discernit,
1289 434 1334 484 si
1377 433 1796 496 manducauerit,
1837 434 1934 487 da-

358 541 568 580 mnatus
602 536 700 592 est,
731 526 854 595 quia
881 541 983 578 non
1011 541 1075 578 ex
1099 525 1223 590 ﬁde.
1257 523 1422 584 Omne
1449 535 1626 578 autem
1663 529 1800 594 quod
1831 542 1935 578 non

360 631 433 672 est
465 634 528 671 ex
555 617 681 685 ﬁde,
704 625 976 685 peccatum
1003 625 1080 669 est
1107 616 1154 648 ⁸⁸
1180 615 1313 685 (67).
1361 615 1558 669 Beatus
1586 617 1707 685 quis
1737 617 1935 670 dicitur

361 727 468 766 non
507 710 678 764 solum
707 709 750 762 si
787 707 951 762 faciat
981 723 1042 761 ea
1069 723 1190 776 quae
1219 707 1496 774 competit,
1523 709 1616 760 sed
1665 718 1720 761 et
1743 708 1787 760 si
1826 723 1932 760 non

360 802 528 856 faciat
551 816 611 854 ea
650 815 769 869 quae
801 815 906 853 non
936 800 1239 867 competit:
1288 808 1344 852 ut
1392 799 1483 851 ille
1524 799 1704 852 beatus
1737 799 1935 853 dicitur

359 896 448 964 qui
471 910 574 946 non
598 893 727 946 abiit
757 893 810 945 in
839 891 1060 944 consilio
1091 892 1374 966 impiorum
1401 891 1468 954 ⁸⁵,
1502 900 1555 944 et
1590 891 1679 943 ille
1733 892 1932 944 nihilo-

360 987 539 1040 minus
565 986 756 1038 beatus
799 983 892 1052 qui
929 984 1170 1037 ambulat
1200 983 1250 1035 in
1279 981 1396 1049 lege
1429 982 1638 1035 Domini
1671 982 1736 1034 “.
1767 983 1934 1054 επ)

358 1078 450 1133 Ille
481 1091 634 1143 ergo,
684 1077 808 1144 quia
866 1089 972 1128 non
1029 1072 1269 1127 ambulat
1314 1074 1366 1126 in
1418 1073 1504 1124 via
1541 1085 1930 1141 peccatorum;

355 1170 466 1230 hic,
493 1168 620 1235 quia
657 1166 899 1221 ambulat
932 1167 984 1218 in
1026 1164 1142 1234 lege
1181 1165 1420 1226 Domini.
1452 1167 1637 1219 beatus
1664 1175 1750 1220 est
1793 1166 1930 1237 (68).

355 1260 429 1315 Ita
453 1260 582 1313 etin
618 1259 869 1329 pratsenti
904 1258 1028 1311 loco
1049 1259 1338 1326 Apostolus
1357 1275 1371 1311 :
1389 1258 1605 1317 Beatus.
1625 1259 1820 1326 inquit,
1843 1261 1934 1329 qui

356 1370 459 1406 non
487 1353 697 1420 judicat
727 1352 1057 1416 semetipsum
1085 1353 1138 1404 in
1171 1369 1230 1403 eo
1253 1353 1391 1419 quod
1411 1355 1621 1417 probat.
1649 1352 1752 1406 Sed
1777 1353 1933 1418 cujus

354 1446 534 1513 operis
559 1444 629 1497 sit
662 1444 763 1497 ista
794 1443 1068 1497 beatitudo
1107 1443 1387 1498 videamus
1421 1443 1552 1510 (69).
1590 1444 1739 1498 Multi
1785 1446 1930 1498 enim

355 1547 483 1590 sunt
511 1536 603 1604 qui
637 1540 866 1604 probant
891 1534 1096 1604 aliquid
1139 1533 1263 1587 boni
1295 1534 1472 1588 lacere
1499 1575 1513 1597 ,
1551 1536 1700 1589 verbi
1735 1538 1928 1602 gratia,

354 1630 442 1698 qui
483 1628 766 1681 audientes
808 1627 872 1679 de
903 1626 1140 1694 praemiis
1167 1625 1441 1678 casdtatis
1476 1625 1702 1694 probant
1735 1638 1789 1679 et
1820 1638 1931 1681 sta-

357 1729 512 1772 tuunt
543 1727 692 1772 caste
721 1719 937 1781 vivere;
973 1717 1066 1770 sed
1091 1731 1347 1784 processu
1385 1718 1665 1783 temporis,
1689 1717 1771 1771 vel
1802 1724 1930 1772 sub-

356 1810 585 1879 ripiente
613 1809 958 1879 negligentia,
999 1808 1083 1862 vel
1108 1816 1399 1876 superante
1436 1807 1681 1874 libidine,
1708 1809 1759 1863 id
1787 1813 1928 1878 quod

354 1903 751 1956 observandum
797 1900 1166 1970 probaverant
1202 1901 1506 1955 maculatur
1531 1913 1586 1956 et
1619 1903 1926 1970 corrumpi-

355 2003 444 2044 tur
477 2009 488 2043 :
525 2004 579 2045 et
611 2001 695 2046 est
733 1992 920 2046 infelix
949 1993 1076 2055 iste,
1112 1994 1204 2060 qui
1243 1993 1294 2045 in
1331 2007 1396 2046 eo
1439 1994 1580 2062 quod
1633 1995 1929 2048 observare

355 2081 666 2138 decreverat
691 2085 884 2148 victus,
913 2085 1263 2152 semetipsum
1281 2084 1490 2152 jndicat
1515 2095 1566 2136 et
1584 2085 1929 2138 condemnat.

355 2175 558 2228 Beatus
587 2190 714 2228 vero
747 2175 836 2228 ille
867 2185 968 2232 est.
999 2177 1088 2244 qui
1130 2176 1181 2228 in
1216 2191 1281 2229 eo
1316 2176 1458 2243 quod
1509 2177 1701 2244 probat
1735 2186 1782 2228 et
1818 2183 1930 2229 sta-

357 2271 478 2331 tuit,
506 2268 578 2322 ita
613 2277 893 2336 permanet
925 2268 1066 2322 ﬁxus
1097 2278 1152 2321 et
1178 2268 1412 2332 stabilis,
1463 2276 1521 2320 ut
1571 2267 1622 2320 in
1661 2266 1807 2320 nullo
1839 2282 1926 2321 se-

355 2359 644 2426 metipsum
667 2357 898 2422 judicet,
933 2359 988 2411 in
1021 2357 1168 2412 nullo
1195 2358 1576 2426 reprehendat.
1607 2358 1718 2412 Hoc
1747 2367 1928 2411 autem

353 2461 407 2502 et
433 2449 546 2518 (70)
573 2450 626 2502 in
658 2449 1005 2503 observantia
1042 2449 1308 2513 ciborum,
1337 2451 1629 2503 secundum
1665 2464 1784 2503 eam
1839 2466 1927 2505 re-

354 2542 532 2611 gulam
564 2557 726 2610 quam
771 2542 1021 2611 superius
1047 2542 1241 2604 texuit,
1272 2543 1580 2596 habendum
1607 2543 1763 2605 dicit,
1797 2553 1857 2597 ut
1884 2545 1928 2598 si

353 2634 478 2704 quis
522 2645 605 2689 est
652 2635 743 2703 qui
777 2650 873 2704 per
917 2635 1198 2691 scientiam
1247 2635 1507 2704 spiritalis
1554 2635 1688 2706 legis
1735 2638 1930 2706 probat

353 2725 537 2779 omnia
588 2726 981 2788 manducanda,
1030 2734 1084 2779 et
1133 2727 1315 2779 omnia
1368 2740 1491 2780 esse
1537 2728 1731 2781 munda
1761 2769 1776 2794 ,
1821 2744 1928 2782 non

353 2829 568 2869 rursum
598 2815 802 2883 judicet
837 2815 1210 2884 semetipsum,
1244 2825 1299 2871 et
1329 2816 1726 2871 dubitationem
1751 2818 1931 2887 capiat

353 2916 534 2960 utrum
571 2922 789 2961 sumere
817 2907 1032 2971 debeat,
1066 2921 1238 2962 necne
1276 2925 1290 2960 :
1341 2909 1465 2976 quia
1495 2911 1587 2978 qui
1637 2908 1741 2963 hoc
1771 2910 1929 2962 modo

354 3000 636 3062 discernit,
669 3001 769 3053 hoc
791 3008 872 3052 est
909 2999 1040 3068 (7|),
1063 3001 1151 3068 qni
1177 3001 1393 3054 dubitat
1424 3015 1602 3054 utrum
1626 3015 1752 3054 vere
1781 3017 1933 3054 mun-

2036 427 2147 482 Roc
2197 427 2337 480 idem
2385 427 2637 494 estquod
2671 435 2725 478 et
2772 426 2825 479 in
2864 425 2986 477 aliis
3033 425 3205 478 dicit:
3243 425 3364 478 Sive
3391 429 3601 477 mandu-

2037 519 2195 581 cutis,
2226 519 2330 571 sive
2358 517 2554 579 bibitis,
2583 516 2688 567 sive
2717 514 2866 566 aliud
2905 513 3032 584 quid
3080 513 3277 582 facitis,
3331 517 3508 566 omnia
3539 517 3598 566 ad

2031 612 2257 678 gloriam
2295 607 2388 660 Dei
2422 607 2582 676 facite
2607 606 2674 660 ιδ.
2709 604 2812 659 Sed
2847 604 3091 674 requirat
3126 603 3325 672 aliquis
3354 605 3400 658 si
3428 615 3479 657 et
3502 606 3600 658 ha:-

2036 702 2187 757 retici
2221 715 2344 770 quae
2382 700 2613 763 faciunt,
2652 700 2779 766 quia
2815 699 3111 753 secundum
3141 699 3245 753 hoc
3290 701 3444 768 quod
3493 716 3599 754 cre-

2034 794 2169 848 dunt
2201 795 2432 856 faciunt,
2464 809 2530 847 ex
2565 791 2669 847 ﬁde
2695 791 2873 848 facere
2904 793 3241 846 credantur:
3286 807 3356 844 an
3395 793 3516 861 quia
3547 793 3601 845 ﬁ-

2032 890 2126 942 des
2177 889 2319 956 apud
2359 886 2481 940 illos
2516 885 2654 938 mala
2711 894 2795 938 est
2839 883 2976 955 (75),
3018 899 3182 938 omne
3215 885 3359 953 quod
3410 885 3602 940 faciunt

2032 988 2315 1047 peccatum
2349 977 2811 1046 pronuntiandum
2847 977 2942 1040 sit,
2975 978 3102 1046 quia
3164 991 3270 1036 non
3303 980 3366 1030 ﬁt
3392 993 3458 1030 ex
3485 977 3600 1032 ﬁde.

2033 1071 2144 1140 Ego
2171 1078 2299 1138 puto
2323 1069 2536 1122 illorum
2564 1067 2941 1122 credulitatem
2963 1067 3220 1137 appellari
3245 1067 3420 1137 magis
3451 1085 3599 1136 quam

2033 1175 2157 1214 esse
2200 1162 2384 1215 tidem.
2437 1159 2589 1214 Sicut
2637 1160 2778 1213 enim
2816 1161 3298 1230 pseudoprophetze
3331 1159 3470 1213 falso
3510 1177 3601 1213 no-

2035 1251 2180 1306 mine
2212 1252 2482 1305 interdum
2505 1252 2782 1320 propheta:
2803 1251 3180 1321 appellantur;
3205 1263 3260 1304 et
3279 1252 3417 1305 falsa
3441 1252 3602 1307 scien-

2035 1342 2126 1406 tia,
2161 1343 2388 1396 scientia
2437 1344 2680 1410 dicitur;
2724 1355 2778 1398 et
2814 1344 2949 1400 falsa
2999 1344 3286 1414 sapientia,
3345 1346 3601 1414 sapientia

2031 1436 2257 1490 abusive
2308 1439 2661 1491 nominatur:
2696 1437 2769 1490 ita
2805 1448 2861 1491 et
2893 1438 3274 1492 haereticorum
3321 1438 3602 1494 credulitas

2032 1527 2172 1582 falso
2205 1530 2422 1584 nomine
2460 1529 2594 1584 ﬁdes
2621 1531 2948 1600 appellatur.
2982 1529 3132 1586 Unde
3176 1531 3480 1585 videndum
3529 1542 3601 1585 est

2033 1633 2099 1672 ne
2146 1618 2285 1675 forte
2319 1621 2483 1676 etiam
2532 1623 2578 1679 si
2625 1624 2755 1691 quid
2789 1624 2912 1678 boni
2942 1624 3125 1692 operis
3159 1625 3300 1694 apud
3340 1625 3466 1679 illos
3498 1624 3600 1694 geri

2032 1713 2264 1775 videtur,
2302 1715 2431 1782 quia
2463 1730 2571 1769 non
2611 1719 2673 1771 lit
2705 1731 2773 1770 ex
2808 1716 2931 1779 ﬁde,
2983 1726 3342 1770 convertatur
3389 1718 3441 1770 in
3486 1733 3600 1786 pec-

2030 1815 2230 1862 catum.
2270 1807 2412 1860 sicut
2444 1815 2499 1860 et
2533 1806 2599 1859 de
2625 1807 2859 1875 quodam
2889 1808 3090 1861 dictum
3115 1817 3236 1862 est:
3269 1806 3404 1860 Fiat
3443 1809 3600 1862 oratio

2029 1896 2143 1965 ejus
2169 1899 2223 1949 in
2262 1909 2533 1963 peccatum
2557 1898 2625 1954 ⁸⁷.
2664 1898 2759 1951 Est
2803 1899 3074 1952 interdum
3111 1909 3165 1952 et
3218 1900 3452 1953 castitas
3495 1917 3602 1966 quas

2032 2002 2138 2040 non
2173 1997 2254 2040 est
2285 2003 2350 2040 ex
2383 1987 2509 2049 ﬁde,
2541 2002 2732 2042 eorum
2781 1987 3044 2041 duntaxat
3073 1990 3162 2054 qui
3192 1991 3477 2041 attendunt
3504 1991 3600 2057 spi-

2031 2079 2220 2130 ritibus
2259 2079 2623 2131 seductoribus
2650 2089 2697 2131 et
2735 2080 2992 2132 doctrinis
3019 2082 3410 2133 dtemoniorum
3442 2081 3495 2133 in
3518 2083 3602 2149 Ity-

2029 2169 2222 2236 pocrisi
2283 2169 2423 2236 falsa
2475 2169 2844 2238 loquentium,
2901 2172 3247 2224 cautet'iatam
3307 2175 3602 2227 habentium

2029 2261 2428 2320 conscientiam,
2471 2261 2860 2326 prohibentium
2903 2264 3114 2327 nubere,
3149 2275 3197 2317 et
3230 2265 3603 2318 abstinentiam

2029 2371 2085 2408 se
2114 2371 2146 2405 a
2180 2354 2306 2406 cibis
2330 2371 2459 2422 quos
2487 2353 2627 2406 Deus
2650 2357 2845 2408 creavit
2869 2356 2935 2408 ⁸⁸.
2967 2355 3058 2409 Est
3083 2370 3212 2426 ergo
3241 2367 3298 2410 et
3322 2357 3460 2411 falsa
3487 2358 3602 2414 ﬁdes

2029 2443 2143 2514 (76)
2188 2459 2377 2498 eorum
2411 2444 2502 2511 qui
2539 2445 2682 2498 circa
2725 2445 2886 2513 ﬁdem
2925 2447 3379 2516 naufragarerunt
3411 2452 3488 2510 ‘l';
3532 2463 3606 2505 est

2029 2548 2084 2592 et
2119 2537 2252 2592 falsa
2277 2537 2566 2607 sapientia,
2595 2538 2756 2608 hujus
2785 2540 2999 2595 scilicet
3023 2543 3223 2605 mundi,
3243 2552 3300 2596 et
3316 2545 3602 2612 principum

2029 2628 2187 2696 hujus
2213 2630 2397 2680 mundi
2429 2627 2497 2692 '°,
2528 2643 2649 2696 qua:
2679 2632 3006 2684 destruetur.
3045 2629 3198 2685 Sicut
3231 2633 3384 2686 enim
3434 2635 3604 2701 pirata

2029 2720 2202 2774 solent
2230 2723 2280 2773 in
2313 2721 2446 2774 mari
2474 2721 2531 2774 in
2554 2721 2685 2776 locis
2733 2723 2946 2777 vadosis
2977 2725 3324 2794 occultisque
3353 2728 3600 2796 scopulis,

2030 2827 2126 2882 per
2152 2814 2448 2866 obscurum
2481 2797 2658 2868 noctis
2692 2815 2870 2870 lumen
2924 2819 3247 2884 accendere,
3299 2835 3416 2885 quo
3469 2823 3601 2873 navi-

2032 2920 2224 2977 gantes
2253 2911 2353 2964 sub
2407 2925 2501 2980 spe
2533 2898 2878 2980 confugiendi
2914 2911 2980 2963 ad
3020 2921 3236 2981 portum
3261 2921 3267 2926 ‘
3291 2913 3512 2977 salutis,
3545 2915 3602 2966 ad

2034 3001 2314 3067 naufragia
2355 3003 2675 3072 perditionis
2704 3005 2972 3070 invitent;
3011 3007 3086 3058 ita
3143 3014 3199 3060 et
3248 3006 3398 3060 istud
3433 3007 3599 3059 lumen

355 3092 483 3146 dum
519 3091 590 3146 sit
641 3107 707 3144 an
765 3092 1101 3145 immundum
1137 3097 1278 3160 quod
1319 3093 1504 3154 sumit,
1563 3094 1664 3145 iste
1712 3107 1776 3147 ex
1818 3093 1929 3162 ipsa
1957 3071 2000 3131 (ἶ
2037 3094 2188 3148 falsae
2215 3071 2495 3162 sapientiae
2520 3096 2605 3148 vel
2641 3096 2789 3149 falsae
2825 3097 2946 3150 ﬁdei
2983 3111 3009 3149 a
3042 3097 3388 3166 principibus
3430 3099 3599 3151 mundi

355 3185 523 3239 animi
552 3185 634 3238 sui
663 3185 1002 3238 dubitatione
1029 3186 1365 3239 conscientia
1402 3195 1666 3253 arguente
1703 3187 1931 3239 damna-

356 3286 464 3332 tur.
499 3277 728 3331 Causam
762 3292 976 3345 quoque
1004 3274 1162 3342 hujus
1181 3277 1547 3330 damnationis
1575 3277 1820 3346 exponit,
1850 3277 1932 3330 di-

355 3384 485 3424 cens
511 3388 524 3423 :
559 3369 697 3435 Quia
731 3385 839 3422 non
870 3385 934 3422 ex
971 3370 1075 3424 ﬁde
1105 3370 1340 3423 sumitur
1363 3369 1498 3438 (7:2),
1529 3371 1623 3445 sed.
1654 3371 1838 3438 utique
1864 3386 1930 3422 ex

358 3462 715 3516 dubitatione.
751 3462 816 3514 Et
843 3473 964 3530 post
990 3461 1104 3514 haec
1134 3462 1437 3528 generalem
1483 3477 1643 3529 super
1671 3463 1927 3516 omnibus

355 3554 680 3606 sententiam
713 3555 963 3622 proponit
984 3553 1118 3622 (75),
1140 3555 1323 3606 dicens
1355 3571 1368 3605 :
1403 3551 1568 3606 Omne
1590 3555 1927 3623 autemquod

355 3660 460 3698 non
491 3653 565 3698 est
595 3661 658 3698 ea:
687 3645 812 3710 ﬁde,
844 3656 1112 3712 peccatum
1142 3655 1236 3697 est.
1274 3645 1326 3696 lu
1363 3645 1462 3698 hoc
1498 3661 1751 3699 sermone
1800 3661 1925 3699 cre-

355 3738 599 3791 dentium
641 3753 982 3806 quorutnque
1017 3738 1350 3807 negligentes
1383 3748 1438 3792 et
1466 3739 1681 3792 desides
1721 3739 1929 3792 animas

356 3829 574 3883 vinculo
602 3831 837 3884 arctiore
877 3829 1198 3899 constringit
1228 3829 1363 3899 (74),
1405 3841 1460 3884 ut
1491 3831 1626 3884 nihil
1653 3832 1771 3884 sine
1825 3831 1927 3884 title

356 3931 538 3990 agant,
581 3922 713 3975 nihil
764 3923 970 3990 absque
1019 3921 1124 3974 ﬁde
1165 3924 1368 3982 dicunt,
1409 3937 1506 3975 nec
1557 3925 1767 3988 absque
1825 3921 1928 3974 ﬁde

357 4012 561 4082 aliquid
593 4014 872 4082 cogitent:
907 4015 1031 4082 quia
1059 4014 1172 4066 sive
1213 4014 1340 4082 quid
1374 4016 1612 4084 gesseris
1641 4014 1758 4067 sine
1798 4013 1926 4076 ﬁde,

2034 3197 2089 3239 et
2110 3186 2393 3255 spiritibus
2421 3188 2566 3240 aeris
2594 3186 2752 3256 hujus
2779 3190 3116 3253 accenditur,
3162 3205 3267 3243 non
3319 3206 3420 3258 per
3471 3193 3600 3260 quod

2032 3279 2290 3342 evadant,
2325 3278 2418 3331 sed
2449 3293 2543 3346 per
2571 3280 2716 3348 quod
2748 3291 2969 3346 pereant
3003 3282 3254 3335 homines
3297 3283 3486 3334 mundi
3512 3284 3600 3335 hu-

2025 3366 2115 3436 jus
2138 3368 2336 3423 lluctus
2365 3382 2422 3423 et
2447 3373 2570 3424 vitae
2601 3373 2822 3440 pelagus
2849 3374 3192 3441 navigantes.
3246 3374 3320 3425 De
3363 3375 3467 3434 his,
3496 3373 3600 3441 opi-

2036 3475 2157 3522 nor,
2193 3462 2382 3530 piratis
2415 3462 2628 3516 dicebat
2659 3472 2713 3516 et
2744 3464 2881 3517 Job:
2927 3463 3151 3532 Sagitta:
3180 3467 3480 3535 piratarum
3500 3467 3602 3536 ejus

2033 3571 2194 3622 super
2247 3571 2327 3607 me
2378 3566 2627 3609 venerunt
2655 3557 2724 3613 “.
2766 3557 2828 3610 Et
2875 3557 2944 3611 ob
2993 3559 3094 3612 hoc
3146 3559 3406 3614 nimirum
3452 3563 3598 3614 etiam

2036 3648 2148 3715 ipse
2199 3646 2396 3700 Paulus
2443 3649 2720 3716 apostolus
2769 3651 2921 3714 dicit,
2975 3650 3103 3718 quia
3137 3661 3191 3702 et
3224 3653 3339 3719 ipse
3378 3653 3599 3706 Satanas

2035 3738 2378 3806 transﬁgurat
2415 3755 2470 3791 se
2513 3739 2568 3792 in
2609 3739 2851 3808 angelum
2882 3741 3016 3794 lucis
3041 3741 3087 3772 ⁵⁸
3116 3741 3249 3811 (77).
3310 3743 3594 3812 Propterea

2033 3845 2161 3899 ergo
2190 3831 2503 3898 navigantes
2531 3831 2654 3884 vita:
2679 3831 2840 3897 hujus
2869 3835 3063 3898 undas,
3088 3850 3191 3889 non
3223 3837 3374 3888 omni
3398 3836 3592 3896 lumini.

2037 3921 2086 3973 id
2122 3930 2208 3974 est
2263 3937 2366 3973 non
2401 3925 2545 3975 oumi
2581 3924 2863 3990 sapientiae
2899 3927 3123 3980 credere
3158 3928 3457 3994 debemus;
3513 3930 3596 3983 sed

2036 4015 2176 4066 sicut
2228 4023 2411 4068 monet
2445 4015 2767 4084 Apostolus,
2809 4021 3045 4086 probare
3098 4022 3342 4088 spiritus,
3399 4023 3488 4092 qui
3539 4038 3595 4076 ex

430 4196 657 4276 {'ﬂom.
688 4211 803 4276 ιιξινΣ
823 4196 1120 4276 22:35..“
1150 4197 1291 4276 Psal;
1327 4215 1362 4261 1.
1467 4198 1699 4276 ,δ’-Ρςθιο
1725 4203 2014 4276 ῼΧγΨχἌχ
2043 4203 2088 4233 ⁸⁸
2120 4203 2134 4255 Ι
2167 4203 2472 4276 (Ἰοῖ-,χῶι
2526 4204 2569 4236 ’⁸⁷
2599 4206 2740 4262 Psal.
2768 4224 2921 4274 cvnt,
2956 4209 3006 4263 7.
3062 4210 3108 4240 ’⁸⁸
3135 4209 3153 4264 1
3177 4210 3318 4265 Tim.
3353 4228 3428 4275 tv,
3460 4213 3512 4276 2,
3541 4210 3587 4264 5.

359 4266 404 4300 δ’
443 4266 627 4322 l'l‘im.
672 4282 708 4332 t,
741 4268 828 4321 19.
902 4269 947 4299 ⁵ο
979 4268 1142 4322 lCor.
1169 4284 1233 4333 tt,
1257 4271 1310 4321 ti.
1389 4268 1429 4298 "
1459 4267 1560 4322 Job
1603 4286 1674 4332 vt,
1712 4273 1764 4322 4.

1842 4273 1886 4302 ⁵³
1913 4273 1950 4326 ιι
1980 4274 2104 4329 Cor.
2149 4290 2225 4336 λι,
2265 4275 2345 4328 14.

430 4443 548 4519 (67)
575 4444 740 4519 Omne
766 4456 937 4519 autem
975 4447 1111 4514 quod
1148 4464 1250 4519 non
1277 4457 1356 4519 est
1405 4462 1469 4500 e1:
1491 4448 1615 4515 ﬁde,
1657 4461 1925 4516 peccatum
1961 4455 2002 4508 D
2034 4467 2134 4504 ms.
2174 4451 2374 4519 Regius
2419 4471 2570 4511 num.
2606 4456 2744 4512 1659
2777 4468 2832 4513 et
2878 4458 3139 4516 Rabanus
3182 4463 3387 4517 rectius
3438 4475 3495 4516 ut
3542 4463 3585 4516 in

363 4527 460 4568 est.
509 4515 631 4570 Haec
671 4516 1051 4571 desiderantur
1081 4519 1130 4569 in
1160 4518 1340 4581 editis,
1372 4528 1427 4571 et
1470 4515 1830 4573 restituuntur
1858 4537 1926 4574 ex

363 4601 492 4640 llISS.

432 4655 544 4724 (68)
569 4653 664 4708 Ille
680 4671 819 4722 ergo,
846 4657 969 4726 quia
1002 4675 1103 4710 non
1129 4659 1359 4710 ambulat
1384 4660 1436 4712 in
1464 4659 1545 4710 via
1567 4669 1930 4724 peccatorum:

363 4726 466 4785 hic,
496 4727 619 4794 quia
653 4727 882 4777 ambulat
918 4729 970 4778 in
1015 4729 1122 4796 lege
1165 4727 1397 4796 Domini,
1433 4731 1611 4780 beatus
1657 4743 1753 4782 est.
1805 4730 1929 4786 llaec

364 4796 852 4866 prmtermittuntur
881 4798 930 4848 in
955 4795 1134 4851 editis.
1161 4795 1412 4851 Rabanus
1437 4814 1720 4866 perperam
1749 4801 1931 4865 habet,

361 4865 547 4918 inutile
572 4864 749 4917 beatus
785 4877 856 4916 est
888 4867 975 4933 qui
998 4885 1099 4920 non
1131 4877 1232 4918 stat
1257 4869 1313 4920 in
1339 4864 1808 4935 via—peccatorum,
1831 4864 1925 4923 sicé

361 4946 417 4986 ut
448 4936 545 5006 ill_e_
569 4936 656 5006 qu_i
690 4935 972 5006 meditatur
998 4938 1226 5002 quotidie
1265 4941 1317 4990 in
1359 4939 1467 5006 lege
1505 4939 1715 4991 Domini
1747 4941 1926 4994 beatus

361 5015 460 5076 est.
501 5003 598 5076 bis.
626 5003 833 5076 Regius,
857 5021 1005 5057 num.
1049 5008 1208 5070 1639,
1235 5009 1322 5060 hic
1348 5003 1475 5076 quia
1500 5010 1737 5060 ambulat
1766 5011 1819 5062 in
1844 5011 1924 5063 via

361 5074 479 5129 Dei.
519 5074 622 5126 Sed
655 5075 836 5126 caueri
870 5089 1000 5128 mss.
1031 5088 1176 5130 recte
1212 5087 1267 5127 nt
1309 5074 1368 5129 in'
1391 5089 1572 5131 nostro
1609 5089 1776 5132 textu.

433 5143 541 5213 (69)
577 5144 671 5196 Ms.
702 5143 901 5211 Regius
936 5161 1084 5199 nunt.
1123 5147 1278 5206 1659,
1310 5147 1563 5201 [tabanus
1588 5158 1641 5201 et
1671 5150 1798 5202 editi
1827 5150 1920 5202 ha-

363 5213 509 5290 bent,
555 5213 709 5267 Multi
755 5224 872 5290 sunt
922 5218 1013 5284 qui
1055 5219 1296 5285 probant,
1339 5220 1537 5272 omisso
1570 5219 1731 5284 enim,
1775 5223 1916 5290 quod

363 5285 538 5337 l'eruut
572 5300 698 5337 tnss.
735 5283 930 5352 plures.

435 5353 544 5424 (70)
574 5354 732 5424 Deest
757 5363 804 5407 et
838 5356 886 5406 in
915 5354 1093 5424 editis.

434 5425 544 5492 (7i)
597 5423 709 5475 Hoc
748 5434 863 5494 est._
901 5423 1180 5478 Omittitur
1234 5425 1287 5479 in
1339 5425 1491 5480 libris
1529 5439 1687 5480 antea
1742 5429 1928 5487 editis.

364 5491 568 5546 Deinde
601 5496 759 5546 iidem
810 5491 975 5557 editi,
1021 5496 1121 5549 iste
1159 5512 1222 5548 ea:
1267 5497 1433 5548 animi
1468 5499 1552 5549 sui
1597 5499 1926 5554 dubitatione

363 5564 680 5634 conscientia
732 5577 943 5632 urgente
1000 5567 1306 5618 damnatur.
1349 5565 1580 5618 Causam
1623 5585 1762 5634 vero,
1815 5582 1921 5626 etc.

365 5629 491 5685 Mss.
522 5635 739 5692 quidam
771 5629 967 5692 habent
985 5637 1167 5696 etiam.
1195 5637 1516 5691 conscientia
1540 5629 1777 5707 urgente,
1830 5645 1922 5696 sed

2035 4533 2220 4574 DOSII‘"
2250 4535 2416 4580 ΙΕΧΙΙΙ.

2105 4592 2217 4670 (72)
2246 4594 2381 4670 I'Iditi
2407 4605 2460 4650 et
2488 4611 2620 4670 mss_.
2662 4597 2922 4666 plerique,
2965 4601 3214 4670 quoniam
3259 4619 3364 4655 non
3397 4619 3460 4655 ex
3495 4603 3586 4668 ﬁde

2035 4662 2372 4736 diciturzbls.
2416 4681 2546 4718 vero
2587 4662 2788 4736 Regius
2819 4662 2987 4722 nutu:
3018 4672 3156 4725 tb59
3197 4676 3401 4726 rectius
3443 4662 3504 4724 ut.
3539 4675 3582 4724 iu

2037 4742 2207 4812 textu.
2244 4733 2446 4812 Deinde
2472 4733 2724 4812 Rabanus
2755 4741 2993 4812 restituit
3022 4744 3222 4808 utique,
3261 4744 3406 4812 quod
3442 4744 3584 4796 omit-

2039 4806 2167 4854 titur
2198 4806 2247 4853 in
2281 4806 2438 4858 editis
2463 4819 2516 4857 et
2543 4807 2595 4857 in
2622 4810 2873 4862 omnibus
2900 4826 3028 4864 mss.

2093 4871 2217 4952 (73)
2252 4872 2388 4926 Editi
2434 4877 2545 4952 alii.
2594 4893 2749 4952 super
2785 4882 2964 4952 omnia
3006 4881 3318 4952 sententiam
3355 4883 3579 4950 exponit;

2037 4941 2160 5004 alii,
2187 4959 2342 5010 super
2363 4947 2590 4997 omnium
2617 4941 2888 5001 scientiam
2906 4951 3139 5016 exponit.
3178 4951 3304 5006 Mss.
3337 4941 3458 5006 vero
3481 4941 3578 5013 alii,

2030 5027 2188 5090 super
2223 5029 2396 5090 omnes
2449 5015 2582 5083 (alii,
2609 5034 2763 5090 super
2797 5015 3052 5088 omnium)
3074 5024 3398 5090 sententiam
3431 5025 3577 5090 ponit.

2029 5083 2138 5204 lSed
2195 5086 2401 5136 rectius
2449 5103 2549 5138 tus.
2605 5084 2806 5156 Regius
2845 5106 2997 5143 num.
3025 5083 3162 5144 I639
3206 5104 3266 5144 ut
3313 5094 3365 5145 in
3412 5083 3578 5146 nostra

2051 5168 2112 5204 ex
2146 5167 2196 5202 n.

2051 5167 2196 5204 CXIII.

2100 5222 2224 5342 (7f)
2252 5222 2409 5345 Ed‘iti,
2454 5227 2871 5293 quorumdam...
2897 5229 3102 5284 animos
3143 5231 3356 5285 vinculo
3391 5233 3576 5285 acriore

2100 5308 2153 5343 ns
2185 5309 2314 5345 rmat
2348 5333 2360 5345 .

2032 5307 2360 5360 constringit.

2101 5361 2214 5441 (75)
2233 5363 2341 5441 μδ.
2369 5364 2564 5431 Regius
2587 5367 2906 5441 nttm.Al639
2929 5411 2944 5438 ,
2979 5369 3123 5424 nulla
3148 5384 3246 5427 est.
3274 5372 3438 5428 Paulo
3470 5379 3572 5441 post

2029 5433 2203 5506 editi:
2224 5431 2287 5506 [fit
2318 5448 2509 5500 puto...
2544 5453 2698 5506 quant
2727 5437 2901 5505 ﬁdem.

2243 5502 2498 5582 alet-linus
2524 5500 2577 5560 et
2598 5500 2998 5582 Gencbrardus,
3025 5523 3073 5565 et
3105 5513 3197 5565 illa
3238 5517 3387 5582 ﬁdes.
3429 5513 3568 5566 male.

2101 5571 2212 5654 (77)
2251 5573 2411 5644 Editi,
2448 5578 2580 5631 sicut
2613 5581 2858 5648 angelum
2893 5571 3045 5637 lucis.
3084 5571 3249 5639 Ρυυιό
3281 5571 3396 5654 post
3427 5585 3570 5637 omit-

2029 5650 2148 5696 tunt
2167 5658 2301 5712 ergo.
