  <div class='ocr_page' id='page_1' title='image "/cluster/home/n/w/nwhite01/storage/ocr_20150623/14/mdp.39015052831362/730.png"; bbox 0 0 3744 6146; ppageno 0'>
   <div class='ocr_carea' id='block_1_1' title="bbox 134 308 276 363">
    <p class='ocr_par' dir='ltr' id='par_1_1' title="bbox 134 308 276 363">
     <span class='ocr_line' id='line_1_1' title="bbox 134 308 276 363; baseline -0.007 -1"><span class='ocrx_word' id='word_1_1' title='bbox 134 308 276 363; x_wconf 73' lang='lat' dir='ltr'><strong>i257</strong></span> 
     </span>
    </p>
   </div>
   <div class='ocr_carea' id='block_1_2' title="bbox 1097 302 2436 370">
    <p class='ocr_par' dir='ltr' id='par_1_2' title="bbox 1097 302 2436 370">
     <span class='ocr_line' id='line_1_2' title="bbox 1097 302 2436 370; baseline 0 -1"><span class='ocrx_word' id='word_1_2' title='bbox 1097 310 1452 370; x_wconf 77' lang='lat' dir='ltr'><strong>COMMENT.</strong></span> <span class='ocrx_word' id='word_1_3' title='bbox 1494 310 1561 364; x_wconf 80' lang='lat' dir='ltr'><strong>IN</strong></span> <span class='ocrx_word' id='word_1_4' title='bbox 1600 310 1823 366; x_wconf 82' lang='lat' dir='ltr'><strong>EPIST.</strong></span> <span class='ocrx_word' id='word_1_5' title='bbox 1859 310 1953 364; x_wconf 82' lang='lat' dir='ltr'><strong>AD</strong></span> <span class='ocrx_word' id='word_1_6' title='bbox 1991 309 2159 366; x_wconf 71' lang='lat' dir='ltr'><strong>80M.</strong></span> <span class='ocrx_word' id='word_1_7' title='bbox 2197 302 2325 366; x_wconf 79' lang='lat' dir='ltr'><strong>LIB.</strong></span> <span class='ocrx_word' id='word_1_8' title='bbox 2366 311 2436 369; x_wconf 76' lang='grc' dir='ltr'><strong>Χ.</strong></span> 
     </span>
    </p>
   </div>
   <div class='ocr_carea' id='block_1_3' title="bbox 3259 316 3396 372">
    <p class='ocr_par' dir='ltr' id='par_1_3' title="bbox 3259 316 3396 372">
     <span class='ocr_line' id='line_1_3' title="bbox 3259 316 3396 372; baseline 0.015 -2"><span class='ocrx_word' id='word_1_9' title='bbox 3259 316 3396 372; x_wconf 75' lang='lat' dir='ltr'><strong>i258</strong></span> 
     </span>
    </p>
   </div>
   <div class='ocr_carea' id='block_1_4' title="bbox 130 425 3399 500">
    <p class='ocr_par' dir='ltr' id='par_1_4' title="bbox 130 425 3399 500">
     <span class='ocr_line' id='line_1_4' title="bbox 130 425 3399 500; baseline 0.002 -19"><span class='ocrx_word' id='word_1_10' title='bbox 130 427 246 482; x_wconf 87' lang='lat' dir='ltr'><strong>Deo</strong></span> <span class='ocrx_word' id='word_1_11' title='bbox 284 437 406 481; x_wconf 86' lang='lat' dir='ltr'><strong>sunt</strong></span> <span class='ocrx_word' id='word_1_12' title='bbox 428 426 475 458; x_wconf 78' lang='grc'><strong>³³</strong></span> <span class='ocrx_word' id='word_1_13' title='bbox 500 425 635 498; x_wconf 85' lang='grc'>(78).</span> <span class='ocrx_word' id='word_1_14' title='bbox 675 425 744 480; x_wconf 83' lang='lat' dir='ltr'><strong>Et</strong></span> <span class='ocrx_word' id='word_1_15' title='bbox 775 426 896 480; x_wconf 88' lang='lat' dir='ltr'><strong>ideo</strong></span> <span class='ocrx_word' id='word_1_16' title='bbox 919 426 1178 484; x_wconf 90' lang='lat' dir='ltr'><strong>debemus</strong></span> <span class='ocrx_word' id='word_1_17' title='bbox 1210 431 1578 485; x_wconf 77' lang='lat' dir='ltr'><strong>indesinenter</strong></span> <span class='ocrx_word' id='word_1_18' title='bbox 1604 445 1719 500; x_wconf 89' lang='lat' dir='ltr'><strong>pre-</strong></span> <span class='ocrx_word' id='word_1_19' title='bbox 1747 434 1793 491; x_wconf 80' lang='grc' dir='ltr'><strong>Α</strong></span> <span class='ocrx_word' id='word_1_20' title='bbox 1823 439 1984 483; x_wconf 88' lang='lat' dir='ltr'><strong>ventu</strong></span> <span class='ocrx_word' id='word_1_21' title='bbox 2016 427 2244 483; x_wconf 80' lang='lat' dir='ltr'><strong>fratrum</strong></span> <span class='ocrx_word' id='word_1_22' title='bbox 2278 438 2333 484; x_wconf 85' lang='lat' dir='ltr'><strong>et</strong></span> <span class='ocrx_word' id='word_1_23' title='bbox 2362 428 2617 484; x_wconf 80' lang='lat' dir='ltr'><strong>Ecclesiae</strong></span> <span class='ocrx_word' id='word_1_24' title='bbox 2658 429 2922 486; x_wconf 77' lang='lat' dir='ltr'><strong>societate</strong></span> <span class='ocrx_word' id='word_1_25' title='bbox 2956 430 3254 500; x_wconf 79' lang='lat' dir='ltr'><strong>depellant.</strong></span> <span class='ocrx_word' id='word_1_26' title='bbox 3294 432 3399 499; x_wconf 85' lang='lat' dir='ltr'><strong>Qui</strong></span> 
     </span>
    </p>
   </div>
   <div class='ocr_carea' id='block_1_5' title="bbox 113 517 1719 591">
    <p class='ocr_par' dir='ltr' id='par_1_5' title="bbox 113 517 1719 591">
     <span class='ocr_line' id='line_1_5' title="bbox 113 517 1719 591; baseline 0.002 -18"><span class='ocrx_word' id='word_1_27' title='bbox 113 519 251 584; x_wconf 41' lang='lat' dir='ltr'><strong>.cari</strong></span> <span class='ocrx_word' id='word_1_28' title='bbox 283 517 547 573; x_wconf 76' lang='lat' dir='ltr'><strong>auxilium</strong></span> <span class='ocrx_word' id='word_1_29' title='bbox 584 518 818 581; x_wconf 89' lang='lat' dir='ltr'><strong>Domini,</strong></span> <span class='ocrx_word' id='word_1_30' title='bbox 850 530 909 571; x_wconf 88' lang='lat' dir='ltr'><strong>et</strong></span> <span class='ocrx_word' id='word_1_31' title='bbox 937 533 1163 589; x_wconf 83' lang='lat' dir='ltr'><strong>sperare</strong></span> <span class='ocrx_word' id='word_1_32' title='bbox 1191 521 1336 589; x_wconf 89' lang='lat' dir='ltr'><strong>quod</strong></span> <span class='ocrx_word' id='word_1_33' title='bbox 1374 523 1488 591; x_wconf 88' lang='lat' dir='ltr'><strong>ipse</strong></span> <span class='ocrx_word' id='word_1_34' title='bbox 1521 522 1719 590; x_wconf 87' lang='lat' dir='ltr'><strong>eripiet</strong></span> 
     </span>
    </p>
   </div>
   <div class='ocr_carea' id='block_1_6' title="bbox 132 608 1715 680">
    <p class='ocr_par' dir='ltr' id='par_1_6' title="bbox 132 608 1715 680">
     <span class='ocr_line' id='line_1_6' title="bbox 132 608 1715 680; baseline 0.003 -17"><span class='ocrx_word' id='word_1_35' title='bbox 132 625 237 665; x_wconf 90' lang='lat' dir='ltr'><strong>nos</strong></span> <span class='ocrx_word' id='word_1_36' title='bbox 269 610 340 664; x_wconf 89' lang='lat' dir='ltr'><strong>de</strong></span> <span class='ocrx_word' id='word_1_37' title='bbox 377 610 570 679; x_wconf 77' lang='lat' dir='ltr'><strong>laqueo</strong></span> <span class='ocrx_word' id='word_1_38' title='bbox 601 608 939 674; x_wconf 83' lang='lat' dir='ltr'><strong>venantium,</strong></span> <span class='ocrx_word' id='word_1_39' title='bbox 973 622 1032 664; x_wconf 84' lang='grc' dir='ltr'><strong>ιιι</strong></span> <span class='ocrx_word' id='word_1_40' title='bbox 1062 623 1115 665; x_wconf 93' lang='lat' dir='ltr'><strong>et</strong></span> <span class='ocrx_word' id='word_1_41' title='bbox 1146 628 1244 666; x_wconf 89' lang='lat' dir='ltr'><strong>nos</strong></span> <span class='ocrx_word' id='word_1_42' title='bbox 1269 612 1552 667; x_wconf 87' lang='lat' dir='ltr'><strong>dicamus:</strong></span> <span class='ocrx_word' id='word_1_43' title='bbox 1578 612 1715 680; x_wconf 84' lang='lat' dir='ltr'><strong>Quia</strong></span> 
     </span>
    </p>
   </div>
   <div class='ocr_carea' id='block_1_7' title="bbox 131 704 1714 775">
    <p class='ocr_par' dir='ltr' id='par_1_7' title="bbox 131 704 1714 775">
     <span class='ocr_line' id='line_1_7' title="bbox 131 704 1714 775; baseline 0.003 -19"><span class='ocrx_word' id='word_1_44' title='bbox 131 704 320 757; x_wconf 84' lang='lat' dir='ltr'><strong>anima</strong></span> <span class='ocrx_word' id='word_1_45' title='bbox 367 713 544 757; x_wconf 84' lang='lat' dir='ltr'><strong>nostra</strong></span> <span class='ocrx_word' id='word_1_46' title='bbox 585 704 722 757; x_wconf 97' lang='lat' dir='ltr'><strong>sicut</strong></span> <span class='ocrx_word' id='word_1_47' title='bbox 764 720 947 772; x_wconf 83' lang='lat' dir='ltr'><strong>passer</strong></span> <span class='ocrx_word' id='word_1_48' title='bbox 982 714 1157 769; x_wconf 89' lang='lat' dir='ltr'><strong>erepta</strong></span> <span class='ocrx_word' id='word_1_49' title='bbox 1191 713 1270 758; x_wconf 85' lang='lat' dir='ltr'><strong>cst</strong></span> <span class='ocrx_word' id='word_1_50' title='bbox 1302 706 1365 757; x_wconf 86' lang='lat' dir='ltr'><strong>de</strong></span> <span class='ocrx_word' id='word_1_51' title='bbox 1398 705 1585 775; x_wconf 85' lang='lat' dir='ltr'><strong>laqueo</strong></span> <span class='ocrx_word' id='word_1_52' title='bbox 1627 723 1714 760; x_wconf 83' lang='lat' dir='ltr'><strong>ve-</strong></span> 
     </span>
    </p>
   </div>
   <div class='ocr_carea' id='block_1_8' title="bbox 132 797 1711 867">
    <p class='ocr_par' dir='ltr' id='par_1_8' title="bbox 132 797 1711 867">
     <span class='ocr_line' id='line_1_8' title="bbox 132 797 1711 867; baseline 0.003 -19"><span class='ocrx_word' id='word_1_53' title='bbox 132 798 384 850; x_wconf 78' lang='lat' dir='ltr'><strong>nantium</strong></span> <span class='ocrx_word' id='word_1_54' title='bbox 402 813 421 852; x_wconf 90' lang='lat'><strong><em>:</em></strong></span> <span class='ocrx_word' id='word_1_55' title='bbox 451 797 672 867; x_wconf 77' lang='lat' dir='ltr'><strong>laqueus</strong></span> <span class='ocrx_word' id='word_1_56' title='bbox 699 799 961 852; x_wconf 88' lang='lat' dir='ltr'><strong>contritus</strong></span> <span class='ocrx_word' id='word_1_57' title='bbox 983 809 1080 862; x_wconf 91' lang='lat' dir='ltr'><strong>est,</strong></span> <span class='ocrx_word' id='word_1_58' title='bbox 1107 807 1155 852; x_wconf 87' lang='lat' dir='ltr'><strong>et</strong></span> <span class='ocrx_word' id='word_1_59' title='bbox 1173 797 1490 852; x_wconf 86' lang='lat' dir='ltr'><strong>nosliberati</strong></span> <span class='ocrx_word' id='word_1_60' title='bbox 1510 815 1711 853; x_wconf 83' lang='lat' dir='ltr'><strong>sumus.</strong></span> 
     </span>
    </p>
   </div>
   <div class='ocr_carea' id='block_1_9' title="bbox 131 890 1715 961">
    <p class='ocr_par' dir='ltr' id='par_1_9' title="bbox 131 890 1715 961">
     <span class='ocr_line' id='line_1_9' title="bbox 131 890 1715 961; baseline 0.002 -19"><span class='ocrx_word' id='word_1_61' title='bbox 131 890 480 958; x_wconf 77' lang='lat' dir='ltr'><strong>Adjutorium</strong></span> <span class='ocrx_word' id='word_1_62' title='bbox 529 902 771 942; x_wconf 76' lang='lat' dir='ltr'><strong>nostrum</strong></span> <span class='ocrx_word' id='word_1_63' title='bbox 820 893 875 944; x_wconf 90' lang='lat' dir='ltr'><strong>in</strong></span> <span class='ocrx_word' id='word_1_64' title='bbox 924 892 1131 944; x_wconf 81' lang='lat' dir='ltr'><strong>nomine</strong></span> <span class='ocrx_word' id='word_1_65' title='bbox 1173 890 1410 956; x_wconf 87' lang='lat' dir='ltr'><strong>Domini,</strong></span> <span class='ocrx_word' id='word_1_66' title='bbox 1465 892 1555 961; x_wconf 88' lang='lat' dir='ltr'><strong>qui</strong></span> <span class='ocrx_word' id='word_1_67' title='bbox 1592 891 1715 961; x_wconf 80' lang='lat' dir='ltr'><strong>fecit</strong></span> 
     </span>
    </p>
   </div>
   <div class='ocr_carea' id='block_1_10' title="bbox 129 981 864 1052">
    <p class='ocr_par' dir='ltr' id='par_1_10' title="bbox 129 981 864 1052">
     <span class='ocr_line' id='line_1_10' title="bbox 129 981 864 1052; baseline 0.004 -18"><span class='ocrx_word' id='word_1_68' title='bbox 129 981 325 1035; x_wconf 70' lang='lat' dir='ltr'><strong>caelum</strong></span> <span class='ocrx_word' id='word_1_69' title='bbox 352 993 398 1035; x_wconf 91' lang='lat' dir='ltr'><strong>et</strong></span> <span class='ocrx_word' id='word_1_70' title='bbox 428 991 625 1036; x_wconf 88' lang='lat' dir='ltr'><strong>terram</strong></span> <span class='ocrx_word' id='word_1_71' title='bbox 655 982 700 1014; x_wconf 65' lang='grc'><strong>⁵⁸</strong></span> <span class='ocrx_word' id='word_1_72' title='bbox 728 982 864 1052; x_wconf 83' lang='grc'>(79).</span> 
     </span>
    </p>
   </div>
   <div class='ocr_carea' id='block_1_11' title="bbox 201 1073 1717 1143">
    <p class='ocr_par' dir='ltr' id='par_1_11' title="bbox 201 1073 1717 1143">
     <span class='ocr_line' id='line_1_11' title="bbox 201 1073 1717 1143; baseline 0 -14"><span class='ocrx_word' id='word_1_73' title='bbox 201 1073 261 1129; x_wconf 87' lang='grc'><strong>6.</strong></span> <span class='ocrx_word' id='word_1_74' title='bbox 338 1074 590 1128; x_wconf 76' lang='lat' dir='ltr'><strong>Debemus</strong></span> <span class='ocrx_word' id='word_1_75' title='bbox 647 1085 822 1129; x_wconf 90' lang='lat' dir='ltr'><strong>autem</strong></span> <span class='ocrx_word' id='word_1_76' title='bbox 886 1092 982 1128; x_wconf 90' lang='lat' dir='ltr'><strong>nos</strong></span> <span class='ocrx_word' id='word_1_77' title='bbox 1047 1074 1304 1143; x_wconf 71' lang='lat' dir='ltr'><strong>ﬁrmiores</strong></span> <span class='ocrx_word' id='word_1_78' title='bbox 1374 1074 1717 1129; x_wconf 87' lang='lat' dir='ltr'><strong>imbecillita—</strong></span> 
     </span>
    </p>
   </div>
   <div class='ocr_carea' id='block_1_12' title="bbox 130 1168 1713 1240">
    <p class='ocr_par' dir='ltr' id='par_1_12' title="bbox 130 1168 1713 1240">
     <span class='ocr_line' id='line_1_12' title="bbox 130 1168 1713 1240; baseline 0 -19"><span class='ocrx_word' id='word_1_79' title='bbox 130 1179 209 1223; x_wconf 87' lang='lat' dir='ltr'><strong>tes</strong></span> <span class='ocrx_word' id='word_1_80' title='bbox 255 1168 417 1240; x_wconf 68' lang='lat'><strong>671</strong></span> <span class='ocrx_word' id='word_1_81' title='bbox 448 1169 780 1235; x_wconf 82' lang='lat' dir='ltr'><strong>inﬁrmorum</strong></span> <span class='ocrx_word' id='word_1_82' title='bbox 830 1168 1103 1234; x_wconf 86' lang='lat' dir='ltr'><strong>sustinere,</strong></span> <span class='ocrx_word' id='word_1_83' title='bbox 1150 1177 1333 1222; x_wconf 86' lang='lat' dir='ltr'><strong>etnon</strong></span> <span class='ocrx_word' id='word_1_84' title='bbox 1383 1170 1529 1222; x_wconf 86' lang='lat' dir='ltr'><strong>nobis</strong></span> <span class='ocrx_word' id='word_1_85' title='bbox 1595 1169 1713 1237; x_wconf 87' lang='lat' dir='ltr'><strong>pla-</strong></span> 
     </span>
    </p>
   </div>
   <div class='ocr_carea' id='block_1_13' title="bbox 130 1261 1714 1331">
    <p class='ocr_par' dir='ltr' id='par_1_13' title="bbox 130 1261 1714 1331">
     <span class='ocr_line' id='line_1_13' title="bbox 130 1261 1714 1331; baseline 0.002 -18"><span class='ocrx_word' id='word_1_86' title='bbox 130 1279 269 1316; x_wconf 90' lang='lat' dir='ltr'><strong>cere.</strong></span> <span class='ocrx_word' id='word_1_87' title='bbox 314 1261 681 1331; x_wconf 77' lang='lat' dir='ltr'><strong>Unusquisque</strong></span> <span class='ocrx_word' id='word_1_88' title='bbox 708 1272 931 1315; x_wconf 87' lang='lat' dir='ltr'><strong>vestrum</strong></span> <span class='ocrx_word' id='word_1_89' title='bbox 972 1262 1209 1330; x_wconf 73' lang='lat' dir='ltr'><strong>proximo</strong></span> <span class='ocrx_word' id='word_1_90' title='bbox 1264 1261 1465 1327; x_wconf 87' lang='lat' dir='ltr'><strong>placeat</strong></span> <span class='ocrx_word' id='word_1_91' title='bbox 1512 1263 1566 1316; x_wconf 89' lang='lat' dir='ltr'><strong>in</strong></span> <span class='ocrx_word' id='word_1_92' title='bbox 1624 1263 1714 1316; x_wconf 85' lang='lat' dir='ltr'><strong>bo-</strong></span> 
     </span>
    </p>
   </div>
   <div class='ocr_carea' id='block_1_14' title="bbox 132 1352 1713 1423">
    <p class='ocr_par' dir='ltr' id='par_1_14' title="bbox 132 1352 1713 1423">
     <span class='ocr_line' id='line_1_14' title="bbox 132 1352 1713 1423; baseline 0.001 -17"><span class='ocrx_word' id='word_1_93' title='bbox 132 1371 201 1407; x_wconf 79' lang='lat' dir='ltr'><strong>no</strong></span> <span class='ocrx_word' id='word_1_94' title='bbox 241 1353 355 1423; x_wconf 87' lang='lat'><strong>(80)</strong></span> <span class='ocrx_word' id='word_1_95' title='bbox 387 1354 455 1406; x_wconf 84' lang='lat' dir='ltr'><strong>ad</strong></span> <span class='ocrx_word' id='word_1_96' title='bbox 483 1354 907 1418; x_wconf 73' lang='lat' dir='ltr'><strong>mli/icationem.</strong></span> <span class='ocrx_word' id='word_1_97' title='bbox 944 1354 1087 1406; x_wconf 67' lang='lat' dir='ltr'><strong>Nam</strong></span> <span class='ocrx_word' id='word_1_98' title='bbox 1117 1365 1163 1405; x_wconf 90' lang='lat' dir='ltr'><strong>et</strong></span> <span class='ocrx_word' id='word_1_99' title='bbox 1197 1352 1439 1406; x_wconf 77' lang='lat' dir='ltr'><strong>Christus</strong></span> <span class='ocrx_word' id='word_1_100' title='bbox 1479 1369 1581 1406; x_wconf 88' lang='lat' dir='ltr'><strong>non</strong></span> <span class='ocrx_word' id='word_1_101' title='bbox 1612 1355 1713 1407; x_wconf 88' lang='lat' dir='ltr'><strong>sibi</strong></span> 
     </span>
    </p>
   </div>
   <div class='ocr_carea' id='block_1_15' title="bbox 128 1426 1714 1515">
    <p class='ocr_par' dir='ltr' id='par_1_15' title="bbox 128 1426 1714 1515">
     <span class='ocr_line' id='line_1_15' title="bbox 128 1426 1714 1515; baseline -0.001 -17"><span class='ocrx_word' id='word_1_102' title='bbox 128 1446 337 1515; x_wconf 77' lang='lat' dir='ltr'><strong>placuit</strong></span> <span class='ocrx_word' id='word_1_103' title='bbox 365 1462 386 1509; x_wconf 88' lang='lat'><strong><em>;</em></strong></span> <span class='ocrx_word' id='word_1_104' title='bbox 424 1446 516 1498; x_wconf 87' lang='lat' dir='ltr'><strong>sed</strong></span> <span class='ocrx_word' id='word_1_105' title='bbox 550 1426 684 1498; x_wconf 84' lang='lat' dir='ltr'><strong>sicut</strong></span> <span class='ocrx_word' id='word_1_106' title='bbox 719 1444 973 1511; x_wconf 83' lang='lat' dir='ltr'><strong>scriptum</strong></span> <span class='ocrx_word' id='word_1_107' title='bbox 1018 1455 1130 1497; x_wconf 90' lang='lat' dir='ltr'><strong>est:</strong></span> <span class='ocrx_word' id='word_1_108' title='bbox 1155 1442 1486 1510; x_wconf 87' lang='lat' dir='ltr'><strong>lmproperia</strong></span> <span class='ocrx_word' id='word_1_109' title='bbox 1517 1444 1714 1512; x_wconf 89' lang='lat' dir='ltr'><strong>impro-</strong></span> 
     </span>
    </p>
   </div>
   <div class='ocr_carea' id='block_1_16' title="bbox 127 1533 1712 1606">
    <p class='ocr_par' dir='ltr' id='par_1_16' title="bbox 127 1533 1712 1606">
     <span class='ocr_line' id='line_1_16' title="bbox 127 1533 1712 1606; baseline -0.001 -16"><span class='ocrx_word' id='word_1_110' title='bbox 127 1539 433 1606; x_wconf 86' lang='lat' dir='ltr'><strong>perarttium</strong></span> <span class='ocrx_word' id='word_1_111' title='bbox 458 1537 551 1590; x_wconf 84' lang='lat' dir='ltr'><strong>tibi</strong></span> <span class='ocrx_word' id='word_1_112' title='bbox 578 1536 872 1590; x_wconf 85' lang='lat' dir='ltr'><strong>ceciderunt</strong></span> <span class='ocrx_word' id='word_1_113' title='bbox 901 1552 1057 1603; x_wconf 83' lang='lat' dir='ltr'><strong>super</strong></span> <span class='ocrx_word' id='word_1_114' title='bbox 1088 1552 1190 1589; x_wconf 90' lang='lat' dir='ltr'><strong>me.</strong></span> <span class='ocrx_word' id='word_1_115' title='bbox 1216 1533 1548 1604; x_wconf 69' lang='lat' dir='ltr'><strong>Qua&#39;cunque</strong></span> <span class='ocrx_word' id='word_1_116' title='bbox 1575 1538 1712 1589; x_wconf 87' lang='lat' dir='ltr'><strong>enim</strong></span> 
     </span>
    </p>
   </div>
   <div class='ocr_carea' id='block_1_17' title="bbox 126 1628 1711 1698">
    <p class='ocr_par' dir='ltr' id='par_1_17' title="bbox 126 1628 1711 1698">
     <span class='ocr_line' id='line_1_17' title="bbox 126 1628 1711 1698; baseline -0.001 -16"><span class='ocrx_word' id='word_1_117' title='bbox 126 1631 331 1698; x_wconf 83' lang='lat' dir='ltr'><strong>scripta</strong></span> <span class='ocrx_word' id='word_1_118' title='bbox 357 1638 499 1692; x_wconf 87' lang='lat' dir='ltr'><strong>sunt,</strong></span> <span class='ocrx_word' id='word_1_119' title='bbox 524 1630 592 1682; x_wconf 90' lang='lat' dir='ltr'><strong>ad</strong></span> <span class='ocrx_word' id='word_1_120' title='bbox 632 1638 865 1682; x_wconf 84' lang='lat' dir='ltr'><strong>nostram</strong></span> <span class='ocrx_word' id='word_1_121' title='bbox 904 1628 1199 1680; x_wconf 88' lang='lat' dir='ltr'><strong>doctrinant</strong></span> <span class='ocrx_word' id='word_1_122' title='bbox 1233 1628 1431 1691; x_wconf 87' lang='lat' dir='ltr'><strong>scripta</strong></span> <span class='ocrx_word' id='word_1_123' title='bbox 1483 1641 1625 1695; x_wconf 89' lang='lat' dir='ltr'><strong>sunt,</strong></span> <span class='ocrx_word' id='word_1_124' title='bbox 1656 1638 1711 1681; x_wconf 87' lang='lat' dir='ltr'><strong>ut</strong></span> 
     </span>
    </p>
   </div>
   <div class='ocr_carea' id='block_1_18' title="bbox 126 1717 1709 1790">
    <p class='ocr_par' dir='ltr' id='par_1_18' title="bbox 126 1717 1709 1790">
     <span class='ocr_line' id='line_1_18' title="bbox 126 1717 1709 1790; baseline -0.001 -14"><span class='ocrx_word' id='word_1_125' title='bbox 126 1739 226 1790; x_wconf 88' lang='lat' dir='ltr'><strong>per</strong></span> <span class='ocrx_word' id='word_1_126' title='bbox 249 1721 560 1790; x_wconf 81' lang='lat' dir='ltr'><strong>patientiam</strong></span> <span class='ocrx_word' id='word_1_127' title='bbox 588 1730 637 1774; x_wconf 90' lang='lat' dir='ltr'><strong>et</strong></span> <span class='ocrx_word' id='word_1_128' title='bbox 687 1719 1096 1774; x_wconf 86' lang='lat' dir='ltr'><strong>consolationem</strong></span> <span class='ocrx_word' id='word_1_129' title='bbox 1142 1717 1540 1785; x_wconf 85' lang='lat' dir='ltr'><strong>Scripturarum</strong></span> <span class='ocrx_word' id='word_1_130' title='bbox 1569 1738 1709 1789; x_wconf 88' lang='lat' dir='ltr'><strong>spent</strong></span> 
     </span>
    </p>
   </div>
   <div class='ocr_carea' id='block_1_19' title="bbox 129 1810 1707 1872">
    <p class='ocr_par' dir='ltr' id='par_1_19' title="bbox 129 1810 1707 1872">
     <span class='ocr_line' id='line_1_19' title="bbox 129 1810 1707 1872; baseline -0.002 -3"><span class='ocrx_word' id='word_1_131' title='bbox 129 1817 422 1869; x_wconf 82' lang='lat' dir='ltr'><strong>habeamus</strong></span> <span class='ocrx_word' id='word_1_132' title='bbox 441 1812 754 1872; x_wconf 79' lang='lat' dir='ltr'><strong>&quot;.Videtnr</strong></span> <span class='ocrx_word' id='word_1_133' title='bbox 780 1812 830 1866; x_wconf 89' lang='lat' dir='ltr'><strong>iu</strong></span> <span class='ocrx_word' id='word_1_134' title='bbox 882 1813 969 1867; x_wconf 86' lang='lat' dir='ltr'><strong>his</strong></span> <span class='ocrx_word' id='word_1_135' title='bbox 1014 1810 1208 1865; x_wconf 84' lang='lat' dir='ltr'><strong>Paulus</strong></span> <span class='ocrx_word' id='word_1_136' title='bbox 1260 1812 1474 1866; x_wconf 89' lang='lat' dir='ltr'><strong>ﬁrmum</strong></span> <span class='ocrx_word' id='word_1_137' title='bbox 1507 1826 1707 1868; x_wconf 85' lang='lat' dir='ltr'><strong>semet-</strong></span> 
     </span>
    </p>
   </div>
   <div class='ocr_carea' id='block_1_20' title="bbox 126 1905 1712 1975">
    <p class='ocr_par' dir='ltr' id='par_1_20' title="bbox 126 1905 1712 1975">
     <span class='ocr_line' id='line_1_20' title="bbox 126 1905 1712 1975; baseline 0.001 -15"><span class='ocrx_word' id='word_1_138' title='bbox 126 1907 312 1975; x_wconf 83' lang='lat' dir='ltr'><strong>ipsum</strong></span> <span class='ocrx_word' id='word_1_139' title='bbox 349 1905 719 1974; x_wconf 86' lang='lat' dir='ltr'><strong>pronuntiare,</strong></span> <span class='ocrx_word' id='word_1_140' title='bbox 753 1905 892 1959; x_wconf 89' lang='lat' dir='ltr'><strong>sicut</strong></span> <span class='ocrx_word' id='word_1_141' title='bbox 924 1914 978 1958; x_wconf 91' lang='lat' dir='ltr'><strong>et</strong></span> <span class='ocrx_word' id='word_1_142' title='bbox 1007 1905 1059 1957; x_wconf 87' lang='lat' dir='ltr'><strong>itt</strong></span> <span class='ocrx_word' id='word_1_143' title='bbox 1094 1906 1264 1973; x_wconf 86' lang='lat' dir='ltr'><strong>prima</strong></span> <span class='ocrx_word' id='word_1_144' title='bbox 1298 1906 1363 1958; x_wconf 91' lang='lat' dir='ltr'><strong>ad</strong></span> <span class='ocrx_word' id='word_1_145' title='bbox 1401 1905 1712 1962; x_wconf 83' lang='lat' dir='ltr'><strong>Corinthios</strong></span> 
     </span>
    </p>
   </div>
   <div class='ocr_carea' id='block_1_21' title="bbox 124 1997 1712 2067">
    <p class='ocr_par' dir='ltr' id='par_1_21' title="bbox 124 1997 1712 2067">
     <span class='ocr_line' id='line_1_21' title="bbox 124 1997 1712 2067; baseline 0 -14"><span class='ocrx_word' id='word_1_146' title='bbox 124 2000 286 2063; x_wconf 84' lang='lat' dir='ltr'><strong>dicit,</strong></span> <span class='ocrx_word' id='word_1_147' title='bbox 320 1999 445 2066; x_wconf 81' lang='lat' dir='ltr'><strong>quia</strong></span> <span class='ocrx_word' id='word_1_148' title='bbox 480 1998 652 2067; x_wconf 80' lang='lat' dir='ltr'><strong>factus</strong></span> <span class='ocrx_word' id='word_1_149' title='bbox 683 2014 798 2051; x_wconf 89' lang='lat' dir='ltr'><strong>sum</strong></span> <span class='ocrx_word' id='word_1_150' title='bbox 830 1998 1057 2066; x_wconf 80' lang='lat' dir='ltr'><strong>inﬁrmis</strong></span> <span class='ocrx_word' id='word_1_151' title='bbox 1097 1997 1363 2065; x_wconf 82' lang='lat' dir='ltr'><strong>inﬁrmus,</strong></span> <span class='ocrx_word' id='word_1_152' title='bbox 1394 2013 1449 2051; x_wconf 87' lang='lat' dir='ltr'><strong>ut</strong></span> <span class='ocrx_word' id='word_1_153' title='bbox 1472 1999 1712 2062; x_wconf 78' lang='lat' dir='ltr'><strong>inﬁrmos</strong></span> 
     </span>
    </p>
   </div>
   <div class='ocr_carea' id='block_1_22' title="bbox 124 2090 1710 2155">
    <p class='ocr_par' dir='ltr' id='par_1_22' title="bbox 124 2090 1710 2155">
     <span class='ocr_line' id='line_1_22' title="bbox 124 2090 1710 2155; baseline 0.002 -13"><span class='ocrx_word' id='word_1_154' title='bbox 124 2091 374 2145; x_wconf 84' lang='lat' dir='ltr'><strong>lucrarer</strong></span> <span class='ocrx_word' id='word_1_155' title='bbox 389 2092 456 2143; x_wconf 82' lang='grc'><strong>⁸⁸.</strong></span> <span class='ocrx_word' id='word_1_156' title='bbox 477 2090 542 2144; x_wconf 83' lang='grc' dir='ltr'>Ει</span> <span class='ocrx_word' id='word_1_157' title='bbox 579 2091 651 2144; x_wconf 92' lang='lat' dir='ltr'><strong>ibi</strong></span> <span class='ocrx_word' id='word_1_158' title='bbox 694 2091 839 2145; x_wconf 86' lang='lat' dir='ltr'><strong>enim</strong></span> <span class='ocrx_word' id='word_1_159' title='bbox 869 2105 976 2143; x_wconf 92' lang='lat' dir='ltr'><strong>non</strong></span> <span class='ocrx_word' id='word_1_160' title='bbox 1010 2105 1071 2144; x_wconf 90' lang='lat' dir='ltr'><strong>se</strong></span> <span class='ocrx_word' id='word_1_161' title='bbox 1105 2092 1235 2145; x_wconf 85' lang='lat' dir='ltr'><strong>dicit</strong></span> <span class='ocrx_word' id='word_1_162' title='bbox 1266 2090 1539 2144; x_wconf 89' lang='lat' dir='ltr'><strong>inﬁrmum</strong></span> <span class='ocrx_word' id='word_1_163' title='bbox 1567 2105 1710 2155; x_wconf 86' lang='lat' dir='ltr'><strong>esse,</strong></span> 
     </span>
    </p>
   </div>
   <div class='ocr_carea' id='block_1_23' title="bbox 121 2180 1712 2248">
    <p class='ocr_par' dir='ltr' id='par_1_23' title="bbox 121 2180 1712 2248">
     <span class='ocr_line' id='line_1_23' title="bbox 121 2180 1712 2248; baseline 0.001 -13"><span class='ocrx_word' id='word_1_164' title='bbox 121 2181 226 2235; x_wconf 87' lang='lat' dir='ltr'><strong>sed</strong></span> <span class='ocrx_word' id='word_1_165' title='bbox 257 2180 374 2234; x_wconf 84' lang='lat' dir='ltr'><strong>ﬁeri</strong></span> <span class='ocrx_word' id='word_1_166' title='bbox 404 2180 675 2234; x_wconf 88' lang='lat' dir='ltr'><strong>inﬁrmum</strong></span> <span class='ocrx_word' id='word_1_167' title='bbox 706 2185 721 2233; x_wconf 84' lang='lat'><strong>:&#39;</strong></span> <span class='ocrx_word' id='word_1_168' title='bbox 754 2190 809 2234; x_wconf 91' lang='lat' dir='ltr'><strong>et</strong></span> <span class='ocrx_word' id='word_1_169' title='bbox 842 2196 944 2234; x_wconf 92' lang='lat' dir='ltr'><strong>non</strong></span> <span class='ocrx_word' id='word_1_170' title='bbox 970 2180 1182 2248; x_wconf 81' lang='lat' dir='ltr'><strong>utique.</strong></span> <span class='ocrx_word' id='word_1_171' title='bbox 1216 2180 1259 2234; x_wconf 91' lang='lat' dir='ltr'><strong>si</strong></span> <span class='ocrx_word' id='word_1_172' title='bbox 1289 2180 1539 2235; x_wconf 90' lang='lat' dir='ltr'><strong>inﬁrmus</strong></span> <span class='ocrx_word' id='word_1_173' title='bbox 1580 2181 1712 2236; x_wconf 80' lang='lat' dir='ltr'><strong>luis-</strong></span> 
     </span>
    </p>
   </div>
   <div class='ocr_carea' id='block_1_24' title="bbox 121 2270 1712 2340">
    <p class='ocr_par' dir='ltr' id='par_1_24' title="bbox 121 2270 1712 2340">
     <span class='ocr_line' id='line_1_24' title="bbox 121 2270 1712 2340; baseline 0.001 -15"><span class='ocrx_word' id='word_1_174' title='bbox 121 2280 233 2333; x_wconf 88' lang='lat' dir='ltr'><strong>set,</strong></span> <span class='ocrx_word' id='word_1_175' title='bbox 267 2271 381 2324; x_wconf 87' lang='lat' dir='ltr'><strong>ﬁeri</strong></span> <span class='ocrx_word' id='word_1_176' title='bbox 432 2273 694 2340; x_wconf 80' lang='lat' dir='ltr'><strong>potuisset</strong></span> <span class='ocrx_word' id='word_1_177' title='bbox 729 2271 997 2324; x_wconf 83' lang='lat' dir='ltr'><strong>inﬁrmus.</strong></span> <span class='ocrx_word' id='word_1_178' title='bbox 1027 2270 1131 2325; x_wconf 89' lang='lat' dir='ltr'><strong>Sed</strong></span> <span class='ocrx_word' id='word_1_179' title='bbox 1183 2287 1286 2325; x_wconf 92' lang='lat' dir='ltr'><strong>non</strong></span> <span class='ocrx_word' id='word_1_180' title='bbox 1311 2288 1377 2325; x_wconf 84' lang='lat' dir='ltr'><strong>ex</strong></span> <span class='ocrx_word' id='word_1_181' title='bbox 1426 2274 1528 2327; x_wconf 87' lang='lat' dir='ltr'><strong>hoc</strong></span> <span class='ocrx_word' id='word_1_182' title='bbox 1569 2274 1712 2329; x_wconf 80' lang='lat' dir='ltr'><strong>acci-</strong></span> 
     </span>
    </p>
   </div>
   <div class='ocr_carea' id='block_1_25' title="bbox 122 2364 1707 2435">
    <p class='ocr_par' dir='ltr' id='par_1_25' title="bbox 122 2364 1707 2435">
     <span class='ocr_line' id='line_1_25' title="bbox 122 2364 1707 2435; baseline 0.004 -20"><span class='ocrx_word' id='word_1_183' title='bbox 122 2364 249 2431; x_wconf 83' lang='lat' dir='ltr'><strong>pias</strong></span> <span class='ocrx_word' id='word_1_184' title='bbox 284 2365 396 2435; x_wconf 89' lang='lat' dir='ltr'><strong>(8l)</strong></span> <span class='ocrx_word' id='word_1_185' title='bbox 427 2381 552 2419; x_wconf 91' lang='lat' dir='ltr'><strong>eum</strong></span> <span class='ocrx_word' id='word_1_186' title='bbox 580 2365 731 2432; x_wconf 84' lang='lat' dir='ltr'><strong>quasi</strong></span> <span class='ocrx_word' id='word_1_187' title='bbox 764 2365 1138 2420; x_wconf 88' lang='lat' dir='ltr'><strong>immemorem</strong></span> <span class='ocrx_word' id='word_1_188' title='bbox 1164 2366 1402 2419; x_wconf 83' lang='lat' dir='ltr'><strong>mandati</strong></span> <span class='ocrx_word' id='word_1_189' title='bbox 1430 2366 1572 2422; x_wconf 88' lang='lat' dir='ltr'><strong>illius</strong></span> <span class='ocrx_word' id='word_1_190' title='bbox 1608 2368 1707 2422; x_wconf 90' lang='lat' dir='ltr'><strong>loci</strong></span> 
     </span>
    </p>
   </div>
   <div class='ocr_carea' id='block_1_26' title="bbox 117 2455 1707 2526">
    <p class='ocr_par' dir='ltr' id='par_1_26' title="bbox 117 2455 1707 2526">
     <span class='ocr_line' id='line_1_26' title="bbox 117 2455 1707 2526; baseline 0.003 -17"><span class='ocrx_word' id='word_1_191' title='bbox 117 2471 239 2526; x_wconf 88' lang='lat' dir='ltr'><strong>quo</strong></span> <span class='ocrx_word' id='word_1_192' title='bbox 268 2456 507 2511; x_wconf 88' lang='lat' dir='ltr'><strong>dicitur:</strong></span> <span class='ocrx_word' id='word_1_193' title='bbox 544 2455 745 2510; x_wconf 88' lang='lat' dir='ltr'><strong>Laudet</strong></span> <span class='ocrx_word' id='word_1_194' title='bbox 785 2467 836 2511; x_wconf 89' lang='lat' dir='ltr'><strong>te</strong></span> <span class='ocrx_word' id='word_1_195' title='bbox 876 2461 1148 2525; x_wconf 68' lang='lat' dir='ltr'><strong>proximus</strong></span> <span class='ocrx_word' id='word_1_196' title='bbox 1190 2468 1399 2521; x_wconf 89' lang='lat' dir='ltr'><strong>tuus,et</strong></span> <span class='ocrx_word' id='word_1_197' title='bbox 1432 2475 1535 2511; x_wconf 88' lang='lat' dir='ltr'><strong>non</strong></span> <span class='ocrx_word' id='word_1_198' title='bbox 1560 2470 1707 2513; x_wconf 88' lang='lat' dir='ltr'><strong>tuum</strong></span> 
     </span>
    </p>
   </div>
   <div class='ocr_carea' id='block_1_27' title="bbox 118 2546 1708 2616">
    <p class='ocr_par' dir='ltr' id='par_1_27' title="bbox 118 2546 1708 2616">
     <span class='ocr_line' id='line_1_27' title="bbox 118 2546 1708 2616; baseline 0 -17"><span class='ocrx_word' id='word_1_199' title='bbox 118 2564 221 2611; x_wconf 90' lang='lat' dir='ltr'><strong>os;</strong></span> <span class='ocrx_word' id='word_1_200' title='bbox 267 2558 546 2600; x_wconf 74' lang='lat' dir='ltr'><strong>extraneas</strong></span> <span class='ocrx_word' id='word_1_201' title='bbox 571 2587 586 2614; x_wconf 93' lang='lat'><strong>,</strong></span> <span class='ocrx_word' id='word_1_202' title='bbox 618 2557 665 2600; x_wconf 85' lang='lat' dir='ltr'><strong>et</strong></span> <span class='ocrx_word' id='word_1_203' title='bbox 706 2563 811 2600; x_wconf 90' lang='lat' dir='ltr'><strong>non</strong></span> <span class='ocrx_word' id='word_1_204' title='bbox 855 2556 949 2601; x_wconf 89' lang='lat' dir='ltr'><strong>tua</strong></span> <span class='ocrx_word' id='word_1_205' title='bbox 1000 2549 1143 2601; x_wconf 89' lang='lat' dir='ltr'><strong>labia</strong></span> <span class='ocrx_word' id='word_1_206' title='bbox 1174 2548 1238 2594; x_wconf 83' lang='grc'><strong>⁵⁷-</strong></span> <span class='ocrx_word' id='word_1_207' title='bbox 1275 2546 1388 2600; x_wconf 85' lang='grc' dir='ltr'>Νοιι</span> <span class='ocrx_word' id='word_1_208' title='bbox 1432 2562 1564 2610; x_wconf 73' lang='grc' dir='ltr'><strong>ει·αο</strong></span> <span class='ocrx_word' id='word_1_209' title='bbox 1611 2563 1708 2616; x_wconf 82' lang='lat' dir='ltr'><strong>pro</strong></span> 
     </span>
    </p>
   </div>
   <div class='ocr_carea' id='block_1_28' title="bbox 122 2639 1704 2709">
    <p class='ocr_par' dir='ltr' id='par_1_28' title="bbox 122 2639 1704 2709">
     <span class='ocr_line' id='line_1_28' title="bbox 122 2639 1704 2709; baseline 0.001 -18"><span class='ocrx_word' id='word_1_210' title='bbox 122 2639 293 2693; x_wconf 82' lang='lat' dir='ltr'><strong>laude</strong></span> <span class='ocrx_word' id='word_1_211' title='bbox 320 2639 559 2708; x_wconf 85' lang='lat' dir='ltr'><strong>propria,</strong></span> <span class='ocrx_word' id='word_1_212' title='bbox 596 2640 686 2693; x_wconf 79' lang='lat' dir='ltr'><strong>sed</strong></span> <span class='ocrx_word' id='word_1_213' title='bbox 726 2655 823 2708; x_wconf 91' lang='lat' dir='ltr'><strong>pro</strong></span> <span class='ocrx_word' id='word_1_214' title='bbox 864 2655 1043 2693; x_wconf 89' lang='lat' dir='ltr'><strong>rerum</strong></span> <span class='ocrx_word' id='word_1_215' title='bbox 1082 2642 1463 2709; x_wconf 77' lang='lat' dir='ltr'><strong>consequentia</strong></span> <span class='ocrx_word' id='word_1_216' title='bbox 1488 2640 1704 2692; x_wconf 90' lang='lat' dir='ltr'><strong>ﬁrmum</strong></span> 
     </span>
    </p>
   </div>
   <div class='ocr_carea' id='block_1_29' title="bbox 118 2733 1705 2802">
    <p class='ocr_par' dir='ltr' id='par_1_29' title="bbox 118 2733 1705 2802">
     <span class='ocr_line' id='line_1_29' title="bbox 118 2733 1705 2802; baseline 0.002 -18"><span class='ocrx_word' id='word_1_217' title='bbox 118 2733 481 2801; x_wconf 85' lang='lat' dir='ltr'><strong>semetipsum</strong></span> <span class='ocrx_word' id='word_1_218' title='bbox 525 2735 866 2802; x_wconf 83' lang='lat' dir='ltr'><strong>pronuntiat.</strong></span> <span class='ocrx_word' id='word_1_219' title='bbox 913 2733 969 2788; x_wconf 84' lang='lat' dir='ltr'><strong>Si</strong></span> <span class='ocrx_word' id='word_1_220' title='bbox 1015 2734 1162 2786; x_wconf 86' lang='lat' dir='ltr'><strong>enim</strong></span> <span class='ocrx_word' id='word_1_221' title='bbox 1221 2734 1334 2800; x_wconf 85' lang='lat' dir='ltr'><strong>ipse</strong></span> <span class='ocrx_word' id='word_1_222' title='bbox 1386 2733 1705 2787; x_wconf 82' lang='lat' dir='ltr'><strong>humilitatis</strong></span> 
     </span>
    </p>
   </div>
   <div class='ocr_carea' id='block_1_30' title="bbox 118 2827 1706 2895">
    <p class='ocr_par' dir='ltr' id='par_1_30' title="bbox 118 2827 1706 2895">
     <span class='ocr_line' id='line_1_30' title="bbox 118 2827 1706 2895; baseline 0.003 -17"><span class='ocrx_word' id='word_1_223' title='bbox 118 2827 310 2895; x_wconf 82' lang='lat' dir='ltr'><strong>specie</strong></span> <span class='ocrx_word' id='word_1_224' title='bbox 334 2827 478 2879; x_wconf 91' lang='lat' dir='ltr'><strong>inter</strong></span> <span class='ocrx_word' id='word_1_225' title='bbox 505 2827 688 2880; x_wconf 90' lang='lat' dir='ltr'><strong>ﬁrmos</strong></span> <span class='ocrx_word' id='word_1_226' title='bbox 717 2827 943 2881; x_wconf 82' lang='lat' dir='ltr'><strong>vitasset</strong></span> <span class='ocrx_word' id='word_1_227' title='bbox 974 2828 1318 2888; x_wconf 87' lang='lat' dir='ltr'><strong>enumerari,</strong></span> <span class='ocrx_word' id='word_1_228' title='bbox 1361 2827 1481 2894; x_wconf 90' lang='lat' dir='ltr'><strong>quis</strong></span> <span class='ocrx_word' id='word_1_229' title='bbox 1519 2842 1585 2881; x_wconf 81' lang='lat' dir='ltr'><strong>ex</strong></span> <span class='ocrx_word' id='word_1_230' title='bbox 1619 2827 1706 2882; x_wconf 87' lang='lat' dir='ltr'><strong>his</strong></span> 
     </span>
    </p>
   </div>
   <div class='ocr_carea' id='block_1_31' title="bbox 118 2920 1698 2993">
    <p class='ocr_par' dir='ltr' id='par_1_31' title="bbox 118 2920 1698 2993">
     <span class='ocr_line' id='line_1_31' title="bbox 118 2920 1698 2993; baseline 0.002 -20"><span class='ocrx_word' id='word_1_231' title='bbox 118 2923 218 2993; x_wconf 86' lang='lat' dir='ltr'><strong>qui</strong></span> <span class='ocrx_word' id='word_1_232' title='bbox 253 2922 481 2981; x_wconf 85' lang='lat' dir='ltr'><strong>aliorum</strong></span> <span class='ocrx_word' id='word_1_233' title='bbox 518 2922 863 2977; x_wconf 83' lang='lat' dir='ltr'><strong>inﬁrmitates</strong></span> <span class='ocrx_word' id='word_1_234' title='bbox 902 2932 1123 2992; x_wconf 88' lang='lat' dir='ltr'><strong>portare</strong></span> <span class='ocrx_word' id='word_1_235' title='bbox 1152 2922 1439 2987; x_wconf 89' lang='lat' dir='ltr'><strong>deberent,</strong></span> <span class='ocrx_word' id='word_1_236' title='bbox 1470 2920 1698 2976; x_wconf 78' lang='lat' dir='ltr'><strong>auderet</strong></span> 
     </span>
    </p>
   </div>
   <div class='ocr_carea' id='block_1_32' title="bbox 119 3014 1704 3086">
    <p class='ocr_par' dir='ltr' id='par_1_32' title="bbox 119 3014 1704 3086">
     <span class='ocr_line' id='line_1_32' title="bbox 119 3014 1704 3086; baseline 0.002 -17"><span class='ocrx_word' id='word_1_237' title='bbox 119 3017 312 3071; x_wconf 76' lang='lat' dir='ltr'><strong>subire</strong></span> <span class='ocrx_word' id='word_1_238' title='bbox 345 3017 484 3071; x_wconf 89' lang='lat' dir='ltr'><strong>istud</strong></span> <span class='ocrx_word' id='word_1_239' title='bbox 513 3017 698 3079; x_wconf 76' lang='lat' dir='ltr'><strong>ofﬁcii,</strong></span> <span class='ocrx_word' id='word_1_240' title='bbox 731 3026 790 3070; x_wconf 92' lang='lat' dir='ltr'><strong>ut</strong></span> <span class='ocrx_word' id='word_1_241' title='bbox 816 3017 970 3085; x_wconf 87' lang='lat' dir='ltr'><strong>quasi</strong></span> <span class='ocrx_word' id='word_1_242' title='bbox 1015 3014 1204 3070; x_wconf 78' lang='lat' dir='ltr'><strong>ﬁrmus</strong></span> <span class='ocrx_word' id='word_1_243' title='bbox 1237 3017 1352 3085; x_wconf 91' lang='lat' dir='ltr'><strong>ipse</strong></span> <span class='ocrx_word' id='word_1_244' title='bbox 1381 3016 1704 3086; x_wconf 82' lang='lat' dir='ltr'><strong>lragilitates</strong></span> 
     </span>
    </p>
   </div>
   <div class='ocr_carea' id='block_1_33' title="bbox 121 3107 1772 3198">
    <p class='ocr_par' dir='ltr' id='par_1_33' title="bbox 121 3107 1772 3198">
     <span class='ocr_line' id='line_1_33' title="bbox 121 3107 1772 3198; baseline 0 -37"><span class='ocrx_word' id='word_1_245' title='bbox 121 3108 463 3162; x_wconf 86' lang='lat' dir='ltr'><strong>inﬁrmorum</strong></span> <span class='ocrx_word' id='word_1_246' title='bbox 495 3107 634 3163; x_wconf 80' lang='lat' dir='ltr'><strong>ferre</strong></span> <span class='ocrx_word' id='word_1_247' title='bbox 675 3109 982 3163; x_wconf 80' lang='lat' dir='ltr'><strong>niteretur?</strong></span> <span class='ocrx_word' id='word_1_248' title='bbox 1013 3108 1117 3163; x_wconf 83' lang='lat' dir='ltr'><strong>Sed</strong></span> <span class='ocrx_word' id='word_1_249' title='bbox 1151 3108 1273 3161; x_wconf 90' lang='lat' dir='ltr'><strong>ideo</strong></span> <span class='ocrx_word' id='word_1_250' title='bbox 1298 3122 1584 3163; x_wconf 91' lang='lat' dir='ltr'><strong>commune</strong></span> <span class='ocrx_word' id='word_1_251' title='bbox 1614 3107 1691 3162; x_wconf 69' lang='lat' dir='ltr'><strong>fa-</strong></span> <span class='ocrx_word' id='word_1_252' title='bbox 1729 3142 1772 3198; x_wconf 64' lang='grc' dir='ltr'>ρ</span> 
     </span>
    </p>
   </div>
   <div class='ocr_carea' id='block_1_34' title="bbox 118 3201 1702 3270">
    <p class='ocr_par' dir='ltr' id='par_1_34' title="bbox 118 3201 1702 3270">
     <span class='ocr_line' id='line_1_34' title="bbox 118 3201 1702 3270; baseline -0.001 -15"><span class='ocrx_word' id='word_1_253' title='bbox 118 3203 196 3255; x_wconf 85' lang='lat' dir='ltr'><strong>cit</strong></span> <span class='ocrx_word' id='word_1_254' title='bbox 229 3202 377 3255; x_wconf 90' lang='lat' dir='ltr'><strong>istud</strong></span> <span class='ocrx_word' id='word_1_255' title='bbox 408 3201 659 3264; x_wconf 70' lang='lat' dir='ltr'><strong>ofﬁcium,</strong></span> <span class='ocrx_word' id='word_1_256' title='bbox 709 3211 766 3255; x_wconf 88' lang='lat' dir='ltr'><strong>ttt</strong></span> <span class='ocrx_word' id='word_1_257' title='bbox 813 3203 1190 3269; x_wconf 71' lang='lat' dir='ltr'><strong>unusquisque</strong></span> <span class='ocrx_word' id='word_1_258' title='bbox 1222 3210 1467 3255; x_wconf 89' lang='lat' dir='ltr'><strong>nostrum</strong></span> <span class='ocrx_word' id='word_1_259' title='bbox 1508 3202 1561 3254; x_wconf 90' lang='lat' dir='ltr'><strong>in</strong></span> <span class='ocrx_word' id='word_1_260' title='bbox 1594 3216 1702 3270; x_wconf 93' lang='lat' dir='ltr'><strong>quo</strong></span> 
     </span>
    </p>
   </div>
   <div class='ocr_carea' id='block_1_35' title="bbox 121 3292 1703 3363">
    <p class='ocr_par' dir='ltr' id='par_1_35' title="bbox 121 3292 1703 3363">
     <span class='ocr_line' id='line_1_35' title="bbox 121 3292 1703 3363; baseline 0 -16"><span class='ocrx_word' id='word_1_261' title='bbox 121 3305 321 3363; x_wconf 72' lang='lat' dir='ltr'><strong>potest,</strong></span> <span class='ocrx_word' id='word_1_262' title='bbox 357 3297 565 3350; x_wconf 81' lang='lat' dir='ltr'><strong>etiamsi</strong></span> <span class='ocrx_word' id='word_1_263' title='bbox 599 3310 702 3348; x_wconf 89' lang='lat' dir='ltr'><strong>non</strong></span> <span class='ocrx_word' id='word_1_264' title='bbox 739 3295 791 3348; x_wconf 91' lang='lat' dir='ltr'><strong>in</strong></span> <span class='ocrx_word' id='word_1_265' title='bbox 823 3292 1096 3354; x_wconf 90' lang='lat' dir='ltr'><strong>omnibus,</strong></span> <span class='ocrx_word' id='word_1_266' title='bbox 1124 3304 1304 3348; x_wconf 91' lang='lat' dir='ltr'><strong>tamen</strong></span> <span class='ocrx_word' id='word_1_267' title='bbox 1338 3293 1391 3346; x_wconf 94' lang='lat' dir='ltr'><strong>in</strong></span> <span class='ocrx_word' id='word_1_268' title='bbox 1417 3307 1525 3362; x_wconf 90' lang='lat' dir='ltr'><strong>quo</strong></span> <span class='ocrx_word' id='word_1_269' title='bbox 1554 3292 1703 3347; x_wconf 88' lang='lat' dir='ltr'><strong>vide-</strong></span> 
     </span>
    </p>
   </div>
   <div class='ocr_carea' id='block_1_36' title="bbox 126 3380 1701 3451">
    <p class='ocr_par' dir='ltr' id='par_1_36' title="bbox 126 3380 1701 3451">
     <span class='ocr_line' id='line_1_36' title="bbox 126 3380 1701 3451; baseline -0.001 -16"><span class='ocrx_word' id='word_1_270' title='bbox 126 3391 217 3436; x_wconf 87' lang='lat' dir='ltr'><strong>tttr</strong></span> <span class='ocrx_word' id='word_1_271' title='bbox 264 3382 472 3434; x_wconf 86' lang='lat' dir='ltr'><strong>ﬁrmior</strong></span> <span class='ocrx_word' id='word_1_272' title='bbox 519 3383 762 3451; x_wconf 88' lang='lat' dir='ltr'><strong>proximo</strong></span> <span class='ocrx_word' id='word_1_273' title='bbox 792 3397 891 3436; x_wconf 91' lang='lat' dir='ltr'><strong>suo</strong></span> <span class='ocrx_word' id='word_1_274' title='bbox 930 3398 1080 3446; x_wconf 88' lang='lat' dir='ltr'><strong>esse,</strong></span> <span class='ocrx_word' id='word_1_275' title='bbox 1126 3388 1302 3451; x_wconf 84' lang='lat' dir='ltr'><strong>portet</strong></span> <span class='ocrx_word' id='word_1_276' title='bbox 1332 3380 1701 3437; x_wconf 86' lang='lat' dir='ltr'><strong>inﬁrmitatem</strong></span> 
     </span>
    </p>
   </div>
   <div class='ocr_carea' id='block_1_37' title="bbox 126 3471 1700 3542">
    <p class='ocr_par' dir='ltr' id='par_1_37' title="bbox 126 3471 1700 3542">
     <span class='ocr_line' id='line_1_37' title="bbox 126 3471 1700 3542; baseline 0.001 -17"><span class='ocrx_word' id='word_1_277' title='bbox 126 3474 277 3542; x_wconf 76' lang='lat' dir='ltr'><strong>ejus;</strong></span> <span class='ocrx_word' id='word_1_278' title='bbox 309 3471 452 3526; x_wconf 81' lang='lat' dir='ltr'><strong>sicut</strong></span> <span class='ocrx_word' id='word_1_279' title='bbox 490 3482 545 3526; x_wconf 90' lang='lat' dir='ltr'><strong>et</strong></span> <span class='ocrx_word' id='word_1_280' title='bbox 590 3472 645 3525; x_wconf 93' lang='lat' dir='ltr'><strong>in</strong></span> <span class='ocrx_word' id='word_1_281' title='bbox 687 3472 806 3526; x_wconf 89' lang='lat' dir='ltr'><strong>aliis</strong></span> <span class='ocrx_word' id='word_1_282' title='bbox 842 3472 970 3527; x_wconf 83' lang='lat' dir='ltr'><strong>dicit</strong></span> <span class='ocrx_word' id='word_1_283' title='bbox 1003 3489 1015 3524; x_wconf 92' lang='lat'>:</span> <span class='ocrx_word' id='word_1_284' title='bbox 1059 3473 1285 3527; x_wconf 82' lang='lat' dir='ltr'><strong>Invicem</strong></span> <span class='ocrx_word' id='word_1_285' title='bbox 1322 3488 1484 3527; x_wconf 86' lang='lat' dir='ltr'><strong>onera</strong></span> <span class='ocrx_word' id='word_1_286' title='bbox 1529 3484 1700 3526; x_wconf 86' lang='lat' dir='ltr'><strong>vestra</strong></span> 
     </span>
    </p>
   </div>
   <div class='ocr_carea' id='block_1_38' title="bbox 126 3563 1705 3635">
    <p class='ocr_par' dir='ltr' id='par_1_38' title="bbox 126 3563 1705 3635">
     <span class='ocr_line' id='line_1_38' title="bbox 126 3563 1705 3635; baseline 0.001 -16"><span class='ocrx_word' id='word_1_287' title='bbox 126 3574 337 3635; x_wconf 77' lang='lat' dir='ltr'><strong>portate</strong></span> <span class='ocrx_word' id='word_1_288' title='bbox 360 3564 427 3617; x_wconf 83' lang='grc'><strong>⁸⁸.</strong></span> <span class='ocrx_word' id='word_1_289' title='bbox 448 3563 553 3618; x_wconf 86' lang='lat' dir='ltr'><strong>Sed</strong></span> <span class='ocrx_word' id='word_1_290' title='bbox 576 3565 789 3618; x_wconf 85' lang='lat' dir='ltr'><strong>videtur</strong></span> <span class='ocrx_word' id='word_1_291' title='bbox 810 3581 967 3617; x_wconf 85' lang='lat' dir='ltr'><strong>onera</strong></span> <span class='ocrx_word' id='word_1_292' title='bbox 990 3564 1078 3617; x_wconf 91' lang='lat' dir='ltr'><strong>hic</strong></span> <span class='ocrx_word' id='word_1_293' title='bbox 1098 3581 1196 3634; x_wconf 88' lang='lat' dir='ltr'><strong>pro</strong></span> <span class='ocrx_word' id='word_1_294' title='bbox 1217 3566 1492 3633; x_wconf 85' lang='lat' dir='ltr'><strong>corporeis</strong></span> <span class='ocrx_word' id='word_1_295' title='bbox 1512 3580 1705 3621; x_wconf 74' lang='lat' dir='ltr'><strong>neces-</strong></span> 
     </span>
    </p>
   </div>
   <div class='ocr_carea' id='block_1_39' title="bbox 119 3657 1697 3737">
    <p class='ocr_par' dir='ltr' id='par_1_39' title="bbox 119 3657 1697 3737">
     <span class='ocr_line' id='line_1_39' title="bbox 119 3657 1697 3737; baseline -0.001 -26"><span class='ocrx_word' id='word_1_296' title='bbox 119 3657 382 3712; x_wconf 86' lang='lat' dir='ltr'><strong>sitatihns</strong></span> <span class='ocrx_word' id='word_1_297' title='bbox 416 3658 744 3723; x_wconf 85' lang='lat' dir='ltr'><strong>nominasse,</strong></span> <span class='ocrx_word' id='word_1_298' title='bbox 773 3668 832 3711; x_wconf 92' lang='lat' dir='ltr'><strong>ut</strong></span> <span class='ocrx_word' id='word_1_299' title='bbox 857 3657 901 3712; x_wconf 88' lang='lat' dir='ltr'><strong>si</strong></span> <span class='ocrx_word' id='word_1_300' title='bbox 936 3657 1059 3737; x_wconf 75' lang='lat' dir='ltr'><strong>quis</strong></span> <span class='ocrx_word' id='word_1_301' title='bbox 1094 3657 1148 3711; x_wconf 89' lang='lat' dir='ltr'><strong>in</strong></span> <span class='ocrx_word' id='word_1_302' title='bbox 1177 3657 1534 3710; x_wconf 82' lang='lat' dir='ltr'><strong>facultatibus</strong></span> <span class='ocrx_word' id='word_1_303' title='bbox 1559 3671 1697 3724; x_wconf 90' lang='lat' dir='ltr'><strong>opu-</strong></span> 
     </span>
    </p>
   </div>
   <div class='ocr_carea' id='block_1_40' title="bbox 119 3746 1697 3818">
    <p class='ocr_par' dir='ltr' id='par_1_40' title="bbox 119 3746 1697 3818">
     <span class='ocr_line' id='line_1_40' title="bbox 119 3746 1697 3818; baseline -0.003 -16"><span class='ocrx_word' id='word_1_304' title='bbox 119 3746 325 3803; x_wconf 87' lang='lat' dir='ltr'><strong>lentior</strong></span> <span class='ocrx_word' id='word_1_305' title='bbox 361 3760 464 3809; x_wconf 85' lang='lat' dir='ltr'><strong>est.</strong></span> <span class='ocrx_word' id='word_1_306' title='bbox 515 3764 652 3804; x_wconf 89' lang='lat' dir='ltr'><strong>onus</strong></span> <span class='ocrx_word' id='word_1_307' title='bbox 698 3748 1039 3818; x_wconf 82' lang='lat' dir='ltr'><strong>pauperioris</strong></span> <span class='ocrx_word' id='word_1_308' title='bbox 1090 3755 1286 3815; x_wconf 88' lang='lat' dir='ltr'><strong>portet,</strong></span> <span class='ocrx_word' id='word_1_309' title='bbox 1328 3756 1384 3799; x_wconf 88' lang='lat' dir='ltr'><strong>et</strong></span> <span class='ocrx_word' id='word_1_310' title='bbox 1417 3747 1697 3813; x_wconf 86' lang='lat' dir='ltr'><strong>penuriam</strong></span> 
     </span>
    </p>
   </div>
   <div class='ocr_carea' id='block_1_41' title="bbox 120 3838 1700 3901">
    <p class='ocr_par' dir='ltr' id='par_1_41' title="bbox 120 3838 1700 3901">
     <span class='ocr_line' id='line_1_41' title="bbox 120 3838 1700 3901; baseline -0.003 -5"><span class='ocrx_word' id='word_1_311' title='bbox 120 3841 334 3896; x_wconf 87' lang='lat' dir='ltr'><strong>soletur</strong></span> <span class='ocrx_word' id='word_1_312' title='bbox 362 3842 714 3898; x_wconf 84' lang='lat' dir='ltr'><strong>ahundantia.</strong></span> <span class='ocrx_word' id='word_1_313' title='bbox 738 3839 794 3893; x_wconf 88' lang='lat' dir='ltr'><strong>lu</strong></span> <span class='ocrx_word' id='word_1_314' title='bbox 832 3856 896 3894; x_wconf 88' lang='lat' dir='ltr'><strong>eo</strong></span> <span class='ocrx_word' id='word_1_315' title='bbox 929 3855 1061 3894; x_wconf 91' lang='lat' dir='ltr'><strong>vero</strong></span> <span class='ocrx_word' id='word_1_316' title='bbox 1090 3839 1179 3893; x_wconf 91' lang='lat' dir='ltr'><strong>ubi</strong></span> <span class='ocrx_word' id='word_1_317' title='bbox 1212 3838 1381 3901; x_wconf 87' lang='lat' dir='ltr'><strong>dicit,</strong></span> <span class='ocrx_word' id='word_1_318' title='bbox 1411 3845 1471 3890; x_wconf 88' lang='grc' dir='ltr'><strong>ιιι</strong></span> <span class='ocrx_word' id='word_1_319' title='bbox 1498 3838 1700 3891; x_wconf 88' lang='lat' dir='ltr'><strong>ﬁrmio-</strong></span> 
     </span>
    </p>
   </div>
   <div class='ocr_carea' id='block_1_42' title="bbox 118 3928 1702 3991">
    <p class='ocr_par' dir='ltr' id='par_1_42' title="bbox 118 3928 1702 3991">
     <span class='ocr_line' id='line_1_42' title="bbox 118 3928 1702 3991; baseline -0.005 -1"><span class='ocrx_word' id='word_1_320' title='bbox 118 3949 213 3990; x_wconf 83' lang='lat' dir='ltr'><strong>res</strong></span> <span class='ocrx_word' id='word_1_321' title='bbox 258 3935 593 3988; x_wconf 85' lang='lat' dir='ltr'><strong>inﬁrmorum</strong></span> <span class='ocrx_word' id='word_1_322' title='bbox 623 3935 925 3989; x_wconf 86' lang='lat' dir='ltr'><strong>sustineant</strong></span> <span class='ocrx_word' id='word_1_323' title='bbox 976 3932 1344 3991; x_wconf 75' lang='lat' dir='ltr'><strong>infirmitates,</strong></span> <span class='ocrx_word' id='word_1_324' title='bbox 1396 3946 1500 3983; x_wconf 90' lang='lat' dir='ltr'><strong>non</strong></span> <span class='ocrx_word' id='word_1_325' title='bbox 1556 3928 1702 3982; x_wconf 83' lang='lat' dir='ltr'><strong>aliud</strong></span> 
     </span>
    </p>
   </div>
   <div class='ocr_carea' id='block_1_43' title="bbox 118 4022 1704 4095">
    <p class='ocr_par' dir='ltr' id='par_1_43' title="bbox 118 4022 1704 4095">
     <span class='ocr_line' id='line_1_43' title="bbox 118 4022 1704 4095; baseline -0.003 -16"><span class='ocrx_word' id='word_1_326' title='bbox 118 4025 355 4095; x_wconf 83' lang='lat' dir='ltr'><strong>intelligi</strong></span> <span class='ocrx_word' id='word_1_327' title='bbox 381 4037 575 4093; x_wconf 72' lang='lat' dir='ltr'><strong>potest,</strong></span> <span class='ocrx_word' id='word_1_328' title='bbox 606 4041 768 4095; x_wconf 87' lang='lat' dir='ltr'><strong>quam</strong></span> <span class='ocrx_word' id='word_1_329' title='bbox 804 4036 860 4077; x_wconf 91' lang='lat' dir='ltr'><strong>ttt</strong></span> <span class='ocrx_word' id='word_1_330' title='bbox 898 4039 959 4078; x_wconf 88' lang='lat' dir='ltr'><strong>ea</strong></span> <span class='ocrx_word' id='word_1_331' title='bbox 1006 4025 1057 4077; x_wconf 89' lang='lat' dir='ltr'><strong>in</strong></span> <span class='ocrx_word' id='word_1_332' title='bbox 1083 4022 1281 4090; x_wconf 86' lang='lat' dir='ltr'><strong>quibus</strong></span> <span class='ocrx_word' id='word_1_333' title='bbox 1305 4023 1394 4075; x_wconf 86' lang='lat' dir='ltr'><strong>alii</strong></span> <span class='ocrx_word' id='word_1_334' title='bbox 1431 4036 1525 4091; x_wconf 91' lang='lat' dir='ltr'><strong>per</strong></span> <span class='ocrx_word' id='word_1_335' title='bbox 1558 4023 1704 4074; x_wconf 88' lang='lat' dir='ltr'><strong>inlir-</strong></span> 
     </span>
    </p>
   </div>
   <div class='ocr_carea' id='block_1_44' title="bbox 118 4117 1698 4189">
    <p class='ocr_par' dir='ltr' id='par_1_44' title="bbox 118 4117 1698 4189">
     <span class='ocr_line' id='line_1_44' title="bbox 118 4117 1698 4189; baseline -0.003 -16"><span class='ocrx_word' id='word_1_336' title='bbox 118 4119 371 4173; x_wconf 88' lang='lat' dir='ltr'><strong>mitatem</strong></span> <span class='ocrx_word' id='word_1_337' title='bbox 409 4120 763 4189; x_wconf 86' lang='lat' dir='ltr'><strong>delinquunt,</strong></span> <span class='ocrx_word' id='word_1_338' title='bbox 799 4118 1132 4171; x_wconf 87' lang='lat' dir='ltr'><strong>robustiores</strong></span> <span class='ocrx_word' id='word_1_339' title='bbox 1181 4117 1384 4184; x_wconf 86' lang='lat' dir='ltr'><strong>quique</strong></span> <span class='ocrx_word' id='word_1_340' title='bbox 1429 4117 1698 4182; x_wconf 85' lang='lat' dir='ltr'><strong>patienter</strong></span> 
     </span>
    </p>
   </div>
   <div class='ocr_carea' id='block_1_45' title="bbox 121 4206 1696 4276">
    <p class='ocr_par' dir='ltr' id='par_1_45' title="bbox 121 4206 1696 4276">
     <span class='ocr_line' id='line_1_45' title="bbox 121 4206 1696 4276; baseline -0.001 -15"><span class='ocrx_word' id='word_1_341' title='bbox 121 4210 327 4274; x_wconf 75' lang='lat' dir='ltr'><strong>ferant,</strong></span> <span class='ocrx_word' id='word_1_342' title='bbox 364 4222 416 4263; x_wconf 90' lang='lat' dir='ltr'><strong>et</strong></span> <span class='ocrx_word' id='word_1_343' title='bbox 443 4227 547 4263; x_wconf 90' lang='lat' dir='ltr'><strong>non</strong></span> <span class='ocrx_word' id='word_1_344' title='bbox 578 4212 831 4264; x_wconf 86' lang='lat' dir='ltr'><strong>continuo</strong></span> <span class='ocrx_word' id='word_1_345' title='bbox 863 4218 1125 4276; x_wconf 84' lang='lat' dir='ltr'><strong>Spernant</strong></span> <span class='ocrx_word' id='word_1_346' title='bbox 1151 4223 1267 4271; x_wconf 82' lang='lat' dir='ltr'><strong>eos,</strong></span> <span class='ocrx_word' id='word_1_347' title='bbox 1296 4207 1575 4275; x_wconf 85' lang='lat' dir='ltr'><strong>ahjiciant,</strong></span> <span class='ocrx_word' id='word_1_348' title='bbox 1602 4206 1696 4260; x_wconf 82' lang='lat' dir='ltr'><strong>ab-</strong></span> 
     </span>
    </p>
   </div>
   <div class='ocr_carea' id='block_1_46' title="bbox 118 4300 1697 4372">
    <p class='ocr_par' dir='ltr' id='par_1_46' title="bbox 118 4300 1697 4372">
     <span class='ocr_line' id='line_1_46' title="bbox 118 4300 1697 4372; baseline -0.004 -14"><span class='ocrx_word' id='word_1_349' title='bbox 118 4305 470 4365; x_wconf 85' lang='lat' dir='ltr'><strong>horrescant.</strong></span> <span class='ocrx_word' id='word_1_350' title='bbox 495 4305 538 4358; x_wconf 90' lang='lat' dir='ltr'><strong>si</strong></span> <span class='ocrx_word' id='word_1_351' title='bbox 578 4302 717 4359; x_wconf 76' lang='lat' dir='ltr'><strong>forte</strong></span> <span class='ocrx_word' id='word_1_352' title='bbox 750 4305 803 4359; x_wconf 91' lang='lat' dir='ltr'><strong>in</strong></span> <span class='ocrx_word' id='word_1_353' title='bbox 833 4305 1014 4372; x_wconf 88' lang='lat' dir='ltr'><strong>aliquo</strong></span> <span class='ocrx_word' id='word_1_354' title='bbox 1047 4302 1384 4356; x_wconf 85' lang='lat' dir='ltr'><strong>inﬁrmitatis</strong></span> <span class='ocrx_word' id='word_1_355' title='bbox 1418 4300 1549 4355; x_wconf 89' lang='lat' dir='ltr'><strong>vitio</strong></span> <span class='ocrx_word' id='word_1_356' title='bbox 1582 4300 1697 4352; x_wconf 89' lang='lat' dir='ltr'><strong>vitt-</strong></span> 
     </span>
    </p>
   </div>
   <div class='ocr_carea' id='block_1_47' title="bbox 117 4394 1695 4468">
    <p class='ocr_par' dir='ltr' id='par_1_47' title="bbox 117 4394 1695 4468">
     <span class='ocr_line' id='line_1_47' title="bbox 117 4394 1695 4468; baseline -0.004 -17"><span class='ocrx_word' id='word_1_357' title='bbox 117 4405 340 4462; x_wconf 89' lang='lat' dir='ltr'><strong>cuntur,</strong></span> <span class='ocrx_word' id='word_1_358' title='bbox 373 4410 547 4467; x_wconf 87' lang='lat' dir='ltr'><strong>neque</strong></span> <span class='ocrx_word' id='word_1_359' title='bbox 567 4397 667 4452; x_wconf 90' lang='lat' dir='ltr'><strong>sub</strong></span> <span class='ocrx_word' id='word_1_360' title='bbox 696 4396 807 4468; x_wconf 79' lang='lat'><strong>(82)</strong></span> <span class='ocrx_word' id='word_1_361' title='bbox 839 4397 1017 4467; x_wconf 80' lang='lat' dir='ltr'><strong>specie</strong></span> <span class='ocrx_word' id='word_1_362' title='bbox 1042 4394 1278 4466; x_wconf 87' lang='lat' dir='ltr'><strong>purioris</strong></span> <span class='ocrx_word' id='word_1_363' title='bbox 1313 4394 1457 4456; x_wconf 64' lang='lat' dir='ltr'><strong>vitat,</strong></span> <span class='ocrx_word' id='word_1_364' title='bbox 1490 4406 1520 4446; x_wconf 88' lang='lat' dir='ltr'><strong>a</strong></span> <span class='ocrx_word' id='word_1_365' title='bbox 1566 4404 1695 4446; x_wconf 77' lang='lat' dir='ltr'><strong>con-</strong></span> 
     </span>
    </p>
   </div>
   <div class='ocr_carea' id='block_1_48' title="bbox 186 4532 649 4593">
    <p class='ocr_par' dir='ltr' id='par_1_48' title="bbox 186 4532 649 4593">
     <span class='ocr_line' id='line_1_48' title="bbox 186 4532 649 4593; baseline 0 -6"><span class='ocrx_word' id='word_1_366' title='bbox 186 4535 237 4567; x_wconf 87' lang='grc'><strong>⁸³</strong></span> <span class='ocrx_word' id='word_1_367' title='bbox 267 4532 460 4589; x_wconf 85' lang='lat' dir='ltr'><strong>lJoan.</strong></span> <span class='ocrx_word' id='word_1_368' title='bbox 489 4547 562 4593; x_wconf 88' lang='lat' dir='ltr'><strong>tv,</strong></span> <span class='ocrx_word' id='word_1_369' title='bbox 598 4532 649 4587; x_wconf 76' lang='grc'><strong>1.</strong></span> 
     </span>
    </p>
   </div>
   <div class='ocr_carea' id='block_1_49' title="bbox 113 4602 754 4669">
    <p class='ocr_par' dir='ltr' id='par_1_49' title="bbox 113 4602 754 4669">
     <span class='ocr_line' id='line_1_49' title="bbox 113 4602 754 4669; baseline -0.006 -10"><span class='ocrx_word' id='word_1_370' title='bbox 113 4618 193 4669; x_wconf 83' lang='lat' dir='ltr'><strong>vt,</strong></span> <span class='ocrx_word' id='word_1_371' title='bbox 218 4605 276 4658; x_wconf 92' lang='lat'><strong>2.</strong></span> <span class='ocrx_word' id='word_1_372' title='bbox 351 4602 396 4635; x_wconf 70' lang='grc' dir='ltr'><strong>δ’</strong></span> <span class='ocrx_word' id='word_1_373' title='bbox 427 4604 525 4657; x_wconf 88' lang='lat' dir='ltr'><strong>lsa.</strong></span> <span class='ocrx_word' id='word_1_374' title='bbox 553 4618 672 4668; x_wconf 79' lang='grc' dir='ltr'>ιιιι,</span> <span class='ocrx_word' id='word_1_375' title='bbox 698 4602 754 4655; x_wconf 71' lang='grc' dir='ltr'>ι.</span> 
     </span>
    </p>
   </div>
   <div class='ocr_carea' id='block_1_50' title="bbox 723 4525 1963 4593">
    <p class='ocr_par' dir='ltr' id='par_1_50' title="bbox 723 4525 1963 4593">
     <span class='ocr_line' id='line_1_50' title="bbox 723 4525 1963 4593; baseline -0.006 -8"><span class='ocrx_word' id='word_1_376' title='bbox 723 4531 772 4563; x_wconf 67' lang='grc'><strong>⁸⁸</strong></span> <span class='ocrx_word' id='word_1_377' title='bbox 798 4530 940 4584; x_wconf 85' lang='lat' dir='ltr'><strong>Psal.</strong></span> <span class='ocrx_word' id='word_1_378' title='bbox 972 4544 1163 4588; x_wconf 81' lang='lat' dir='ltr'><strong>cxxnt.</strong></span> <span class='ocrx_word' id='word_1_379' title='bbox 1194 4529 1247 4583; x_wconf 90' lang='lat'><strong>7.</strong></span> <span class='ocrx_word' id='word_1_380' title='bbox 1278 4528 1330 4582; x_wconf 91' lang='lat'><strong>8.</strong></span> <span class='ocrx_word' id='word_1_381' title='bbox 1384 4527 1430 4558; x_wconf 82' lang='grc'>⁸⁸</span> <span class='ocrx_word' id='word_1_382' title='bbox 1447 4525 1606 4581; x_wconf 82' lang='lat' dir='ltr'><strong>Rom.</strong></span> <span class='ocrx_word' id='word_1_383' title='bbox 1660 4541 1759 4591; x_wconf 84' lang='lat' dir='ltr'><strong>xv,</strong></span> <span class='ocrx_word' id='word_1_384' title='bbox 1786 4527 1808 4579; x_wconf 82' lang='lat' dir='ltr'><strong>l</strong></span> <span class='ocrx_word' id='word_1_385' title='bbox 1849 4540 1963 4593; x_wconf 84' lang='lat' dir='ltr'><strong>seq.</strong></span> 
     </span>
    </p>
   </div>
   <div class='ocr_carea' id='block_1_51' title="bbox 834 4596 1904 4669">
    <p class='ocr_par' dir='ltr' id='par_1_51' title="bbox 834 4596 1904 4669">
     <span class='ocr_line' id='line_1_51' title="bbox 834 4596 1904 4669; baseline -0.004 -17"><span class='ocrx_word' id='word_1_386' title='bbox 834 4600 877 4631; x_wconf 82' lang='grc'><strong>⁶⁰</strong></span> <span class='ocrx_word' id='word_1_387' title='bbox 898 4598 1091 4669; x_wconf 85' lang='lat' dir='ltr'><strong>Ephes.</strong></span> <span class='ocrx_word' id='word_1_388' title='bbox 1116 4615 1190 4665; x_wconf 86' lang='lat' dir='ltr'><strong>tv,</strong></span> <span class='ocrx_word' id='word_1_389' title='bbox 1217 4598 1305 4653; x_wconf 82' lang='lat'><strong>52.</strong></span> <span class='ocrx_word' id='word_1_390' title='bbox 1375 4597 1417 4629; x_wconf 73' lang='grc' dir='ltr'><strong>σί</strong></span> <span class='ocrx_word' id='word_1_391' title='bbox 1439 4597 1483 4650; x_wconf 90' lang='lat' dir='ltr'><strong>ll</strong></span> <span class='ocrx_word' id='word_1_392' title='bbox 1525 4596 1665 4651; x_wconf 87' lang='lat' dir='ltr'><strong>Tim.</strong></span> <span class='ocrx_word' id='word_1_393' title='bbox 1695 4613 1776 4661; x_wconf 89' lang='lat' dir='ltr'><strong>ut,</strong></span> <span class='ocrx_word' id='word_1_394' title='bbox 1816 4596 1904 4650; x_wconf 78' lang='lat' dir='ltr'><strong>l5.</strong></span> 
     </span>
    </p>
   </div>
   <div class='ocr_carea' id='block_1_52' title="bbox 1819 520 3401 593">
    <p class='ocr_par' dir='ltr' id='par_1_52' title="bbox 1819 520 3401 593">
     <span class='ocr_line' id='line_1_52' title="bbox 1819 520 3401 593; baseline 0.004 -19"><span class='ocrx_word' id='word_1_395' title='bbox 1819 521 1962 575; x_wconf 91' lang='lat' dir='ltr'><strong>enim</strong></span> <span class='ocrx_word' id='word_1_396' title='bbox 1988 520 2091 575; x_wconf 89' lang='lat' dir='ltr'><strong>hoc</strong></span> <span class='ocrx_word' id='word_1_397' title='bbox 2117 520 2273 588; x_wconf 78' lang='lat' dir='ltr'><strong>facit,</strong></span> <span class='ocrx_word' id='word_1_398' title='bbox 2299 537 2406 578; x_wconf 90' lang='lat' dir='ltr'><strong>non</strong></span> <span class='ocrx_word' id='word_1_399' title='bbox 2437 531 2521 578; x_wconf 89' lang='lat' dir='ltr'><strong>est</strong></span> <span class='ocrx_word' id='word_1_400' title='bbox 2548 522 2789 578; x_wconf 87' lang='lat' dir='ltr'><strong>imitator</strong></span> <span class='ocrx_word' id='word_1_401' title='bbox 2823 523 2965 578; x_wconf 90' lang='lat' dir='ltr'><strong>illius</strong></span> <span class='ocrx_word' id='word_1_402' title='bbox 2992 524 3058 578; x_wconf 86' lang='lat' dir='ltr'><strong>de</strong></span> <span class='ocrx_word' id='word_1_403' title='bbox 3086 540 3194 593; x_wconf 91' lang='lat' dir='ltr'><strong>quo</strong></span> <span class='ocrx_word' id='word_1_404' title='bbox 3231 525 3401 581; x_wconf 82' lang='lat' dir='ltr'><strong>Isaias</strong></span> 
     </span>
    </p>
   </div>
   <div class='ocr_carea' id='block_1_53' title="bbox 1813 619 3392 690">
    <p class='ocr_par' dir='ltr' id='par_1_53' title="bbox 1813 619 3392 690">
     <span class='ocr_line' id='line_1_53' title="bbox 1813 619 3392 690; baseline -0.001 -14"><span class='ocrx_word' id='word_1_405' title='bbox 1813 620 1944 676; x_wconf 90' lang='lat' dir='ltr'><strong>dicit</strong></span> <span class='ocrx_word' id='word_1_406' title='bbox 1979 638 1991 672; x_wconf 90' lang='lat'><strong>:</strong></span> <span class='ocrx_word' id='word_1_407' title='bbox 2034 621 2151 689; x_wconf 87' lang='lat' dir='ltr'><strong>Ipse</strong></span> <span class='ocrx_word' id='word_1_408' title='bbox 2191 619 2525 687; x_wconf 84' lang='lat' dir='ltr'><strong>inﬁrmitates</strong></span> <span class='ocrx_word' id='word_1_409' title='bbox 2564 630 2766 673; x_wconf 88' lang='lat' dir='ltr'><strong>nostras</strong></span> <span class='ocrx_word' id='word_1_410' title='bbox 2801 630 2996 690; x_wconf 84' lang='lat' dir='ltr'><strong>portat,</strong></span> <span class='ocrx_word' id='word_1_411' title='bbox 3029 630 3077 675; x_wconf 89' lang='lat' dir='ltr'><strong>et</strong></span> <span class='ocrx_word' id='word_1_412' title='bbox 3109 637 3204 690; x_wconf 83' lang='lat' dir='ltr'><strong>pro</strong></span> <span class='ocrx_word' id='word_1_413' title='bbox 3245 622 3392 674; x_wconf 86' lang='lat' dir='ltr'><strong>nobis</strong></span> 
     </span>
    </p>
   </div>
   <div class='ocr_carea' id='block_1_54' title="bbox 1813 711 3390 777">
    <p class='ocr_par' dir='ltr' id='par_1_54' title="bbox 1813 711 3390 777">
     <span class='ocr_line' id='line_1_54' title="bbox 1813 711 3390 777; baseline -0.002 -12"><span class='ocrx_word' id='word_1_414' title='bbox 1813 711 1950 766; x_wconf 88' lang='lat' dir='ltr'><strong>dolet</strong></span> <span class='ocrx_word' id='word_1_415' title='bbox 1977 713 2119 777; x_wconf 82' lang='lat'><strong>(85);</strong></span> <span class='ocrx_word' id='word_1_416' title='bbox 2151 721 2199 764; x_wconf 90' lang='lat' dir='ltr'><strong>et</strong></span> <span class='ocrx_word' id='word_1_417' title='bbox 2231 728 2322 764; x_wconf 89' lang='lat' dir='ltr'><strong>uos</strong></span> <span class='ocrx_word' id='word_1_418' title='bbox 2344 711 2655 776; x_wconf 87' lang='lat' dir='ltr'><strong>putabamus</strong></span> <span class='ocrx_word' id='word_1_419' title='bbox 2684 729 2800 765; x_wconf 89' lang='lat' dir='ltr'><strong>eum</strong></span> <span class='ocrx_word' id='word_1_420' title='bbox 2826 714 2881 766; x_wconf 88' lang='lat' dir='ltr'><strong>in</strong></span> <span class='ocrx_word' id='word_1_421' title='bbox 2902 713 3077 766; x_wconf 86' lang='lat' dir='ltr'><strong>dolore</strong></span> <span class='ocrx_word' id='word_1_422' title='bbox 3106 730 3232 773; x_wconf 86' lang='lat' dir='ltr'><strong>esse.</strong></span> <span class='ocrx_word' id='word_1_423' title='bbox 3265 722 3314 765; x_wconf 86' lang='lat' dir='ltr'><strong>et</strong></span> <span class='ocrx_word' id='word_1_424' title='bbox 3338 713 3390 763; x_wconf 91' lang='lat' dir='ltr'><strong>in</strong></span> 
     </span>
    </p>
   </div>
   <div class='ocr_carea' id='block_1_55' title="bbox 1817 797 3396 869">
    <p class='ocr_par' dir='ltr' id='par_1_55' title="bbox 1817 797 3396 869">
     <span class='ocr_line' id='line_1_55' title="bbox 1817 797 3396 869; baseline 0.004 -19"><span class='ocrx_word' id='word_1_425' title='bbox 1817 797 1997 867; x_wconf 86' lang='lat' dir='ltr'><strong>plaga,</strong></span> <span class='ocrx_word' id='word_1_426' title='bbox 2034 805 2084 850; x_wconf 91' lang='lat' dir='ltr'><strong>et</strong></span> <span class='ocrx_word' id='word_1_427' title='bbox 2111 798 2167 850; x_wconf 89' lang='lat' dir='ltr'><strong>in</strong></span> <span class='ocrx_word' id='word_1_428' title='bbox 2188 797 2543 869; x_wconf 66' lang='lat' dir='ltr'><strong>afﬂictione”.</strong></span> <span class='ocrx_word' id='word_1_429' title='bbox 2577 798 2729 863; x_wconf 79' lang='lat' dir='ltr'><strong>Quod</strong></span> <span class='ocrx_word' id='word_1_430' title='bbox 2750 797 2796 854; x_wconf 88' lang='lat' dir='ltr'><strong>si</strong></span> <span class='ocrx_word' id='word_1_431' title='bbox 2825 798 3077 854; x_wconf 84' lang='lat' dir='ltr'><strong>Christus</strong></span> <span class='ocrx_word' id='word_1_432' title='bbox 3113 811 3291 869; x_wconf 83' lang='lat' dir='ltr'><strong>portat</strong></span> <span class='ocrx_word' id='word_1_433' title='bbox 3313 801 3396 856; x_wconf 82' lang='lat' dir='ltr'><strong>iu-</strong></span> 
     </span>
    </p>
   </div>
   <div class='ocr_carea' id='block_1_56' title="bbox 1820 889 3393 959">
    <p class='ocr_par' dir='ltr' id='par_1_56' title="bbox 1820 889 3393 959">
     <span class='ocr_line' id='line_1_56' title="bbox 1820 889 3393 959; baseline 0.003 -16"><span class='ocrx_word' id='word_1_434' title='bbox 1820 889 2106 944; x_wconf 86' lang='lat' dir='ltr'><strong>ﬁrmitates</strong></span> <span class='ocrx_word' id='word_1_435' title='bbox 2152 900 2399 952; x_wconf 74' lang='lat' dir='ltr'><strong>nostras,</strong></span> <span class='ocrx_word' id='word_1_436' title='bbox 2452 898 2507 944; x_wconf 88' lang='lat' dir='ltr'><strong>et</strong></span> <span class='ocrx_word' id='word_1_437' title='bbox 2555 889 2697 944; x_wconf 88' lang='lat' dir='ltr'><strong>Deus</strong></span> <span class='ocrx_word' id='word_1_438' title='bbox 2745 890 3015 959; x_wconf 86' lang='lat' dir='ltr'><strong>patienter</strong></span> <span class='ocrx_word' id='word_1_439' title='bbox 3058 890 3165 945; x_wconf 82' lang='lat' dir='ltr'><strong>fert</strong></span> <span class='ocrx_word' id='word_1_440' title='bbox 3196 891 3393 947; x_wconf 84' lang='lat' dir='ltr'><strong>delicta</strong></span> 
     </span>
    </p>
   </div>
   <div class='ocr_carea' id='block_1_57' title="bbox 1819 982 3394 1053">
    <p class='ocr_par' dir='ltr' id='par_1_57' title="bbox 1819 982 3394 1053">
     <span class='ocr_line' id='line_1_57' title="bbox 1819 982 3394 1053; baseline 0.002 -18"><span class='ocrx_word' id='word_1_441' title='bbox 1819 991 2027 1046; x_wconf 90' lang='lat' dir='ltr'><strong>nostra,</strong></span> <span class='ocrx_word' id='word_1_442' title='bbox 2061 982 2334 1049; x_wconf 90' lang='lat' dir='ltr'><strong>quomodo</strong></span> <span class='ocrx_word' id='word_1_443' title='bbox 2366 993 2422 1037; x_wconf 91' lang='lat' dir='ltr'><strong>et</strong></span> <span class='ocrx_word' id='word_1_444' title='bbox 2457 999 2554 1039; x_wconf 90' lang='lat' dir='ltr'><strong>nos</strong></span> <span class='ocrx_word' id='word_1_445' title='bbox 2580 997 2769 1037; x_wconf 89' lang='lat' dir='ltr'><strong>eorum</strong></span> <span class='ocrx_word' id='word_1_446' title='bbox 2823 983 2913 1051; x_wconf 86' lang='lat' dir='ltr'><strong>qui</strong></span> <span class='ocrx_word' id='word_1_447' title='bbox 2963 983 3123 1053; x_wconf 88' lang='lat' dir='ltr'><strong>paulo</strong></span> <span class='ocrx_word' id='word_1_448' title='bbox 3168 982 3394 1039; x_wconf 75' lang='lat' dir='ltr'><strong>inferio-</strong></span> 
     </span>
    </p>
   </div>
   <div class='ocr_carea' id='block_1_58' title="bbox 1819 1072 3396 1143">
    <p class='ocr_par' dir='ltr' id='par_1_58' title="bbox 1819 1072 3396 1143">
     <span class='ocr_line' id='line_1_58' title="bbox 1819 1072 3396 1143; baseline 0.003 -20"><span class='ocrx_word' id='word_1_449' title='bbox 1819 1085 1906 1124; x_wconf 86' lang='lat' dir='ltr'><strong>res</strong></span> <span class='ocrx_word' id='word_1_450' title='bbox 1933 1072 2046 1141; x_wconf 73' lang='grc'>(84)</span> <span class='ocrx_word' id='word_1_451' title='bbox 2086 1072 2334 1126; x_wconf 87' lang='lat' dir='ltr'><strong>videntur</strong></span> <span class='ocrx_word' id='word_1_452' title='bbox 2362 1088 2704 1143; x_wconf 88' lang='lat' dir='ltr'><strong>nequaquam</strong></span> <span class='ocrx_word' id='word_1_453' title='bbox 2737 1072 2932 1127; x_wconf 89' lang='lat' dir='ltr'><strong>delicta</strong></span> <span class='ocrx_word' id='word_1_454' title='bbox 2957 1085 3013 1127; x_wconf 86' lang='lat' dir='ltr'><strong>et</strong></span> <span class='ocrx_word' id='word_1_455' title='bbox 3037 1073 3396 1143; x_wconf 78' lang='lat' dir='ltr'><strong>negligenttas</strong></span> 
     </span>
    </p>
   </div>
   <div class='ocr_carea' id='block_1_59' title="bbox 1819 1162 3394 1233">
    <p class='ocr_par' dir='ltr' id='par_1_59' title="bbox 1819 1162 3394 1233">
     <span class='ocr_line' id='line_1_59' title="bbox 1819 1162 3394 1233; baseline 0.004 -20"><span class='ocrx_word' id='word_1_456' title='bbox 1819 1162 2156 1217; x_wconf 89' lang='lat' dir='ltr'><strong>toleramus?</strong></span> <span class='ocrx_word' id='word_1_457' title='bbox 2186 1162 2299 1217; x_wconf 88' lang='lat' dir='ltr'><strong>lloc</strong></span> <span class='ocrx_word' id='word_1_458' title='bbox 2328 1174 2413 1218; x_wconf 89' lang='lat' dir='ltr'><strong>est</strong></span> <span class='ocrx_word' id='word_1_459' title='bbox 2441 1164 2695 1219; x_wconf 86' lang='lat' dir='ltr'><strong>nimirum</strong></span> <span class='ocrx_word' id='word_1_460' title='bbox 2722 1164 2894 1233; x_wconf 90' lang='lat' dir='ltr'><strong>ipsum</strong></span> <span class='ocrx_word' id='word_1_461' title='bbox 2928 1164 3202 1220; x_wconf 85' lang='lat' dir='ltr'><strong>Christum</strong></span> <span class='ocrx_word' id='word_1_462' title='bbox 3233 1181 3394 1221; x_wconf 85' lang='lat' dir='ltr'><strong>aver-</strong></span> 
     </span>
    </p>
   </div>
   <div class='ocr_carea' id='block_1_60' title="bbox 1818 1253 3395 1326">
    <p class='ocr_par' dir='ltr' id='par_1_60' title="bbox 1818 1253 3395 1326">
     <span class='ocr_line' id='line_1_60' title="bbox 1818 1253 3395 1326; baseline 0.004 -20"><span class='ocrx_word' id='word_1_463' title='bbox 1818 1263 1932 1307; x_wconf 89' lang='lat' dir='ltr'><strong>tere</strong></span> <span class='ocrx_word' id='word_1_464' title='bbox 1959 1253 2028 1306; x_wconf 87' lang='lat' dir='ltr'><strong>ab</strong></span> <span class='ocrx_word' id='word_1_465' title='bbox 2081 1254 2185 1309; x_wconf 90' lang='lat' dir='ltr'><strong>hoc</strong></span> <span class='ocrx_word' id='word_1_466' title='bbox 2231 1254 2450 1322; x_wconf 79' lang='lat' dir='ltr'><strong>affectu,</strong></span> <span class='ocrx_word' id='word_1_467' title='bbox 2491 1272 2557 1310; x_wconf 90' lang='lat' dir='ltr'><strong>ne</strong></span> <span class='ocrx_word' id='word_1_468' title='bbox 2610 1267 2825 1326; x_wconf 84' lang='lat' dir='ltr'><strong>portare</strong></span> <span class='ocrx_word' id='word_1_469' title='bbox 2869 1258 2999 1312; x_wconf 86' lang='lat' dir='ltr'><strong>velit</strong></span> <span class='ocrx_word' id='word_1_470' title='bbox 3050 1258 3395 1313; x_wconf 88' lang='lat' dir='ltr'><strong>inﬁrmitates</strong></span> 
     </span>
    </p>
   </div>
   <div class='ocr_carea' id='block_1_61' title="bbox 1818 1347 3393 1420">
    <p class='ocr_par' dir='ltr' id='par_1_61' title="bbox 1818 1347 3393 1420">
     <span class='ocr_line' id='line_1_61' title="bbox 1818 1347 3393 1420; baseline 0.004 -21"><span class='ocrx_word' id='word_1_471' title='bbox 1818 1356 2054 1401; x_wconf 90' lang='lat' dir='ltr'><strong>nostras.</strong></span> <span class='ocrx_word' id='word_1_472' title='bbox 2109 1347 2276 1402; x_wconf 77' lang='lat' dir='ltr'><strong>Nemo</strong></span> <span class='ocrx_word' id='word_1_473' title='bbox 2322 1348 2466 1403; x_wconf 89' lang='lat' dir='ltr'><strong>enim</strong></span> <span class='ocrx_word' id='word_1_474' title='bbox 2519 1350 2590 1402; x_wconf 82' lang='lat' dir='ltr'><strong>ita</strong></span> <span class='ocrx_word' id='word_1_475' title='bbox 2638 1349 2915 1419; x_wconf 81' lang='lat' dir='ltr'><strong>perfectus</strong></span> <span class='ocrx_word' id='word_1_476' title='bbox 2963 1362 3069 1415; x_wconf 89' lang='lat' dir='ltr'><strong>est,</strong></span> <span class='ocrx_word' id='word_1_477' title='bbox 3102 1352 3194 1420; x_wconf 90' lang='lat' dir='ltr'><strong>qui</strong></span> <span class='ocrx_word' id='word_1_478' title='bbox 3252 1352 3393 1420; x_wconf 88' lang='lat' dir='ltr'><strong>apud</strong></span> 
     </span>
    </p>
   </div>
   <div class='ocr_carea' id='block_1_62' title="bbox 1817 1438 3395 1512">
    <p class='ocr_par' dir='ltr' id='par_1_62' title="bbox 1817 1438 3395 1512">
     <span class='ocr_line' id='line_1_62' title="bbox 1817 1438 3395 1512; baseline 0.003 -20"><span class='ocrx_word' id='word_1_479' title='bbox 1817 1439 1984 1493; x_wconf 92' lang='lat' dir='ltr'><strong>Deum</strong></span> <span class='ocrx_word' id='word_1_480' title='bbox 2015 1438 2070 1493; x_wconf 90' lang='lat' dir='ltr'><strong>in</strong></span> <span class='ocrx_word' id='word_1_481' title='bbox 2098 1438 2285 1509; x_wconf 88' lang='lat' dir='ltr'><strong>aliquo</strong></span> <span class='ocrx_word' id='word_1_482' title='bbox 2308 1457 2413 1494; x_wconf 88' lang='lat' dir='ltr'><strong>non</strong></span> <span class='ocrx_word' id='word_1_483' title='bbox 2442 1442 2752 1495; x_wconf 83' lang='lat' dir='ltr'><strong>inveniatur</strong></span> <span class='ocrx_word' id='word_1_484' title='bbox 2773 1442 3038 1503; x_wconf 86' lang='lat' dir='ltr'><strong>inﬁrmus,</strong></span> <span class='ocrx_word' id='word_1_485' title='bbox 3070 1454 3124 1497; x_wconf 90' lang='lat' dir='ltr'><strong>et</strong></span> <span class='ocrx_word' id='word_1_486' title='bbox 3147 1454 3395 1512; x_wconf 74' lang='lat' dir='ltr'><strong>portetur</strong></span> 
     </span>
    </p>
   </div>
   <div class='ocr_carea' id='block_1_63' title="bbox 1816 1533 3391 1606">
    <p class='ocr_par' dir='ltr' id='par_1_63' title="bbox 1816 1533 3391 1606">
     <span class='ocr_line' id='line_1_63' title="bbox 1816 1533 3391 1606; baseline 0.003 -20"><span class='ocrx_word' id='word_1_487' title='bbox 1816 1547 1844 1586; x_wconf 92' lang='lat' dir='ltr'><strong>a</strong></span> <span class='ocrx_word' id='word_1_488' title='bbox 1880 1533 2128 1596; x_wconf 88' lang='lat' dir='ltr'><strong>Christo;</strong></span> <span class='ocrx_word' id='word_1_489' title='bbox 2161 1545 2214 1587; x_wconf 86' lang='lat' dir='ltr'><strong>et</strong></span> <span class='ocrx_word' id='word_1_490' title='bbox 2246 1534 2366 1589; x_wconf 89' lang='lat' dir='ltr'><strong>ideo</strong></span> <span class='ocrx_word' id='word_1_491' title='bbox 2396 1535 2758 1606; x_wconf 84' lang='lat' dir='ltr'><strong>sympathiam</strong></span> <span class='ocrx_word' id='word_1_492' title='bbox 2787 1536 2960 1606; x_wconf 77' lang='lat' dir='ltr'><strong>magis</strong></span> <span class='ocrx_word' id='word_1_493' title='bbox 2991 1537 3043 1589; x_wconf 89' lang='lat' dir='ltr'><strong>in</strong></span> <span class='ocrx_word' id='word_1_494' title='bbox 3078 1538 3182 1592; x_wconf 91' lang='lat' dir='ltr'><strong>hoc</strong></span> <span class='ocrx_word' id='word_1_495' title='bbox 3210 1537 3391 1600; x_wconf 88' lang='lat' dir='ltr'><strong>docet,</strong></span> 
     </span>
    </p>
   </div>
   <div class='ocr_carea' id='block_1_64' title="bbox 1817 1626 3392 1696">
    <p class='ocr_par' dir='ltr' id='par_1_64' title="bbox 1817 1626 3392 1696">
     <span class='ocr_line' id='line_1_64' title="bbox 1817 1626 3392 1696; baseline 0.004 -18"><span class='ocrx_word' id='word_1_496' title='bbox 1817 1626 1868 1678; x_wconf 87' lang='lat' dir='ltr'><strong>id</strong></span> <span class='ocrx_word' id='word_1_497' title='bbox 1904 1635 1991 1680; x_wconf 89' lang='lat' dir='ltr'><strong>est</strong></span> <span class='ocrx_word' id='word_1_498' title='bbox 2018 1626 2252 1694; x_wconf 87' lang='lat' dir='ltr'><strong>compati</strong></span> <span class='ocrx_word' id='word_1_499' title='bbox 2295 1627 2528 1681; x_wconf 86' lang='lat' dir='ltr'><strong>invicem</strong></span> <span class='ocrx_word' id='word_1_500' title='bbox 2560 1627 2671 1696; x_wconf 79' lang='grc'>(85)</span> <span class='ocrx_word' id='word_1_501' title='bbox 2711 1638 2766 1683; x_wconf 90' lang='lat' dir='ltr'><strong>et</strong></span> <span class='ocrx_word' id='word_1_502' title='bbox 2797 1629 3113 1693; x_wconf 88' lang='lat' dir='ltr'><strong>condolere,</strong></span> <span class='ocrx_word' id='word_1_503' title='bbox 3165 1630 3307 1684; x_wconf 80' lang='lat' dir='ltr'><strong>sicut</strong></span> <span class='ocrx_word' id='word_1_504' title='bbox 3336 1642 3392 1684; x_wconf 88' lang='lat' dir='ltr'><strong>et</strong></span> 
     </span>
    </p>
   </div>
   <div class='ocr_carea' id='block_1_65' title="bbox 1818 1717 3391 1779">
    <p class='ocr_par' dir='ltr' id='par_1_65' title="bbox 1818 1717 3391 1779">
     <span class='ocr_line' id='line_1_65' title="bbox 1818 1717 3391 1779; baseline 0.006 -10"><span class='ocrx_word' id='word_1_505' title='bbox 1818 1717 1870 1769; x_wconf 90' lang='lat' dir='ltr'><strong>in</strong></span> <span class='ocrx_word' id='word_1_506' title='bbox 1901 1718 2023 1771; x_wconf 85' lang='lat' dir='ltr'><strong>aliis</strong></span> <span class='ocrx_word' id='word_1_507' title='bbox 2044 1720 2236 1774; x_wconf 84' lang='lat' dir='ltr'><strong>scribit</strong></span> <span class='ocrx_word' id='word_1_508' title='bbox 2263 1738 2278 1774; x_wconf 92' lang='lat'><strong>:</strong></span> <span class='ocrx_word' id='word_1_509' title='bbox 2315 1720 2584 1774; x_wconf 88' lang='lat' dir='ltr'><strong>Donantes</strong></span> <span class='ocrx_word' id='word_1_510' title='bbox 2629 1720 2771 1774; x_wconf 81' lang='lat' dir='ltr'><strong>vobis</strong></span> <span class='ocrx_word' id='word_1_511' title='bbox 2816 1722 3036 1774; x_wconf 84' lang='lat' dir='ltr'><strong>invicem</strong></span> <span class='ocrx_word' id='word_1_512' title='bbox 3063 1720 3259 1776; x_wconf 81' lang='lat' dir='ltr'><strong>delicta</strong></span> <span class='ocrx_word' id='word_1_513' title='bbox 3303 1739 3391 1779; x_wconf 75' lang='lat' dir='ltr'><strong>u-</strong></span> 
     </span>
    </p>
   </div>
   <div class='ocr_carea' id='block_1_66' title="bbox 1815 1813 3391 1878">
    <p class='ocr_par' dir='ltr' id='par_1_66' title="bbox 1815 1813 3391 1878">
     <span class='ocr_line' id='line_1_66' title="bbox 1815 1813 3391 1878; baseline 0.004 -13"><span class='ocrx_word' id='word_1_514' title='bbox 1815 1823 1951 1878; x_wconf 84' lang='lat' dir='ltr'><strong>stra,</strong></span> <span class='ocrx_word' id='word_1_515' title='bbox 1980 1814 2114 1866; x_wconf 87' lang='lat' dir='ltr'><strong>sicut</strong></span> <span class='ocrx_word' id='word_1_516' title='bbox 2139 1824 2187 1869; x_wconf 88' lang='lat' dir='ltr'><strong>et</strong></span> <span class='ocrx_word' id='word_1_517' title='bbox 2230 1814 2370 1869; x_wconf 87' lang='lat' dir='ltr'><strong>Deus</strong></span> <span class='ocrx_word' id='word_1_518' title='bbox 2416 1817 2471 1869; x_wconf 88' lang='lat' dir='ltr'><strong>in</strong></span> <span class='ocrx_word' id='word_1_519' title='bbox 2497 1813 2704 1869; x_wconf 77' lang='lat' dir='ltr'><strong>Christo</strong></span> <span class='ocrx_word' id='word_1_520' title='bbox 2745 1816 2957 1868; x_wconf 86' lang='lat' dir='ltr'><strong>donavit</strong></span> <span class='ocrx_word' id='word_1_521' title='bbox 3005 1817 3147 1870; x_wconf 82' lang='lat' dir='ltr'><strong>vobis</strong></span> <span class='ocrx_word' id='word_1_522' title='bbox 3186 1816 3254 1871; x_wconf 76' lang='lat'><strong>“.</strong></span> <span class='ocrx_word' id='word_1_523' title='bbox 3280 1817 3391 1871; x_wconf 90' lang='lat' dir='ltr'><strong>lloc</strong></span> 
     </span>
    </p>
   </div>
   <div class='ocr_carea' id='block_1_67' title="bbox 1816 1907 3389 1977">
    <p class='ocr_par' dir='ltr' id='par_1_67' title="bbox 1816 1907 3389 1977">
     <span class='ocr_line' id='line_1_67' title="bbox 1816 1907 3389 1977; baseline 0.003 -20"><span class='ocrx_word' id='word_1_524' title='bbox 1816 1913 1992 1960; x_wconf 83' lang='lat' dir='ltr'><strong>autem</strong></span> <span class='ocrx_word' id='word_1_525' title='bbox 2023 1922 2128 1959; x_wconf 87' lang='lat' dir='ltr'><strong>non</strong></span> <span class='ocrx_word' id='word_1_526' title='bbox 2159 1907 2360 1962; x_wconf 89' lang='lat' dir='ltr'><strong>idcirco</strong></span> <span class='ocrx_word' id='word_1_527' title='bbox 2385 1907 2648 1976; x_wconf 74' lang='lat' dir='ltr'><strong>przecipit,</strong></span> <span class='ocrx_word' id='word_1_528' title='bbox 2667 1917 2724 1962; x_wconf 92' lang='lat' dir='ltr'><strong>ut</strong></span> <span class='ocrx_word' id='word_1_529' title='bbox 2752 1907 3124 1977; x_wconf 84' lang='lat' dir='ltr'><strong>delinquentes</strong></span> <span class='ocrx_word' id='word_1_530' title='bbox 3161 1909 3389 1972; x_wconf 84' lang='lat' dir='ltr'><strong>nutriat,</strong></span> 
     </span>
    </p>
   </div>
   <div class='ocr_carea' id='block_1_68' title="bbox 1815 1998 3387 2069">
    <p class='ocr_par' dir='ltr' id='par_1_68' title="bbox 1815 1998 3387 2069">
     <span class='ocr_line' id='line_1_68' title="bbox 1815 1998 3387 2069; baseline 0.001 -18"><span class='ocrx_word' id='word_1_531' title='bbox 1815 2008 1870 2051; x_wconf 91' lang='lat' dir='ltr'><strong>et</strong></span> <span class='ocrx_word' id='word_1_532' title='bbox 1917 1998 2255 2051; x_wconf 88' lang='lat' dir='ltr'><strong>iuﬁrmantes</strong></span> <span class='ocrx_word' id='word_1_533' title='bbox 2310 1998 2639 2068; x_wconf 76' lang='lat' dir='ltr'><strong>indulgentia</strong></span> <span class='ocrx_word' id='word_1_534' title='bbox 2691 1999 2895 2053; x_wconf 86' lang='lat' dir='ltr'><strong>laxiore</strong></span> <span class='ocrx_word' id='word_1_535' title='bbox 2939 1998 3050 2069; x_wconf 86' lang='lat'><strong>(86)</strong></span> <span class='ocrx_word' id='word_1_536' title='bbox 3092 2000 3387 2062; x_wconf 84' lang='lat' dir='ltr'><strong>dissolvat;</strong></span> 
     </span>
    </p>
   </div>
   <div class='ocr_carea' id='block_1_69' title="bbox 1813 2089 3394 2160">
    <p class='ocr_par' dir='ltr' id='par_1_69' title="bbox 1813 2089 3394 2160">
     <span class='ocr_line' id='line_1_69' title="bbox 1813 2089 3394 2160; baseline 0.003 -16"><span class='ocrx_word' id='word_1_537' title='bbox 1813 2093 1908 2144; x_wconf 88' lang='lat' dir='ltr'><strong>sed</strong></span> <span class='ocrx_word' id='word_1_538' title='bbox 1946 2089 2122 2145; x_wconf 88' lang='lat' dir='ltr'><strong>sciens</strong></span> <span class='ocrx_word' id='word_1_539' title='bbox 2147 2092 2408 2160; x_wconf 88' lang='lat' dir='ltr'><strong>quoniam</strong></span> <span class='ocrx_word' id='word_1_540' title='bbox 2450 2093 2494 2146; x_wconf 87' lang='lat' dir='ltr'><strong>si</strong></span> <span class='ocrx_word' id='word_1_541' title='bbox 2539 2103 2785 2160; x_wconf 90' lang='lat' dir='ltr'><strong>portetur</strong></span> <span class='ocrx_word' id='word_1_542' title='bbox 2824 2094 3098 2157; x_wconf 88' lang='lat' dir='ltr'><strong>inﬁrmus,</strong></span> <span class='ocrx_word' id='word_1_543' title='bbox 3127 2105 3223 2147; x_wconf 83' lang='lat' dir='ltr'><strong>aut</strong></span> <span class='ocrx_word' id='word_1_544' title='bbox 3273 2109 3394 2149; x_wconf 83' lang='lat' dir='ltr'><strong>eru-</strong></span> 
     </span>
    </p>
   </div>
   <div class='ocr_carea' id='block_1_70' title="bbox 1816 2182 3391 2256">
    <p class='ocr_par' dir='ltr' id='par_1_70' title="bbox 1816 2182 3391 2256">
     <span class='ocr_line' id='line_1_70' title="bbox 1816 2182 3391 2256; baseline 0.004 -22"><span class='ocrx_word' id='word_1_545' title='bbox 1816 2182 1991 2236; x_wconf 88' lang='lat' dir='ltr'><strong>hescit</strong></span> <span class='ocrx_word' id='word_1_546' title='bbox 2016 2183 2220 2237; x_wconf 90' lang='lat' dir='ltr'><strong>diutius</strong></span> <span class='ocrx_word' id='word_1_547' title='bbox 2248 2185 2479 2253; x_wconf 87' lang='lat' dir='ltr'><strong>portari,</strong></span> <span class='ocrx_word' id='word_1_548' title='bbox 2505 2194 2560 2239; x_wconf 91' lang='lat' dir='ltr'><strong>et</strong></span> <span class='ocrx_word' id='word_1_549' title='bbox 2601 2184 2827 2254; x_wconf 79' lang='lat' dir='ltr'><strong>corrigit</strong></span> <span class='ocrx_word' id='word_1_550' title='bbox 2856 2186 3044 2238; x_wconf 87' lang='lat' dir='ltr'><strong>vitium</strong></span> <span class='ocrx_word' id='word_1_551' title='bbox 3067 2186 3391 2256; x_wconf 87' lang='lat' dir='ltr'><strong>delinquen-</strong></span> 
     </span>
    </p>
   </div>
   <div class='ocr_carea' id='block_1_71' title="bbox 1813 2273 3392 2340">
    <p class='ocr_par' dir='ltr' id='par_1_71' title="bbox 1813 2273 3392 2340">
     <span class='ocr_line' id='line_1_71' title="bbox 1813 2273 3392 2340; baseline 0.004 -14"><span class='ocrx_word' id='word_1_552' title='bbox 1813 2273 1900 2339; x_wconf 86' lang='lat' dir='ltr'><strong>di;</strong></span> <span class='ocrx_word' id='word_1_553' title='bbox 1936 2285 2032 2328; x_wconf 88' lang='lat' dir='ltr'><strong>aut</strong></span> <span class='ocrx_word' id='word_1_554' title='bbox 2065 2276 2108 2328; x_wconf 90' lang='lat' dir='ltr'><strong>si</strong></span> <span class='ocrx_word' id='word_1_555' title='bbox 2133 2277 2428 2330; x_wconf 85' lang='lat' dir='ltr'><strong>emendare</strong></span> <span class='ocrx_word' id='word_1_556' title='bbox 2463 2292 2521 2331; x_wconf 93' lang='lat' dir='ltr'><strong>se</strong></span> <span class='ocrx_word' id='word_1_557' title='bbox 2551 2294 2657 2331; x_wconf 86' lang='lat' dir='ltr'><strong>non</strong></span> <span class='ocrx_word' id='word_1_558' title='bbox 2689 2277 2851 2340; x_wconf 78' lang='lat' dir='ltr'><strong>valet,</strong></span> <span class='ocrx_word' id='word_1_559' title='bbox 2877 2278 2985 2331; x_wconf 88' lang='lat' dir='ltr'><strong>erit</strong></span> <span class='ocrx_word' id='word_1_560' title='bbox 3013 2287 3161 2333; x_wconf 90' lang='lat' dir='ltr'><strong>certe</strong></span> <span class='ocrx_word' id='word_1_561' title='bbox 3186 2277 3392 2333; x_wconf 81' lang='lat' dir='ltr'><strong>fmctns</strong></span> 
     </span>
    </p>
   </div>
   <div class='ocr_carea' id='block_1_72' title="bbox 1814 2367 3391 2442">
    <p class='ocr_par' dir='ltr' id='par_1_72' title="bbox 1814 2367 3391 2442">
     <span class='ocr_line' id='line_1_72' title="bbox 1814 2367 3391 2442; baseline 0.004 -23"><span class='ocrx_word' id='word_1_562' title='bbox 1814 2367 1914 2421; x_wconf 88' lang='lat' dir='ltr'><strong>iste</strong></span> <span class='ocrx_word' id='word_1_563' title='bbox 1948 2370 2217 2434; x_wconf 88' lang='lat' dir='ltr'><strong>portantis</strong></span> <span class='ocrx_word' id='word_1_564' title='bbox 2243 2385 2393 2434; x_wconf 91' lang='lat' dir='ltr'><strong>eum,</strong></span> <span class='ocrx_word' id='word_1_565' title='bbox 2420 2371 2566 2439; x_wconf 88' lang='lat' dir='ltr'><strong>quod</strong></span> <span class='ocrx_word' id='word_1_566' title='bbox 2611 2386 2716 2425; x_wconf 90' lang='lat' dir='ltr'><strong>non</strong></span> <span class='ocrx_word' id='word_1_567' title='bbox 2763 2369 2978 2440; x_wconf 88' lang='lat' dir='ltr'><strong>proﬁcit</strong></span> <span class='ocrx_word' id='word_1_568' title='bbox 3014 2372 3065 2424; x_wconf 84' lang='lat' dir='ltr'><strong>in</strong></span> <span class='ocrx_word' id='word_1_569' title='bbox 3092 2372 3264 2442; x_wconf 81' lang='lat' dir='ltr'><strong>pejus.</strong></span> <span class='ocrx_word' id='word_1_570' title='bbox 3292 2385 3391 2426; x_wconf 86' lang='lat' dir='ltr'><strong>nec</strong></span> 
     </span>
    </p>
   </div>
   <div class='ocr_carea' id='block_1_73' title="bbox 1812 2444 3463 2531">
    <p class='ocr_par' dir='ltr' id='par_1_73' title="bbox 1812 2444 3463 2531">
     <span class='ocr_line' id='line_1_73' title="bbox 1812 2444 3463 2531; baseline 0.005 -21"><span class='ocrx_word' id='word_1_571' title='bbox 1812 2458 2104 2526; x_wconf 85' lang='lat' dir='ltr'><strong>semetipso</strong></span> <span class='ocrx_word' id='word_1_572' title='bbox 2131 2460 2369 2514; x_wconf 83' lang='lat' dir='ltr'><strong>deterior</strong></span> <span class='ocrx_word' id='word_1_573' title='bbox 2407 2462 2663 2525; x_wconf 83' lang='lat' dir='ltr'><strong>eﬂicitur,</strong></span> <span class='ocrx_word' id='word_1_574' title='bbox 2700 2462 2843 2517; x_wconf 84' lang='lat' dir='ltr'><strong>sicut</strong></span> <span class='ocrx_word' id='word_1_575' title='bbox 2871 2463 2944 2516; x_wconf 88' lang='lat' dir='ltr'><strong>illi</strong></span> <span class='ocrx_word' id='word_1_576' title='bbox 2991 2465 3057 2517; x_wconf 87' lang='lat' dir='ltr'><strong>de</strong></span> <span class='ocrx_word' id='word_1_577' title='bbox 3086 2464 3286 2531; x_wconf 85' lang='lat' dir='ltr'><strong>quibus</strong></span> <span class='ocrx_word' id='word_1_578' title='bbox 3309 2465 3392 2518; x_wconf 89' lang='lat' dir='ltr'><strong>di-</strong></span> <span class='ocrx_word' id='word_1_579' title='bbox 3458 2444 3463 2449; x_wconf 19' lang='lat' dir='ltr'><strong>l</strong></span> 
     </span>
    </p>
   </div>
   <div class='ocr_carea' id='block_1_74' title="bbox 1811 2549 3389 2621">
    <p class='ocr_par' dir='ltr' id='par_1_74' title="bbox 1811 2549 3389 2621">
     <span class='ocr_line' id='line_1_74' title="bbox 1811 2549 3389 2621; baseline 0.006 -20"><span class='ocrx_word' id='word_1_580' title='bbox 1811 2549 1886 2601; x_wconf 93' lang='lat' dir='ltr'><strong>cit</strong></span> <span class='ocrx_word' id='word_1_581' title='bbox 1909 2550 2197 2617; x_wconf 84' lang='lat' dir='ltr'><strong>Apostolus</strong></span> <span class='ocrx_word' id='word_1_582' title='bbox 2221 2553 2264 2583; x_wconf 79' lang='grc'><strong>⁶¹</strong></span> <span class='ocrx_word' id='word_1_583' title='bbox 2298 2574 2307 2608; x_wconf 84' lang='grc'>;</span> <span class='ocrx_word' id='word_1_584' title='bbox 2342 2551 2582 2621; x_wconf 79' lang='lat' dir='ltr'><strong>Nequam</strong></span> <span class='ocrx_word' id='word_1_585' title='bbox 2608 2567 2783 2607; x_wconf 88' lang='lat' dir='ltr'><strong>autem</strong></span> <span class='ocrx_word' id='word_1_586' title='bbox 2804 2555 3040 2609; x_wconf 81' lang='lat' dir='ltr'><strong>homines</strong></span> <span class='ocrx_word' id='word_1_587' title='bbox 3066 2566 3113 2608; x_wconf 88' lang='lat' dir='ltr'><strong>et</strong></span> <span class='ocrx_word' id='word_1_588' title='bbox 3141 2557 3389 2610; x_wconf 82' lang='lat' dir='ltr'><strong>seducto-</strong></span> 
     </span>
    </p>
   </div>
   <div class='ocr_carea' id='block_1_75' title="bbox 1811 2642 3387 2717">
    <p class='ocr_par' dir='ltr' id='par_1_75' title="bbox 1811 2642 3387 2717">
     <span class='ocr_line' id='line_1_75' title="bbox 1811 2642 3387 2717; baseline 0.008 -24"><span class='ocrx_word' id='word_1_589' title='bbox 1811 2658 1893 2695; x_wconf 85' lang='lat' dir='ltr'><strong>res</strong></span> <span class='ocrx_word' id='word_1_590' title='bbox 1918 2642 2190 2711; x_wconf 78' lang='lat' dir='ltr'><strong>proﬁcient</strong></span> <span class='ocrx_word' id='word_1_591' title='bbox 2231 2645 2341 2717; x_wconf 87' lang='lat'><strong>(87)</strong></span> <span class='ocrx_word' id='word_1_592' title='bbox 2381 2647 2433 2697; x_wconf 87' lang='lat' dir='ltr'><strong>in</strong></span> <span class='ocrx_word' id='word_1_593' title='bbox 2484 2648 2654 2716; x_wconf 72' lang='lat' dir='ltr'><strong>pejus,</strong></span> <span class='ocrx_word' id='word_1_594' title='bbox 2704 2647 3008 2701; x_wconf 83' lang='lat' dir='ltr'><strong>seducentes</strong></span> <span class='ocrx_word' id='word_1_595' title='bbox 3055 2657 3101 2701; x_wconf 89' lang='lat' dir='ltr'><strong>et</strong></span> <span class='ocrx_word' id='word_1_596' title='bbox 3130 2656 3387 2705; x_wconf 71' lang='lat' dir='ltr'><strong>errantes.</strong></span> 
     </span>
    </p>
   </div>
   <div class='ocr_carea' id='block_1_76' title="bbox 1812 2735 3392 2809">
    <p class='ocr_par' dir='ltr' id='par_1_76' title="bbox 1812 2735 3392 2809">
     <span class='ocr_line' id='line_1_76' title="bbox 1812 2735 3392 2809; baseline 0.005 -22"><span class='ocrx_word' id='word_1_597' title='bbox 1812 2735 2081 2789; x_wconf 90' lang='lat' dir='ltr'><strong>Debemus</strong></span> <span class='ocrx_word' id='word_1_598' title='bbox 2110 2747 2290 2791; x_wconf 88' lang='lat' dir='ltr'><strong>autem</strong></span> <span class='ocrx_word' id='word_1_599' title='bbox 2339 2740 2406 2791; x_wconf 84' lang='lat' dir='ltr'><strong>ad</strong></span> <span class='ocrx_word' id='word_1_600' title='bbox 2460 2739 2509 2791; x_wconf 93' lang='lat' dir='ltr'><strong>id</strong></span> <span class='ocrx_word' id='word_1_601' title='bbox 2535 2741 2679 2809; x_wconf 86' lang='lat' dir='ltr'><strong>quod</strong></span> <span class='ocrx_word' id='word_1_602' title='bbox 2727 2739 3070 2795; x_wconf 88' lang='lat' dir='ltr'><strong>inﬁrmitates</strong></span> <span class='ocrx_word' id='word_1_603' title='bbox 3112 2751 3392 2809; x_wconf 79' lang='lat' dir='ltr'><strong>portamus</strong></span> 
     </span>
    </p>
   </div>
   <div class='ocr_carea' id='block_1_77' title="bbox 1810 2828 3393 2902">
    <p class='ocr_par' dir='ltr' id='par_1_77' title="bbox 1810 2828 3393 2902">
     <span class='ocr_line' id='line_1_77' title="bbox 1810 2828 3393 2902; baseline 0.004 -20"><span class='ocrx_word' id='word_1_604' title='bbox 1810 2828 2174 2895; x_wconf 86' lang='lat' dir='ltr'><strong>inﬁrmorum,</strong></span> <span class='ocrx_word' id='word_1_605' title='bbox 2229 2832 2426 2886; x_wconf 85' lang='lat' dir='ltr'><strong>addere</strong></span> <span class='ocrx_word' id='word_1_606' title='bbox 2458 2842 2623 2886; x_wconf 73' lang='lat' dir='ltr'><strong>etiam</strong></span> <span class='ocrx_word' id='word_1_607' title='bbox 2659 2833 2783 2897; x_wconf 85' lang='lat' dir='ltr'><strong>hoc,</strong></span> <span class='ocrx_word' id='word_1_608' title='bbox 2835 2845 2895 2886; x_wconf 89' lang='grc' dir='ltr'><strong>ιιι</strong></span> <span class='ocrx_word' id='word_1_609' title='bbox 2934 2848 3041 2887; x_wconf 90' lang='lat' dir='ltr'><strong>non</strong></span> <span class='ocrx_word' id='word_1_610' title='bbox 3074 2834 3229 2888; x_wconf 87' lang='lat' dir='ltr'><strong>nobis</strong></span> <span class='ocrx_word' id='word_1_611' title='bbox 3263 2833 3393 2902; x_wconf 82' lang='lat' dir='ltr'><strong>ipsis</strong></span> 
     </span>
    </p>
   </div>
   <div class='ocr_carea' id='block_1_78' title="bbox 1808 2918 3394 2989">
    <p class='ocr_par' dir='ltr' id='par_1_78' title="bbox 1808 2918 3394 2989">
     <span class='ocr_line' id='line_1_78' title="bbox 1808 2918 3394 2989; baseline 0.001 -16"><span class='ocrx_word' id='word_1_612' title='bbox 1808 2918 2145 2989; x_wconf 86' lang='lat' dir='ltr'><strong>placeamus,</strong></span> <span class='ocrx_word' id='word_1_613' title='bbox 2173 2921 2268 2975; x_wconf 86' lang='lat' dir='ltr'><strong>sed</strong></span> <span class='ocrx_word' id='word_1_614' title='bbox 2296 2922 2557 2987; x_wconf 78' lang='lat' dir='ltr'><strong>proximo,</strong></span> <span class='ocrx_word' id='word_1_615' title='bbox 2591 2923 2644 2975; x_wconf 86' lang='lat' dir='ltr'><strong>in</strong></span> <span class='ocrx_word' id='word_1_616' title='bbox 2674 2924 2807 2976; x_wconf 86' lang='lat' dir='ltr'><strong>bona</strong></span> <span class='ocrx_word' id='word_1_617' title='bbox 2836 2933 3064 2988; x_wconf 85' lang='lat' dir='ltr'><strong>tantum,</strong></span> <span class='ocrx_word' id='word_1_618' title='bbox 3092 2933 3147 2977; x_wconf 92' lang='lat' dir='ltr'><strong>et</strong></span> <span class='ocrx_word' id='word_1_619' title='bbox 3177 2924 3246 2976; x_wconf 88' lang='lat' dir='ltr'><strong>ad</strong></span> <span class='ocrx_word' id='word_1_620' title='bbox 3261 2924 3362 2977; x_wconf 74' lang='lat' dir='ltr'><strong>redi</strong></span> <span class='ocrx_word' id='word_1_621' title='bbox 3382 2951 3394 2959; x_wconf 82' lang='lat'><strong>-</strong></span> 
     </span>
    </p>
   </div>
   <div class='ocr_carea' id='block_1_79' title="bbox 1807 3007 3395 3083">
    <p class='ocr_par' dir='ltr' id='par_1_79' title="bbox 1807 3007 3395 3083">
     <span class='ocr_line' id='line_1_79' title="bbox 1807 3007 3395 3083; baseline 0.002 -22"><span class='ocrx_word' id='word_1_622' title='bbox 1807 3007 2110 3077; x_wconf 76' lang='lat' dir='ltr'><strong>[icationem</strong></span> <span class='ocrx_word' id='word_1_623' title='bbox 2139 3009 2208 3066; x_wconf 79' lang='lat'><strong>“.</strong></span> <span class='ocrx_word' id='word_1_624' title='bbox 2234 3009 2522 3065; x_wconf 72' lang='lat' dir='ltr'><strong>Philautiae</strong></span> <span class='ocrx_word' id='word_1_625' title='bbox 2557 3013 2765 3074; x_wconf 80' lang='lat' dir='ltr'><strong>vitium,</strong></span> <span class='ocrx_word' id='word_1_626' title='bbox 2805 3014 2856 3069; x_wconf 91' lang='lat' dir='ltr'><strong>id</strong></span> <span class='ocrx_word' id='word_1_627' title='bbox 2884 3023 2967 3068; x_wconf 83' lang='lat' dir='ltr'><strong>est</strong></span> <span class='ocrx_word' id='word_1_628' title='bbox 3001 3014 3103 3068; x_wconf 87' lang='lat' dir='ltr'><strong>sibi</strong></span> <span class='ocrx_word' id='word_1_629' title='bbox 3139 3013 3238 3083; x_wconf 88' lang='lat' dir='ltr'><strong>ipsi</strong></span> <span class='ocrx_word' id='word_1_630' title='bbox 3276 3012 3395 3082; x_wconf 73' lang='lat' dir='ltr'><strong>pla-</strong></span> 
     </span>
    </p>
   </div>
   <div class='ocr_carea' id='block_1_80' title="bbox 1807 3102 3393 3173">
    <p class='ocr_par' dir='ltr' id='par_1_80' title="bbox 1807 3102 3393 3173">
     <span class='ocr_line' id='line_1_80' title="bbox 1807 3102 3393 3173; baseline 0.003 -18"><span class='ocrx_word' id='word_1_631' title='bbox 1807 3103 1968 3156; x_wconf 90' lang='lat' dir='ltr'><strong>cendi</strong></span> <span class='ocrx_word' id='word_1_632' title='bbox 2006 3104 2146 3157; x_wconf 88' lang='lat' dir='ltr'><strong>etin</strong></span> <span class='ocrx_word' id='word_1_633' title='bbox 2196 3103 2316 3156; x_wconf 85' lang='lat' dir='ltr'><strong>aliis</strong></span> <span class='ocrx_word' id='word_1_634' title='bbox 2361 3102 2543 3173; x_wconf 81' lang='lat' dir='ltr'><strong>culpat</strong></span> <span class='ocrx_word' id='word_1_635' title='bbox 2577 3108 2838 3173; x_wconf 83' lang='lat' dir='ltr'><strong>propheta</strong></span> <span class='ocrx_word' id='word_1_636' title='bbox 2894 3122 3019 3160; x_wconf 85' lang='lat' dir='ltr'><strong>cum</strong></span> <span class='ocrx_word' id='word_1_637' title='bbox 3074 3106 3255 3161; x_wconf 87' lang='lat' dir='ltr'><strong>dicit:</strong></span> <span class='ocrx_word' id='word_1_638' title='bbox 3303 3106 3393 3160; x_wconf 73' lang='lat' dir='ltr'><strong>Va</strong></span> 
     </span>
    </p>
   </div>
   <div class='ocr_carea' id='block_1_81' title="bbox 1806 3195 3392 3266">
    <p class='ocr_par' dir='ltr' id='par_1_81' title="bbox 1806 3195 3392 3266">
     <span class='ocr_line' id='line_1_81' title="bbox 1806 3195 3392 3266; baseline 0.001 -16"><span class='ocrx_word' id='word_1_639' title='bbox 1806 3199 1885 3250; x_wconf 85' lang='lat' dir='ltr'><strong>Itis</strong></span> <span class='ocrx_word' id='word_1_640' title='bbox 1910 3195 2001 3262; x_wconf 90' lang='lat' dir='ltr'><strong>qui</strong></span> <span class='ocrx_word' id='word_1_641' title='bbox 2039 3195 2184 3263; x_wconf 90' lang='lat' dir='ltr'><strong>apud</strong></span> <span class='ocrx_word' id='word_1_642' title='bbox 2210 3198 2515 3264; x_wconf 81' lang='lat' dir='ltr'><strong>semetipsos</strong></span> <span class='ocrx_word' id='word_1_643' title='bbox 2544 3198 2802 3263; x_wconf 85' lang='lat' dir='ltr'><strong>sapientes</strong></span> <span class='ocrx_word' id='word_1_644' title='bbox 2829 3207 2973 3261; x_wconf 87' lang='lat' dir='ltr'><strong>suttt,</strong></span> <span class='ocrx_word' id='word_1_645' title='bbox 3002 3206 3054 3251; x_wconf 88' lang='lat' dir='ltr'><strong>et</strong></span> <span class='ocrx_word' id='word_1_646' title='bbox 3082 3197 3138 3250; x_wconf 74' lang='lat' dir='ltr'><strong>in</strong></span> <span class='ocrx_word' id='word_1_647' title='bbox 3170 3213 3392 3266; x_wconf 81' lang='lat' dir='ltr'><strong>conspe-</strong></span> 
     </span>
    </p>
   </div>
   <div class='ocr_carea' id='block_1_82' title="bbox 1808 3287 3392 3358">
    <p class='ocr_par' dir='ltr' id='par_1_82' title="bbox 1808 3287 3392 3358">
     <span class='ocr_line' id='line_1_82' title="bbox 1808 3287 3392 3358; baseline 0.001 -15"><span class='ocrx_word' id='word_1_648' title='bbox 1808 3300 1894 3343; x_wconf 92' lang='lat' dir='ltr'><strong>ctu</strong></span> <span class='ocrx_word' id='word_1_649' title='bbox 1916 3304 2013 3340; x_wconf 84' lang='lat' dir='ltr'><strong>suo</strong></span> <span class='ocrx_word' id='word_1_650' title='bbox 2047 3288 2242 3341; x_wconf 77' lang='lat' dir='ltr'><strong>eruditi</strong></span> <span class='ocrx_word' id='word_1_651' title='bbox 2265 3287 2332 3343; x_wconf 81' lang='lat'><strong>“.</strong></span> <span class='ocrx_word' id='word_1_652' title='bbox 2360 3289 2624 3343; x_wconf 86' lang='lat' dir='ltr'><strong>Similiter</strong></span> <span class='ocrx_word' id='word_1_653' title='bbox 2652 3303 2784 3355; x_wconf 64' lang='lat' dir='ltr'><strong>ergo</strong></span> <span class='ocrx_word' id='word_1_654' title='bbox 2810 3297 2861 3343; x_wconf 87' lang='lat' dir='ltr'><strong>et</strong></span> <span class='ocrx_word' id='word_1_655' title='bbox 2894 3288 2945 3342; x_wconf 93' lang='lat' dir='ltr'><strong>in</strong></span> <span class='ocrx_word' id='word_1_656' title='bbox 2972 3288 3076 3343; x_wconf 79' lang='lat' dir='ltr'><strong>hoc</strong></span> <span class='ocrx_word' id='word_1_657' title='bbox 3102 3304 3392 3358; x_wconf 87' lang='lat' dir='ltr'><strong>possumus</strong></span> 
     </span>
    </p>
   </div>
   <div class='ocr_carea' id='block_1_83' title="bbox 1809 3377 3388 3449">
    <p class='ocr_par' dir='ltr' id='par_1_83' title="bbox 1809 3377 3388 3449">
     <span class='ocr_line' id='line_1_83' title="bbox 1809 3377 3388 3449; baseline 0.001 -16"><span class='ocrx_word' id='word_1_658' title='bbox 1809 3381 1991 3434; x_wconf 88' lang='lat' dir='ltr'><strong>dicere</strong></span> <span class='ocrx_word' id='word_1_659' title='bbox 2021 3396 2035 3432; x_wconf 92' lang='lat'><strong>:</strong></span> <span class='ocrx_word' id='word_1_660' title='bbox 2066 3377 2157 3432; x_wconf 80' lang='lat' dir='ltr'><strong>Va:</strong></span> <span class='ocrx_word' id='word_1_661' title='bbox 2183 3378 2269 3433; x_wconf 90' lang='lat' dir='ltr'><strong>his</strong></span> <span class='ocrx_word' id='word_1_662' title='bbox 2308 3381 2397 3449; x_wconf 87' lang='lat' dir='ltr'><strong>qui</strong></span> <span class='ocrx_word' id='word_1_663' title='bbox 2429 3378 2668 3445; x_wconf 87' lang='lat' dir='ltr'><strong>sibiipsis</strong></span> <span class='ocrx_word' id='word_1_664' title='bbox 2711 3381 2951 3448; x_wconf 89' lang='lat' dir='ltr'><strong>placent,</strong></span> <span class='ocrx_word' id='word_1_665' title='bbox 2983 3390 3037 3433; x_wconf 91' lang='lat' dir='ltr'><strong>et</strong></span> <span class='ocrx_word' id='word_1_666' title='bbox 3071 3380 3124 3434; x_wconf 89' lang='lat' dir='ltr'><strong>in</strong></span> <span class='ocrx_word' id='word_1_667' title='bbox 3155 3394 3388 3449; x_wconf 84' lang='lat' dir='ltr'><strong>conspe—</strong></span> 
     </span>
    </p>
   </div>
   <div class='ocr_carea' id='block_1_84' title="bbox 1808 3470 3388 3543">
    <p class='ocr_par' dir='ltr' id='par_1_84' title="bbox 1808 3470 3388 3543">
     <span class='ocr_line' id='line_1_84' title="bbox 1808 3470 3388 3543; baseline 0.001 -19"><span class='ocrx_word' id='word_1_668' title='bbox 1808 3481 1898 3525; x_wconf 90' lang='lat' dir='ltr'><strong>ctu</strong></span> <span class='ocrx_word' id='word_1_669' title='bbox 1929 3487 2028 3525; x_wconf 89' lang='lat' dir='ltr'><strong>suo</strong></span> <span class='ocrx_word' id='word_1_670' title='bbox 2070 3471 2196 3526; x_wconf 90' lang='lat' dir='ltr'><strong>boni</strong></span> <span class='ocrx_word' id='word_1_671' title='bbox 2230 3472 2506 3526; x_wconf 88' lang='lat' dir='ltr'><strong>videntur.</strong></span> <span class='ocrx_word' id='word_1_672' title='bbox 2538 3470 2765 3540; x_wconf 86' lang='lat' dir='ltr'><strong>Oportet</strong></span> <span class='ocrx_word' id='word_1_673' title='bbox 2809 3472 2954 3525; x_wconf 86' lang='lat' dir='ltr'><strong>enim</strong></span> <span class='ocrx_word' id='word_1_674' title='bbox 2994 3473 3045 3527; x_wconf 91' lang='lat' dir='ltr'><strong>in</strong></span> <span class='ocrx_word' id='word_1_675' title='bbox 3097 3484 3388 3543; x_wconf 87' lang='lat' dir='ltr'><strong>conspectu</strong></span> 
     </span>
    </p>
   </div>
   <div class='ocr_carea' id='block_1_85' title="bbox 1812 3563 3390 3631">
    <p class='ocr_par' dir='ltr' id='par_1_85' title="bbox 1812 3563 3390 3631">
     <span class='ocr_line' id='line_1_85' title="bbox 1812 3563 3390 3631; baseline 0.001 -14"><span class='ocrx_word' id='word_1_676' title='bbox 1812 3563 1902 3617; x_wconf 86' lang='lat' dir='ltr'><strong>Dei</strong></span> <span class='ocrx_word' id='word_1_677' title='bbox 1953 3564 2128 3631; x_wconf 90' lang='lat' dir='ltr'><strong>primo</strong></span> <span class='ocrx_word' id='word_1_678' title='bbox 2174 3563 2412 3631; x_wconf 85' lang='lat' dir='ltr'><strong>placere,</strong></span> <span class='ocrx_word' id='word_1_679' title='bbox 2454 3565 2692 3617; x_wconf 82' lang='lat' dir='ltr'><strong>secundo</strong></span> <span class='ocrx_word' id='word_1_680' title='bbox 2720 3563 2884 3616; x_wconf 85' lang='lat' dir='ltr'><strong>etiam</strong></span> <span class='ocrx_word' id='word_1_681' title='bbox 2927 3564 3208 3631; x_wconf 82' lang='lat' dir='ltr'><strong>proximis.</strong></span> <span class='ocrx_word' id='word_1_682' title='bbox 3236 3564 3390 3620; x_wconf 80' lang='lat' dir='ltr'><strong>Sicut</strong></span> 
     </span>
    </p>
   </div>
   <div class='ocr_carea' id='block_1_86' title="bbox 1809 3654 3390 3725">
    <p class='ocr_par' dir='ltr' id='par_1_86' title="bbox 1809 3654 3390 3725">
     <span class='ocr_line' id='line_1_86' title="bbox 1809 3654 3390 3725; baseline 0.001 -17"><span class='ocrx_word' id='word_1_683' title='bbox 1809 3656 1951 3708; x_wconf 90' lang='lat' dir='ltr'><strong>enim</strong></span> <span class='ocrx_word' id='word_1_684' title='bbox 1996 3656 2230 3725; x_wconf 89' lang='lat' dir='ltr'><strong>primum</strong></span> <span class='ocrx_word' id='word_1_685' title='bbox 2270 3667 2356 3711; x_wconf 83' lang='lat' dir='ltr'><strong>est</strong></span> <span class='ocrx_word' id='word_1_686' title='bbox 2404 3656 2628 3725; x_wconf 78' lang='lat' dir='ltr'><strong>diligere</strong></span> <span class='ocrx_word' id='word_1_687' title='bbox 2674 3654 2959 3709; x_wconf 88' lang='lat' dir='ltr'><strong>Dominum</strong></span> <span class='ocrx_word' id='word_1_688' title='bbox 2990 3654 3181 3719; x_wconf 89' lang='lat' dir='ltr'><strong>Deum,</strong></span> <span class='ocrx_word' id='word_1_689' title='bbox 3209 3668 3266 3709; x_wconf 89' lang='lat' dir='ltr'><strong>et</strong></span> <span class='ocrx_word' id='word_1_690' title='bbox 3303 3673 3390 3711; x_wconf 86' lang='lat' dir='ltr'><strong>se-</strong></span> 
     </span>
    </p>
   </div>
   <div class='ocr_carea' id='block_1_87' title="bbox 1807 3743 3385 3820">
    <p class='ocr_par' dir='ltr' id='par_1_87' title="bbox 1807 3743 3385 3820">
     <span class='ocr_line' id='line_1_87' title="bbox 1807 3743 3385 3820; baseline 0.003 -23"><span class='ocrx_word' id='word_1_691' title='bbox 1807 3744 1984 3797; x_wconf 87' lang='lat' dir='ltr'><strong>cundo</strong></span> <span class='ocrx_word' id='word_1_692' title='bbox 2017 3745 2342 3820; x_wconf 84' lang='lat' dir='ltr'><strong>proximum,</strong></span> <span class='ocrx_word' id='word_1_693' title='bbox 2372 3746 2444 3799; x_wconf 81' lang='lat' dir='ltr'><strong>ita</strong></span> <span class='ocrx_word' id='word_1_694' title='bbox 2477 3755 2532 3798; x_wconf 91' lang='lat' dir='ltr'><strong>et</strong></span> <span class='ocrx_word' id='word_1_695' title='bbox 2582 3744 2816 3813; x_wconf 85' lang='lat' dir='ltr'><strong>primunt</strong></span> <span class='ocrx_word' id='word_1_696' title='bbox 2848 3743 2959 3816; x_wconf 87' lang='lat'><strong>(88)</strong></span> <span class='ocrx_word' id='word_1_697' title='bbox 2994 3745 3208 3815; x_wconf 85' lang='lat' dir='ltr'><strong>placere</strong></span> <span class='ocrx_word' id='word_1_698' title='bbox 3250 3744 3385 3808; x_wconf 86' lang='lat' dir='ltr'><strong>Deo.</strong></span> 
     </span>
    </p>
   </div>
   <div class='ocr_carea' id='block_1_88' title="bbox 1807 3836 3390 3910">
    <p class='ocr_par' dir='ltr' id='par_1_88' title="bbox 1807 3836 3390 3910">
     <span class='ocr_line' id='line_1_88' title="bbox 1807 3836 3390 3910; baseline 0.004 -22"><span class='ocrx_word' id='word_1_699' title='bbox 1807 3836 2045 3890; x_wconf 88' lang='lat' dir='ltr'><strong>secundo</strong></span> <span class='ocrx_word' id='word_1_700' title='bbox 2067 3837 2230 3891; x_wconf 86' lang='lat' dir='ltr'><strong>etiam</strong></span> <span class='ocrx_word' id='word_1_701' title='bbox 2257 3837 2539 3906; x_wconf 75' lang='lat' dir='ltr'><strong>proximis.</strong></span> <span class='ocrx_word' id='word_1_702' title='bbox 2583 3837 2688 3892; x_wconf 88' lang='lat' dir='ltr'><strong>Sed</strong></span> <span class='ocrx_word' id='word_1_703' title='bbox 2721 3839 2953 3893; x_wconf 81' lang='lat' dir='ltr'><strong>fortasse</strong></span> <span class='ocrx_word' id='word_1_704' title='bbox 3002 3839 3152 3892; x_wconf 89' lang='lat' dir='ltr'><strong>dicat</strong></span> <span class='ocrx_word' id='word_1_705' title='bbox 3193 3839 3390 3910; x_wconf 81' lang='lat' dir='ltr'><strong>aliquis</strong></span> 
     </span>
    </p>
   </div>
   <div class='ocr_carea' id='block_1_89' title="bbox 1806 3929 3388 4002">
    <p class='ocr_par' dir='ltr' id='par_1_89' title="bbox 1806 3929 3388 4002">
     <span class='ocr_line' id='line_1_89' title="bbox 1806 3929 3388 4002; baseline 0.003 -20"><span class='ocrx_word' id='word_1_706' title='bbox 1806 3931 2084 3983; x_wconf 82' lang='lat' dir='ltr'><strong>contraria</strong></span> <span class='ocrx_word' id='word_1_707' title='bbox 2112 3931 2214 3985; x_wconf 89' lang='lat' dir='ltr'><strong>sibi</strong></span> <span class='ocrx_word' id='word_1_708' title='bbox 2251 3929 2476 3984; x_wconf 86' lang='lat' dir='ltr'><strong>Paulum</strong></span> <span class='ocrx_word' id='word_1_709' title='bbox 2524 3932 2708 3985; x_wconf 86' lang='lat' dir='ltr'><strong>dicere</strong></span> <span class='ocrx_word' id='word_1_710' title='bbox 2741 3931 2793 3984; x_wconf 90' lang='lat' dir='ltr'><strong>in</strong></span> <span class='ocrx_word' id='word_1_711' title='bbox 2826 3945 2890 3984; x_wconf 90' lang='lat' dir='ltr'><strong>eo</strong></span> <span class='ocrx_word' id='word_1_712' title='bbox 2926 3931 3072 4001; x_wconf 90' lang='lat' dir='ltr'><strong>quod</strong></span> <span class='ocrx_word' id='word_1_713' title='bbox 3092 3932 3253 4002; x_wconf 83' lang='lat' dir='ltr'><strong>jubet</strong></span> <span class='ocrx_word' id='word_1_714' title='bbox 3289 3949 3388 3987; x_wconf 85' lang='lat' dir='ltr'><strong>nos</strong></span> 
     </span>
    </p>
   </div>
   <div class='ocr_carea' id='block_1_90' title="bbox 1807 4020 3386 4091">
    <p class='ocr_par' dir='ltr' id='par_1_90' title="bbox 1807 4020 3386 4091">
     <span class='ocr_line' id='line_1_90' title="bbox 1807 4020 3386 4091; baseline 0.003 -19"><span class='ocrx_word' id='word_1_715' title='bbox 1807 4020 2022 4089; x_wconf 87' lang='lat' dir='ltr'><strong>placere</strong></span> <span class='ocrx_word' id='word_1_716' title='bbox 2050 4021 2334 4090; x_wconf 81' lang='lat' dir='ltr'><strong>proximis,</strong></span> <span class='ocrx_word' id='word_1_717' title='bbox 2366 4022 2456 4089; x_wconf 85' lang='lat' dir='ltr'><strong>qui</strong></span> <span class='ocrx_word' id='word_1_718' title='bbox 2498 4022 2550 4075; x_wconf 92' lang='lat' dir='ltr'><strong>in</strong></span> <span class='ocrx_word' id='word_1_719' title='bbox 2581 4022 2701 4075; x_wconf 88' lang='lat' dir='ltr'><strong>aliis</strong></span> <span class='ocrx_word' id='word_1_720' title='bbox 2726 4021 2924 4075; x_wconf 80' lang='lat' dir='ltr'><strong>dixerit</strong></span> <span class='ocrx_word' id='word_1_721' title='bbox 2959 4040 2972 4074; x_wconf 90' lang='lat'>:</span> <span class='ocrx_word' id='word_1_722' title='bbox 3001 4020 3115 4091; x_wconf 84' lang='lat' dir='ltr'><strong>Ego</strong></span> <span class='ocrx_word' id='word_1_723' title='bbox 3139 4023 3186 4075; x_wconf 86' lang='lat' dir='ltr'><strong>si</strong></span> <span class='ocrx_word' id='word_1_724' title='bbox 3216 4022 3386 4076; x_wconf 56' lang='lat' dir='ltr'><strong>hami-</strong></span> 
     </span>
    </p>
   </div>
   <div class='ocr_carea' id='block_1_91' title="bbox 1806 4114 3383 4183">
    <p class='ocr_par' dir='ltr' id='par_1_91' title="bbox 1806 4114 3383 4183">
     <span class='ocr_line' id='line_1_91' title="bbox 1806 4114 3383 4183; baseline 0.002 -18"><span class='ocrx_word' id='word_1_725' title='bbox 1806 4114 1958 4167; x_wconf 87' lang='lat' dir='ltr'><strong>nibus</strong></span> <span class='ocrx_word' id='word_1_726' title='bbox 1986 4114 2265 4183; x_wconf 86' lang='lat' dir='ltr'><strong>placerem,</strong></span> <span class='ocrx_word' id='word_1_727' title='bbox 2297 4114 2493 4169; x_wconf 83' lang='lat' dir='ltr'><strong>Christi</strong></span> <span class='ocrx_word' id='word_1_728' title='bbox 2520 4130 2694 4168; x_wconf 87' lang='lat' dir='ltr'><strong>servus</strong></span> <span class='ocrx_word' id='word_1_729' title='bbox 2745 4131 2848 4167; x_wconf 88' lang='lat' dir='ltr'><strong>non</strong></span> <span class='ocrx_word' id='word_1_730' title='bbox 2881 4130 3047 4168; x_wconf 82' lang='lat' dir='ltr'><strong>essem</strong></span> <span class='ocrx_word' id='word_1_731' title='bbox 3076 4115 3140 4169; x_wconf 77' lang='lat'><strong>“.</strong></span> <span class='ocrx_word' id='word_1_732' title='bbox 3184 4116 3248 4169; x_wconf 77' lang='lat' dir='ltr'><strong>Et</strong></span> <span class='ocrx_word' id='word_1_733' title='bbox 3283 4121 3383 4170; x_wconf 85' lang='lat' dir='ltr'><strong>uti-</strong></span> 
     </span>
    </p>
   </div>
   <div class='ocr_carea' id='block_1_92' title="bbox 1804 4206 3383 4284">
    <p class='ocr_par' dir='ltr' id='par_1_92' title="bbox 1804 4206 3383 4284">
     <span class='ocr_line' id='line_1_92' title="bbox 1804 4206 3383 4284; baseline 0.003 -28"><span class='ocrx_word' id='word_1_734' title='bbox 1804 4220 1909 4275; x_wconf 85' lang='lat' dir='ltr'><strong>que</strong></span> <span class='ocrx_word' id='word_1_735' title='bbox 1936 4206 2061 4260; x_wconf 90' lang='lat' dir='ltr'><strong>huic</strong></span> <span class='ocrx_word' id='word_1_736' title='bbox 2086 4207 2371 4284; x_wconf 79' lang='lat' dir='ltr'><strong>sententia:</strong></span> <span class='ocrx_word' id='word_1_737' title='bbox 2392 4208 2608 4261; x_wconf 90' lang='lat' dir='ltr'><strong>videtur</strong></span> <span class='ocrx_word' id='word_1_738' title='bbox 2629 4222 2751 4261; x_wconf 84' lang='lat' dir='ltr'><strong>esse</strong></span> <span class='ocrx_word' id='word_1_739' title='bbox 2773 4208 3134 4269; x_wconf 87' lang='lat' dir='ltr'><strong>contrarium.</strong></span> <span class='ocrx_word' id='word_1_740' title='bbox 3157 4217 3214 4263; x_wconf 93' lang='lat' dir='ltr'><strong>ut</strong></span> <span class='ocrx_word' id='word_1_741' title='bbox 3229 4223 3383 4261; x_wconf 85' lang='lat' dir='ltr'><strong>unus-</strong></span> 
     </span>
    </p>
   </div>
   <div class='ocr_carea' id='block_1_93' title="bbox 1802 4298 3383 4369">
    <p class='ocr_par' dir='ltr' id='par_1_93' title="bbox 1802 4298 3383 4369">
     <span class='ocr_line' id='line_1_93' title="bbox 1802 4298 3383 4369; baseline 0.003 -20"><span class='ocrx_word' id='word_1_742' title='bbox 1802 4298 2021 4369; x_wconf 67' lang='lat' dir='ltr'><strong>quisque</strong></span> <span class='ocrx_word' id='word_1_743' title='bbox 2080 4311 2324 4354; x_wconf 87' lang='lat' dir='ltr'><strong>nostrum</strong></span> <span class='ocrx_word' id='word_1_744' title='bbox 2366 4300 2606 4367; x_wconf 80' lang='lat' dir='ltr'><strong>proximo</strong></span> <span class='ocrx_word' id='word_1_745' title='bbox 2639 4298 2863 4366; x_wconf 84' lang='lat' dir='ltr'><strong>placeat,</strong></span> <span class='ocrx_word' id='word_1_746' title='bbox 2896 4307 2952 4351; x_wconf 90' lang='lat' dir='ltr'><strong>et</strong></span> <span class='ocrx_word' id='word_1_747' title='bbox 2986 4300 3130 4367; x_wconf 90' lang='lat' dir='ltr'><strong>quod</strong></span> <span class='ocrx_word' id='word_1_748' title='bbox 3170 4303 3222 4352; x_wconf 90' lang='lat' dir='ltr'><strong>In</strong></span> <span class='ocrx_word' id='word_1_749' title='bbox 3257 4299 3383 4353; x_wconf 87' lang='lat' dir='ltr'><strong>aliis</strong></span> 
     </span>
    </p>
   </div>
   <div class='ocr_carea' id='block_1_94' title="bbox 1806 4388 3380 4462">
    <p class='ocr_par' dir='ltr' id='par_1_94' title="bbox 1806 4388 3380 4462">
     <span class='ocr_line' id='line_1_94' title="bbox 1806 4388 3380 4462; baseline 0.001 -19"><span class='ocrx_word' id='word_1_750' title='bbox 1806 4391 1937 4443; x_wconf 74' lang='lat' dir='ltr'><strong>dicit</strong></span> <span class='ocrx_word' id='word_1_751' title='bbox 1976 4408 1992 4445; x_wconf 88' lang='lat'><strong>:</strong></span> <span class='ocrx_word' id='word_1_752' title='bbox 2024 4388 2169 4445; x_wconf 83' lang='lat' dir='ltr'><strong>Sicut</strong></span> <span class='ocrx_word' id='word_1_753' title='bbox 2199 4401 2249 4445; x_wconf 88' lang='lat' dir='ltr'><strong>et</strong></span> <span class='ocrx_word' id='word_1_754' title='bbox 2289 4408 2381 4461; x_wconf 86' lang='lat' dir='ltr'><strong>ego</strong></span> <span class='ocrx_word' id='word_1_755' title='bbox 2430 4391 2666 4443; x_wconf 83' lang='lat' dir='ltr'><strong>omnibus</strong></span> <span class='ocrx_word' id='word_1_756' title='bbox 2700 4406 2791 4458; x_wconf 86' lang='lat' dir='ltr'><strong>per</strong></span> <span class='ocrx_word' id='word_1_757' title='bbox 2822 4390 2998 4442; x_wconf 86' lang='lat' dir='ltr'><strong>omnia</strong></span> <span class='ocrx_word' id='word_1_758' title='bbox 3039 4388 3219 4455; x_wconf 82' lang='lat' dir='ltr'><strong>placeo</strong></span> <span class='ocrx_word' id='word_1_759' title='bbox 3246 4390 3380 4462; x_wconf 83' lang='lat'><strong>(89),</strong></span> 
     </span>
    </p>
   </div>
   <div class='ocr_carea' id='block_1_95' title="bbox 2038 4521 3380 4588">
    <p class='ocr_par' dir='ltr' id='par_1_95' title="bbox 2038 4521 3380 4588">
     <span class='ocr_line' id='line_1_95' title="bbox 2038 4521 3380 4588; baseline 0.004 -11"><span class='ocrx_word' id='word_1_760' title='bbox 2038 4524 2085 4556; x_wconf 78' lang='lat'><strong>&quot;</strong></span> <span class='ocrx_word' id='word_1_761' title='bbox 2112 4524 2127 4577; x_wconf 97' lang='lat' dir='ltr'><strong>l</strong></span> <span class='ocrx_word' id='word_1_762' title='bbox 2154 4526 2278 4579; x_wconf 81' lang='lat' dir='ltr'><strong>Cor.</strong></span> <span class='ocrx_word' id='word_1_763' title='bbox 2318 4540 2396 4587; x_wconf 79' lang='lat' dir='ltr'><strong>rx,</strong></span> <span class='ocrx_word' id='word_1_764' title='bbox 2430 4525 2519 4578; x_wconf 61' lang='lat'><strong>2&#39;2.</strong></span> <span class='ocrx_word' id='word_1_765' title='bbox 2583 4521 2998 4588; x_wconf 57' lang='lat' dir='ltr'><strong>&quot;Promxxrn,</strong></span> <span class='ocrx_word' id='word_1_766' title='bbox 3024 4522 3081 4577; x_wconf 90' lang='lat'><strong>2.</strong></span> <span class='ocrx_word' id='word_1_767' title='bbox 3125 4523 3171 4556; x_wconf 84' lang='grc'><strong>⁵⁸</strong></span> <span class='ocrx_word' id='word_1_768' title='bbox 3201 4525 3380 4582; x_wconf 84' lang='lat' dir='ltr'><strong>Galat.</strong></span> 
     </span>
    </p>
   </div>
   <div class='ocr_carea' id='block_1_96' title="bbox 1983 4593 3380 4662">
    <p class='ocr_par' dir='ltr' id='par_1_96' title="bbox 1983 4593 3380 4662">
     <span class='ocr_line' id='line_1_96' title="bbox 1983 4593 3380 4662; baseline 0.003 -15"><span class='ocrx_word' id='word_1_769' title='bbox 1983 4595 2027 4625; x_wconf 79' lang='grc'>⁶²</span> <span class='ocrx_word' id='word_1_770' title='bbox 2057 4596 2209 4649; x_wconf 64' lang='lat' dir='ltr'><strong>ltum.</strong></span> <span class='ocrx_word' id='word_1_771' title='bbox 2243 4612 2333 4661; x_wconf 89' lang='lat' dir='ltr'><strong>xv,</strong></span> <span class='ocrx_word' id='word_1_772' title='bbox 2374 4597 2431 4650; x_wconf 78' lang='lat'><strong>2.</strong></span> <span class='ocrx_word' id='word_1_773' title='bbox 2506 4596 2552 4627; x_wconf 73' lang='grc'><strong>⁸³</strong></span> <span class='ocrx_word' id='word_1_774' title='bbox 2576 4594 2861 4652; x_wconf 79' lang='lat' dir='ltr'><strong>lsa.v.2l.</strong></span> <span class='ocrx_word' id='word_1_775' title='bbox 2936 4593 2981 4625; x_wconf 78' lang='lat'><strong>“</strong></span> <span class='ocrx_word' id='word_1_776' title='bbox 3013 4593 3187 4649; x_wconf 85' lang='lat' dir='ltr'><strong>Galat.</strong></span> <span class='ocrx_word' id='word_1_777' title='bbox 3222 4612 3262 4662; x_wconf 85' lang='grc' dir='ltr'>ι,</span> <span class='ocrx_word' id='word_1_778' title='bbox 3293 4596 3380 4654; x_wconf 78' lang='grc'><strong>10.</strong></span> 
     </span>
    </p>
   </div>
   <div class='ocr_carea' id='block_1_97' title="bbox 189 4710 2882 4792">
    <p class='ocr_par' dir='ltr' id='par_1_97' title="bbox 189 4710 2882 4792">
     <span class='ocr_line' id='line_1_97' title="bbox 189 4710 2882 4792; baseline -0.004 -19"><span class='ocrx_word' id='word_1_779' title='bbox 189 4721 305 4792; x_wconf 87' lang='lat'><strong>(&#39;78)</strong></span> <span class='ocrx_word' id='word_1_780' title='bbox 344 4720 505 4787; x_wconf 85' lang='lat' dir='ltr'><strong>Editi,</strong></span> <span class='ocrx_word' id='word_1_781' title='bbox 541 4719 755 4792; x_wconf 85' lang='lat' dir='ltr'><strong>probate</strong></span> <span class='ocrx_word' id='word_1_782' title='bbox 784 4717 1000 4785; x_wconf 86' lang='lat' dir='ltr'><strong>spiritus</strong></span> <span class='ocrx_word' id='word_1_783' title='bbox 1031 4717 1269 4792; x_wconf 73' lang='lat' dir='ltr'><strong>quodex</strong></span> <span class='ocrx_word' id='word_1_784' title='bbox 1289 4714 1397 4792; x_wconf 72' lang='lat' dir='ltr'><strong>Deo</strong></span> <span class='ocrx_word' id='word_1_785' title='bbox 1415 4724 1554 4767; x_wconf 89' lang='lat' dir='ltr'><strong>stmt.</strong></span> <span class='ocrx_word' id='word_1_786' title='bbox 1578 4711 1684 4792; x_wconf 82' lang='lat' dir='ltr'><strong>Sed</strong></span> <span class='ocrx_word' id='word_1_787' title='bbox 1719 4720 1763 4773; x_wconf 87' lang='lat' dir='ltr'><strong>D</strong></span> <span class='ocrx_word' id='word_1_788' title='bbox 1794 4710 2304 4792; x_wconf 35' lang='lat' dir='ltr'><strong>tttss.‘_etnl_{alianus</strong></span> <span class='ocrx_word' id='word_1_789' title='bbox 2333 4713 2484 4792; x_wconf 23' lang='grc' dir='ltr'>ιιι-κίκι,</span> <span class='ocrx_word' id='word_1_790' title='bbox 2497 4720 2684 4766; x_wconf 88' lang='lat' dir='ltr'><strong>nostro</strong></span> <span class='ocrx_word' id='word_1_791' title='bbox 2694 4719 2882 4792; x_wconf 50' lang='lat' dir='ltr'><strong>textu.</strong></span> 
     </span>
    </p>
   </div>
   <div class='ocr_carea' id='block_1_98' title="bbox 114 4786 1687 4855">
    <p class='ocr_par' dir='ltr' id='par_1_98' title="bbox 114 4786 1687 4855">
     <span class='ocr_line' id='line_1_98' title="bbox 114 4786 1687 4855; baseline -0.005 -11"><span class='ocrx_word' id='word_1_792' title='bbox 114 4786 311 4846; x_wconf 80' lang='lat' dir='ltr'><strong>omnes</strong></span> <span class='ocrx_word' id='word_1_793' title='bbox 345 4806 476 4845; x_wconf 90' lang='lat' dir='ltr'><strong>mss.</strong></span> <span class='ocrx_word' id='word_1_794' title='bbox 510 4786 568 4842; x_wconf 91' lang='lat' dir='ltr'><strong>ut</strong></span> <span class='ocrx_word' id='word_1_795' title='bbox 594 4790 645 4842; x_wconf 93' lang='lat' dir='ltr'><strong>in</strong></span> <span class='ocrx_word' id='word_1_796' title='bbox 670 4798 854 4844; x_wconf 87' lang='lat' dir='ltr'><strong>nostro</strong></span> <span class='ocrx_word' id='word_1_797' title='bbox 879 4786 1051 4853; x_wconf 86' lang='lat' dir='ltr'><strong>textu,</strong></span> <span class='ocrx_word' id='word_1_798' title='bbox 1090 4786 1190 4841; x_wconf 87' lang='lat' dir='ltr'><strong>nisi</strong></span> <span class='ocrx_word' id='word_1_799' title='bbox 1225 4787 1372 4855; x_wconf 89' lang='lat' dir='ltr'><strong>quod</strong></span> <span class='ocrx_word' id='word_1_800' title='bbox 1408 4800 1551 4839; x_wconf 86' lang='lat' dir='ltr'><strong>unus</strong></span> <span class='ocrx_word' id='word_1_801' title='bbox 1590 4786 1687 4837; x_wconf 84' lang='lat' dir='ltr'><strong>ha-</strong></span> 
     </span>
    </p>
   </div>
   <div class='ocr_carea' id='block_1_99' title="bbox 115 4860 731 4919">
    <p class='ocr_par' dir='ltr' id='par_1_99' title="bbox 115 4860 731 4919">
     <span class='ocr_line' id='line_1_99' title="bbox 115 4860 731 4919; baseline -0.008 -1"><span class='ocrx_word' id='word_1_802' title='bbox 115 4864 266 4919; x_wconf 87' lang='lat' dir='ltr'><strong>heat.</strong></span> <span class='ocrx_word' id='word_1_803' title='bbox 304 4862 348 4915; x_wconf 91' lang='lat' dir='ltr'><strong>si</strong></span> <span class='ocrx_word' id='word_1_804' title='bbox 374 4878 437 4915; x_wconf 83' lang='lat' dir='ltr'><strong>ea;</strong></span> <span class='ocrx_word' id='word_1_805' title='bbox 460 4860 567 4915; x_wconf 89' lang='lat' dir='ltr'><strong>Deo</strong></span> <span class='ocrx_word' id='word_1_806' title='bbox 588 4870 731 4913; x_wconf 87' lang='lat' dir='ltr'><strong>sunt.</strong></span> 
     </span>
    </p>
   </div>
   <div class='ocr_carea' id='block_1_100' title="bbox 187 4926 1685 5003">
    <p class='ocr_par' dir='ltr' id='par_1_100' title="bbox 187 4926 1685 5003">
     <span class='ocr_line' id='line_1_100' title="bbox 187 4926 1685 5003; baseline -0.007 -17"><span class='ocrx_word' id='word_1_807' title='bbox 187 4932 302 5003; x_wconf 85' lang='lat'><strong>(79)</strong></span> <span class='ocrx_word' id='word_1_808' title='bbox 333 4930 399 4983; x_wconf 88' lang='lat' dir='ltr'><strong>Et</strong></span> <span class='ocrx_word' id='word_1_809' title='bbox 434 4947 527 5003; x_wconf 72' lang='lat' dir='ltr'><strong>nos</strong></span> <span class='ocrx_word' id='word_1_810' title='bbox 569 4930 772 5003; x_wconf 75' lang='lat' dir='ltr'><strong>liberati</strong></span> <span class='ocrx_word' id='word_1_811' title='bbox 811 4945 1023 5003; x_wconf 62' lang='lat' dir='ltr'><strong>sumus.</strong></span> <span class='ocrx_word' id='word_1_812' title='bbox 1065 4926 1404 5003; x_wconf 75' lang='lat' dir='ltr'><strong>Adjutorium</strong></span> <span class='ocrx_word' id='word_1_813' title='bbox 1450 4934 1685 5003; x_wconf 46' lang='lat' dir='ltr'><strong>itast-rum</strong></span> 
     </span>
    </p>
   </div>
   <div class='ocr_carea' id='block_1_101' title="bbox 114 4993 1685 5069">
    <p class='ocr_par' dir='ltr' id='par_1_101' title="bbox 114 4993 1685 5069">
     <span class='ocr_line' id='line_1_101' title="bbox 114 4993 1685 5069; baseline -0.004 -14"><span class='ocrx_word' id='word_1_814' title='bbox 114 4993 425 5057; x_wconf 49' lang='lat' dir='ltr'><strong>in&#39;no&#39;mine</strong></span> <span class='ocrx_word' id='word_1_815' title='bbox 473 5000 703 5058; x_wconf 80' lang='lat' dir='ltr'><strong>Domini.</strong></span> <span class='ocrx_word' id='word_1_816' title='bbox 731 5000 823 5069; x_wconf 87' lang='lat' dir='ltr'><strong>qui</strong></span> <span class='ocrx_word' id='word_1_817' title='bbox 862 4998 985 5067; x_wconf 80' lang='lat' dir='ltr'><strong>fecit</strong></span> <span class='ocrx_word' id='word_1_818' title='bbox 1028 4993 1211 5052; x_wconf 73' lang='lat' dir='ltr'><strong>cretum</strong></span> <span class='ocrx_word' id='word_1_819' title='bbox 1234 5005 1280 5048; x_wconf 90' lang='lat' dir='ltr'><strong>et</strong></span> <span class='ocrx_word' id='word_1_820' title='bbox 1310 5006 1526 5049; x_wconf 87' lang='lat' dir='ltr'><strong>terram.</strong></span> <span class='ocrx_word' id='word_1_821' title='bbox 1562 4993 1685 5048; x_wconf 67' lang='grc' dir='ltr'>ιιωε</span> 
     </span>
    </p>
   </div>
   <div class='ocr_carea' id='block_1_102' title="bbox 115 5070 1493 5126">
    <p class='ocr_par' dir='ltr' id='par_1_102' title="bbox 115 5070 1493 5126">
     <span class='ocr_line' id='line_1_102' title="bbox 115 5070 1493 5126; baseline -0.007 0"><span class='ocrx_word' id='word_1_822' title='bbox 115 5073 505 5126; x_wconf 61' lang='lat' dir='ltr'><strong>desiderantur</strong></span> <span class='ocrx_word' id='word_1_823' title='bbox 534 5072 586 5122; x_wconf 91' lang='lat' dir='ltr'><strong>in</strong></span> <span class='ocrx_word' id='word_1_824' title='bbox 609 5071 773 5123; x_wconf 87' lang='lat' dir='ltr'><strong>editis</strong></span> <span class='ocrx_word' id='word_1_825' title='bbox 791 5079 848 5124; x_wconf 88' lang='lat' dir='ltr'><strong>et</strong></span> <span class='ocrx_word' id='word_1_826' title='bbox 881 5070 1240 5124; x_wconf 87' lang='lat' dir='ltr'><strong>restituuntur</strong></span> <span class='ocrx_word' id='word_1_827' title='bbox 1263 5081 1328 5119; x_wconf 85' lang='lat' dir='ltr'><strong>ex</strong></span> <span class='ocrx_word' id='word_1_828' title='bbox 1364 5082 1493 5118; x_wconf 91' lang='lat' dir='ltr'><strong>mss.</strong></span> 
     </span>
    </p>
   </div>
   <div class='ocr_carea' id='block_1_103' title="bbox 188 5135 1686 5213">
    <p class='ocr_par' dir='ltr' id='par_1_103' title="bbox 188 5135 1686 5213">
     <span class='ocr_line' id='line_1_103' title="bbox 188 5135 1686 5213; baseline -0.008 -16"><span class='ocrx_word' id='word_1_829' title='bbox 188 5142 300 5213; x_wconf 84' lang='lat' dir='ltr'><strong>(8U)</strong></span> <span class='ocrx_word' id='word_1_830' title='bbox 344 5139 710 5213; x_wconf 83' lang='lat' dir='ltr'><strong>Unusquisque</strong></span> <span class='ocrx_word' id='word_1_831' title='bbox 742 5152 969 5193; x_wconf 79' lang='lat' dir='ltr'><strong>vestrum</strong></span> <span class='ocrx_word' id='word_1_832' title='bbox 1000 5140 1094 5213; x_wconf 82' lang='lat' dir='ltr'><strong>(al.</strong></span> <span class='ocrx_word' id='word_1_833' title='bbox 1141 5135 1400 5213; x_wconf 71' lang='lat' dir='ltr'><strong>nostrum)</strong></span> <span class='ocrx_word' id='word_1_834' title='bbox 1448 5135 1686 5213; x_wconf 67' lang='lat' dir='ltr'><strong>proximo</strong></span> 
     </span>
    </p>
   </div>
   <div class='ocr_carea' id='block_1_104' title="bbox 112 5205 1678 5280">
    <p class='ocr_par' dir='ltr' id='par_1_104' title="bbox 112 5205 1678 5280">
     <span class='ocr_line' id='line_1_104' title="bbox 112 5205 1678 5280; baseline -0.005 -15"><span class='ocrx_word' id='word_1_835' title='bbox 112 5205 320 5280; x_wconf 68' lang='lat' dir='ltr'><strong>placerit</strong></span> <span class='ocrx_word' id='word_1_836' title='bbox 351 5213 406 5264; x_wconf 88' lang='lat' dir='ltr'><strong>in</strong></span> <span class='ocrx_word' id='word_1_837' title='bbox 445 5205 596 5275; x_wconf 80' lang='lat' dir='ltr'><strong>bona,</strong></span> <span class='ocrx_word' id='word_1_838' title='bbox 622 5205 750 5273; x_wconf 83' lang='lat' dir='ltr'><strong>etc.,</strong></span> <span class='ocrx_word' id='word_1_839' title='bbox 779 5223 949 5272; x_wconf 78' lang='lat' dir='ltr'><strong>usque</strong></span> <span class='ocrx_word' id='word_1_840' title='bbox 982 5211 1046 5261; x_wconf 86' lang='lat' dir='ltr'><strong>ad</strong></span> <span class='ocrx_word' id='word_1_841' title='bbox 1076 5224 1216 5276; x_wconf 88' lang='lat' dir='ltr'><strong>spem</strong></span> <span class='ocrx_word' id='word_1_842' title='bbox 1250 5205 1554 5271; x_wconf 85' lang='lat' dir='ltr'><strong>habeamus,</strong></span> <span class='ocrx_word' id='word_1_843' title='bbox 1594 5205 1678 5257; x_wconf 86' lang='lat' dir='ltr'><strong>de-</strong></span> 
     </span>
    </p>
   </div>
   <div class='ocr_carea' id='block_1_105' title="bbox 113 5281 1476 5345">
    <p class='ocr_par' dir='ltr' id='par_1_105' title="bbox 113 5281 1476 5345">
     <span class='ocr_line' id='line_1_105' title="bbox 113 5281 1476 5345; baseline -0.006 -8"><span class='ocrx_word' id='word_1_844' title='bbox 113 5295 242 5337; x_wconf 83' lang='lat' dir='ltr'><strong>sunt</strong></span> <span class='ocrx_word' id='word_1_845' title='bbox 272 5282 323 5335; x_wconf 88' lang='lat' dir='ltr'><strong>itt</strong></span> <span class='ocrx_word' id='word_1_846' title='bbox 352 5292 508 5335; x_wconf 84' lang='lat' dir='ltr'><strong>antea</strong></span> <span class='ocrx_word' id='word_1_847' title='bbox 528 5282 706 5345; x_wconf 89' lang='lat' dir='ltr'><strong>editis,</strong></span> <span class='ocrx_word' id='word_1_848' title='bbox 737 5282 834 5335; x_wconf 90' lang='lat' dir='ltr'><strong>sed</strong></span> <span class='ocrx_word' id='word_1_849' title='bbox 866 5281 1221 5335; x_wconf 84' lang='lat' dir='ltr'><strong>restituuntur</strong></span> <span class='ocrx_word' id='word_1_850' title='bbox 1249 5291 1315 5329; x_wconf 78' lang='lat' dir='ltr'><strong>ex</strong></span> <span class='ocrx_word' id='word_1_851' title='bbox 1348 5291 1476 5329; x_wconf 89' lang='lat' dir='ltr'><strong>mss.</strong></span> 
     </span>
    </p>
   </div>
   <div class='ocr_carea' id='block_1_106' title="bbox 182 5344 1683 5420">
    <p class='ocr_par' dir='ltr' id='par_1_106' title="bbox 182 5344 1683 5420">
     <span class='ocr_line' id='line_1_106' title="bbox 182 5344 1683 5420; baseline -0.007 -13"><span class='ocrx_word' id='word_1_852' title='bbox 182 5352 299 5418; x_wconf 82' lang='grc'>(81)</span> <span class='ocrx_word' id='word_1_853' title='bbox 343 5352 766 5420; x_wconf 85' lang='lat' dir='ltr'><strong>Editi,aspicias.</strong></span> <span class='ocrx_word' id='word_1_854' title='bbox 791 5350 994 5403; x_wconf 85' lang='lat' dir='ltr'><strong>Deinde</strong></span> <span class='ocrx_word' id='word_1_855' title='bbox 1014 5347 1329 5417; x_wconf 78' lang='lat' dir='ltr'><strong>ms.Regius</strong></span> <span class='ocrx_word' id='word_1_856' title='bbox 1360 5344 1683 5420; x_wconf 71' lang='lat' dir='ltr'><strong>ttunt._l639,</strong></span> 
     </span>
    </p>
   </div>
   <div class='ocr_carea' id='block_1_107' title="bbox 111 5414 1687 5491">
    <p class='ocr_par' dir='ltr' id='par_1_107' title="bbox 111 5414 1687 5491">
     <span class='ocr_line' id='line_1_107' title="bbox 111 5414 1687 5491; baseline -0.004 -15"><span class='ocrx_word' id='word_1_857' title='bbox 111 5414 355 5476; x_wconf 78' lang='lat' dir='ltr'><strong>mandati</strong></span> <span class='ocrx_word' id='word_1_858' title='bbox 403 5422 547 5475; x_wconf 89' lang='lat' dir='ltr'><strong>illius</strong></span> <span class='ocrx_word' id='word_1_859' title='bbox 581 5414 630 5475; x_wconf 75' lang='lat' dir='ltr'><strong>et</strong></span> <span class='ocrx_word' id='word_1_860' title='bbox 662 5422 855 5491; x_wconf 87' lang='lat' dir='ltr'><strong>eloquii</strong></span> <span class='ocrx_word' id='word_1_861' title='bbox 887 5437 989 5491; x_wconf 78' lang='lat' dir='ltr'><strong>quo</strong></span> <span class='ocrx_word' id='word_1_862' title='bbox 1023 5414 1249 5479; x_wconf 48' lang='lat' dir='ltr'><strong>dicitur]</strong></span> <span class='ocrx_word' id='word_1_863' title='bbox 1281 5428 1383 5471; x_wconf 89' lang='lat' dir='ltr'><strong>etc.</strong></span> <span class='ocrx_word' id='word_1_864' title='bbox 1430 5414 1537 5470; x_wconf 84' lang='lat' dir='ltr'><strong>Sed</strong></span> <span class='ocrx_word' id='word_1_865' title='bbox 1582 5430 1687 5469; x_wconf 80' lang='lat' dir='ltr'><strong>ca:-</strong></span> 
     </span>
    </p>
   </div>
   <div class='ocr_carea' id='block_1_108' title="bbox 115 5493 1321 5555">
    <p class='ocr_par' dir='ltr' id='par_1_108' title="bbox 115 5493 1321 5555">
     <span class='ocr_line' id='line_1_108' title="bbox 115 5493 1321 5555; baseline -0.004 -10"><span class='ocrx_word' id='word_1_866' title='bbox 115 5496 215 5547; x_wconf 89' lang='lat' dir='ltr'><strong>teri</strong></span> <span class='ocrx_word' id='word_1_867' title='bbox 246 5510 406 5554; x_wconf 83' lang='lat' dir='ltr'><strong>mss.,</strong></span> <span class='ocrx_word' id='word_1_868' title='bbox 439 5493 692 5546; x_wconf 75' lang='lat' dir='ltr'><strong>[tabamus</strong></span> <span class='ocrx_word' id='word_1_869' title='bbox 721 5506 774 5546; x_wconf 86' lang='lat' dir='ltr'><strong>et</strong></span> <span class='ocrx_word' id='word_1_870' title='bbox 803 5493 952 5555; x_wconf 84' lang='lat' dir='ltr'><strong>editi,</strong></span> <span class='ocrx_word' id='word_1_871' title='bbox 987 5504 1043 5545; x_wconf 91' lang='lat' dir='ltr'><strong>ut</strong></span> <span class='ocrx_word' id='word_1_872' title='bbox 1068 5493 1119 5545; x_wconf 90' lang='lat' dir='ltr'><strong>iu</strong></span> <span class='ocrx_word' id='word_1_873' title='bbox 1152 5496 1321 5545; x_wconf 86' lang='lat' dir='ltr'><strong>textu.</strong></span> 
     </span>
    </p>
   </div>
   <div class='ocr_carea' id='block_1_109' title="bbox 183 5562 966 5635">
    <p class='ocr_par' dir='ltr' id='par_1_109' title="bbox 183 5562 966 5635">
     <span class='ocr_line' id='line_1_109' title="bbox 183 5562 966 5635; baseline -0.001 -19"><span class='ocrx_word' id='word_1_874' title='bbox 339 5562 478 5635; x_wconf 53' lang='lat' dir='ltr'><strong>Sub.</strong></span> <span class='ocrx_word' id='word_1_875' title='bbox 509 5565 666 5635; x_wconf 80' lang='lat' dir='ltr'><strong>Deest</strong></span> <span class='ocrx_word' id='word_1_876' title='bbox 696 5566 746 5615; x_wconf 76' lang='grc' dir='ltr'><strong>ιιι</strong></span> <span class='ocrx_word' id='word_1_877' title='bbox 787 5562 966 5617; x_wconf 85' lang='lat' dir='ltr'><strong>editis.</strong></span> 
     </span>
    </p>
   </div>
   <div class='ocr_carea' id='block_1_110' title="bbox 184 5633 906 5702">
    <p class='ocr_par' dir='ltr' id='par_1_110' title="bbox 184 5633 906 5702">
     <span class='ocr_line' id='line_1_110' title="bbox 184 5633 906 5702; baseline -0.001 -14"><span class='ocrx_word' id='word_1_878' title='bbox 184 5633 302 5702; x_wconf 83' lang='grc'>(85)</span> <span class='ocrx_word' id='word_1_879' title='bbox 343 5633 506 5697; x_wconf 87' lang='lat' dir='ltr'><strong>Editi,</strong></span> <span class='ocrx_word' id='word_1_880' title='bbox 535 5633 737 5688; x_wconf 85' lang='lat' dir='ltr'><strong>dolens.</strong></span> <span class='ocrx_word' id='word_1_881' title='bbox 901 5651 906 5657; x_wconf 88' lang='lat'>&#39;</span> 
     </span>
    </p>
   </div>
   <div class='ocr_carea' id='block_1_111' title="bbox 186 5697 1680 5777">
    <p class='ocr_par' dir='ltr' id='par_1_111' title="bbox 186 5697 1680 5777">
     <span class='ocr_line' id='line_1_111' title="bbox 186 5697 1680 5777; baseline -0.004 -18"><span class='ocrx_word' id='word_1_882' title='bbox 186 5697 301 5777; x_wconf 71' lang='grc'>(84)</span> <span class='ocrx_word' id='word_1_883' title='bbox 328 5704 507 5777; x_wconf 12' lang='lat' dir='ltr'><strong>“Editi,</strong></span> <span class='ocrx_word' id='word_1_884' title='bbox 526 5704 862 5771; x_wconf 80' lang='lat' dir='ltr'><strong>inﬁrmiores.</strong></span> <span class='ocrx_word' id='word_1_885' title='bbox 891 5703 1110 5777; x_wconf 84' lang='lat' dir='ltr'><strong>Deinde,</strong></span> <span class='ocrx_word' id='word_1_886' title='bbox 1131 5700 1243 5756; x_wconf 80' lang='lat' dir='ltr'><strong>Hoc</strong></span> <span class='ocrx_word' id='word_1_887' title='bbox 1267 5702 1403 5756; x_wconf 84' lang='lat' dir='ltr'><strong>enim</strong></span> <span class='ocrx_word' id='word_1_888' title='bbox 1436 5697 1680 5777; x_wconf 76' lang='lat' dir='ltr'><strong>nimirum</strong></span> 
     </span>
    </p>
   </div>
   <div class='ocr_carea' id='block_1_112' title="bbox 109 5773 1684 5845">
    <p class='ocr_par' dir='ltr' id='par_1_112' title="bbox 109 5773 1684 5845">
     <span class='ocr_line' id='line_1_112' title="bbox 109 5773 1684 5845; baseline -0.002 -14"><span class='ocrx_word' id='word_1_889' title='bbox 109 5773 291 5845; x_wconf 71' lang='lat' dir='ltr'><strong>ipsum</strong></span> <span class='ocrx_word' id='word_1_890' title='bbox 312 5775 577 5827; x_wconf 85' lang='lat' dir='ltr'><strong>Christum</strong></span> <span class='ocrx_word' id='word_1_891' title='bbox 606 5785 834 5827; x_wconf 85' lang='lat' dir='ltr'><strong>avertere</strong></span> <span class='ocrx_word' id='word_1_892' title='bbox 863 5784 936 5825; x_wconf 85' lang='lat' dir='ltr'><strong>est</strong></span> <span class='ocrx_word' id='word_1_893' title='bbox 970 5776 1033 5828; x_wconf 88' lang='lat' dir='ltr'><strong>ab</strong></span> <span class='ocrx_word' id='word_1_894' title='bbox 1066 5775 1180 5838; x_wconf 84' lang='lat' dir='ltr'><strong>hoc,</strong></span> <span class='ocrx_word' id='word_1_895' title='bbox 1212 5782 1319 5831; x_wconf 88' lang='lat' dir='ltr'><strong>etc.</strong></span> <span class='ocrx_word' id='word_1_896' title='bbox 1359 5773 1465 5829; x_wconf 63' lang='lat' dir='ltr'><strong>bed</strong></span> <span class='ocrx_word' id='word_1_897' title='bbox 1496 5787 1684 5828; x_wconf 77' lang='lat' dir='ltr'><strong>omnes</strong></span> 
     </span>
    </p>
   </div>
   <div class='ocr_carea' id='block_1_113' title="bbox 312 5868 959 5933">
    <p class='ocr_par' dir='ltr' id='par_1_113' title="bbox 312 5868 959 5933">
     <span class='ocr_line' id='line_1_113' title="bbox 312 5868 959 5933; baseline 0.002 -1"><span class='ocrx_word' id='word_1_898' title='bbox 312 5870 583 5932; x_wconf 74' lang='grc' dir='ltr'><strong>Ρηιιοι..</strong></span> <span class='ocrx_word' id='word_1_899' title='bbox 627 5870 741 5931; x_wconf 76' lang='lat' dir='ltr'><strong>Gtt.</strong></span> <span class='ocrx_word' id='word_1_900' title='bbox 790 5868 959 5933; x_wconf 77' lang='lat' dir='ltr'><strong>XlV.</strong></span> 
     </span>
    </p>
   </div>
   <div class='ocr_carea' id='block_1_114' title="bbox 1866 4780 3377 4853">
    <p class='ocr_par' dir='ltr' id='par_1_114' title="bbox 1866 4780 3377 4853">
     <span class='ocr_line' id='line_1_114' title="bbox 1866 4780 3377 4853; baseline -0.003 -16"><span class='ocrx_word' id='word_1_901' title='bbox 1866 4782 1979 4853; x_wconf 75' lang='lat'><strong>(85)</strong></span> <span class='ocrx_word' id='word_1_902' title='bbox 2024 4780 2117 4835; x_wconf 88' lang='lat' dir='ltr'><strong>Sic</strong></span> <span class='ocrx_word' id='word_1_903' title='bbox 2146 4798 2275 4836; x_wconf 90' lang='lat' dir='ltr'><strong>mss.</strong></span> <span class='ocrx_word' id='word_1_904' title='bbox 2303 4793 2355 4836; x_wconf 89' lang='lat' dir='ltr'><strong>et</strong></span> <span class='ocrx_word' id='word_1_905' title='bbox 2388 4782 2661 4837; x_wconf 85' lang='lat' dir='ltr'><strong>Rabauus.</strong></span> <span class='ocrx_word' id='word_1_906' title='bbox 2692 4782 2832 4835; x_wconf 86' lang='lat' dir='ltr'><strong>Edtti</strong></span> <span class='ocrx_word' id='word_1_907' title='bbox 2862 4794 3008 4844; x_wconf 80' lang='lat' dir='ltr'><strong>vero,</strong></span> <span class='ocrx_word' id='word_1_908' title='bbox 3039 4790 3085 4834; x_wconf 88' lang='lat' dir='ltr'><strong>et</strong></span> <span class='ocrx_word' id='word_1_909' title='bbox 3112 4781 3230 4835; x_wconf 86' lang='lat' dir='ltr'><strong>ideo</strong></span> <span class='ocrx_word' id='word_1_910' title='bbox 3261 4798 3377 4835; x_wconf 82' lang='lat' dir='ltr'><strong>ma-</strong></span> 
     </span>
    </p>
   </div>
   <div class='ocr_carea' id='block_1_115' title="bbox 1793 4852 3126 4923">
    <p class='ocr_par' dir='ltr' id='par_1_115' title="bbox 1793 4852 3126 4923">
     <span class='ocr_line' id='line_1_115' title="bbox 1793 4852 3126 4923; baseline 0.001 -19"><span class='ocrx_word' id='word_1_911' title='bbox 1793 4852 2074 4923; x_wconf 34' lang='lat' dir='ltr'><strong>gis&#39;iulttgc</strong></span> <span class='ocrx_word' id='word_1_912' title='bbox 2105 4855 2246 4905; x_wconf 83' lang='lat' dir='ltr'><strong>decet</strong></span> <span class='ocrx_word' id='word_1_913' title='bbox 2279 4854 2460 4923; x_wconf 82' lang='lat' dir='ltr'><strong>itidem</strong></span> <span class='ocrx_word' id='word_1_914' title='bbox 2495 4854 2993 4923; x_wconf 15' lang='lat' dir='ltr'><strong>compatiiinvlcen‘t,</strong></span> <span class='ocrx_word' id='word_1_915' title='bbox 3020 4864 3126 4923; x_wconf 80' lang='lat' dir='ltr'><strong>etc.</strong></span> 
     </span>
    </p>
   </div>
   <div class='ocr_carea' id='block_1_116' title="bbox 1865 4920 3372 4994">
    <p class='ocr_par' dir='ltr' id='par_1_116' title="bbox 1865 4920 3372 4994">
     <span class='ocr_line' id='line_1_116' title="bbox 1865 4920 3372 4994; baseline -0.001 -17"><span class='ocrx_word' id='word_1_916' title='bbox 1865 4922 1975 4994; x_wconf 70' lang='lat'><strong>(86)</strong></span> <span class='ocrx_word' id='word_1_917' title='bbox 2013 4920 2258 4994; x_wconf 74' lang='lat' dir='ltr'><strong>Laxiore.</strong></span> <span class='ocrx_word' id='word_1_918' title='bbox 2284 4922 2377 4976; x_wconf 85' lang='lat' dir='ltr'><strong>Sic</strong></span> <span class='ocrx_word' id='word_1_919' title='bbox 2404 4938 2534 4976; x_wconf 89' lang='lat' dir='ltr'><strong>mss.</strong></span> <span class='ocrx_word' id='word_1_920' title='bbox 2564 4938 2612 4976; x_wconf 85' lang='lat' dir='ltr'><strong>et</strong></span> <span class='ocrx_word' id='word_1_921' title='bbox 2645 4921 2917 4994; x_wconf 70' lang='lat' dir='ltr'><strong>Rabanns.</strong></span> <span class='ocrx_word' id='word_1_922' title='bbox 2936 4920 3102 4994; x_wconf 56' lang='lat' dir='ltr'><strong>Editi,</strong></span> <span class='ocrx_word' id='word_1_923' title='bbox 3122 4920 3372 4994; x_wconf 80' lang='lat' dir='ltr'><strong>largiore.</strong></span> 
     </span>
    </p>
   </div>
   <div class='ocr_carea' id='block_1_117' title="bbox 1796 4990 3378 5063">
    <p class='ocr_par' dir='ltr' id='par_1_117' title="bbox 1796 4990 3378 5063">
     <span class='ocr_line' id='line_1_117' title="bbox 1796 4990 3378 5063; baseline 0.001 -18"><span class='ocrx_word' id='word_1_924' title='bbox 1796 4990 1998 5047; x_wconf 83' lang='lat' dir='ltr'><strong>Deinde</strong></span> <span class='ocrx_word' id='word_1_925' title='bbox 2044 4993 2206 5046; x_wconf 89' lang='lat' dir='ltr'><strong>iidem</strong></span> <span class='ocrx_word' id='word_1_926' title='bbox 2240 4994 2393 5063; x_wconf 83' lang='lat' dir='ltr'><strong>editi,</strong></span> <span class='ocrx_word' id='word_1_927' title='bbox 2438 4994 2629 5063; x_wconf 85' lang='lat' dir='ltr'><strong>sinon</strong></span> <span class='ocrx_word' id='word_1_928' title='bbox 2669 4993 2825 5063; x_wconf 87' lang='lat' dir='ltr'><strong>(mss.</strong></span> <span class='ocrx_word' id='word_1_929' title='bbox 2872 4990 3115 5063; x_wconf 73' lang='lat' dir='ltr'><strong>quidam,</strong></span> <span class='ocrx_word' id='word_1_930' title='bbox 3144 4993 3283 5060; x_wconf 88' lang='lat' dir='ltr'><strong>quod</strong></span> <span class='ocrx_word' id='word_1_931' title='bbox 3328 4993 3378 5047; x_wconf 85' lang='lat' dir='ltr'><strong>si</strong></span> 
     </span>
    </p>
   </div>
   <div class='ocr_carea' id='block_1_118' title="bbox 1794 5061 3374 5134">
    <p class='ocr_par' dir='ltr' id='par_1_118' title="bbox 1794 5061 3374 5134">
     <span class='ocr_line' id='line_1_118' title="bbox 1794 5061 3374 5134; baseline 0.003 -20"><span class='ocrx_word' id='word_1_932' title='bbox 1794 5064 1919 5133; x_wconf 86' lang='lat' dir='ltr'><strong>non)</strong></span> <span class='ocrx_word' id='word_1_933' title='bbox 1948 5063 2156 5134; x_wconf 73' lang='lat' dir='ltr'><strong>proﬁcit</strong></span> <span class='ocrx_word' id='word_1_934' title='bbox 2184 5064 2237 5115; x_wconf 86' lang='lat' dir='ltr'><strong>in</strong></span> <span class='ocrx_word' id='word_1_935' title='bbox 2276 5062 2445 5134; x_wconf 85' lang='lat' dir='ltr'><strong>pejus.</strong></span> <span class='ocrx_word' id='word_1_936' title='bbox 2482 5062 2586 5117; x_wconf 83' lang='lat' dir='ltr'><strong>Sed</strong></span> <span class='ocrx_word' id='word_1_937' title='bbox 2622 5061 2823 5116; x_wconf 82' lang='lat' dir='ltr'><strong>rectius</strong></span> <span class='ocrx_word' id='word_1_938' title='bbox 2860 5076 2961 5114; x_wconf 82' lang='lat' dir='ltr'><strong>IIIS.</strong></span> <span class='ocrx_word' id='word_1_939' title='bbox 2990 5061 3189 5131; x_wconf 70' lang='lat' dir='ltr'><strong>Regius</strong></span> <span class='ocrx_word' id='word_1_940' title='bbox 3222 5079 3374 5118; x_wconf 90' lang='lat' dir='ltr'><strong>nuttt.</strong></span> 
     </span>
    </p>
   </div>
   <div class='ocr_carea' id='block_1_119' title="bbox 1797 5132 2675 5187">
    <p class='ocr_par' dir='ltr' id='par_1_119' title="bbox 1797 5132 2675 5187">
     <span class='ocr_line' id='line_1_119' title="bbox 1797 5132 2675 5187; baseline 0 -2"><span class='ocrx_word' id='word_1_941' title='bbox 1797 5132 1934 5187; x_wconf 76' lang='grc'><strong>1659</strong></span> <span class='ocrx_word' id='word_1_942' title='bbox 1962 5146 2016 5186; x_wconf 81' lang='lat' dir='ltr'><strong>et</strong></span> <span class='ocrx_word' id='word_1_943' title='bbox 2048 5132 2301 5185; x_wconf 69' lang='lat' dir='ltr'><strong>liabanus</strong></span> <span class='ocrx_word' id='word_1_944' title='bbox 2333 5132 2396 5186; x_wconf 18' lang='lat' dir='ltr'><strong>rut</strong></span> <span class='ocrx_word' id='word_1_945' title='bbox 2423 5135 2473 5185; x_wconf 90' lang='lat' dir='ltr'><strong>in</strong></span> <span class='ocrx_word' id='word_1_946' title='bbox 2508 5145 2675 5186; x_wconf 67' lang='lat' dir='ltr'><strong>testu.</strong></span> 
     </span>
    </p>
   </div>
   <div class='ocr_carea' id='block_1_120' title="bbox 1864 5201 3373 5276">
    <p class='ocr_par' dir='ltr' id='par_1_120' title="bbox 1864 5201 3373 5276">
     <span class='ocr_line' id='line_1_120' title="bbox 1864 5201 3373 5276; baseline 0 -20"><span class='ocrx_word' id='word_1_947' title='bbox 1864 5204 1976 5276; x_wconf 82' lang='lat'><strong>(87)</strong></span> <span class='ocrx_word' id='word_1_948' title='bbox 2017 5202 2183 5264; x_wconf 83' lang='lat' dir='ltr'><strong>Editi,</strong></span> <span class='ocrx_word' id='word_1_949' title='bbox 2220 5202 2568 5276; x_wconf 78' lang='lat' dir='ltr'><strong>Nequaquam</strong></span> <span class='ocrx_word' id='word_1_950' title='bbox 2606 5213 2780 5256; x_wconf 87' lang='lat' dir='ltr'><strong>autem</strong></span> <span class='ocrx_word' id='word_1_951' title='bbox 2813 5201 3045 5276; x_wconf 43' lang='lat' dir='ltr'><strong>homines</strong></span> <span class='ocrx_word' id='word_1_952' title='bbox 3076 5204 3373 5276; x_wconf 57' lang='lat' dir='ltr'><strong>seductor“</strong></span> 
     </span>
    </p>
   </div>
   <div class='ocr_carea' id='block_1_121' title="bbox 1793 5220 3371 5344">
    <p class='ocr_par' dir='ltr' id='par_1_121' title="bbox 1793 5220 3371 5344">
     <span class='ocr_line' id='line_1_121' title="bbox 1864 5220 3371 5276; baseline -0.002 -17"><span class='ocrx_word' id='word_1_953' title='bbox 1864 5220 1976 5276; x_wconf 67' lang='grc' dir='ltr'>(δέ)</span> <span class='ocrx_word' id='word_1_954' title='bbox 2017 5220 2183 5264; x_wconf 68' lang='lat' dir='ltr'><strong>nutu,</strong></span> <span class='ocrx_word' id='word_1_955' title='bbox 2220 5220 2403 5272; x_wconf 73' lang='lat' dir='ltr'><strong>tvequu</strong></span> <span class='ocrx_word' id='word_1_956' title='bbox 2448 5221 2568 5255; x_wconf 81' lang='lat' dir='ltr'><strong>nam</strong></span> <span class='ocrx_word' id='word_1_957' title='bbox 2606 5220 2780 5256; x_wconf 88' lang='lat' dir='ltr'><strong>autem</strong></span> <span class='ocrx_word' id='word_1_958' title='bbox 2813 5220 3045 5255; x_wconf 78' lang='lat' dir='ltr'><strong>nomines</strong></span> <span class='ocrx_word' id='word_1_959' title='bbox 3076 5220 3371 5256; x_wconf 75' lang='lat' dir='ltr'><strong>seaucwres</strong></span> 
     </span>
     <span class='ocr_line' id='line_1_122' title="bbox 1793 5220 3371 5344; baseline 0.001 -20"><span class='ocrx_word' id='word_1_960' title='bbox 1793 5274 2090 5342; x_wconf 83' lang='lat' dir='ltr'><strong>proﬁcient,</strong></span> <span class='ocrx_word' id='word_1_961' title='bbox 2140 5282 2248 5328; x_wconf 89' lang='lat' dir='ltr'><strong>etc.</strong></span> <span class='ocrx_word' id='word_1_962' title='bbox 2287 5274 2383 5328; x_wconf 87' lang='lat' dir='ltr'><strong>Ms.</strong></span> <span class='ocrx_word' id='word_1_963' title='bbox 2408 5220 2616 5344; x_wconf 53' lang='lat' dir='ltr'><strong>(iit-gius</strong></span> <span class='ocrx_word' id='word_1_964' title='bbox 2659 5290 2808 5327; x_wconf 84' lang='lat' dir='ltr'><strong>num.</strong></span> <span class='ocrx_word' id='word_1_965' title='bbox 2848 5273 2982 5327; x_wconf 68' lang='grc'><strong>11559</strong></span> <span class='ocrx_word' id='word_1_966' title='bbox 3011 5270 3371 5338; x_wconf 68' lang='grc' dir='ltr'>ωιιὶιὺιιιιιιδ,</span> 
     </span>
    </p>
   </div>
   <div class='ocr_carea' id='block_1_122' title="bbox 1791 5345 2143 5412">
    <p class='ocr_par' dir='ltr' id='par_1_122' title="bbox 1791 5345 2143 5412">
     <span class='ocr_line' id='line_1_123' title="bbox 1791 5345 2143 5412; baseline -0.014 -16"><span class='ocrx_word' id='word_1_967' title='bbox 1791 5345 2095 5412; x_wconf 77' lang='lat' dir='ltr'><strong>pro/icium.</strong></span> <span class='ocrx_word' id='word_1_968' title='bbox 2142 5388 2143 5391; x_wconf 45' lang='grc' dir='ltr'><strong>η</strong></span> 
     </span>
    </p>
   </div>
   <div class='ocr_carea' id='block_1_123' title="bbox 1866 5412 3371 5487">
    <p class='ocr_par' dir='ltr' id='par_1_123' title="bbox 1866 5412 3371 5487">
     <span class='ocr_line' id='line_1_124' title="bbox 1866 5412 3371 5487; baseline -0.004 -17"><span class='ocrx_word' id='word_1_969' title='bbox 1866 5415 1978 5487; x_wconf 77' lang='grc'>(88)</span> <span class='ocrx_word' id='word_1_970' title='bbox 2012 5413 2183 5479; x_wconf 88' lang='lat' dir='ltr'><strong>Editi,</strong></span> <span class='ocrx_word' id='word_1_971' title='bbox 2214 5412 2359 5469; x_wconf 87' lang='lat' dir='ltr'><strong>Sicut</strong></span> <span class='ocrx_word' id='word_1_972' title='bbox 2391 5415 2559 5485; x_wconf 88' lang='lat' dir='ltr'><strong>primo</strong></span> <span class='ocrx_word' id='word_1_973' title='bbox 2592 5423 2670 5469; x_wconf 89' lang='lat' dir='ltr'><strong>est</strong></span> <span class='ocrx_word' id='word_1_974' title='bbox 2698 5412 3010 5483; x_wconf 67' lang='lat' dir='ltr'><strong>diligerem.</strong></span> <span class='ocrx_word' id='word_1_975' title='bbox 3041 5413 3116 5465; x_wconf 87' lang='lat' dir='ltr'><strong>ita</strong></span> <span class='ocrx_word' id='word_1_976' title='bbox 3167 5423 3215 5466; x_wconf 90' lang='lat' dir='ltr'><strong>et</strong></span> <span class='ocrx_word' id='word_1_977' title='bbox 3255 5416 3371 5482; x_wconf 87' lang='lat' dir='ltr'><strong>pri-</strong></span> 
     </span>
    </p>
   </div>
   <div class='ocr_carea' id='block_1_124' title="bbox 1794 5497 2033 5544">
    <p class='ocr_par' dir='ltr' id='par_1_124' title="bbox 1794 5497 2033 5544">
     <span class='ocr_line' id='line_1_125' title="bbox 1794 5497 2033 5544; baseline 0.008 -6"><span class='ocrx_word' id='word_1_978' title='bbox 1794 5501 1899 5544; x_wconf 87' lang='lat' dir='ltr'><strong>mo,</strong></span> <span class='ocrx_word' id='word_1_979' title='bbox 1926 5497 2033 5540; x_wconf 75' lang='grc' dir='ltr'><strong>θιο.</strong></span> 
     </span>
    </p>
   </div>
   <div class='ocr_carea' id='block_1_125' title="bbox 1867 5552 3370 5627">
    <p class='ocr_par' dir='ltr' id='par_1_125' title="bbox 1867 5552 3370 5627">
     <span class='ocr_line' id='line_1_126' title="bbox 1867 5552 3370 5627; baseline -0.002 -16"><span class='ocrx_word' id='word_1_980' title='bbox 1867 5556 1979 5627; x_wconf 82' lang='grc'>(89)</span> <span class='ocrx_word' id='word_1_981' title='bbox 2020 5556 2185 5619; x_wconf 86' lang='lat' dir='ltr'><strong>Editi,</strong></span> <span class='ocrx_word' id='word_1_982' title='bbox 2213 5558 2566 5626; x_wconf 75' lang='lat' dir='ltr'><strong>unusquisque</strong></span> <span class='ocrx_word' id='word_1_983' title='bbox 2583 5556 2822 5623; x_wconf 73' lang='lat' dir='ltr'><strong>proximo</strong></span> <span class='ocrx_word' id='word_1_984' title='bbox 2850 5570 2945 5627; x_wconf 79' lang='lat' dir='ltr'><strong>suo</strong></span> <span class='ocrx_word' id='word_1_985' title='bbox 2971 5554 3204 5627; x_wconf 80' lang='lat' dir='ltr'><strong>placeat,</strong></span> <span class='ocrx_word' id='word_1_986' title='bbox 3231 5552 3370 5617; x_wconf 69' lang='lat' dir='ltr'><strong>quod</strong></span> 
     </span>
    </p>
   </div>
   <div class='ocr_carea' id='block_1_126' title="bbox 1793 5624 3371 5698">
    <p class='ocr_par' dir='ltr' id='par_1_126' title="bbox 1793 5624 3371 5698">
     <span class='ocr_line' id='line_1_127' title="bbox 1793 5624 3371 5698; baseline 0.001 -19"><span class='ocrx_word' id='word_1_987' title='bbox 1793 5627 1848 5680; x_wconf 90' lang='lat' dir='ltr'><strong>in</strong></span> <span class='ocrx_word' id='word_1_988' title='bbox 1872 5624 1994 5680; x_wconf 74' lang='lat' dir='ltr'><strong>aliis</strong></span> <span class='ocrx_word' id='word_1_989' title='bbox 2017 5628 2144 5683; x_wconf 84' lang='lat' dir='ltr'><strong>dicit</strong></span> <span class='ocrx_word' id='word_1_990' title='bbox 2179 5643 2196 5680; x_wconf 92' lang='lat'><em>:</em></span> <span class='ocrx_word' id='word_1_991' title='bbox 2225 5624 2371 5683; x_wconf 82' lang='lat' dir='ltr'><strong>Sicut</strong></span> <span class='ocrx_word' id='word_1_992' title='bbox 2411 5638 2459 5682; x_wconf 89' lang='lat' dir='ltr'><strong>et</strong></span> <span class='ocrx_word' id='word_1_993' title='bbox 2479 5624 2587 5698; x_wconf 71' lang='lat' dir='ltr'><strong>ego</strong></span> <span class='ocrx_word' id='word_1_994' title='bbox 2609 5643 2701 5697; x_wconf 71' lang='lat' dir='ltr'><strong>per</strong></span> <span class='ocrx_word' id='word_1_995' title='bbox 2724 5624 2902 5679; x_wconf 84' lang='lat' dir='ltr'><strong>omnia</strong></span> <span class='ocrx_word' id='word_1_996' title='bbox 2926 5626 3223 5681; x_wconf 78' lang='lat' dir='ltr'><strong>hommibut</strong></span> <span class='ocrx_word' id='word_1_997' title='bbox 3251 5628 3371 5695; x_wconf 69' lang='lat' dir='ltr'><strong>pla-</strong></span> 
     </span>
    </p>
   </div>
   <div class='ocr_carea' id='block_1_127' title="bbox 1792 5712 2036 5767">
    <p class='ocr_par' dir='ltr' id='par_1_127' title="bbox 1792 5712 2036 5767">
     <span class='ocr_line' id='line_1_128' title="bbox 1792 5712 2036 5767; baseline 0.004 -16"><span class='ocrx_word' id='word_1_998' title='bbox 1792 5714 1901 5767; x_wconf 72' lang='grc' dir='ltr'><strong>τεο,</strong></span> <span class='ocrx_word' id='word_1_999' title='bbox 1930 5712 2036 5754; x_wconf 86' lang='lat' dir='ltr'><strong>etc.</strong></span> 
     </span>
    </p>
   </div>
   <div class='ocr_carea' id='block_1_128' title="bbox 2979 5859 3058 5921">
    <p class='ocr_par' dir='ltr' id='par_1_128' title="bbox 2979 5859 3058 5921">
     <span class='ocr_line' id='line_1_129' title="bbox 2979 5859 3058 5921; baseline -0.013 0"><span class='ocrx_word' id='word_1_1000' title='bbox 2979 5859 3058 5921; x_wconf 72' lang='grc' dir='ltr'><strong>ιο</strong></span> 
     </span>
    </p>
   </div>
  </div>
