3744 6146
340 288 360 338 1
373 286 479 340 9.59

1795 289 2050 346 ORIGEN
2056 291 2119 344 IS

3457 298 3478 350 1
3490 301 3585 355 ξθο

337 424 439 461 non
469 423 711 477 quarens
737 409 877 478 quod
897 408 1027 463 mihi
1059 408 1184 464 utile
1205 420 1303 477 est,
1334 411 1428 465 sed
1458 414 1598 482 quod
1633 411 1831 480 multis,
1853 423 1909 466 ut
1938 419 1985 474 Α
2014 413 2316 468 ceciderunt
2361 430 2519 480 super
2565 431 2645 469 me
2674 415 2743 468 τ’.
2775 413 2927 482 Quod
2966 416 3272 472 evidentius
3319 416 3407 473 lict
3443 421 3484 474 si
3523 439 3577 475 ea

333 498 469 552 salvi
497 499 713 568 fiant”.
735 497 1027 554 Dicendum
1054 514 1184 570 ergo
1221 503 1287 556 ad
1323 502 1461 568 haac,
1484 503 1610 572 quia
1649 503 1794 558 aliud
1831 513 1916 559 est

335 591 572 645 studium
608 591 811 647 habere
860 593 1106 662 placendi
1157 595 1466 650 hominibus
1501 605 1560 650 ut
1601 595 1813 652 laudem
1845 597 1914 652 ab

333 682 414 737 eis
438 695 665 753 quaerat,
689 693 741 739 et
764 685 908 740 aliud
930 696 1016 741 est
1035 688 1270 741 studium
1304 688 1506 743 habere
1542 689 1784 759 placendi
1820 690 1915 744 ho-

333 773 571 829 minibus
595 777 647 830 in
673 791 740 830 eo
771 785 828 830 ιιι
857 777 969 832 vita
1009 794 1104 833 sua
1138 780 1630 848 irreprehensibilis
1669 781 1740 836 sit
1769 786 1910 850 apud

336 867 606 932 homines,
639 877 694 924 et
732 871 1026 939 proﬁciant
1059 887 1124 926 ex
1161 886 1226 926 eo
1261 886 1453 927 omnes
1490 873 1578 942 qui
1612 874 1695 928 vel
1731 875 1913 930 vident

337 962 495 1015 talem
526 962 611 1016 vel
651 963 898 1018 audiunt.
931 963 1006 1018 lbi
1057 980 1184 1036 ergo
1209 965 1528 1035 placendum
1563 983 1667 1022 non
1701 981 1786 1025 est
1811 972 1911 1025 ho-

331 1053 590 1117 minibus,
626 1054 714 1109 ubi
743 1065 928 1109 contra
955 1054 1114 1110 ﬁdem
1138 1055 1252 1127 (90)
1273 1097 1288 1120 ,
1323 1068 1510 1112 contra
1544 1058 1904 1124 honestatem,

331 1154 521 1200 contra
545 1145 863 1215 religionem
893 1155 977 1202 est
1005 1147 1056 1202 in
1088 1163 1200 1217 quo
1233 1149 1550 1219 placeatur;
1583 1161 1636 1206 et
1668 1150 1790 1206 ideo
1827 1154 1908 1206 di-

329 1238 424 1300 cit,
451 1238 586 1301 Quia
616 1241 661 1290 si
689 1238 988 1293 hominibus
1017 1239 1295 1307 placerem,
1316 1242 1515 1297 hocest
1536 1244 1831 1299 incredulis
1850 1257 1905 1300 et

326 1329 636 1384 inﬁdelibus
658 1331 821 1401 6'72
849 1330 1070 1397 Iudaeis,
1095 1331 1294 1387 Christi
1318 1351 1494 1388 servus
1526 1351 1628 1389 non
1655 1352 1817 1390 essem
1839 1337 1902 1390 “.

328 1421 386 1477 Si
419 1423 561 1476 enim
586 1423 844 1478 voluisset
879 1422 1077 1478 Paulus
1102 1425 1546 1494 placereJudwis,
1584 1427 1903 1483 Damascum

326 1531 450 1568 cum
493 1515 741 1582 epistolis
774 1516 971 1570 missus
1015 1518 1265 1572 traxisset
1298 1519 1482 1588 utique
1511 1520 1658 1574 viros
1687 1531 1742 1575 et
1786 1538 1906 1574 mn-

327 1606 486 1660 lieres
525 1606 736 1662 vinctos
785 1606 1194 1680 Jerosolymam,
1226 1619 1282 1664 et
1326 1612 1521 1666 visioni
1575 1613 1766 1668 delatae
1800 1615 1901 1669 sibi

327 1699 379 1752 in
414 1700 497 1753 via
532 1698 610 1763 ⁸⁷,
635 1700 953 1770 cmlestique
993 1701 1109 1756 voci
1148 1701 1259 1773 (91)
1294 1703 1512 1758 minime
1560 1707 1901 1760 credidisset.

326 1789 430 1844 Sed
462 1800 516 1846 et
544 1791 586 1845 si
615 1793 736 1860 quis
771 1808 868 1846 nos
903 1793 1106 1862 aliquid
1138 1808 1298 1862 agere
1324 1795 1493 1864 exigit
1533 1807 1718 1851 contra
1741 1797 1904 1866 justi«
1934 1786 1975 1843 Β
2007 1797 2118 1858 rint
2177 1812 2338 1867 super
2365 1798 2675 1855 .Christunt
2717 1815 2732 1864 ;

326 1884 478 1949 tiam,
519 1890 706 1937 contra
732 1884 1098 1948 sanctitatem,
1134 1893 1320 1940 contra
1356 1885 1595 1957 regulam
1641 1886 1899 1942 Christia-

325 1991 469 2042 nam,
492 1985 548 2029 et
571 1975 675 2030 nisi
708 1977 812 2031 hoc
839 1991 1062 2048 agamus
1091 1978 1211 2031 odia
1254 1987 1308 2032 et
1338 1978 1652 2033 inimicitias
1680 1981 1899 2035 minita-

324 2077 431 2133 tur,
459 2077 588 2122 tunc
615 2079 831 2138 oportet
857 2085 955 2123 nos
985 2071 1294 2124 meminisse
1316 2069 1476 2139 hujus
1506 2073 1776 2126 sermonis
1806 2073 1898 2142 qui

322 2158 452 2213 dicit
475 2177 488 2213 :
509 2160 569 2216 Si
595 2161 892 2215 hominibus
911 2161 1115 2229 placere
1147 2161 1346 2227 vellem,
1375 2161 1572 2216 Christi
1596 2181 1772 2218 servus
1797 2182 1898 2218 non

321 2269 486 2309 essem
509 2254 574 2306 ⁸⁸.
613 2252 746 2308 Cum
778 2261 960 2308 autem
988 2254 1187 2307 dicitur
1215 2274 1228 2310 ε
1266 2253 1632 2328 Unusquisque
1673 2270 1900 2313 vestrum

320 2349 562 2418 proximo
612 2348 818 2417 placeat
847 2346 911 2409 ⁶⁹,
964 2349 1272 2404 necessaria
1308 2351 1580 2406 distinctio
1627 2353 1890 2418 sociatur,

319 2453 441 2508 quae
475 2439 527 2491 in
569 2453 676 2506 quo
703 2436 815 2509 (92)
867 2437 1189 2507 placendum
1229 2440 1300 2494 sit
1342 2441 1590 2510 proximo
1618 2444 1902 2500 evidenter

320 2531 560 2586 ostendit
595 2546 716 2586 cum
744 2529 879 2585 dicit
907 2547 920 2582 :
948 2529 1015 2584 In
1052 2531 1186 2586 bono
1213 2532 1282 2584 ad
1309 2534 1736 2604 redi/irationem.
1766 2538 1901 2593 Cum

319 2639 450 2692 ergo
482 2625 619 2677 bene
653 2624 885 2691 agimus,
913 2633 969 2677 et
998 2624 1134 2677 bene
1156 2624 1433 2688 docemus,
1469 2627 1743 2695 placemus
1776 2645 1902 2699 pro-

321 2719 491 2783 ximo,
531 2726 585 2771 et
613 2716 948 2771 azdilicamus
977 2731 1123 2773 eum.
1156 2717 1271 2773 NOII
1295 2719 1436 2774 enim
1466 2720 1690 2791 gloriam
1721 2725 1788 2776 ab
1813 2725 1904 2779 ho-

323 2812 560 2865 minibus
592 2813 938 2880 quterendam
985 2823 1199 2877 monet,
1231 2811 1324 2866 sed
1373 2812 1785 2870 aediﬁcationem
1838 2820 1905 2874 de

319 2911 444 2954 actu
486 2915 540 2956 et
573 2917 821 2957 sermone
856 2914 1043 2957 nostro
1079 2903 1341 2972 proximis
1371 2905 1639 2972 dandam;
1669 2908 1810 2962 sicut
1843 2923 1898 2964 et

318 2997 370 3048 in
391 3009 456 3048 eo
483 2994 623 3063 quod
653 2993 784 3049 dicit
815 2993 1403 3062 Salvator7°,utluceat
1424 2999 1516 3052 lux
1537 3012 1702 3053 vestra
1726 3018 1902 3055 coram

316 3088 637 3150 hominibus,
665 3098 710 3142 et
728 3088 956 3142 videntes
991 3088 1100 3159 (95)
1116 3106 1275 3156 opera
1312 3099 1482 3144 vestra
1517 3091 1669 3157 bona,
1695 3092 1902 3160 glori/i-

2021 522 2142 576 qua:
2179 507 2230 561 in
2260 507 2552 578 Evangelio
2581 509 2781 579 scripta
2807 520 2933 564 sunt
2963 509 3291 576 recolamus,
3323 516 3579 582 quomodo
3618 562 3630 577 ,

2022 606 2079 650 ut
2106 597 2389 666 prodesset
2439 598 2768 662 hominibus,
2792 610 2848 654 et
2875 600 3056 654 solves
3088 599 3294 656 faceret
3336 618 3449 665 eos,
3469 620 3577 660 cum

2020 689 2402 758 peccatoribus
2440 697 2494 742 et
2526 688 2831 759 publicanis
2870 692 3233 745 manducabat
3271 703 3325 746 et
3355 693 3578 760 bibebat,

2019 790 2075 836 et
2107 783 2174 834 ad
2230 781 2344 836 haec
2383 781 2813 852 improperantes
2848 781 3017 838 Judaei
3062 786 3320 841 dicebant
3363 803 3379 840 :
3419 787 3584 852 Quare

2019 876 2267 945 magister
2306 887 2470 930 vester
2499 893 2616 930 cum
2669 876 2968 946 publicanis
2994 888 3042 931 et
3063 882 3423 948 peccatoribus
3446 899 3582 938 πταίει

2017 975 2174 1023 ducat
2197 970 2242 1000 ⁷³
2277 969 2299 1022 ?
2335 969 2416 1022 vel
2472 969 2665 1023 iterum
2716 984 2838 1024 cum
2899 974 3253 1040 peccatricem
3313 973 3579 1028 mulierem

2017 1077 2122 1116 non
2181 1062 2504 1131 prohibebat
2556 1068 2869 1135 contingere
2922 1067 3085 1134 pedes
3129 1081 3289 1130 suos,
3328 1076 3385 1120 et
3423 1066 3588 1136 Iacry-

2017 1155 2118 1208 mis
2164 1155 2275 1208 suis
2327 1155 2456 1226 (.96)
2504 1157 2718 1225 rigare,
2763 1159 2846 1212 vel
2902 1159 3109 1228 capillis
3163 1161 3475 1229 detergere,
3525 1176 3582 1214 ac

2015 1246 2232 1316 myrrha
2290 1260 2636 1314 perungere;
2669 1257 2724 1300 et
2772 1261 2868 1314 pro
2920 1246 3024 1300 hoc
3065 1247 3494 1316 improperantes
3536 1257 3584 1300 et

2012 1338 2412 1405 exprobrantes
2446 1337 2614 1392 Judaei
2665 1340 2937 1403 dicebant,
2978 1341 3103 1409 quia
3130 1341 3174 1392 si
3225 1341 3310 1392 hic
3341 1341 3584 1407 propheta

2013 1439 2166 1491 esset,
2192 1429 2345 1481 sciret
2377 1430 2552 1497 utique
2574 1447 2691 1498 qute
2719 1441 2766 1484 et
2791 1431 2963 1500 qualis
2989 1439 3067 1484 est
3101 1431 3285 1482 mulier
3315 1445 3434 1499 qua:
3469 1439 3581 1482 tott-

2011 1522 2084 1591 git
2113 1537 2252 1583 eum,
2282 1523 2406 1591 quia
2451 1525 2718 1588 peccatrix
2741 1533 2817 1576 est
2845 1524 2909 1576 7".
2939 1522 3091 1589 Quod
3125 1523 3167 1576 si
3217 1523 3465 1592 requiras
3492 1537 3581 1574 cur

2011 1613 2313 1682 exemplum
2347 1614 2487 1684 quod
2518 1615 2583 1668 de
2613 1614 2826 1669 Psaltno
2863 1615 3084 1683 protulit
3118 1613 3252 1685 (97),
3288 1615 3364 1666 ita
3399 1614 3582 1668 habeat

2012 1707 2165 1774 quasi
2200 1705 2528 1774 improperia
2577 1722 2699 1775 quae
2730 1707 3168 1776 impropeI-entur
3216 1709 3348 1770 Deo,
3380 1708 3581 1762 cccide.

2779 1800 2852 1852 ita
2917 1815 3202 1870 possumus
3250 1801 3578 1868 explanare;

2000 1890 2124 1958 quia
2173 1889 2311 1942 sicut
2357 1890 2491 1942 dixit
2530 1907 2543 1940 :
2577 1890 2680 1955 Qui
2727 1907 2808 1944 me
2853 1893 3076 1960 recipit,
3118 1893 3303 1961 recipit
3326 1909 3448 1946 eum
3499 1895 3582 1960 qui

1999 1996 2080 2034 me
2125 1980 2348 2046 misit",
2377 1981 2448 2034 ita
2477 1990 2532 2035 et
2560 1982 2662 2035 hoc
2693 1983 2862 2052 accipi
2900 1992 3080 2052 potest
3116 2002 3132 2038 :
3161 1984 3295 2050 Quia
3333 1984 3427 2052 qui
3459 1983 3578 2039 mihi

2001 2075 2352 2144 improperat,
2377 2073 2710 2142 improperat
2737 2076 2784 2127 ei
2810 2075 2902 2146 qui
2930 2075 3080 2130 misit
3119 2091 3205 2129 me
3232 2075 3370 2146 (98).
3407 2075 3585 2129 Exem-

1999 2165 2146 2237 plum
2189 2179 2315 2234 ergo
2348 2165 2491 2232 quod
2539 2165 2860 2234 assumpsit,
2907 2166 2959 2220 in
3003 2168 3342 2236 sexagesimo
3399 2178 3585 2221 octavo

2002 2258 2208 2326 psalmo
2244 2257 2348 2311 hoc
2388 2255 2548 2310 modo
2588 2257 2850 2326 scriptum
2875 2269 2960 2312 est
2993 2259 3248 2312 :Alienus
3275 2259 3455 2328 factus
3475 2276 3580 2312 sum

2002 2349 2259 2418 fratribus
2287 2348 2449 2410 meis,
2474 2357 2522 2400 et
2557 2348 2739 2415 hospes
2770 2349 2898 2416 ﬁliis
2934 2351 3121 2403 matris
3154 2365 3304 2404 mete.
3341 2350 3482 2415 Quia
3509 2366 3586 2402 ze-

2003 2443 2084 2496 lus
2120 2452 2307 2496 domus
2348 2450 2454 2494 tua:
2489 2441 2707 2494 comedit
2737 2458 2839 2507 me,
2881 2454 2929 2496 et
2970 2443 3288 2512 imprOperia
3323 2443 3583 2512 impropeo

2003 2535 2233 2588 rantium
2255 2533 2348 2586 tibi
2381 2533 2676 2586 ceciderunt
2713 2551 2870 2604 super
2889 2551 2990 2589 me.

2074 2626 2410 2694 Quaecunque
2427 2633 2573 2682 enim
2613 2633 2812 2695 scripta
2843 2639 2983 2686 sunt.
3015 2628 3086 2680 ad
3106 2638 3343 2680 nostram
3391 2629 3581 2680 doctri-

2004 2736 2126 2771 nam
2173 2722 2368 2788 scripta
2394 2733 2512 2774 sunt
2536 2721 2604 2776 7‘.
2630 2719 2820 2775 Simile
2843 2729 2926 2773 est
2969 2721 3072 2772 hoc
3100 2718 3172 2771 illi
3213 2719 3362 2785 quod
3393 2719 3508 2789 ipse
3535 2717 3581 2772 iu

2005 2811 2130 2866 aliis
2162 2813 2292 2866 dicit
2325 2831 2338 2866 :
2371 2813 2582 2880 Scripta
2613 2825 2734 2867 sunt
2766 2823 2940 2865 autem
2962 2823 3174 2880 propter
3211 2827 3326 2875 nos,
3364 2812 3422 2863 in
3462 2828 3582 2880 quos

2005 2903 2132 2970 ﬁnes
2159 2907 2467 2958 sa'culorum
2485 2905 2878 2960 devenerunt".
2898 2903 3049 2970 Quod
3071 2905 3115 2957 si
3134 2905 3438 2972 requiritur
3459 2920 3586 2973 quo-

2008 2997 2166 3051 modo
2206 3014 2425 3068 propter
2468 3015 2566 3053 nos
2619 3000 2823 3068 scripta
2865 2999 2972 3053 sint
3032 2997 3142 3068 (99)
3202 3013 3322 3066 qua:
3388 3000 3578 3067 scripta

2008 3099 2153 3155 sunt,
2186 3093 2306 3144 vide
2329 3093 2453 3162 quia
2486 3101 2706 3162 propter
2739 3108 2837 3146 nos
2861 3092 3122 3159 scriptum
3157 3100 3243 3144 est
3273 3105 3290 3143 :
3325 3093 3451 3144 Non
3501 3094 3581 3143 ob-

317 3189 432 3232 cent
467 3179 682 3234 Patrem
717 3189 944 3235 vestrum
968 3183 1056 3250 qui
1097 3182 1151 3236 in
1181 3181 1322 3236 caelis
1353 3193 1446 3236 est.
1485 3183 1587 3238 Per
1619 3187 1758 3254 quod
1795 3203 1897 3239 non
1929 3155 1972 3213 C
2007 3181 2207 3234 turabis
2231 3199 2286 3235 os
2319 3184 2432 3235 bovi
2455 3183 2726 3236 trituranti
2751 3200 2769 3246 ;
2793 3199 2894 3236 non
2918 3182 3056 3234 enim
3076 3182 3140 3234 de
3164 3182 3322 3234 bobus
3358 3198 3486 3233 cura
3512 3190 3582 3232 est

318 3272 505 3341 utique
529 3273 594 3325 ad
617 3273 962 3341 quaerendam
989 3272 1056 3327 ab
1079 3273 1392 3330 hominibus
1419 3275 1644 3346 gloriam
1671 3278 1901 3344 discipu-

319 3365 398 3419 los
444 3366 790 3431 adhortatur,
821 3367 915 3419 sed
969 3377 1028 3420 ut
1072 3377 1220 3421 recte
1269 3367 1601 3438 honesteque
1654 3371 1898 3426 viventes

315 3457 728 3511 tedilicationem
758 3458 1067 3513 videntibus
1088 3459 1363 3527 praebeant
1392 3461 1524 3531 (94),
1543 3473 1596 3515 et
1623 3462 1895 3533 gloriﬁce-

317 3558 404 3601 tur
437 3547 578 3602 Deus
605 3548 693 3617 qui
729 3547 1036 3604 hominibus
1061 3550 1201 3602 viam
1227 3552 1629 3607 emendationis
1661 3563 1716 3608 et
1745 3555 1892 3608 salu-

317 3641 384 3694 tis
417 3641 646 3711 aperuit.
680 3639 822 3695 Nam
846 3652 892 3695 et
917 3640 1158 3698 Christus
1180 3659 1284 3697 non
1314 3645 1413 3698 sibi
1433 3645 1654 3713 placuit,
1673 3651 1762 3701 sed
1786 3649 1892 3702 sic-

313 3743 368 3785 ut
395 3734 647 3798 scriptunt
686 3745 758 3787 est
781 3747 800 3785 :
826 3732 1159 3804 lmprooeria
1186 3737 1656 3807 improperantium
1689 3739 1780 3794 tibi
1807 3757 1892 3792 ce-

314 3828 552 3881 ciderunt
598 3843 756 3895 super
793 3843 893 3882 me.
925 3825 980 3880 In
1015 3827 1115 3883 hoc
1151 3829 1364 3883 videtur
1412 3830 1720 3893 ostendere,
1761 3833 1887 3900 quia

311 3929 366 3973 et
395 3918 642 3974 Christus
670 3936 776 3973 non
814 3922 916 3976 sibi
948 3921 1184 3990 placens,
1210 3936 1309 3976 nec
1343 3921 1586 3991 rapinam
1614 3922 1889 3978 arbitrans

311 4027 433 4068 esse
486 4029 546 4068 se
576 4015 838 4082 aequalem
888 4014 1017 4080 Deo,
1068 4016 1418 4084 semetipsum
1463 4017 1762 4071 exinanivit
1790 4019 1882 4080 τις

314 4106 406 4160 sed
444 4106 627 4159 volens
658 4107 968 4161 hominibus
993 4106 1238 4176 placere”,
1265 4108 1365 4162 hoc
1392 4118 1475 4163 est
1508 4108 1754 4163 homines
1783 4109 1888 4164 Sul-

315 4212 482 4260 vare,
523 4197 850 4266 improperia
908 4197 1393 4267 improperantium
1449 4199 1688 4268 pertulit,
1747 4204 1888 4254 sicut

315 4285 575 4356 scriptum
600 4298 683 4341 est
728 4303 740 4338 :
782 4286 1106 4379 In:pr0peria
1134 4293 1617 4357 jmproperantium
1653 4293 1749 4345 tibi
1777 4292 1887 4363 (95)

382 4423 427 4456 ⁸⁸
462 4423 482 4477 1
515 4422 640 4478 Cor.
688 4423 847 4488 1,55.
922 4425 966 4456 °‘
995 4425 1173 4483 Galat.
1204 4445 1242 4488 I.
1269 4430 1353 4484 10.

309 4565 362 4620 4.
439 4565 523 4618 ⁷⁷1
559 4567 681 4620 Cor.
718 4568 882 4629 x,il.

312 4651 366 4703 χ,
394 4637 448 4690 4.
519 4637 564 4667 ⁸³
594 4636 750 4690 11οιιι.
775 4637 1000 4704 χιιι,25,
1019 4636 1112 4692 26.

381 4778 491 4849 (90)
534 4778 693 4850 Editi,
749 4780 914 4850 Deum
959 4797 1056 4850 pro

311 4865 461 4905 num.
501 4849 635 4921 1659
665 4860 724 4921 et
753 4849 1027 4914 Rabanus,
1061 4852 1114 4907 in
1149 4868 1250 4921 quo
1280 4852 1535 4921 placetur.
1567 4849 1672 4904 Sed
1699 4851 1882 4903 Castori

309 4935 439 4974 mss.
465 4930 518 4974 et
549 4919 676 4973 editi
706 4931 764 4972 ut
785 4922 836 4972 in
873 4931 1040 4974 textu.

381 4990 494 5062 (91)
536 4990 698 5062 Editi,
737 4990 1028 5062 caelestique
1068 4992 1204 5045 vita.
1248 4991 1470 5055 Deinde,
1500 4987 1605 5045 Sed
1629 4989 1738 5062 etsi
1763 4991 1881 5062 quis

311 5059 404 5115 nos
425 5059 574 5113 aliud
600 5076 773 5128 agere.
794 5059 858 5114 Et
889 5059 1044 5128 paulo
1067 5072 1186 5130 post
1211 5078 1310 5114 ms.
1334 5062 1531 5129 Regius
1553 5077 1702 5114 num.
1720 5060 1881 5123 1659,

310 5145 433 5183 tunc
459 5139 661 5204 oportet
698 5147 791 5213 nos
828 5132 1124 5213 meminisse
1155 5131 1593 5213 serntonishujus
1615 5147 1718 5213 quo
1751 5132 1883 5183 dici-

309 5212 398 5254 tur
421 5217 440 5254 :
472 5202 555 5260 Si,
580 5214 682 5255 etc.
737 5202 843 5254 Sed
877 5202 1056 5254 caeteri
1091 5217 1218 5255 mss.
1252 5213 1305 5255 et
1342 5203 1471 5256 editi
1509 5211 1567 5255 ut
1617 5202 1671 5255 in
1707 5210 1878 5268 textu,

309 5272 410 5326 nisi
436 5274 578 5340 quod
608 5271 734 5325 editi
770 5273 1024 5334 habeant,
1051 5271 1187 5336 Quia
1213 5273 1278 5336 si,
1306 5283 1416 5326 etc.

310 5411 339 5414 _
381 5343 491 5414 (9'2)
534 5341 659 5414 Ms._
683 5342 882 5412 Regius
936 5358 1084 5414 num.
1137 5341 1292 5407 1659,
1323 5353 1475 5412 atque
1491 5343 1579 5414 fin,
1615 5357 1740 5414 quo,
1767 5350 1877 5396 etc.

309 5411 611 5482 Paulo'post
628 5411 906 5479 Rabanus,
925 5413 1186 5468 evidenter
1211 5411 1470 5467 ostendat.
1488 5413 1692 5467 Deinde
1721 5414 1876 5478 editi,

309 5485 362 5535 in
392 5487 601 5554 bonum,
634 5495 738 5537 etc.

382 5552 494 5624 (95)
533 5554 605 5606 Ita
635 5569 822 5609 omnes
853 5571 1006 5617 mss.,
1039 5553 1313 5616 Rabanus,
1359 5562 1414 5608 et
1446 5554 1609 5610 editio
1646 5554 1873 5610 Veneta.

311 5622 504 5676 Castori
544 5625 695 5684 editi,
733 5635 785 5676 ut
814 5627 1061 5688 videntes,
1095 5634 1199 5676 etc.

383 5692 492 5760 (91)
535 5693 624 5744 Sic
659 5709 759 5746 ms.
791 5694 990 5760 Regius
1018 5711 1163 5747 ntnn.
1199 5693 1337 5748 l859
1368 5704 1422 5749 et
1450 5694 1722 5748 [tabanusL
1754 5694 1874 5748 Cae-

311 5763 411 5818 teri
443 5777 569 5817 vero
595 5779 724 5818 mss.
754 5779 808 5820 et
837 5767 985 5832 editi,
1022 5766 1089 5820 ad
1134 5766 1535 5833 tt’tli/I'cationcm
1582 5765 1876 5820 ridentibus

382 4431 427 4456 "
462 4431 481 4477 Ι
515 4431 640 4478 Cor.
688 4431 847 4488 1,55.
922 4431 966 4456 "
995 4431 1173 4483 Galat.
1204 4445 1242 4488 I.
1269 4431 1353 4484 10.
1433 4431 1474 4462 ⁸⁷
1507 4431 1625 4484 Act.
1670 4447 1746 4494 Ix,
1794 4431 1830 4485 2
1869 4445 1986 4500 seq.
2069 4432 2112 4464 ⁸⁸
2144 4431 2323 4486 Galat.
2356 4447 2398 4490 ι.
2439 4431 2526 4486 10.
2610 4431 2652 4461 ⁸⁸
2681 4431 2935 4490 Ronan,
2963 4431 3016 4482 2.

311 4494 353 4566 τί
396 4494 592 4566 Philip.
625 4512 684 4558 II,
716 4495 769 4549 6.
846 4497 892 4529 ⁷⁸
925 4494 1068 4549 Psal.
1116 4514 1307 4560 LXVIII,
1361 4502 1446 4557 10.
1524 4501 1568 4532 ⁷³
1604 4501 1770 4555 Marc.
1809 4520 1870 4566 II,
1919 4503 2006 4556 16.
2079 4503 2125 4532 ’⁷⁸
2166 4503 2294 4555 Luc.
2341 4518 2434 4564 \‘Il,
2481 4503 2566 4555 39.
2644 4502 2689 4531 ⁷⁵
2719 4499 2849 4553 an.
2893 4514 2969 4554 Ix.
3001 4498 3090 4550 48.

956 4567 1001 4597 ⁷⁸
1028 4567 1179 4638 Deut.
1233 4587 1358 4634 xxv,
1391 4573 1465 4638 4;
1505 4571 1521 4622 l
1552 4572 1675 4626 Cor.
1710 4588 1786 4636 Ix,
1820 4572 1873 4627 9.
1951 4573 1998 4605 '9
2019 4573 2196 4628 Galat.
2225 4589 2296 4637 Iv,
2339 4573 2427 4626 Ωιι.
2502 4574 2547 4602 ⁸ο
2574 4573 2742 4626 Exod.
2776 4585 2883 4632 xw,
2914 4568 3018 4635 55;
3051 4584 3181 4634 xm,
3213 4569 3267 4622 6.
3338 4569 3381 4598 ⁸⁸
3413 4569 3571 4622 lCor.

2003 3271 2136 3336 Deo,
2172 3279 2261 3325 sed
2288 3273 2351 3325 de
2376 3274 2524 3324 nobis
2549 3273 2676 3324 dicit
2708 3271 2790 3335 ⁷⁸;
2826 3280 2881 3325 et
2923 3281 3145 3340 propter
3172 3285 3272 3324 nos
3322 3272 3580 3339 scriptum

2001 3375 2104 3428 est,
2134 3367 2258 3435 quia
2302 3366 2570 3419 Abraham
2607 3367 2739 3418 duos
2782 3365 2924 3432 ﬁlios
2949 3363 3154 3425 habuit,
3198 3379 3368 3416 unum
3398 3365 3463 3414 de
3491 3378 3581 3419 at:-

1999 3455 2144 3522 cilla,
2177 3467 2222 3509 et
2251 3473 2411 3508 unum
2453 3459 2516 3510 tle
2558 3456 2744 3519 libera,
2771 3465 2830 3508 ut
2873 3470 2972 3508 nos
3007 3455 3246 3509 sciamus
3291 3453 3424 3523 quia
3474 3453 3581 3507 haec

1997 3559 2124 3602 sunt
2154 3549 2467 3618 allegorica,
2505 3558 2557 3602 et
2590 3550 2700 3602 lucc
2733 3559 2851 3600 sunt
2879 3549 2982 3600 duo
3007 3555 3318 3600 testamenta
3337 3548 3410 3600 ⁷³.
3451 3546 3580 3600 Pro-

2001 3649 2121 3710 pter
2151 3648 2250 3694 nos‘
2272 3651 2328 3693 et
2362 3640 2495 3692 illud
2523 3640 2782 3708 scriptum
2808 3650 2892 3692 est
2919 3639 2990 3702 ⁸ο,
3015 3639 3140 3706 quia
3173 3641 3405 3707 populus
3437 3654 3555 3690 man

1999 3735 2219 3789 ducavit
2249 3749 2446 3787 manna
2483 3734 2533 3787 in
2557 3735 2796 3800 deserto,
2835 3745 2891 3787 et
2927 3733 3061 3787 bibit
3093 3749 3289 3801 aquam
3320 3735 3390 3787 de
3434 3746 3577 3803 petra

1997 3837 2055 3880 ut
2094 3841 2193 3882 nos
2222 3826 2646 3896 intelligeremus
2676 3827 2802 3890 quia
2843 3825 3133 3893 spiritalem
3157 3841 3332 3878 escam
3358 3829 3580 3878 mandit--

1995 3934 2264 3988 caverunt,
2308 3934 2356 3977 et
2388 3922 2677 3990 spiritalem
2725 3932 2900 3990 potum
2941 3921 3201 3983 biberunt,
3248 3922 3481 3974 bibentes
3519 3925 3579 3974 de

1989 4015 2226 4085 sequenti
2254 4024 2420 4082 petra,
2447 4029 2564 4083 (μιαν
2598 4022 2745 4081 petra
2771 4024 2884 4065 erat
2909 4010 3149 4065 Christus
3177 4010 3328 4081 ⁸¹.(1)
3358 4011 3425 4064 Et
3447 4013 3574 4075 hmo,

1993 4117 2154 4178 atque
2195 4108 2298 4160 alia
2333 4105 2639 4174 hujusmodi
2675 4115 2830 4159 erant
2863 4104 3142 4174 mysteria,
3185 4119 3307 4173 qua:
3338 4105 3577 4157 occultu-

1996 4211 2048 4254 ta
2079 4210 2206 4255 sunt
2249 4200 2586 4267 temporibus
2639 4198 2860 4252 atternis
2891 4199 2968 4261 ⁸³,
3004 4197 3349 4250 manifestata
3400 4206 3574 4250 autem

1997 4308 2142 4346 nunc
2176 4307 2271 4360 per
2306 4289 2617 4359 Scripturas
2651 4288 3016 4359 propheticus,
3051 4299 3105 4342 et
3143 4288 3436 4342 adventum
3475 4289 3573 4341 Do—

2610 4431 2652 4461 ⁸⁸
2681 4428 2935 4490 Rom.xv,
2963 4428 3016 4482 2.
3095 4427 3142 4456 ⁷⁰
3171 4426 3360 4480 Matth.
3390 4444 3440 4490 v,
3486 4424 3570 4480 16.

2644 4502 2689 4531 ⁷⁵
2719 4499 2849 4549 an.
2893 4514 2969 4549 Ix.
3001 4498 3090 4549 48.
3188 4499 3235 4528 ⁷⁸
3275 4499 3432 4549 liont.
3472 4512 3568 4549 xv.

3322 4514 3432 4550 OIII.
3472 4512 3568 4561 ιν,

2069 4432 2112 4464 ⁸⁸
2144 4431 2323 4486 Galat.
2356 4447 2398 4490 ι.
2439 4431 2526 4486 10.

1100 4781 1278 4848 ﬁdem.
1319 4780 1520 4834 Deinde
1549 4795 1649 4831 Ius.
1683 4777 1883 4847 Regius
1919 4784 1961 4837 Ι)
1990 4778 2252 4842 placeant.

2064 4848 2175 4917 (95)
2219 4848 2356 4901 Tibi.
2390 4847 2443 4900 In
2473 4857 2630 4901 antea
2661 4849 2825 4904 editis
2861 4851 3370 4918 praetermittuntur.

2062 4920 2176 4987 (96)
2219 4920 2368 4972 Suis.
2409 4919 2460 4971 In
2489 4920 2649 4973 editis
2678 4921 2970 4974 omittitur.

2062 4989 2152 5054 (97
2223 4987 2470 5042 Protulit.
2508 4990 2854 5044 Desideratur
2878 4993 2929 5043 in
2963 4991 3118 5046 libris
3145 5001 3306 5047 antea
3334 4993 3496 5047 editis

2062 4987 2177 5128 (98)
2215 5057 2306 5111 Sic
2345 5075 2534 5114 omnes
2568 5076 2698 5113 mss.
2729 5071 2782 5114 et
2814 5061 3092 5116 Rabanus.
3136 5063 3281 5116 Editi
3309 5080 3456 5126 vero,
3477 5079 3496 5116 ε

2061 5057 2171 5129 (98)
2215 5057 2306 5111 Sic
2345 5075 2534 5114 omnes
2568 5076 2698 5113 mss.
2729 5071 2782 5114 et
2814 5061 3092 5116 Rabanus.
3136 5063 3281 5116 Editi
3309 5080 3456 5126 vero,
3477 5077 3566 5116 es-

1987 5129 2213 5204 emplum
2237 5129 2398 5196 enim,
2415 5139 2547 5192 etc.,
2569 5132 2762 5186 deinde
2790 5133 3047 5186 omittunt
3067 5146 3279 5199 octavo,
3317 5137 3457 5204 quod
3484 5149 3564 5187 re-

1990 5201 2220 5254 stituunt
2247 5214 2436 5255 omnes
2463 5216 2590 5256 tnss.

2061 5270 2173 5340 (99)
2217 5270 2480 5342 δὶολτρριθ
2511 5288 2612 5326 Ins.
2645 5270 2847 5342 Regius
2879 5288 3026 5327 num.
3059 5273 3220 5329 1659.
3253 5274 3443 5329 Caneri
3476 5287 3562 5326 ve-

1992 5339 2269 5406 ro'ntss.,
2308 5339 2566 5396 Rabanus
2610 5353 2665 5397 et
2705 5339 2832 5398 editi
2883 5345 3176 5412 omittunt,
3214 5361 3332 5416 qua:
3371 5347 3559 5411 scripta

1982 5422 2125 5464 sunt.

2053 5482 2132 5551 (1)
2174 5481 2339 5546 Editi,
2382 5479 2513 5536 Haec
2547 5492 2700 5552 atque
2752 5483 2859 5538 alia
2922 5484 3231 5554 hujusmodi
3285 5496 3428 5540 erant
3455 5500 3558 5554 my—

1987 5555 2171 5616 steria,
2227 5569 2345 5624 qua:
2384 5555 2588 5605 occulta
2634 5564 2754 5607 sunt
2810 5557 3125 5624 temporibus
3181 5559 3390 5610 aeternis
3417 5572 3436 5610 :
3469 5555 3555 5606 sed

1984 5639 2114 5696 mss.
2149 5633 2206 5677 et
2235 5621 2489 5696 Rabanus
2522 5633 2579 5675 ut
2613 5626 2667 5677 In
2713 5621 3100 5690 nostro'textu,
3133 5627 3233 5679 nisi
3260 5629 3396 5696 quod
3424 5626 3553 5696 alius

1984 5694 2149 5747 habet
2183 5695 2385 5746 occulta
2436 5708 2594 5756 sunt;
2623 5695 2778 5763 alius,
2817 5704 3023 5750 occulta
3051 5694 3304 5764 fuerunt}
3343 5708 3398 5752 et
3443 5695 3548 5757 alii,

1983 5765 2301 5832 temporibus
2327 5765 2629 5833 prtrteritis.
