3744 6146
126 241 255 297 £26!

1095 237 1448 295 COMMENT.
1491 235 1556 289 IN
1597 232 1815 290 EPIST.
1855 230 1948 289 AD
1987 233 2154 290 ROM.
2195 233 2321 289 LIB.
2356 234 2425 290 Χ.

122 362 251 418 mini
285 370 345 417 et
376 361 692 416 Salvatoris
718 361 886 415 nostri
914 357 1040 415 Iesu
1068 358 1267 414 Christi
1290 358 1360 412 ⁸⁸.
1392 356 1500 413 Sed
1529 365 1588 411 ut
1612 356 1710 410 ad-
1735 359 1784 416 Α
1811 361 1914 416 est,
1949 368 2114 406 unum
2161 363 2324 423 atque
2366 354 2507 407 idem
2558 354 2857 408 sentientes
2899 354 2954 408 in
2989 354 3210 410 nomine
3251 355 3381 409 Iesu

124 445 227 499 huc
255 444 613 502 manifestius
640 448 733 502 ﬁat
752 455 1022 519 qttomodo
1044 465 1166 523 quae
1187 455 1386 524 scripta
1408 464 1557 517 sunt.
1580 472 1709 529 pro-

122 545 242 607 pter
267 552 379 592 nos
409 540 615 609 scripta
644 549 790 610 sunt,
820 541 890 597 de
910 544 1073 611 priori
1104 547 1303 617 populo
1326 547 1457 604 dicit
1484 549 1710 620 prophe-

124 639 194 693 ta,
220 629 353 700 quia
384 647 521 685 aure
542 632 785 698 audietis,
811 643 858 686 et
890 649 994 687 non
1023 637 1287 703 audietis;
1313 651 1363 693 et
1385 641 1613 695 videntes
1641 642 1711 697 vi-

123 724 328 788 debitis,
359 735 412 779 et
445 742 550 780 non
574 726 873 799 intelligetis
896 728 961 781 “.
990 730 1067 784 De
1088 731 1246 787 nobis
1270 743 1450 788 autem
1472 734 1699 796 dicitur,

123 817 246 884 quia
276 818 478 888 quibus
518 835 620 873 non
663 831 738 873 est
774 821 1074 876 nuntiatum
1114 825 1179 877 de
1224 842 1315 888 eo,
1348 826 1621 892 videbunt;
1658 835 1708 882 et

122 910 212 978 qui
241 926 351 963 non
381 913 691 979 audierunt,
736 914 1026 989 intelligent
1056 917 1121 971 ⁸⁵.
1167 917 1458 974 Considera
1485 936 1613 991 ergo
1643 937 1711 976 ex

124 1003 226 1057 hoc
259 1013 496 1074 propter
523 1007 670 1075 quod
702 1023 823 1078 qua:
864 1009 1064 1077 scripta
1096 1024 1225 1064 sunt
1260 1011 1458 1081 scripta
1490 1013 1708 1068 videan-

123 1104 208 1147 tur
239 1096 343 1164 (2).
387 1095 524 1162 Quae
553 1098 716 1152 enim
750 1099 1091 1166 scribuntur,
1131 1102 1250 1156 sine
1287 1103 1451 1155 dubio
1490 1113 1708 1172 propter

123 1202 215 1240 eos
252 1188 581 1243 scribuntur
619 1190 712 1259 qui
760 1191 929 1247 visuri
963 1202 1019 1248 et
1050 1193 1376 1249 intellecturi
1413 1204 1560 1257 sunt,
1597 1211 1702 1249 non

123 1287 349 1347 propter
380 1296 481 1334 eos
509 1281 599 1350 qui
639 1296 818 1351 neque
848 1284 1021 1337 visuri
1057 1300 1236 1354 neque
1269 1285 1591 1339 intellecturi
1622 1285 1701 1339 di-

123 1382 344 1428 cuntur.
374 1373 484 1438 Qui
511 1385 694 1430 autem
714 1376 1020 1447 intelligunt
1043 1394 1165 1447 quin
1186 1378 1382 1448 scripta
1406 1388 1550 1442 sunt,
1574 1378 1705 1433 illud

122 1468 239 1522 sine
267 1468 446 1521 dubio
471 1468 754 1523 invenient
783 1470 927 1538 quod
948 1479 1343 1539 consequenter
1363 1470 1700 1541 adiungitur:

123 1559 166 1590 ⁸⁸
193 1560 254 1614 Ut
280 1576 379 1629 per
410 1561 746 1628 patientiam.
781 1571 828 1615 et
858 1562 1261 1617 consolationem
1289 1562 1701 1633 Scripturarum,

119 1666 261 1717 spem
300 1650 595 1704 habeamus
642 1651 713 1705 ad
741 1650 908 1705 Deum
938 1652 1034 1722 (5).
1067 1652 1229 1722 673
1270 1653 1703 1708 Consolatiooem

122 1758 357 1811 namque
387 1758 458 1797 ex
490 1744 784 1814 Scripturis
812 1760 922 1801 non
948 1745 1035 1799 ille
1062 1745 1153 1815 qui
1187 1761 1364 1814 neque
1387 1747 1579 1809 credit,
1606 1760 1704 1802 ne-

120 1848 223 1901 que
242 1835 505 1905 intelligit
525 1873 539 1896 ,
563 1836 656 1889 sed
682 1834 769 1888 ille
789 1834 878 1903 qui
902 1843 957 1888 et
975 1838 1148 1891 credit
1166 1850 1220 1893 et
1243 1838 1508 1908 intelligit,
1537 1839 1700 1908 capit.

185 1915 234 1970 7.
273 1915 425 1969 Deus
460 1925 634 1971 autem
660 1920 926 1985 patientia:
972 1930 1019 1974 et
1048 1922 1420 1978 consolationis
1450 1925 1535 1978 det
1560 1928 1703 1980 vobis

113 2008 166 2060 id
192 2009 368 2074 ipsum
393 2025 579 2079 sapere
600 2012 652 2064 in
675 2010 989 2065 alterutrum
1017 2014 1304 2068 secundum
1329 2013 1514 2071 Iesum
1542 2018 1700 2072 Chri-

114 2111 250 2154 stum
280 2118 300 2156 :
363 2114 421 2154 ut
466 2104 737 2158 unanimes
770 2105 846 2175 (4)
877 2122 982 2159 uno
1012 2121 1102 2158 ore
1128 2105 1477 2176 honori/icetis
1506 2109 1697 2177 Deum,

110 2205 154 2248 et
183 2192 403 2249 Patrem
439 2195 651 2250 Domini
702 2197 867 2251 nostri
891 2197 1018 2251 Iesu
1049 2196 1272 2253 Christi.
1309 2200 1531 2270 Propter
1554 2205 1696 2273 quod

110 2288 362 2350 suscipite
405 2288 657 2353 invicem,
712 2290 849 2342 sicut
886 2299 936 2342 et
984 2288 1229 2345 Christus
1263 2296 1487 2362 suscepit
1520 2310 1607 2349 vos
1641 2296 1696 2350 in

110 2378 359 2434 honorem
386 2380 486 2434 Dei
512 2381 576 2435 ⁸⁷.
611 2381 670 2437 Si
701 2382 959 2450 patientia
983 2384 1157 2438 virtus
1182 2393 1286 2448 est,
1310 2387 1487 2440 omnis
1514 2397 1695 2441 autem

115 2469 282 2522 virtus
314 2486 344 2522 a
377 2469 494 2523 Deo
521 2481 600 2526 est
632 2489 648 2539 ;
682 2482 737 2526 et
767 2472 1025 2543 patientia
1058 2489 1088 2527 a
1120 2475 1228 2529 Deo
1260 2485 1366 2530 est.
1397 2476 1535 2532 Cum
1562 2494 1690 2547 ergo

111 2564 312 2618 dicitur
348 2567 493 2620 Deus
525 2569 824 2634 patientiae.
861 2568 965 2623 hoc
990 2580 1074 2625 est
1097 2570 1244 2643 quod
1271 2571 1485 2626 videtur
1509 2581 1695 2627 osten-

111 2655 188 2721 di,
208 2658 337 2726 quia
373 2658 517 2712 Deus
540 2675 658 2714 cum
688 2661 772 2714 his
794 2669 880 2715 est
910 2662 997 2729 qui
1027 2663 1231 2717 habent
1260 2664 1313 2716 in
1340 2678 1399 2718 se
1434 2665 1690 2719 virtutem

110 2748 391 2816 patientiae
420 2767 433 2802 :
472 2748 617 2802 sicut
665 2765 787 2803 cum
820 2751 1017 2805 dicitur
1046 2750 1185 2806 Deus
1219 2751 1470 2819 iustitiae,
1504 2762 1691 2809 osten-

112 2839 255 2894 ditur
284 2843 339 2894 iu
375 2842 463 2895 his
490 2856 609 2895 esse
641 2841 779 2896 Deus
806 2843 895 2913 qui
946 2853 1163 2898 servant
1193 2844 1485 2914 justitiam.
1520 2845 1689 2899 Simi-

112 2929 229 2985 liter
259 2943 316 2986 et
345 2933 492 2987 Deus
514 2933 784 2996 veritatis,
807 2943 862 2989 et
890 2934 1031 2990 Deus
1055 2935 1340 3004 sapientia:
1372 2936 1451 3009 (5)
1485 2938 1686 2992 intelli-

1816 441 2041 511 Christi,
2074 444 2169 509 ibi,
2199 446 2374 513 inquit
2407 443 2543 515 (10),
2572 461 2658 498 ero
2691 447 2745 499 in
2775 446 2947 501 medio
2970 463 3176 502 eorum.
3205 445 3302 503 Vis
3330 458 3384 501 ct

1814 534 1959 590 aliud
1987 538 2233 606 accipere
2259 538 2566 604 exemplum
2591 578 2606 599 .
2634 540 2905 605 quomodo
2944 555 3112 594 unum
3141 540 3387 594 sentien-

1815 627 1958 683 tibus
1984 628 2233 682 Christus
2266 630 2470 683 medius
2501 629 2637 683 liat‘l
2668 629 2802 685 Vide
2833 630 2886 684 in
2912 630 3136 685 Actibus
3162 640 3383 699 aposto-

1814 720 1988 776 lorum
2023 723 2296 792 quomodo
2327 731 2448 790 post
2475 724 2844 777 ascensionem
2871 722 3104 784 Domini,
3128 738 3252 777 cum
3274 722 3385 778 ele-

1813 822 2055 878 vassent,
2090 813 2286 882 inquit,
2319 814 2566 867 undecim
2604 813 2717 885 (11)
2754 813 2985 883 apostoli
3011 828 3133 868 cum
3166 816 3384 868 caneris

1816 922 2025 969 vocem,
2060 915 2113 959 et
2143 906 2469 961 unanimiter
2498 918 2745 961 orassent
2773 947 2787 971 ,
2820 916 2998 961 motus
3028 915 3113 961 est
3145 905 3296 961 locus
3328 890 3382 962 in

1819 1016 1925 1071 quo
1952 1000 2194 1068 stabant,
2227 1011 2282 1055 et
2305 1001 2656 1070 praesentiam
2688 1001 2866 1054 sancti
2893 1000 3130 1070 Spiritus
3166 1016 3385 1055 merue-

1817 1100 1942 1144 runt
1968 1091 2034 1146 ’°.
2069 1090 2129 1146 Ut
2172 1101 2349 1145 autem
2398 1094 2578 1147 adhuc
2625 1102 2829 1160 quanta
2880 1091 2952 1145 sit
3008 1092 3385 1145 unauimitntis

1815 1182 1989 1235 virtus
2014 1224 2030 1247 ,
2058 1193 2111 1237 et
2143 1195 2340 1251 quanta
2370 1182 2546 1254 gratia
2587 1183 2787 1263 clarius
2817 1183 2907 1236 ﬁat
2932 1225 2946 1248 ,
2990 1197 3097 1237 non
3134 1193 3264 1252 puto
3289 1185 3385 1237 ah-

1816 1271 2040 1324 surdum
2069 1273 2262 1338 videri,
2294 1274 2336 1326 si
2367 1289 2427 1326 ea
2461 1288 2581 1343 quae
2613 1274 2767 1327 nobis
2794 1272 2859 1326 de
2892 1272 2974 1325 his
3000 1273 3164 1326 etiam
3196 1272 3247 1326 in
3278 1271 3385 1328 Ve-

1820 1365 1917 1417 teri
1966 1362 2312 1420 Testameuto
2358 1381 2386 1417 a
2428 1365 2675 1433 patribus
2727 1364 3128 1419 rationabiliter
3184 1365 3382 1418 tradita

1816 1465 1962 1520 sunt,
1993 1457 2076 1511 his
2125 1457 2337 1512 scilicet
2368 1457 2457 1527 qui
2487 1472 2554 1511 ex
2587 1456 2828 1510 Hebrznis
2853 1457 2922 1510 ad
2973 1456 3179 1510 Christi
3223 1455 3382 1511 [idem

1817 1557 2122 1613 venerunt,
2176 1549 2228 1602 in
2279 1549 2512 1602 medium
2558 1547 2917 1617 proferamus.
2973 1546 3384 1619 Aiebaut'ergo

1821 1651 1929 1695 tres
1951 1640 2061 1712 (ιὲ)
2093 1641 2213 1694 illos
2239 1640 2378 1694 ﬁlios
2405 1640 2545 1695 Core
2564 1656 2794 1711 quorum
2826 1642 3045 1695 nomina
3078 1641 3385 1697 invenimus

1805 1735 1859 1788 in
1897 1734 2078 1787 Exodo
2113 1733 2184 1799 ⁹¹,
2216 1734 2266 1788 id
2291 1745 2393 1797 est,
2421 1734 2558 1788 Aser
2585 1735 2676 1804 qui
2710 1735 3099 1804 interpretatur
3125 1734 3380 1797 eruditio,

1803 1838 1856 1882 et
1913 1827 2154 1882 Elchana
2191 1829 2281 1897 qui
2326 1828 2378 1881 iu
2429 1839 2615 1883 nostra
2650 1827 2829 1896 lingua
2872 1828 3072 1883 dicitur
3120 1829 3382 1898 possessio

1804 1920 1921 1978 Dei.
1940 1928 1995 1972 et
2023 1918 2296 1987 Abiasaph
2330 1920 2419 1989 qui
2451 1920 2504 1973 in
2532 1919 2725 1974 Latino
2752 1934 3002 1974 sermone
3033 1921 3234 1974 indicat
3260 1935 3381 1973 con-

1802 2014 2153 2084 gregationem
2181 2014 2351 2081 patris
2372 2053 2388 2079 ,
2418 2028 2538 2066 cum
2571 2021 2725 2081 pater
2753 2028 2939 2066 eorum
2987 2012 3125 2066 Core
3155 2027 3379 2081 peccas-

1800 2115 1887 2162 set
1919 2121 2023 2161 uua
2058 2120 2181 2160 cum
2216 2103 2423 2158 Dathan
2470 2114 2525 2157 et
2556 2105 2765 2158 Abiron
2801 2104 2877 2167 ",
2906 2113 2962 2157 et
2995 2103 3250 2159 omnibus
3283 2103 3378 2174 qui

1799 2207 2196 2253 consenserunt
2222 2196 2325 2259 eis,
2351 2207 2408 2251 et
2430 2195 2625 2251 divinze
2652 2195 2872 2251 ultionis
2895 2196 2946 2250 iu
2969 2210 3065 2251 eos
3088 2205 3377 2267 pararetur

1798 2290 2108 2355 excidium,
2141 2290 2274 2346 istos
2308 2303 2628 2360 segregasse
2654 2305 2715 2344 se
2743 2306 2780 2342 a'
2800 2299 2944 2346 coetu
2990 2288 3200 2345 nefario
3231 2286 3372 2361 (15),

1797 2390 1854 2436 et
1881 2380 1950 2435 ab
1980 2381 2143 2451 impia
2178 2380 2581 2450 conspiratione
2621 2390 2992 2450 sequestratos
3040 2380 3377 2435 unanimiter

1798 2474 1864 2528 ad
1919 2474 2086 2529 Deum
2129 2488 2349 2543 precem
2394 2472 2726 2543 pmiiitentia:
2790 2472 3098 2542 profudisse
3142 2491 3157 2526 :
3209 2482 3374 2543 atque

1794 2564 2074 2619 exauditos
2119 2579 2148 2617 a
2185 2564 2293 2620 Deo
2341 2578 2449 2617 non
2482 2562 2652 2616 solum
2685 2564 2897 2617 veniam
2951 2578 3146 2633 pusum,
3195 2565 3290 2619 sed
3318 2572 3375 2619 et

1795 2656 2093 2724 prophetia:
2121 2656 2352 2723 gratiam
2402 2656 2704 2723 meruisse;
2734 2667 2789 2710 et
2834 2656 2938 2710 hoc
2981 2669 3195 2724 quoque
3220 2655 3301 2710 eis
3337 2673 3366 2708 a

1798 2745 1906 2800 Deo
1939 2748 2288 2815 poscentibus
2318 2762 2441 2805 esse
2467 2749 2795 2818 praestitum,
2833 2766 2901 2803 ne
2930 2749 3058 2817 quid
3090 2747 3247 2803 triste
3276 2758 3371 2803 aut

1794 2837 2075 2894 exitiabile
2105 2840 2434 2909 prophetare
2468 2839 2794 2908 juberentur
2818 2854 2833 2893 :
2861 2850 2914 2895 et
2945 2841 3014 2895 ob
3040 2841 3145 2895 hoc
3176 2854 3369 2897 omnes

1792 2927 2036 2983 Psalmos
2063 2929 2375 2999 quicunque
2407 2929 2718 2985 nominibus
2750 2945 2937 2984 eorum
2994 2930 3251 2986 attitulati
3284 2948 3368 2987 re-

111 3022 272 3087 gitur.
319 3023 434 3078 Sed
463 3033 518 3079 et
561 3022 701 3078 Deus
728 3027 1101 3083 consolationis
1142 3042 1263 3082 eum
1311 3028 1529 3092 dicitur.
1564 3045 1589 3085 c

1888 3030 2067 3086 Lmtur,
2101 3022 2235 3076 nihil
2266 3023 2418 3077 triste
2440 3023 2725 3077 adversum
2752 3032 3072 3095 peceatores
3092 3032 3187 3079 aut
3208 3039 3366 3094 aspe-

114 3116 214 3171 illis
251 3132 380 3173 esse
410 3119 715 3173 ostenditur
746 3120 889 3173 Deus
919 3119 1011 3188 qui
1061 3135 1127 3174 ex
1156 3120 1352 3176 divinis
1388 3121 1689 3189 Scriptur’s

111 3219 202 3273 per
232 3206 652 3275 intelligentiam
682 3207 982 3275 spiritalem
1004 3209 1430 3265 consolationem
1453 3209 1689 3278 Spiritus

112 3295 349 3363 capiunt.
385 3294 530 3349 Deus
557 3312 685 3365 ergo
716 3297 982 3364 patientia:
1013 3295 1086 3369 (6)
1114 3306 1165 3351 et
1191 3299 1572 3354 consolationis
1603 3302 1685 3353 det

110 3387 266 3453 vobis,
286 3388 493 3456 inquit,
524 3389 749 3456 idipsum
772 3406 952 3456 sapere
979 3391 1030 3443 in
1059 3390 1370 3446 alterutrum
1394 3398 1684 3447 secundum

110 3477 288 3533 Iesum
312 3478 608 3536 Christum.
639 3478 696 3532 In
726 3480 830 3534 hoc
856 3478 1055 3535 Paulus
1079 3482 1509 3550 patriarcharum
1538 3500 1686 3538 more

111 3581 162 3624 et
186 3574 602 3642 prophetarum,
633 3586 864 3640 quorum
901 3570 1303 3627 heuedictioues
1347 3575 1563 3642 scriptae
1599 3590 1684 3629 re-

112 3662 381 3729 feruntur,
419 3664 828 3722 benedictiones
875 3665 1061 3720 tribuit
1112 3666 1374 3723 Romanis
1397 3708 1412 3730 ,
1448 3683 1683 3724 exorans

110 3756 182 3811 eis
214 3759 332 3812 dari
365 3774 395 3811 a
423 3757 535 3812 Deo
567 3768 619 3810 ut
658 3758 710 3811 id
757 3758 930 3826 ipsum
985 3758 1202 3828 sapiant
1246 3758 1300 3813 iu
1336 3758 1682 3814 alterutrum.

109 3847 344 3907 Grandis
386 3859 472 3906 est
515 3850 620 3905 ista
655 3852 959 3906 benedictio
991 3852 1105 3921 (7),
1160 3861 1221 3904 ut
1248 3867 1417 3905 unum
1467 3853 1684 3921 sapiant

109 3956 295 3999 omnes
325 3953 492 4011 atque
516 3944 756 3998 sentiant
779 3988 793 4009 ,
826 3953 880 3999 et
912 3945 1056 3999 sicut
1093 3944 1197 3999 sibi
1225 3986 1241 4012 ,
1277 3946 1350 3999 ita
1388 3943 1466 4016 (8)
1514 3962 1683 3999 unus-

110 4036 339 4106 quisque
366 4037 494 4092 velit
519 4046 572 4093 et
601 4039 848 4106 proximo
865 4052 983 4092 suo.
1013 4037 1107 4091 Vis
1128 4048 1309 4093 autem
1337 4038 1480 4092 scire
1514 4054 1683 4107 quan-

112 4139 217 4182 tum
251 4130 433 4184 valeat
483 4131 857 4184 unauimitatis
885 4128 1104 4198 gratia?
1141 4129 1399 4185 Salvator
1430 4131 1482 4184 in
1513 4130 1682 4184 Evan-

1793 3127 1912 3165 rum
1939 3113 2238 3168 continere.
2284 3114 2395 3168 lloc
2434 3124 2611 3168 autent
2663 3114 2985 3184 protulimus
3008 3154 3023 3179 ,
3058 3126 3115 3168 ut
3153 3128 3356 3187 quanta

1790 3206 1861 3259 sit
1888 3206 2261 3260 unauimitatis
2290 3206 2482 3269 virtus,
2504 3216 2557 3260 et
2585 3222 2749 3259 unum
2770 3206 2994 3272 sentire,
3014 3216 3176 3277 atque
3198 3223 3361 3261 unum

1790 3298 2024 3352 invicem
2080 3313 2312 3366 sapere,
2365 3298 2800 3368 tnagiiiﬁcentius
2866 3312 3204 3354 nosceretur.
3249 3297 3362 3370 Ego

1788 3389 1956 3443 etiam
2010 3387 2138 3442 illud
2163 3429 2180 3454 ,
2220 3390 2363 3458 quod
2407 3390 2604 3445 Paulus
2645 3390 2697 3445 in
2745 3391 3069 3459 quihusdam
3098 3389 3361 3461 Epistolis

1790 3481 2021 3535 aliorum
2054 3481 2309 3535 vocabula
2342 3495 2525 3536 secum
2554 3483 2766 3554 jungit,
2792 3493 2849 3539 et
2876 3482 3027 3546 dicit,
3060 3480 3284 3547 Paulus,
3310 3493 3362 3536 et

1790 3575 2072 3630 Sosthenes
2105 3574 2273 3641 frater
2299 3573 2379 3640 ⁹³;
2405 3586 2460 3630 et
2487 3576 2641 3639 alibi,
2674 3573 2897 3639 Paulus,
2925 3583 2976 3627 et
3000 3573 3287 3644 Syt'vanus,
3310 3583 3361 3627 et

1790 3663 2089 3719 Timotheus
2112 3663 2158 3698 "
2194 3681 2211 3731 ;
2259 3675 2391 3734 puto
2436 3681 2541 3720 non
2579 3665 2813 3719 inaniter
2854 3665 3105 3728 factum;
3144 3666 3238 3720 sed
3264 3682 3361 3736 per

1786 3757 1891 3813 hoc
1918 3758 2128 3814 ostendi
2156 3799 2172 3825 ,
2200 3760 2327 3829 quia
2360 3760 2567 3816 duobus
2595 3760 2680 3816 vel
2728 3760 2906 3817 tribus
2936 3761 2987 3815 in
3032 3776 3140 3816 uno
3170 3762 3361 3831 positis

1788 3850 2025 3919 Spiritus
2053 3864 2276 3906 sanctus
2322 3867 2486 3905 unum
2518 3851 2586 3905 de
2631 3854 2711 3907 eis
2744 3869 2964 3909 sensqu
3000 3863 3162 3921 atque
3191 3869 3357 3908 unum

1784 3941 2420 3998 elicuerittsermonem:
2472 3942 2647 4011 utqui
2698 3935 2965 3998 Ecclesias
2992 3942 3105 4014 (14)
3160 3943 3356 3997 docere

1785 4034 2077 4102 cupiebant
2120 4050 2286 4088 unum
2322 4034 2507 4089 dicere
2534 4049 2721 4088 omnes
2758 4043 2919 4105 atque
2948 4050 3111 4088 unum
3142 4050 3355 4103 sapere,

1785 4126 1887 4194 ipsi
1942 4127 2092 4194 prius
2122 4142 2285 4182 unum
2320 4143 2380 4182 se
2417 4127 2601 4182 dicere
2630 4138 2791 4196 atque
2821 4143 2985 4182 unum
3036 4141 3227 4196 sapere
3261 4129 3345 4181 de-

3244 236 3383 291 1269.
3460 240 3461 243 “

110 4220 261 4288 εθιίῑε
283 4222 333 4253 ⁸⁸
364 4224 701 4291 pronuntiat,
720 4223 844 4288 quia
871 4221 917 4275 si
941 4224 1045 4275 duo
1073 4220 1149 4275 vel
1179 4231 1281 4276 tres
1302 4222 1356 4275 in
1376 4239 1538 4275 unum
1556 4238 1682 4276 con-
1783 4227 2184 4282 monstrarent,
2210 4231 2264 4273 et
2313 4234 2416 4272 uno
2461 4235 2551 4274 ore
2595 4219 3023 4275 honoriﬁcareut
3065 4220 3234 4275 Deum
3259 4259 3277 4287 ,
3304 4231 3356 4275 et

109 4310 461 4374 senserint,de
484 4313 622 4365 omni
647 4328 700 4365 re
722 4327 1081 4382 quamcunque
1121 4312 1361 4381 petierint
1392 4330 1423 4366 a
1446 4311 1556 4367 Deo
1577 4311 1675 4383 (9),
1786 4306 1998 4363 Patrem
2030 4309 2242 4364 Domini
2273 4313 2442 4365 nostri
2480 4311 2609 4367 Iesu
2642 4311 2862 4368 Christi.
2901 4313 3078 4369 Unum
3121 4329 3355 4384 namque

109 4403 191 4470 fiet
232 4406 344 4458 illis
375 4423 395 4471 ;
426 4417 481 4461 et
505 4407 701 4461 iterum
744 4408 809 4459 de
840 4409 1132 4475 semetipso
1160 4406 1290 4460 dicit
1319 4405 1397 4469 ⁸⁸,
1432 4405 1560 4474 quia
1586 4407 1674 4459 ubi
1707 4409 1752 4464 D
1782 4419 1844 4457 os
1870 4404 2093 4467 dicitur,
2121 4405 2210 4458 ubi
2248 4420 2385 4460 unus
2411 4414 2572 4476 atque
2600 4407 2741 4462 idem
2770 4422 2865 4476 per
2889 4407 3226 4461 diversorum
3254 4423 3351 4462 ora

111 4491 297 4561 fuerint
332 4499 438 4552 duo
484 4499 560 4553 uel
588 4510 691 4553 tres
723 4500 1022 4569 congregati
1068 4500 1121 4552 in
1163 4498 1372 4552 nomine
1402 4514 1539 4563 meo,
1571 4497 1676 4553 hoc
1782 4510 1978 4552 sensus
2014 4506 2068 4550 et
2117 4511 2298 4551 seruio
2345 4498 2603 4567 procedit.
2642 4497 2785 4553 Bene
2827 4507 3006 4553 autem
3060 4498 3353 4568 Apostolus

176 4630 580 4695 "llTim.t,iO.
625 4634 795 4691 8‘lsa.
830 4651 903 4699 vi,
932 4635 985 4690 9.
1060 4633 1507 4705 "Rom.xv,21;
1548 4634 1764 4705 lsa.t.u,
1806 4635 1888 4690 15.
1963 4636 2011 4668 ⁸⁸
2046 4635 2200 4692 Rom.
2236 4652 2325 4698 xv,
2354 4637 2411 4690 .t.
2462 4638 2506 4669 ⁸⁷
2538 4636 2693 4692 Rom.
2745 4653 2834 4703 xv,
2863 4637 2897 4691 5
2947 4652 3030 4705 sq.
3089 4638 3136 4670 ⁸⁸³
3163 4638 3348 4691 Matth.

111 4705 372 4768 “111,19.
428 4705 474 4735 ⁸³
504 4705 634 4759 ibid.
659 4705 749 4760 20.
821 4707 868 4738 9°
895 4709 1016 4761 Act.
1037 4720 1079 4767 ι,
1101 4722 1156 4759 ιι.
1226 4705 1269 4737 ⁹¹
1300 4704 1469 4758 Exod.
1501 4720 1576 4769 vt,

1877 4705 2036 4761 Num.
2071 4723 2182 4770 xw,
2220 4708 2243 4761 1
2285 4723 2371 4777 sq.
2439 4706 2484 4739 ⁵³
2511 4708 2669 4763 lCor.
2706 4724 2744 4772 ι,
2777 4709 2829 4762 1.
2905 4708 2952 4740 ⁸⁵
2978 4704 3005 4762 Ι(
3024 4709 3190 4767 Thes.
3226 4727 3265 4774 ι,
3295 4710 3347 4765 1.

177 4821 251 4891 (2)
297 4824 391 4898 Sic
431 4841 561 4881 mss.
594 4837 648 4880 ct
674 4825 953 4881 Rahanus.
995 4826 1132 4882 Editi
1166 4840 1332 4891 vero,
1385 4825 1677 4898 Considera
1781 4828 1944 4882 editis
1971 4870 1986 4894 ,
2017 4837 2071 4883 et
2122 4831 2177 4883 in
2223 4829 2464 4898 pluribus
2511 4842 2640 4898 mss.
2670 4864 2688 4891 ,
2732 4827 2825 4882 sed
2879 4829 3240 4883 restituuntur
3281 4843 3347 4881 ex

111 4906 225 4970 ergo
248 4910 315 4949 ea:
340 4897 437 4970 hoc
458 4908 670 4964 propter
714 4899 853 4967 quod
893 4900 1085 4967 scripta
1126 4907 1246 4950 sunt
1273 4936 1289 4961 ,
1345 4896 1577 4950 ridelicet
1619 4907 1676 4950 ut
1781 4915 1882 4955 ms.
1915 4899 2083 4970 Regio
2116 4896 2262 4954 num.
2294 4898 2432 4953 1659
2457 4907 2510 4952 et
2541 4897 2797 4962 Rabauo,
2837 4901 2928 4969 qui
2970 4909 3149 4952 tamen
3180 4899 3347 4951 omit-

112 4964 303 5028 scripta
338 4966 638 5021 videantur.
726 4964 734 4967 ⁷
998 4964 1005 4967 ’
1779 4970 1843 5023 tit
1873 4970 1966 5023 ibi.

175 5033 250 5169 (ὅ)
280 5035 364 5087 Ad
390 5036 576 5091 Deum.
599 5038 985 5091 Desiderantur
1019 5039 1134 5091 hinc
1153 5037 1204 5091 in
1229 5046 1392 5090 antea
1419 5036 1596 5090 editis.
1849 5039 1960 5111 (lt)
1986 5039 2135 5093 Lihri
2168 5049 2323 5093 antea
2349 5039 2477 5111 editi
2512 5039 2711 5093 habent
2746 5040 3059 5105 duodecim;
3087 5036 3342 5093 Rabauus

200 5104 251 5169 ι)
283 5103 353 5158 Ut
383 5108 680 5164 unanimes.
712 5119 844 5169 etc.,
873 5124 1040 5169 usque
1068 5108 1157 5169 ad,
1192 5108 1245 5161 in
1275 5108 1524 5160 honorem
1555 5106 1670 5168 Dei,
1779 5126 1907 5165 vero
1932 5124 1987 5164 et
2018 5126 2207 5164 omnes
2241 5126 2368 5164 mss.
2405 5111 2599 5169 noszri,
2635 5111 2897 5164 undecim,

200 5104 251 5177 ti)
283 5103 353 5158 Ut
383 5108 680 5164 unanimes.
712 5119 844 5171 etc.,
873 5124 1040 5177 usque
1068 5108 1157 5172 ad,
1192 5108 1245 5161 in
1275 5108 1524 5160 honorem
1555 5106 1670 5168 Dei,
1779 5103 1907 5165 vero
1932 5103 1987 5164 et
2018 5126 2207 5164 omnes
2241 5126 2368 5164 mss.
2405 5103 2599 5173 nostri,
2635 5111 2897 5164 undecim.

111 5168 478 5253 tieSiderantur
512 5177 565 5231 in
601 5178 799 5242 editis;
833 5168 1343 5233 'sed'restituuntur
1388 5191 1453 5231 es
1488 5178 1670 5231 omni-
1773 5250 1787 5253 _
1847 5180 2155 5253 (t2)7Editi,
2182 5180 2420 5253 hi._Mss.
2449 5168 2598 5253 vero.
2628 5190 2751 5253 tres,
2777 5181 2866 5253 qui
2897 5179 3054 5248 paulo
3087 5186 3217 5253 post
3240 5177 3341 5232 ha-

113 5238 375 5323 b".5.,.'“§5:_
411 5316 422 5323 _
571 5315 605 5323 _
785 5238 795 5242 —
827 5319 840 5323 _
935 5320 945 5323 Α
1144 5318 1156 5323 _
1773 5238 2457 5323 beiit,'Asgr..._llelcltana
2481 5249 2662 5323 (unus,
2688 5238 3018 5318 llelchaii)...
3050 5238 3103 5302 et.
3122 5249 3336 5311 Abiasn,

479 5324 528 5392 ἕ
566 5315 704 5370 De“
727 5319 1016 5392 Ραῑίεηῑίζεο
1050 5318 1217 5392 maleo
1773 5322 1871 5384 aL,
1905 5310 2098 5392 ᾉὸῃξα,
2133 5320 2228 5380 al.,
2262 5321 2487 5390 Abyssa.

177 5381 252 5521 to;
285 5382 447 5463 Editi,
482 5386 621 5439 Deus
656 5381 828 5441 autem
854 5381 1146 5454 patientia,
1173 5402 1278 5443 etc.
1844 5381 1957 5521 (⁷15)
1985 5381 2151 5452 Editi,
2179 5392 2243 5443 ab
2275 5381 2397 5444 act'u
2428 5391 2654 5458 nefario.

198 5451 228 5504 7
285 5452 376 5507 Sic
404 5472 535 5509 mss.
563 5467 616 5509 et
652 5456 927 5513 Rabanus.
966 5457 1105 5512 Editi
1156 5474 1304 5521 vero,
1348 5458 1537 5514 Gratia
1575 5461 1671 5514 Dei
1842 5464 1931 5521 (14
1988 5463 2125 5515 Editi
2150 5501 2165 5521 .
2221 5460 2509 5514 Ecclesium
2535 5500 2551 5521 .
2605 5478 2654 5515 ru

200 5391 229 5434 ti
285 5391 447 5451 Editi,
482 5391 621 5439 Deus
656 5398 828 5441 autent
854 5391 1146 5454 patientia,
1173 5402 1278 5443 etc.
1844 5392 1934 5462 (15
1990 5391 2151 5452 Editi,
2179 5392 2243 5443 ab
2275 5403 2397 5444 actu
2428 5391 2654 5458 nefario.

285 5452 381 5532 Sic
404 5472 535 5532 mss.
563 5467 616 5509 et
652 5456 927 5513 Rabanus.
966 5457 1105 5512 Editi
1156 5474 1304 5525 vero,
1348 5458 1537 5514 Gratia
1575 5461 1671 5514 Dei
1842 5391 1957 5532 (14;
1988 5463 2125 5515 Editi
2150 5501 2165 5523 ,
2221 5460 2509 5514 Ecclesium
2535 5500 2551 5523 ,
2605 5461 2765 5517 male.
2818 5459 3015 5515 Deinde
3056 5462 3337 5532 omittunt,

114 5524 487 5601 estlfeuedictio
518 5528 644 5601 ista.
748 5598 778 5601 __
814 5600 821 5601 ί
1769 5524 1946 5586 omnes
1968 5548 1986 5584 :
2012 5542 2068 5586 et
2101 5531 2258 5601 paulo
2289 5542 2407 5598 post
2453 5533 2691 5594 habent,
2722 5541 2768 5583 et
2812 5546 2915 5582 uno
2954 5547 3043 5584 ore
3070 5524 3339 5598 honori/24-

286 5592 395 5669 l_ta_.
430 5596 588 5651 Deest
616 5599 666 5669 in
696 5598 917 5669 editis,
1767 5603 1888 5655 cetis
1945 5590 2150 5669 Deum',
2200 5590 2307 5656 etc:
2361 5602 2467 5657 Sed
2519 5590 2708 5657 omnes
2756 5615 2885 5655 mss.
2937 5612 2994 5655 ut
3042 5602 3094 5655 in
3153 5590 3342 5657 ImBii‘O

180 5664 251 5729 (9)
285 5665 322 5714 Α
362 5665 491 5719 Deo.
522 5668 799 5721 Ouiittitur
829 5668 881 5722 in
909 5668 1061 5723 libris
1086 5680 1240 5724 antea
1274 5671 1453 5725 editis.
1769 5684 1937 5727 testu.

183 5731 288 5802 (10)
319 5731 434 5806 lbi,
464 5739 652 5798 inquit.
703 5737 828 5793 Πιρο
867 5740 1165 5807 duo‘vcrba
1201 5741 1581 5797 desiderantur
1610 5741 1665 5796 in
1706 5756 1711 5761 '
