  <div class='ocr_page' id='page_1' title='image "/cluster/home/n/w/nwhite01/storage/ocr_20150623/14/mdp.39015052831362/733.png"; bbox 0 0 3744 6146; ppageno 0'>
   <div class='ocr_carea' id='block_1_1' title="bbox 361 258 3597 327">
    <p class='ocr_par' dir='ltr' id='par_1_1' title="bbox 361 258 3597 327">
     <span class='ocr_line' id='line_1_1' title="bbox 361 258 3597 327; baseline -0.001 -2"><span class='ocrx_word' id='word_1_1' title='bbox 361 258 501 327; x_wconf 58' lang='grc' dir='ltr'><strong>ιὲιεδ</strong></span> <span class='ocrx_word' id='word_1_2' title='bbox 1825 267 2144 323; x_wconf 81' lang='lat' dir='ltr'><strong>ORIGENIS</strong></span> <span class='ocrx_word' id='word_1_3' title='bbox 3462 268 3597 323; x_wconf 59' lang='lat' dir='ltr'><strong>«eos</strong></span> 
     </span>
    </p>
   </div>
   <div class='ocr_carea' id='block_1_2' title="bbox 359 385 3595 458">
    <p class='ocr_par' dir='ltr' id='par_1_2' title="bbox 359 385 3595 458">
     <span class='ocr_line' id='line_1_2' title="bbox 359 385 3595 458; baseline -0.002 -13"><span class='ocrx_word' id='word_1_4' title='bbox 359 393 451 447; x_wconf 89' lang='lat' dir='ltr'><strong>ubi</strong></span> <span class='ocrx_word' id='word_1_5' title='bbox 481 392 593 455; x_wconf 93' lang='lat' dir='ltr'><strong>ait,</strong></span> <span class='ocrx_word' id='word_1_6' title='bbox 622 388 846 457; x_wconf 86' lang='lat' dir='ltr'><strong>idipsum</strong></span> <span class='ocrx_word' id='word_1_7' title='bbox 877 402 1057 451; x_wconf 78' lang='lat' dir='ltr'><strong><em>sapere</em></strong></span> <span class='ocrx_word' id='word_1_8' title='bbox 1099 388 1155 440; x_wconf 87' lang='lat' dir='ltr'><strong>in</strong></span> <span class='ocrx_word' id='word_1_9' title='bbox 1191 387 1546 454; x_wconf 90' lang='lat' dir='ltr'><strong>alterutrum,</strong></span> <span class='ocrx_word' id='word_1_10' title='bbox 1578 387 1821 453; x_wconf 81' lang='lat' dir='ltr'><strong>addidit,</strong></span> <span class='ocrx_word' id='word_1_11' title='bbox 1850 405 1931 442; x_wconf 83' lang='lat' dir='ltr'><strong>se-</strong></span> <span class='ocrx_word' id='word_1_12' title='bbox 1957 394 2005 448; x_wconf 79' lang='grc' dir='ltr'><strong>Α</strong></span> <span class='ocrx_word' id='word_1_13' title='bbox 2032 403 2140 458; x_wconf 89' lang='lat' dir='ltr'><strong>quo</strong></span> <span class='ocrx_word' id='word_1_14' title='bbox 2186 402 2328 442; x_wconf 91' lang='lat' dir='ltr'><strong>nunc</strong></span> <span class='ocrx_word' id='word_1_15' title='bbox 2367 401 2460 443; x_wconf 86' lang='lat' dir='ltr'><strong>eos</strong></span> <span class='ocrx_word' id='word_1_16' title='bbox 2506 389 2597 458; x_wconf 85' lang='lat' dir='ltr'><strong>qui</strong></span> <span class='ocrx_word' id='word_1_17' title='bbox 2644 402 2713 441; x_wconf 77' lang='lat' dir='ltr'><strong>ex</strong></span> <span class='ocrx_word' id='word_1_18' title='bbox 2767 385 3181 441; x_wconf 89' lang='lat' dir='ltr'><strong>circumcisione</strong></span> <span class='ocrx_word' id='word_1_19' title='bbox 3227 385 3595 451; x_wconf 76' lang='lat' dir='ltr'><strong>credideram,</strong></span> 
     </span>
    </p>
   </div>
   <div class='ocr_carea' id='block_1_3' title="bbox 359 476 3597 551">
    <p class='ocr_par' dir='ltr' id='par_1_3' title="bbox 359 476 3597 551">
     <span class='ocr_line' id='line_1_3' title="bbox 359 476 3597 551; baseline 0 -16"><span class='ocrx_word' id='word_1_20' title='bbox 359 478 794 535; x_wconf 74' lang='lat' dir='ltr'><strong>cundum&#39;lesum</strong></span> <span class='ocrx_word' id='word_1_21' title='bbox 823 477 1108 532; x_wconf 73' lang='lat' dir='ltr'><strong>Christum.</strong></span> <span class='ocrx_word' id='word_1_22' title='bbox 1139 476 1328 532; x_wconf 84' lang='lat' dir='ltr'><strong>Posset</strong></span> <span class='ocrx_word' id='word_1_23' title='bbox 1358 479 1500 533; x_wconf 89' lang='lat' dir='ltr'><strong>enim</strong></span> <span class='ocrx_word' id='word_1_24' title='bbox 1540 479 1655 535; x_wconf 86' lang='lat' dir='ltr'><strong>lieri</strong></span> <span class='ocrx_word' id='word_1_25' title='bbox 1704 488 1762 533; x_wconf 94' lang='lat' dir='ltr'><strong>ut</strong></span> <span class='ocrx_word' id='word_1_26' title='bbox 1788 491 1839 533; x_wconf 87' lang='lat' dir='ltr'><strong>et</strong></span> <span class='ocrx_word' id='word_1_27' title='bbox 1873 481 1927 533; x_wconf 92' lang='lat' dir='ltr'><strong>in</strong></span> <span class='ocrx_word' id='word_1_28' title='bbox 2006 496 2176 535; x_wconf 88' lang='lat' dir='ltr'><strong>.nunc</strong></span> <span class='ocrx_word' id='word_1_29' title='bbox 2207 482 2370 535; x_wconf 87' lang='lat' dir='ltr'><strong>etiam</strong></span> <span class='ocrx_word' id='word_1_30' title='bbox 2401 496 2495 537; x_wconf 90' lang='lat' dir='ltr'><strong>eos</strong></span> <span class='ocrx_word' id='word_1_31' title='bbox 2518 482 2610 551; x_wconf 92' lang='lat' dir='ltr'><strong>qui</strong></span> <span class='ocrx_word' id='word_1_32' title='bbox 2640 497 2706 535; x_wconf 84' lang='lat' dir='ltr'><strong>ex</strong></span> <span class='ocrx_word' id='word_1_33' title='bbox 2737 481 2989 550; x_wconf 76' lang='lat' dir='ltr'><strong>gentibus</strong></span> <span class='ocrx_word' id='word_1_34' title='bbox 3018 480 3307 536; x_wconf 81' lang='lat' dir='ltr'><strong>adversum</strong></span> <span class='ocrx_word' id='word_1_35' title='bbox 3358 496 3416 535; x_wconf 90' lang='lat' dir='ltr'><strong>se</strong></span> <span class='ocrx_word' id='word_1_36' title='bbox 3468 482 3597 535; x_wconf 78' lang='lat' dir='ltr'><strong>invi-</strong></span> 
     </span>
    </p>
   </div>
   <div class='ocr_carea' id='block_1_4' title="bbox 362 569 3598 643">
    <p class='ocr_par' dir='ltr' id='par_1_4' title="bbox 362 569 3598 643">
     <span class='ocr_line' id='line_1_4' title="bbox 362 569 3598 643; baseline 0.001 -18"><span class='ocrx_word' id='word_1_37' title='bbox 362 571 562 626; x_wconf 87' lang='lat' dir='ltr'><strong>malitia</strong></span> <span class='ocrx_word' id='word_1_38' title='bbox 597 569 766 639; x_wconf 84' lang='lat' dir='ltr'><strong>aliqui</strong></span> <span class='ocrx_word' id='word_1_39' title='bbox 806 569 1142 625; x_wconf 92' lang='lat' dir='ltr'><strong>unanimiter</strong></span> <span class='ocrx_word' id='word_1_40' title='bbox 1195 572 1569 626; x_wconf 90' lang='lat' dir='ltr'><strong>consentirent</strong></span> <span class='ocrx_word' id='word_1_41' title='bbox 1592 612 1606 636; x_wconf 95' lang='lat'><strong>,</strong></span> <span class='ocrx_word' id='word_1_42' title='bbox 1654 581 1710 625; x_wconf 91' lang='lat' dir='ltr'><strong>et</strong></span> <span class='ocrx_word' id='word_1_43' title='bbox 1758 586 1928 625; x_wconf 89' lang='lat' dir='ltr'><strong>unum</strong></span> <span class='ocrx_word' id='word_1_44' title='bbox 1962 628 1967 634; x_wconf 71' lang='grc'>,</span> <span class='ocrx_word' id='word_1_45' title='bbox 2030 588 2147 628; x_wconf 89' lang='lat' dir='ltr'><strong>cem</strong></span> <span class='ocrx_word' id='word_1_46' title='bbox 2180 573 2558 643; x_wconf 85' lang='lat' dir='ltr'><strong>superbientes</strong></span> <span class='ocrx_word' id='word_1_47' title='bbox 2583 585 2742 629; x_wconf 87' lang='lat' dir='ltr'><strong>erant</strong></span> <span class='ocrx_word' id='word_1_48' title='bbox 2777 573 3013 628; x_wconf 86' lang='lat' dir='ltr'><strong>refrenat</strong></span> <span class='ocrx_word' id='word_1_49' title='bbox 3050 587 3114 628; x_wconf 90' lang='lat' dir='ltr'><strong>ac</strong></span> <span class='ocrx_word' id='word_1_50' title='bbox 3142 572 3412 641; x_wconf 82' lang='lat' dir='ltr'><strong>reprimit,</strong></span> <span class='ocrx_word' id='word_1_51' title='bbox 3444 572 3598 629; x_wconf 85' lang='lat' dir='ltr'><strong>doce-</strong></span> 
     </span>
    </p>
   </div>
   <div class='ocr_carea' id='block_1_5' title="bbox 359 664 3593 737">
    <p class='ocr_par' dir='ltr' id='par_1_5' title="bbox 359 664 3593 737">
     <span class='ocr_line' id='line_1_5' title="bbox 359 664 3593 737; baseline -0.001 -14"><span class='ocrx_word' id='word_1_52' title='bbox 359 675 610 736; x_wconf 89' lang='lat' dir='ltr'><strong>sapereut</strong></span> <span class='ocrx_word' id='word_1_53' title='bbox 640 666 692 720; x_wconf 93' lang='lat' dir='ltr'><strong>in</strong></span> <span class='ocrx_word' id='word_1_54' title='bbox 725 665 896 736; x_wconf 88' lang='lat' dir='ltr'><strong>pejus.</strong></span> <span class='ocrx_word' id='word_1_55' title='bbox 935 664 1015 720; x_wconf 91' lang='lat' dir='ltr'><strong>Ob</strong></span> <span class='ocrx_word' id='word_1_56' title='bbox 1038 665 1141 721; x_wconf 89' lang='lat' dir='ltr'><strong>hoc</strong></span> <span class='ocrx_word' id='word_1_57' title='bbox 1181 682 1311 737; x_wconf 79' lang='lat' dir='ltr'><strong>ergo</strong></span> <span class='ocrx_word' id='word_1_58' title='bbox 1345 668 1589 734; x_wconf 89' lang='lat' dir='ltr'><strong>addidit,</strong></span> <span class='ocrx_word' id='word_1_59' title='bbox 1639 668 1926 721; x_wconf 89' lang='lat' dir='ltr'><strong>secundum</strong></span> <span class='ocrx_word' id='word_1_60' title='bbox 2031 675 2246 720; x_wconf 88' lang='lat' dir='ltr'><strong>ret-non</strong></span> <span class='ocrx_word' id='word_1_61' title='bbox 2276 680 2395 721; x_wconf 92' lang='lat' dir='ltr'><strong>esse</strong></span> <span class='ocrx_word' id='word_1_62' title='bbox 2423 667 2640 737; x_wconf 87' lang='lat' dir='ltr'><strong>penitus</strong></span> <span class='ocrx_word' id='word_1_63' title='bbox 2664 666 2984 737; x_wconf 76' lang='lat' dir='ltr'><strong>iudicandos</strong></span> <span class='ocrx_word' id='word_1_64' title='bbox 3008 681 3102 721; x_wconf 87' lang='lat' dir='ltr'><strong>eos</strong></span> <span class='ocrx_word' id='word_1_65' title='bbox 3130 667 3221 734; x_wconf 91' lang='lat' dir='ltr'><strong>qui</strong></span> <span class='ocrx_word' id='word_1_66' title='bbox 3254 668 3309 720; x_wconf 92' lang='lat' dir='ltr'><strong>in</strong></span> <span class='ocrx_word' id='word_1_67' title='bbox 3339 665 3474 734; x_wconf 76' lang='lat' dir='ltr'><strong>legis</strong></span> <span class='ocrx_word' id='word_1_68' title='bbox 3499 668 3593 720; x_wconf 91' lang='lat' dir='ltr'><strong>ob-</strong></span> 
     </span>
    </p>
   </div>
   <div class='ocr_carea' id='block_1_6' title="bbox 355 757 3594 828">
    <p class='ocr_par' dir='ltr' id='par_1_6' title="bbox 355 757 3594 828">
     <span class='ocr_line' id='line_1_6' title="bbox 355 757 3594 828; baseline -0.001 -14"><span class='ocrx_word' id='word_1_69' title='bbox 355 757 539 815; x_wconf 80' lang='lat' dir='ltr'><strong>Jesum</strong></span> <span class='ocrx_word' id='word_1_70' title='bbox 574 759 858 814; x_wconf 76' lang='lat' dir='ltr'><strong>Christum.</strong></span> <span class='ocrx_word' id='word_1_71' title='bbox 895 757 999 824; x_wconf 90' lang='lat' dir='ltr'><strong>Qui</strong></span> <span class='ocrx_word' id='word_1_72' title='bbox 1029 769 1206 814; x_wconf 89' lang='lat' dir='ltr'><strong>autem</strong></span> <span class='ocrx_word' id='word_1_73' title='bbox 1237 762 1533 815; x_wconf 88' lang='lat' dir='ltr'><strong>secundum</strong></span> <span class='ocrx_word' id='word_1_74' title='bbox 1561 759 1743 816; x_wconf 84' lang='lat' dir='ltr'><strong>Jesum</strong></span> <span class='ocrx_word' id='word_1_75' title='bbox 1767 761 1926 816; x_wconf 89' lang='lat' dir='ltr'><strong>Chri-</strong></span> <span class='ocrx_word' id='word_1_76' title='bbox 2028 758 2425 813; x_wconf 81' lang='lat' dir='ltr'><strong>servationibus</strong></span> <span class='ocrx_word' id='word_1_77' title='bbox 2476 759 2828 814; x_wconf 88' lang='lat' dir='ltr'><strong>demorantur</strong></span> <span class='ocrx_word' id='word_1_78' title='bbox 2866 776 2881 824; x_wconf 91' lang='lat'><strong>;</strong></span> <span class='ocrx_word' id='word_1_79' title='bbox 2934 759 3375 828; x_wconf 86' lang='lat' dir='ltr'><strong>quandoquidem</strong></span> <span class='ocrx_word' id='word_1_80' title='bbox 3440 759 3594 812; x_wconf 84' lang='lat' dir='ltr'><strong>etiam</strong></span> 
     </span>
    </p>
   </div>
   <div class='ocr_carea' id='block_1_7' title="bbox 358 848 3596 920">
    <p class='ocr_par' dir='ltr' id='par_1_7' title="bbox 358 848 3596 920">
     <span class='ocr_line' id='line_1_7' title="bbox 358 848 3596 920; baseline -0.002 -14"><span class='ocrx_word' id='word_1_81' title='bbox 358 860 500 906; x_wconf 83' lang='lat' dir='ltr'><strong>stum</strong></span> <span class='ocrx_word' id='word_1_82' title='bbox 532 852 691 920; x_wconf 86' lang='lat' dir='ltr'><strong>sapit,</strong></span> <span class='ocrx_word' id='word_1_83' title='bbox 725 850 842 904; x_wconf 89' lang='lat' dir='ltr'><strong>sine</strong></span> <span class='ocrx_word' id='word_1_84' title='bbox 872 849 1036 904; x_wconf 88' lang='lat' dir='ltr'><strong>dubio</strong></span> <span class='ocrx_word' id='word_1_85' title='bbox 1066 863 1227 903; x_wconf 91' lang='lat' dir='ltr'><strong>omne</strong></span> <span class='ocrx_word' id='word_1_86' title='bbox 1252 852 1392 917; x_wconf 84' lang='lat' dir='ltr'><strong>quod</strong></span> <span class='ocrx_word' id='word_1_87' title='bbox 1425 854 1621 905; x_wconf 88' lang='lat' dir='ltr'><strong>bonum</strong></span> <span class='ocrx_word' id='word_1_88' title='bbox 1646 860 1728 905; x_wconf 89' lang='lat' dir='ltr'><strong>est</strong></span> <span class='ocrx_word' id='word_1_89' title='bbox 1759 851 1922 920; x_wconf 89' lang='lat' dir='ltr'><strong>sapit.</strong></span> <span class='ocrx_word' id='word_1_90' title='bbox 2027 849 2276 903; x_wconf 85' lang='lat' dir='ltr'><strong>Christus</strong></span> <span class='ocrx_word' id='word_1_91' title='bbox 2302 849 2355 903; x_wconf 93' lang='lat' dir='ltr'><strong>in</strong></span> <span class='ocrx_word' id='word_1_92' title='bbox 2386 864 2549 904; x_wconf 83' lang='lat' dir='ltr'><strong>carne</strong></span> <span class='ocrx_word' id='word_1_93' title='bbox 2577 864 2672 903; x_wconf 88' lang='lat' dir='ltr'><strong>sua</strong></span> <span class='ocrx_word' id='word_1_94' title='bbox 2693 848 3128 903; x_wconf 85' lang='lat' dir='ltr'><strong>circumcisionis</strong></span> <span class='ocrx_word' id='word_1_95' title='bbox 3160 849 3413 902; x_wconf 83' lang='lat' dir='ltr'><strong>minister</strong></span> <span class='ocrx_word' id='word_1_96' title='bbox 3436 848 3596 902; x_wconf 73' lang='lat' dir='ltr'><strong>exsti-</strong></span> 
     </span>
    </p>
   </div>
   <div class='ocr_carea' id='block_1_8' title="bbox 358 938 3600 1014">
    <p class='ocr_par' dir='ltr' id='par_1_8' title="bbox 358 938 3600 1014">
     <span class='ocr_line' id='line_1_8' title="bbox 358 938 3600 1014; baseline -0.002 -17"><span class='ocrx_word' id='word_1_97' title='bbox 358 940 487 997; x_wconf 91' lang='lat' dir='ltr'><strong>Post</strong></span> <span class='ocrx_word' id='word_1_98' title='bbox 519 943 627 995; x_wconf 81' lang='lat' dir='ltr'><strong>haec</strong></span> <span class='ocrx_word' id='word_1_99' title='bbox 659 941 736 994; x_wconf 89' lang='lat' dir='ltr'><strong>ait</strong></span> <span class='ocrx_word' id='word_1_100' title='bbox 774 961 787 994; x_wconf 91' lang='lat'>:</span> <span class='ocrx_word' id='word_1_101' title='bbox 822 938 1045 1009; x_wconf 83' lang='lat' dir='ltr'><strong>Propter</strong></span> <span class='ocrx_word' id='word_1_102' title='bbox 1081 943 1220 1010; x_wconf 88' lang='lat' dir='ltr'><strong>quod</strong></span> <span class='ocrx_word' id='word_1_103' title='bbox 1245 944 1488 1011; x_wconf 77' lang='lat' dir='ltr'><strong>suscipite</strong></span> <span class='ocrx_word' id='word_1_104' title='bbox 1520 943 1758 1009; x_wconf 82' lang='lat' dir='ltr'><strong>invicem,</strong></span> <span class='ocrx_word' id='word_1_105' title='bbox 1791 942 1927 996; x_wconf 80' lang='lat' dir='ltr'><strong>sicut</strong></span> <span class='ocrx_word' id='word_1_106' title='bbox 2030 940 2195 994; x_wconf 88' lang='lat' dir='ltr'><strong>terit:</strong></span> <span class='ocrx_word' id='word_1_107' title='bbox 2228 940 2343 995; x_wconf 86' lang='lat' dir='ltr'><strong>sive</strong></span> <span class='ocrx_word' id='word_1_108' title='bbox 2368 939 2471 993; x_wconf 88' lang='lat' dir='ltr'><strong>alio</strong></span> <span class='ocrx_word' id='word_1_109' title='bbox 2510 939 2688 1000; x_wconf 91' lang='lat' dir='ltr'><strong>modo,</strong></span> <span class='ocrx_word' id='word_1_110' title='bbox 2720 950 2780 992; x_wconf 92' lang='lat' dir='ltr'><strong>ut</strong></span> <span class='ocrx_word' id='word_1_111' title='bbox 2810 938 2957 991; x_wconf 81' lang='lat' dir='ltr'><strong>illius</strong></span> <span class='ocrx_word' id='word_1_112' title='bbox 2986 938 3419 1014; x_wconf 85' lang='lat' dir='ltr'><strong>circumcisionis</strong></span> <span class='ocrx_word' id='word_1_113' title='bbox 3453 938 3600 993; x_wconf 81' lang='lat' dir='ltr'><strong>Chri-</strong></span> 
     </span>
    </p>
   </div>
   <div class='ocr_carea' id='block_1_9' title="bbox 356 1029 3592 1103">
    <p class='ocr_par' dir='ltr' id='par_1_9' title="bbox 356 1029 3592 1103">
     <span class='ocr_line' id='line_1_9' title="bbox 356 1029 3592 1103; baseline -0.002 -13"><span class='ocrx_word' id='word_1_114' title='bbox 356 1044 407 1090; x_wconf 91' lang='lat' dir='ltr'><strong>et</strong></span> <span class='ocrx_word' id='word_1_115' title='bbox 430 1036 669 1091; x_wconf 81' lang='lat' dir='ltr'><strong>Christus</strong></span> <span class='ocrx_word' id='word_1_116' title='bbox 699 1036 925 1098; x_wconf 75' lang='lat' dir='ltr'><strong>suscepit</strong></span> <span class='ocrx_word' id='word_1_117' title='bbox 956 1049 1043 1088; x_wconf 88' lang='lat' dir='ltr'><strong>vos</strong></span> <span class='ocrx_word' id='word_1_118' title='bbox 1077 1033 1133 1086; x_wconf 89' lang='lat' dir='ltr'><strong>in</strong></span> <span class='ocrx_word' id='word_1_119' title='bbox 1155 1034 1406 1087; x_wconf 80' lang='lat' dir='ltr'><strong>honorent</strong></span> <span class='ocrx_word' id='word_1_120' title='bbox 1432 1032 1548 1089; x_wconf 87' lang='lat' dir='ltr'><strong>Dei.</strong></span> <span class='ocrx_word' id='word_1_121' title='bbox 1584 1033 1739 1100; x_wconf 87' lang='lat' dir='ltr'><strong>Quod</strong></span> <span class='ocrx_word' id='word_1_122' title='bbox 1772 1033 1923 1099; x_wconf 88' lang='lat' dir='ltr'><strong>dicit,</strong></span> <span class='ocrx_word' id='word_1_123' title='bbox 2027 1041 2142 1086; x_wconf 88' lang='lat' dir='ltr'><strong>stus</strong></span> <span class='ocrx_word' id='word_1_124' title='bbox 2175 1032 2421 1086; x_wconf 90' lang='lat' dir='ltr'><strong>minister</strong></span> <span class='ocrx_word' id='word_1_125' title='bbox 2455 1029 2565 1103; x_wconf 77' lang='grc' dir='ltr'><strong>(ἓο)</strong></span> <span class='ocrx_word' id='word_1_126' title='bbox 2601 1030 2767 1086; x_wconf 86' lang='lat' dir='ltr'><strong>fuisse</strong></span> <span class='ocrx_word' id='word_1_127' title='bbox 2797 1030 3030 1094; x_wconf 87' lang='lat' dir='ltr'><strong>dicatur,</strong></span> <span class='ocrx_word' id='word_1_128' title='bbox 3060 1034 3125 1085; x_wconf 88' lang='lat' dir='ltr'><strong>de</strong></span> <span class='ocrx_word' id='word_1_129' title='bbox 3148 1046 3252 1100; x_wconf 87' lang='lat' dir='ltr'><strong>qua</strong></span> <span class='ocrx_word' id='word_1_130' title='bbox 3284 1031 3425 1085; x_wconf 88' lang='lat' dir='ltr'><strong>idem</strong></span> <span class='ocrx_word' id='word_1_131' title='bbox 3452 1030 3592 1100; x_wconf 81' lang='lat' dir='ltr'><strong>Apo-</strong></span> 
     </span>
    </p>
   </div>
   <div class='ocr_carea' id='block_1_10' title="bbox 356 1122 3597 1197">
    <p class='ocr_par' dir='ltr' id='par_1_10' title="bbox 356 1122 3597 1197">
     <span class='ocr_line' id='line_1_10' title="bbox 356 1122 3597 1197; baseline -0.002 -14"><span class='ocrx_word' id='word_1_132' title='bbox 356 1129 602 1197; x_wconf 68' lang='lat' dir='ltr'><strong>susCipite</strong></span> <span class='ocrx_word' id='word_1_133' title='bbox 626 1128 861 1193; x_wconf 81' lang='lat' dir='ltr'><strong>invicem,</strong></span> <span class='ocrx_word' id='word_1_134' title='bbox 898 1127 964 1180; x_wconf 90' lang='lat' dir='ltr'><strong>ad</strong></span> <span class='ocrx_word' id='word_1_135' title='bbox 1007 1126 1135 1181; x_wconf 91' lang='lat' dir='ltr'><strong>illud</strong></span> <span class='ocrx_word' id='word_1_136' title='bbox 1163 1125 1505 1181; x_wconf 78' lang='lat' dir='ltr'><strong>referendum</strong></span> <span class='ocrx_word' id='word_1_137' title='bbox 1534 1137 1617 1182; x_wconf 89' lang='lat' dir='ltr'><strong>est</strong></span> <span class='ocrx_word' id='word_1_138' title='bbox 1642 1128 1786 1197; x_wconf 88' lang='lat' dir='ltr'><strong>quod</strong></span> <span class='ocrx_word' id='word_1_139' title='bbox 1813 1128 1924 1196; x_wconf 88' lang='lat' dir='ltr'><strong>pri-</strong></span> <span class='ocrx_word' id='word_1_140' title='bbox 2027 1123 2196 1179; x_wconf 88' lang='lat' dir='ltr'><strong>stolus</strong></span> <span class='ocrx_word' id='word_1_141' title='bbox 2229 1124 2468 1178; x_wconf 77' lang='lat' dir='ltr'><strong>dicit”:</strong></span> <span class='ocrx_word' id='word_1_142' title='bbox 2508 1123 2629 1177; x_wconf 84' lang='lat' dir='ltr'><strong>Non</strong></span> <span class='ocrx_word' id='word_1_143' title='bbox 2663 1125 2797 1176; x_wconf 87' lang='lat' dir='ltr'><strong>enim</strong></span> <span class='ocrx_word' id='word_1_144' title='bbox 2833 1125 2922 1194; x_wconf 97' lang='lat' dir='ltr'><strong>qui</strong></span> <span class='ocrx_word' id='word_1_145' title='bbox 2959 1124 3017 1177; x_wconf 88' lang='lat' dir='ltr'><strong>iu</strong></span> <span class='ocrx_word' id='word_1_146' title='bbox 3057 1123 3341 1191; x_wconf 82' lang='lat' dir='ltr'><strong>manifesto</strong></span> <span class='ocrx_word' id='word_1_147' title='bbox 3380 1122 3597 1177; x_wconf 75' lang='lat' dir='ltr'><strong>Judrzus</strong></span> 
     </span>
    </p>
   </div>
   <div class='ocr_carea' id='block_1_11' title="bbox 358 1214 3597 1291">
    <p class='ocr_par' dir='ltr' id='par_1_11' title="bbox 358 1214 3597 1291">
     <span class='ocr_line' id='line_1_11' title="bbox 358 1214 3597 1291; baseline -0.002 -19"><span class='ocrx_word' id='word_1_148' title='bbox 358 1235 448 1274; x_wconf 90' lang='lat' dir='ltr'><strong>mo</strong></span> <span class='ocrx_word' id='word_1_149' title='bbox 476 1226 829 1289; x_wconf 89' lang='lat' dir='ltr'><strong>proposuerat</strong></span> <span class='ocrx_word' id='word_1_150' title='bbox 855 1219 966 1291; x_wconf 75' lang='grc'><strong>(15)</strong></span> <span class='ocrx_word' id='word_1_151' title='bbox 992 1260 1008 1287; x_wconf 85' lang='grc'><em>,</em></span> <span class='ocrx_word' id='word_1_152' title='bbox 1039 1220 1128 1274; x_wconf 89' lang='lat' dir='ltr'><strong>ubi</strong></span> <span class='ocrx_word' id='word_1_153' title='bbox 1154 1219 1447 1273; x_wconf 87' lang='lat' dir='ltr'><strong>occasione</strong></span> <span class='ocrx_word' id='word_1_154' title='bbox 1488 1220 1805 1273; x_wconf 86' lang='lat' dir='ltr'><strong>mundorum</strong></span> <span class='ocrx_word' id='word_1_155' title='bbox 1838 1220 1924 1274; x_wconf 81' lang='lat' dir='ltr'><strong>vel</strong></span> <span class='ocrx_word' id='word_1_156' title='bbox 2025 1224 2123 1280; x_wconf 90' lang='lat' dir='ltr'><strong>est,</strong></span> <span class='ocrx_word' id='word_1_157' title='bbox 2147 1232 2309 1286; x_wconf 88' lang='lat' dir='ltr'><strong>neque</strong></span> <span class='ocrx_word' id='word_1_158' title='bbox 2334 1232 2451 1286; x_wconf 76' lang='lat' dir='ltr'><strong>qute</strong></span> <span class='ocrx_word' id='word_1_159' title='bbox 2480 1214 2757 1283; x_wconf 80' lang='lat' dir='ltr'><strong>manifesta</strong></span> <span class='ocrx_word' id='word_1_160' title='bbox 2779 1215 2832 1268; x_wconf 88' lang='lat' dir='ltr'><strong>in</strong></span> <span class='ocrx_word' id='word_1_161' title='bbox 2852 1230 3008 1268; x_wconf 87' lang='lat' dir='ltr'><strong>carne</strong></span> <span class='ocrx_word' id='word_1_162' title='bbox 3034 1223 3110 1268; x_wconf 86' lang='lat' dir='ltr'><strong>est</strong></span> <span class='ocrx_word' id='word_1_163' title='bbox 3136 1214 3490 1278; x_wconf 74' lang='lat' dir='ltr'><strong>circumcisio,</strong></span> <span class='ocrx_word' id='word_1_164' title='bbox 3508 1215 3597 1268; x_wconf 82' lang='lat' dir='ltr'><strong>sed</strong></span> 
     </span>
    </p>
   </div>
   <div class='ocr_carea' id='block_1_12' title="bbox 358 1305 3595 1383">
    <p class='ocr_par' dir='ltr' id='par_1_12' title="bbox 358 1305 3595 1383">
     <span class='ocr_line' id='line_1_12' title="bbox 358 1305 3595 1383; baseline -0.002 -19"><span class='ocrx_word' id='word_1_165' title='bbox 358 1309 756 1365; x_wconf 88' lang='lat' dir='ltr'><strong>immundorum</strong></span> <span class='ocrx_word' id='word_1_166' title='bbox 783 1311 1024 1365; x_wconf 87' lang='lat' dir='ltr'><strong>ciborum</strong></span> <span class='ocrx_word' id='word_1_167' title='bbox 1057 1309 1224 1383; x_wconf 62' lang='grc'><strong>674</strong></span> <span class='ocrx_word' id='word_1_168' title='bbox 1265 1312 1479 1364; x_wconf 86' lang='lat' dir='ltr'><strong>diversa</strong></span> <span class='ocrx_word' id='word_1_169' title='bbox 1517 1311 1812 1366; x_wconf 87' lang='lat' dir='ltr'><strong>sentientes</strong></span> <span class='ocrx_word' id='word_1_170' title='bbox 1855 1313 1922 1366; x_wconf 81' lang='lat' dir='ltr'><strong>ab</strong></span> <span class='ocrx_word' id='word_1_171' title='bbox 2024 1308 2113 1377; x_wconf 86' lang='lat' dir='ltr'><strong>qui</strong></span> <span class='ocrx_word' id='word_1_172' title='bbox 2138 1309 2189 1360; x_wconf 89' lang='lat' dir='ltr'><strong>in</strong></span> <span class='ocrx_word' id='word_1_173' title='bbox 2208 1307 2410 1361; x_wconf 87' lang='lat' dir='ltr'><strong>occulto</strong></span> <span class='ocrx_word' id='word_1_174' title='bbox 2429 1307 2651 1362; x_wconf 77' lang='lat' dir='ltr'><strong>Judteus</strong></span> <span class='ocrx_word' id='word_1_175' title='bbox 2668 1315 2764 1369; x_wconf 88' lang='lat' dir='ltr'><strong>est,</strong></span> <span class='ocrx_word' id='word_1_176' title='bbox 2797 1305 2910 1375; x_wconf 77' lang='grc'><strong>(21)</strong></span> <span class='ocrx_word' id='word_1_177' title='bbox 2933 1315 2983 1360; x_wconf 91' lang='lat' dir='ltr'><strong>et</strong></span> <span class='ocrx_word' id='word_1_178' title='bbox 3004 1307 3333 1360; x_wconf 82' lang='lat' dir='ltr'><strong>circumcisio</strong></span> <span class='ocrx_word' id='word_1_179' title='bbox 3353 1305 3526 1359; x_wconf 82' lang='lat' dir='ltr'><strong>cordis</strong></span> <span class='ocrx_word' id='word_1_180' title='bbox 3545 1309 3595 1359; x_wconf 87' lang='lat' dir='ltr'><strong>in</strong></span> 
     </span>
    </p>
   </div>
   <div class='ocr_carea' id='block_1_13' title="bbox 358 1397 3592 1470">
    <p class='ocr_par' dir='ltr' id='par_1_13' title="bbox 358 1397 3592 1470">
     <span class='ocr_line' id='line_1_13' title="bbox 358 1397 3592 1470; baseline -0.002 -14"><span class='ocrx_word' id='word_1_181' title='bbox 358 1401 587 1456; x_wconf 84' lang='lat' dir='ltr'><strong>invicem</strong></span> <span class='ocrx_word' id='word_1_182' title='bbox 631 1401 1049 1469; x_wconf 85' lang='lat' dir='ltr'><strong>discrepabant;</strong></span> <span class='ocrx_word' id='word_1_183' title='bbox 1094 1412 1149 1458; x_wconf 86' lang='lat' dir='ltr'><strong>et</strong></span> <span class='ocrx_word' id='word_1_184' title='bbox 1198 1405 1275 1456; x_wconf 89' lang='lat' dir='ltr'><strong>ait</strong></span> <span class='ocrx_word' id='word_1_185' title='bbox 1310 1421 1322 1454; x_wconf 93' lang='lat'><strong>:</strong></span> <span class='ocrx_word' id='word_1_186' title='bbox 1365 1401 1628 1470; x_wconf 85' lang='lat' dir='ltr'><strong>Suscipite</strong></span> <span class='ocrx_word' id='word_1_187' title='bbox 1677 1401 1920 1467; x_wconf 78' lang='lat' dir='ltr'><strong>invicem,</strong></span> <span class='ocrx_word' id='word_1_188' title='bbox 2026 1402 2233 1469; x_wconf 77' lang='lat' dir='ltr'><strong>spiritu,</strong></span> <span class='ocrx_word' id='word_1_189' title='bbox 2283 1417 2385 1454; x_wconf 88' lang='lat' dir='ltr'><strong>non</strong></span> <span class='ocrx_word' id='word_1_190' title='bbox 2422 1399 2631 1464; x_wconf 82' lang='lat' dir='ltr'><strong>littera,</strong></span> <span class='ocrx_word' id='word_1_191' title='bbox 2683 1400 2837 1469; x_wconf 90' lang='lat' dir='ltr'><strong>cujus</strong></span> <span class='ocrx_word' id='word_1_192' title='bbox 2884 1399 3004 1453; x_wconf 88' lang='lat' dir='ltr'><strong>laus</strong></span> <span class='ocrx_word' id='word_1_193' title='bbox 3047 1414 3151 1451; x_wconf 90' lang='lat' dir='ltr'><strong>non</strong></span> <span class='ocrx_word' id='word_1_194' title='bbox 3192 1413 3255 1450; x_wconf 73' lang='lat' dir='ltr'><strong>ea:</strong></span> <span class='ocrx_word' id='word_1_195' title='bbox 3281 1397 3592 1459; x_wconf 80' lang='lat' dir='ltr'><strong>hominibus,</strong></span> 
     </span>
    </p>
   </div>
   <div class='ocr_carea' id='block_1_14' title="bbox 357 1487 3593 1561">
    <p class='ocr_par' dir='ltr' id='par_1_14' title="bbox 357 1487 3593 1561">
     <span class='ocr_line' id='line_1_14' title="bbox 357 1487 3593 1561; baseline -0.002 -12"><span class='ocrx_word' id='word_1_196' title='bbox 357 1495 493 1549; x_wconf 80' lang='lat' dir='ltr'><strong>sicut</strong></span> <span class='ocrx_word' id='word_1_197' title='bbox 516 1503 562 1547; x_wconf 90' lang='lat' dir='ltr'><strong>et</strong></span> <span class='ocrx_word' id='word_1_198' title='bbox 585 1492 824 1547; x_wconf 85' lang='lat' dir='ltr'><strong>Christus</strong></span> <span class='ocrx_word' id='word_1_199' title='bbox 847 1493 1067 1561; x_wconf 86' lang='lat' dir='ltr'><strong>suscepit</strong></span> <span class='ocrx_word' id='word_1_200' title='bbox 1092 1509 1202 1559; x_wconf 83' lang='lat' dir='ltr'><strong>vos,</strong></span> <span class='ocrx_word' id='word_1_201' title='bbox 1230 1493 1320 1560; x_wconf 86' lang='lat' dir='ltr'><strong>qui</strong></span> <span class='ocrx_word' id='word_1_202' title='bbox 1350 1492 1549 1547; x_wconf 88' lang='lat' dir='ltr'><strong>nullius</strong></span> <span class='ocrx_word' id='word_1_203' title='bbox 1581 1495 1790 1548; x_wconf 88' lang='lat' dir='ltr'><strong>horruit</strong></span> <span class='ocrx_word' id='word_1_204' title='bbox 1822 1494 1924 1546; x_wconf 87' lang='lat' dir='ltr'><strong>im—</strong></span> <span class='ocrx_word' id='word_1_205' title='bbox 2024 1491 2113 1544; x_wconf 87' lang='lat' dir='ltr'><strong>sed</strong></span> <span class='ocrx_word' id='word_1_206' title='bbox 2139 1508 2204 1544; x_wconf 77' lang='lat' dir='ltr'><strong>ex</strong></span> <span class='ocrx_word' id='word_1_207' title='bbox 2222 1490 2328 1544; x_wconf 90' lang='lat' dir='ltr'><strong>Deo</strong></span> <span class='ocrx_word' id='word_1_208' title='bbox 2343 1500 2452 1553; x_wconf 88' lang='lat' dir='ltr'><strong>est;</strong></span> <span class='ocrx_word' id='word_1_209' title='bbox 2482 1502 2533 1545; x_wconf 91' lang='lat' dir='ltr'><strong>et</strong></span> <span class='ocrx_word' id='word_1_210' title='bbox 2556 1491 2851 1545; x_wconf 88' lang='lat' dir='ltr'><strong>secundum</strong></span> <span class='ocrx_word' id='word_1_211' title='bbox 2871 1489 3016 1558; x_wconf 85' lang='lat' dir='ltr'><strong>quod</strong></span> <span class='ocrx_word' id='word_1_212' title='bbox 3050 1489 3190 1543; x_wconf 84' lang='lat' dir='ltr'><strong>idem</strong></span> <span class='ocrx_word' id='word_1_213' title='bbox 3222 1487 3516 1557; x_wconf 83' lang='lat' dir='ltr'><strong>Apostolus</strong></span> <span class='ocrx_word' id='word_1_214' title='bbox 3538 1487 3593 1541; x_wconf 89' lang='lat' dir='ltr'><strong>in</strong></span> 
     </span>
    </p>
   </div>
   <div class='ocr_carea' id='block_1_15' title="bbox 359 1578 3596 1654">
    <p class='ocr_par' dir='ltr' id='par_1_15' title="bbox 359 1578 3596 1654">
     <span class='ocr_line' id='line_1_15' title="bbox 359 1578 3596 1654; baseline -0.003 -14"><span class='ocrx_word' id='word_1_215' title='bbox 359 1586 652 1642; x_wconf 85' lang='lat' dir='ltr'><strong>munditias</strong></span> <span class='ocrx_word' id='word_1_216' title='bbox 674 1625 689 1650; x_wconf 93' lang='lat'><strong>,</strong></span> <span class='ocrx_word' id='word_1_217' title='bbox 741 1600 840 1638; x_wconf 88' lang='lat' dir='ltr'><strong>nec</strong></span> <span class='ocrx_word' id='word_1_218' title='bbox 872 1585 1141 1654; x_wconf 86' lang='lat' dir='ltr'><strong>reputavit</strong></span> <span class='ocrx_word' id='word_1_219' title='bbox 1176 1585 1335 1639; x_wconf 90' lang='lat' dir='ltr'><strong>alicui</strong></span> <span class='ocrx_word' id='word_1_220' title='bbox 1388 1585 1582 1640; x_wconf 90' lang='lat' dir='ltr'><strong>delicta</strong></span> <span class='ocrx_word' id='word_1_221' title='bbox 1612 1600 1731 1640; x_wconf 86' lang='lat' dir='ltr'><strong>sua.</strong></span> <span class='ocrx_word' id='word_1_222' title='bbox 1781 1586 1920 1640; x_wconf 83' lang='lat' dir='ltr'><strong>Nihil</strong></span> <span class='ocrx_word' id='word_1_223' title='bbox 2024 1579 2146 1634; x_wconf 86' lang='lat' dir='ltr'><strong>aliis</strong></span> <span class='ocrx_word' id='word_1_224' title='bbox 2165 1580 2291 1634; x_wconf 91' lang='lat' dir='ltr'><strong>dicit</strong></span> <span class='ocrx_word' id='word_1_225' title='bbox 2314 1581 2329 1610; x_wconf 74' lang='grc' dir='ltr'>ί</span> <span class='ocrx_word' id='word_1_226' title='bbox 2360 1579 2498 1650; x_wconf 68' lang='lat'><strong>:(22)</strong></span> <span class='ocrx_word' id='word_1_227' title='bbox 2520 1579 2585 1632; x_wconf 88' lang='lat' dir='ltr'><strong>In</strong></span> <span class='ocrx_word' id='word_1_228' title='bbox 2609 1595 2708 1649; x_wconf 90' lang='lat' dir='ltr'><strong>quo</strong></span> <span class='ocrx_word' id='word_1_229' title='bbox 2735 1580 2897 1631; x_wconf 89' lang='lat' dir='ltr'><strong>etiam</strong></span> <span class='ocrx_word' id='word_1_230' title='bbox 2919 1578 3212 1630; x_wconf 82' lang='lat' dir='ltr'><strong>circumcisi</strong></span> <span class='ocrx_word' id='word_1_231' title='bbox 3233 1578 3356 1631; x_wconf 85' lang='lat' dir='ltr'><strong>estis</strong></span> <span class='ocrx_word' id='word_1_232' title='bbox 3377 1578 3596 1630; x_wconf 76' lang='lat' dir='ltr'><strong>circum-</strong></span> 
     </span>
    </p>
   </div>
   <div class='ocr_carea' id='block_1_16' title="bbox 355 1670 3593 1746">
    <p class='ocr_par' dir='ltr' id='par_1_16' title="bbox 355 1670 3593 1746">
     <span class='ocr_line' id='line_1_16' title="bbox 355 1670 3593 1746; baseline -0.002 -15"><span class='ocrx_word' id='word_1_233' title='bbox 355 1689 485 1746; x_wconf 76' lang='lat' dir='ltr'><strong>ergo</strong></span> <span class='ocrx_word' id='word_1_234' title='bbox 505 1674 573 1731; x_wconf 89' lang='lat' dir='ltr'><strong>de</strong></span> <span class='ocrx_word' id='word_1_235' title='bbox 597 1674 934 1729; x_wconf 88' lang='lat' dir='ltr'><strong>immunditia</strong></span> <span class='ocrx_word' id='word_1_236' title='bbox 959 1673 1072 1745; x_wconf 85' lang='grc'><strong>(16)</strong></span> <span class='ocrx_word' id='word_1_237' title='bbox 1100 1675 1411 1730; x_wconf 88' lang='lat' dir='ltr'><strong>animalium</strong></span> <span class='ocrx_word' id='word_1_238' title='bbox 1462 1676 1732 1743; x_wconf 77' lang='lat' dir='ltr'><strong>iudicetis,</strong></span> <span class='ocrx_word' id='word_1_239' title='bbox 1778 1677 1922 1731; x_wconf 91' lang='lat' dir='ltr'><strong>sicut</strong></span> <span class='ocrx_word' id='word_1_240' title='bbox 1956 1734 1996 1746; x_wconf 40' lang='lat' dir='ltr'><strong>ﬁ</strong></span> <span class='ocrx_word' id='word_1_241' title='bbox 2026 1673 2350 1725; x_wconf 78' lang='lat' dir='ltr'><strong>cisione‘non</strong></span> <span class='ocrx_word' id='word_1_242' title='bbox 2380 1671 2689 1738; x_wconf 78' lang='lat' dir='ltr'><strong>manufacta</strong></span> <span class='ocrx_word' id='word_1_243' title='bbox 2718 1672 2772 1723; x_wconf 91' lang='lat' dir='ltr'><strong>in</strong></span> <span class='ocrx_word' id='word_1_244' title='bbox 2800 1670 3184 1739; x_wconf 74' lang='lat' dir='ltr'><strong>exspoliatione</strong></span> <span class='ocrx_word' id='word_1_245' title='bbox 3215 1671 3450 1739; x_wconf 87' lang='lat' dir='ltr'><strong>corporis</strong></span> <span class='ocrx_word' id='word_1_246' title='bbox 3481 1686 3593 1723; x_wconf 82' lang='lat' dir='ltr'><strong>car-</strong></span> 
     </span>
    </p>
   </div>
   <div class='ocr_carea' id='block_1_17' title="bbox 360 1734 3591 1838">
    <p class='ocr_par' dir='ltr' id='par_1_17' title="bbox 360 1734 3591 1838">
     <span class='ocr_line' id='line_1_17' title="bbox 360 1734 3591 1838; baseline -0.001 -17"><span class='ocrx_word' id='word_1_247' title='bbox 360 1782 461 1821; x_wconf 87' lang='lat' dir='ltr'><strong>nec</strong></span> <span class='ocrx_word' id='word_1_248' title='bbox 492 1766 582 1820; x_wconf 90' lang='lat' dir='ltr'><strong>ille</strong></span> <span class='ocrx_word' id='word_1_249' title='bbox 621 1765 992 1819; x_wconf 85' lang='lat' dir='ltr'><strong>immunditias</strong></span> <span class='ocrx_word' id='word_1_250' title='bbox 1016 1766 1349 1821; x_wconf 85' lang='lat' dir='ltr'><strong>credentium</strong></span> <span class='ocrx_word' id='word_1_251' title='bbox 1377 1769 1658 1836; x_wconf 80' lang='lat' dir='ltr'><strong>reputavit.</strong></span> <span class='ocrx_word' id='word_1_252' title='bbox 1682 1768 1848 1838; x_wconf 86' lang='lat' dir='ltr'><strong>thui</strong></span> <span class='ocrx_word' id='word_1_253' title='bbox 1868 1769 1920 1822; x_wconf 91' lang='lat' dir='ltr'><strong>in</strong></span> <span class='ocrx_word' id='word_1_254' title='bbox 1956 1734 1998 1788; x_wconf 80' lang='lat' dir='ltr'><strong>B</strong></span> <span class='ocrx_word' id='word_1_255' title='bbox 2025 1767 2137 1831; x_wconf 87' lang='lat' dir='ltr'><strong>nis,</strong></span> <span class='ocrx_word' id='word_1_256' title='bbox 2171 1765 2260 1818; x_wconf 89' lang='lat' dir='ltr'><strong>sed</strong></span> <span class='ocrx_word' id='word_1_257' title='bbox 2300 1766 2355 1818; x_wconf 90' lang='lat' dir='ltr'><strong>in</strong></span> <span class='ocrx_word' id='word_1_258' title='bbox 2403 1764 2796 1818; x_wconf 85' lang='lat' dir='ltr'><strong>circumcisione</strong></span> <span class='ocrx_word' id='word_1_259' title='bbox 2841 1764 3079 1830; x_wconf 76' lang='lat' dir='ltr'><strong>Christi,</strong></span> <span class='ocrx_word' id='word_1_260' title='bbox 3121 1762 3414 1831; x_wconf 86' lang='lat' dir='ltr'><strong>consepulti</strong></span> <span class='ocrx_word' id='word_1_261' title='bbox 3462 1764 3509 1818; x_wconf 90' lang='lat' dir='ltr'><strong>ei</strong></span> <span class='ocrx_word' id='word_1_262' title='bbox 3537 1765 3591 1819; x_wconf 82' lang='lat' dir='ltr'><strong>in</strong></span> 
     </span>
    </p>
   </div>
   <div class='ocr_carea' id='block_1_18' title="bbox 358 1855 3591 1928">
    <p class='ocr_par' dir='ltr' id='par_1_18' title="bbox 358 1855 3591 1928">
     <span class='ocr_line' id='line_1_18' title="bbox 358 1855 3591 1928; baseline -0.001 -15"><span class='ocrx_word' id='word_1_263' title='bbox 358 1858 728 1928; x_wconf 86' lang='lat' dir='ltr'><strong>superioribus</strong></span> <span class='ocrx_word' id='word_1_264' title='bbox 773 1859 1036 1913; x_wconf 81' lang='lat' dir='ltr'><strong>dixerat:</strong></span> <span class='ocrx_word' id='word_1_265' title='bbox 1092 1858 1196 1924; x_wconf 84' lang='lat' dir='ltr'><strong>Qui</strong></span> <span class='ocrx_word' id='word_1_266' title='bbox 1233 1869 1409 1913; x_wconf 85' lang='lat' dir='ltr'><strong>autem</strong></span> <span class='ocrx_word' id='word_1_267' title='bbox 1448 1861 1774 1924; x_wconf 84' lang='lat' dir='ltr'><strong>manducat,</strong></span> <span class='ocrx_word' id='word_1_268' title='bbox 1814 1877 1918 1914; x_wconf 88' lang='lat' dir='ltr'><strong>non</strong></span> <span class='ocrx_word' id='word_1_269' title='bbox 2029 1858 2306 1925; x_wconf 86' lang='lat' dir='ltr'><strong>baptismo.</strong></span> <span class='ocrx_word' id='word_1_270' title='bbox 2392 1856 2496 1910; x_wconf 88' lang='lat' dir='ltr'><strong>Per</strong></span> <span class='ocrx_word' id='word_1_271' title='bbox 2558 1855 2872 1926; x_wconf 87' lang='lat' dir='ltr'><strong>bujusmodi</strong></span> <span class='ocrx_word' id='word_1_272' title='bbox 2941 1871 3069 1927; x_wconf 80' lang='lat' dir='ltr'><strong>ergo</strong></span> <span class='ocrx_word' id='word_1_273' title='bbox 3127 1855 3591 1911; x_wconf 73' lang='lat' dir='ltr'><strong>circumcisioneer</strong></span> 
     </span>
    </p>
   </div>
   <div class='ocr_carea' id='block_1_19' title="bbox 359 1945 3587 2018">
    <p class='ocr_par' dir='ltr' id='par_1_19' title="bbox 359 1945 3587 2018">
     <span class='ocr_line' id='line_1_19' title="bbox 359 1945 3587 2018; baseline -0.002 -14"><span class='ocrx_word' id='word_1_274' title='bbox 359 1951 758 2004; x_wconf 84' lang='lat' dir='ltr'><strong>manducantem</strong></span> <span class='ocrx_word' id='word_1_275' title='bbox 797 1967 901 2003; x_wconf 85' lang='lat' dir='ltr'><strong>non</strong></span> <span class='ocrx_word' id='word_1_276' title='bbox 933 1950 1184 2018; x_wconf 88' lang='lat' dir='ltr'><strong>judicet;</strong></span> <span class='ocrx_word' id='word_1_277' title='bbox 1216 1951 1354 2006; x_wconf 89' lang='lat' dir='ltr'><strong>Deus</strong></span> <span class='ocrx_word' id='word_1_278' title='bbox 1381 1953 1517 2006; x_wconf 90' lang='lat' dir='ltr'><strong>enim</strong></span> <span class='ocrx_word' id='word_1_279' title='bbox 1546 1952 1695 2004; x_wconf 86' lang='lat' dir='ltr'><strong>illum</strong></span> <span class='ocrx_word' id='word_1_280' title='bbox 1721 1970 1921 2006; x_wconf 88' lang='lat' dir='ltr'><strong>assum-</strong></span> <span class='ocrx_word' id='word_1_281' title='bbox 2025 1959 2231 2001; x_wconf 87' lang='lat' dir='ltr'><strong>certum</strong></span> <span class='ocrx_word' id='word_1_282' title='bbox 2279 1956 2365 2001; x_wconf 86' lang='lat' dir='ltr'><strong>est</strong></span> <span class='ocrx_word' id='word_1_283' title='bbox 2418 1945 2636 2000; x_wconf 83' lang='lat' dir='ltr'><strong>Patrum</strong></span> <span class='ocrx_word' id='word_1_284' title='bbox 2682 1947 3067 2017; x_wconf 81' lang='lat' dir='ltr'><strong>promissiones</strong></span> <span class='ocrx_word' id='word_1_285' title='bbox 3119 1961 3239 2002; x_wconf 86' lang='lat' dir='ltr'><strong>esse</strong></span> <span class='ocrx_word' id='word_1_286' title='bbox 3278 1945 3587 2016; x_wconf 66' lang='lat' dir='ltr'><strong>completas.</strong></span> 
     </span>
    </p>
   </div>
   <div class='ocr_carea' id='block_1_20' title="bbox 356 2037 3590 2113">
    <p class='ocr_par' dir='ltr' id='par_1_20' title="bbox 356 2037 3590 2113">
     <span class='ocr_line' id='line_1_20' title="bbox 356 2037 3590 2113; baseline -0.001 -21"><span class='ocrx_word' id='word_1_287' title='bbox 356 2040 455 2107; x_wconf 86' lang='lat' dir='ltr'><strong>psit</strong></span> <span class='ocrx_word' id='word_1_288' title='bbox 478 2039 523 2070; x_wconf 80' lang='lat'>&quot;</span> <span class='ocrx_word' id='word_1_289' title='bbox 551 2078 568 2105; x_wconf 92' lang='lat'><strong>,</strong></span> <span class='ocrx_word' id='word_1_290' title='bbox 594 2038 683 2093; x_wconf 85' lang='lat' dir='ltr'><strong>hic</strong></span> <span class='ocrx_word' id='word_1_291' title='bbox 721 2039 892 2093; x_wconf 79' lang='lat' dir='ltr'><strong>dixit:</strong></span> <span class='ocrx_word' id='word_1_292' title='bbox 928 2037 1076 2093; x_wconf 90' lang='lat' dir='ltr'><strong>Sicut</strong></span> <span class='ocrx_word' id='word_1_293' title='bbox 1124 2039 1360 2095; x_wconf 81' lang='lat' dir='ltr'><strong>Christus</strong></span> <span class='ocrx_word' id='word_1_294' title='bbox 1392 2041 1502 2113; x_wconf 82' lang='grc'><strong>(17)</strong></span> <span class='ocrx_word' id='word_1_295' title='bbox 1546 2045 1768 2111; x_wconf 79' lang='lat' dir='ltr'><strong>suscepit</strong></span> <span class='ocrx_word' id='word_1_296' title='bbox 1797 2060 1920 2097; x_wconf 90' lang='lat' dir='ltr'><strong>vos:</strong></span> <span class='ocrx_word' id='word_1_297' title='bbox 2025 2040 2157 2106; x_wconf 63' lang='lat' dir='ltr'><strong>Quae</strong></span> <span class='ocrx_word' id='word_1_298' title='bbox 2198 2049 2378 2093; x_wconf 89' lang='lat' dir='ltr'><strong>autem</strong></span> <span class='ocrx_word' id='word_1_299' title='bbox 2422 2038 2616 2093; x_wconf 82' lang='lat' dir='ltr'><strong>iuerint</strong></span> <span class='ocrx_word' id='word_1_300' title='bbox 2645 2040 3049 2109; x_wconf 85' lang='lat' dir='ltr'><strong>promissiones,</strong></span> <span class='ocrx_word' id='word_1_301' title='bbox 3094 2039 3324 2094; x_wconf 91' lang='lat' dir='ltr'><strong>subditis</strong></span> <span class='ocrx_word' id='word_1_302' title='bbox 3353 2038 3590 2092; x_wconf 82' lang='lat' dir='ltr'><strong>declarat</strong></span> 
     </span>
    </p>
   </div>
   <div class='ocr_carea' id='block_1_21' title="bbox 357 2129 3593 2203">
    <p class='ocr_par' dir='ltr' id='par_1_21' title="bbox 357 2129 3593 2203">
     <span class='ocr_line' id='line_1_21' title="bbox 357 2129 3593 2203; baseline -0 -20"><span class='ocrx_word' id='word_1_303' title='bbox 357 2137 417 2184; x_wconf 91' lang='lat' dir='ltr'><strong>ut</strong></span> <span class='ocrx_word' id='word_1_304' title='bbox 446 2131 756 2185; x_wconf 89' lang='lat' dir='ltr'><strong>ostenderet</strong></span> <span class='ocrx_word' id='word_1_305' title='bbox 785 2144 951 2184; x_wconf 91' lang='lat' dir='ltr'><strong>unum</strong></span> <span class='ocrx_word' id='word_1_306' title='bbox 983 2139 1145 2200; x_wconf 89' lang='lat' dir='ltr'><strong>atque</strong></span> <span class='ocrx_word' id='word_1_307' title='bbox 1173 2133 1310 2187; x_wconf 85' lang='lat' dir='ltr'><strong>idem</strong></span> <span class='ocrx_word' id='word_1_308' title='bbox 1352 2147 1472 2188; x_wconf 89' lang='lat' dir='ltr'><strong>esse</strong></span> <span class='ocrx_word' id='word_1_309' title='bbox 1503 2149 1533 2186; x_wconf 88' lang='lat' dir='ltr'><strong>a</strong></span> <span class='ocrx_word' id='word_1_310' title='bbox 1566 2135 1673 2187; x_wconf 87' lang='lat' dir='ltr'><strong>Deo</strong></span> <span class='ocrx_word' id='word_1_311' title='bbox 1697 2136 1919 2203; x_wconf 87' lang='lat' dir='ltr'><strong>suscipi,</strong></span> <span class='ocrx_word' id='word_1_312' title='bbox 2026 2131 2285 2200; x_wconf 80' lang='lat' dir='ltr'><strong>exemplis</strong></span> <span class='ocrx_word' id='word_1_313' title='bbox 2302 2130 2495 2200; x_wconf 87' lang='lat' dir='ltr'><strong>quibus</strong></span> <span class='ocrx_word' id='word_1_314' title='bbox 2513 2131 2669 2186; x_wconf 88' lang='lat' dir='ltr'><strong>dicit:</strong></span> <span class='ocrx_word' id='word_1_315' title='bbox 2698 2131 2812 2198; x_wconf 72' lang='lat'><strong>(23)</strong></span> <span class='ocrx_word' id='word_1_316' title='bbox 2837 2129 3116 2201; x_wconf 86' lang='lat' dir='ltr'><strong>Propterea</strong></span> <span class='ocrx_word' id='word_1_317' title='bbox 3131 2130 3419 2199; x_wconf 82' lang='lat' dir='ltr'><strong>conﬁtebor</strong></span> <span class='ocrx_word' id='word_1_318' title='bbox 3438 2130 3527 2183; x_wconf 84' lang='lat' dir='ltr'><strong>tibi</strong></span> <span class='ocrx_word' id='word_1_319' title='bbox 3543 2129 3593 2183; x_wconf 79' lang='lat' dir='ltr'><strong>in</strong></span> 
     </span>
    </p>
   </div>
   <div class='ocr_carea' id='block_1_22' title="bbox 354 2218 3593 2292">
    <p class='ocr_par' dir='ltr' id='par_1_22' title="bbox 354 2218 3593 2292">
     <span class='ocr_line' id='line_1_22' title="bbox 354 2218 3593 2292; baseline -0.001 -18"><span class='ocrx_word' id='word_1_320' title='bbox 354 2229 410 2274; x_wconf 84' lang='lat' dir='ltr'><strong>et</strong></span> <span class='ocrx_word' id='word_1_321' title='bbox 435 2236 464 2274; x_wconf 92' lang='lat' dir='ltr'><strong>a</strong></span> <span class='ocrx_word' id='word_1_322' title='bbox 497 2219 738 2275; x_wconf 89' lang='lat' dir='ltr'><strong>Christo.</strong></span> <span class='ocrx_word' id='word_1_323' title='bbox 773 2218 938 2274; x_wconf 86' lang='lat' dir='ltr'><strong>Addit</strong></span> <span class='ocrx_word' id='word_1_324' title='bbox 965 2229 1145 2274; x_wconf 88' lang='lat' dir='ltr'><strong>autem</strong></span> <span class='ocrx_word' id='word_1_325' title='bbox 1179 2230 1233 2275; x_wconf 92' lang='lat' dir='ltr'><strong>et</strong></span> <span class='ocrx_word' id='word_1_326' title='bbox 1277 2222 1379 2276; x_wconf 93' lang='lat' dir='ltr'><strong>hoc</strong></span> <span class='ocrx_word' id='word_1_327' title='bbox 1403 2262 1419 2286; x_wconf 93' lang='lat'><strong>,</strong></span> <span class='ocrx_word' id='word_1_328' title='bbox 1451 2226 1593 2292; x_wconf 92' lang='lat' dir='ltr'><strong>quod</strong></span> <span class='ocrx_word' id='word_1_329' title='bbox 1628 2223 1799 2278; x_wconf 85' lang='lat' dir='ltr'><strong>honor</strong></span> <span class='ocrx_word' id='word_1_330' title='bbox 1831 2226 1920 2279; x_wconf 91' lang='lat' dir='ltr'><strong>Dei</strong></span> <span class='ocrx_word' id='word_1_331' title='bbox 2023 2222 2285 2290; x_wconf 85' lang='lat' dir='ltr'><strong>gentibus,</strong></span> <span class='ocrx_word' id='word_1_332' title='bbox 2343 2229 2393 2276; x_wconf 90' lang='lat' dir='ltr'><strong>et</strong></span> <span class='ocrx_word' id='word_1_333' title='bbox 2442 2223 2644 2275; x_wconf 83' lang='lat' dir='ltr'><strong>nomini</strong></span> <span class='ocrx_word' id='word_1_334' title='bbox 2694 2233 2785 2275; x_wconf 90' lang='lat' dir='ltr'><strong>tuo</strong></span> <span class='ocrx_word' id='word_1_335' title='bbox 2833 2223 3074 2277; x_wconf 84' lang='lat' dir='ltr'><strong>cantabo.</strong></span> <span class='ocrx_word' id='word_1_336' title='bbox 3128 2221 3281 2288; x_wconf 83' lang='lat' dir='ltr'><strong>Quod</strong></span> <span class='ocrx_word' id='word_1_337' title='bbox 3329 2235 3395 2275; x_wconf 81' lang='lat' dir='ltr'><strong>ex</strong></span> <span class='ocrx_word' id='word_1_338' title='bbox 3430 2222 3593 2289; x_wconf 85' lang='lat' dir='ltr'><strong>septi-</strong></span> 
     </span>
    </p>
   </div>
   <div class='ocr_carea' id='block_1_23' title="bbox 354 2309 3592 2384">
    <p class='ocr_par' dir='ltr' id='par_1_23' title="bbox 354 2309 3592 2384">
     <span class='ocr_line' id='line_1_23' title="bbox 354 2309 3592 2384; baseline -0 -19"><span class='ocrx_word' id='word_1_339' title='bbox 354 2310 428 2365; x_wconf 86' lang='lat' dir='ltr'><strong>sit</strong></span> <span class='ocrx_word' id='word_1_340' title='bbox 463 2309 664 2379; x_wconf 87' lang='lat' dir='ltr'><strong>suscipi</strong></span> <span class='ocrx_word' id='word_1_341' title='bbox 708 2324 737 2363; x_wconf 89' lang='lat' dir='ltr'><strong>a</strong></span> <span class='ocrx_word' id='word_1_342' title='bbox 764 2309 1001 2365; x_wconf 89' lang='lat' dir='ltr'><strong>Christo.</strong></span> <span class='ocrx_word' id='word_1_343' title='bbox 1029 2310 1178 2378; x_wconf 88' lang='lat' dir='ltr'><strong>Quos</strong></span> <span class='ocrx_word' id='word_1_344' title='bbox 1198 2313 1340 2367; x_wconf 90' lang='lat' dir='ltr'><strong>enim</strong></span> <span class='ocrx_word' id='word_1_345' title='bbox 1384 2315 1616 2382; x_wconf 89' lang='lat' dir='ltr'><strong>suscipit</strong></span> <span class='ocrx_word' id='word_1_346' title='bbox 1647 2315 1918 2381; x_wconf 86' lang='lat' dir='ltr'><strong>Christus,</strong></span> <span class='ocrx_word' id='word_1_347' title='bbox 2025 2329 2113 2367; x_wconf 89' lang='lat' dir='ltr'><strong>mo</strong></span> <span class='ocrx_word' id='word_1_348' title='bbox 2142 2313 2255 2384; x_wconf 73' lang='grc'><strong>(21)</strong></span> <span class='ocrx_word' id='word_1_349' title='bbox 2296 2314 2506 2368; x_wconf 88' lang='lat' dir='ltr'><strong>decimo</strong></span> <span class='ocrx_word' id='word_1_350' title='bbox 2535 2313 2745 2384; x_wconf 87' lang='lat' dir='ltr'><strong>psalmo</strong></span> <span class='ocrx_word' id='word_1_351' title='bbox 2789 2315 2999 2368; x_wconf 82' lang='lat' dir='ltr'><strong>videtur</strong></span> <span class='ocrx_word' id='word_1_352' title='bbox 3045 2323 3408 2382; x_wconf 85' lang='lat' dir='ltr'><strong>assumptum,</strong></span> <span class='ocrx_word' id='word_1_353' title='bbox 3435 2324 3592 2379; x_wconf 82' lang='lat' dir='ltr'><strong>parva</strong></span> 
     </span>
    </p>
   </div>
   <div class='ocr_carea' id='block_1_24' title="bbox 354 2402 3590 2478">
    <p class='ocr_par' dir='ltr' id='par_1_24' title="bbox 354 2402 3590 2478">
     <span class='ocr_line' id='line_1_24' title="bbox 354 2402 3590 2478; baseline -0.001 -22"><span class='ocrx_word' id='word_1_354' title='bbox 354 2402 513 2459; x_wconf 87' lang='lat' dir='ltr'><strong>docet</strong></span> <span class='ocrx_word' id='word_1_355' title='bbox 545 2417 639 2458; x_wconf 87' lang='lat' dir='ltr'><strong>eos</strong></span> <span class='ocrx_word' id='word_1_356' title='bbox 664 2402 736 2457; x_wconf 91' lang='lat' dir='ltr'><strong>ita</strong></span> <span class='ocrx_word' id='word_1_357' title='bbox 762 2416 922 2473; x_wconf 76' lang='lat' dir='ltr'><strong>agere</strong></span> <span class='ocrx_word' id='word_1_358' title='bbox 950 2404 1169 2471; x_wconf 87' lang='lat' dir='ltr'><strong>debere,</strong></span> <span class='ocrx_word' id='word_1_359' title='bbox 1194 2414 1255 2458; x_wconf 91' lang='lat' dir='ltr'><strong>ut</strong></span> <span class='ocrx_word' id='word_1_360' title='bbox 1277 2406 1509 2461; x_wconf 88' lang='lat' dir='ltr'><strong>videntes</strong></span> <span class='ocrx_word' id='word_1_361' title='bbox 1538 2408 1773 2462; x_wconf 90' lang='lat' dir='ltr'><strong>homines</strong></span> <span class='ocrx_word' id='word_1_362' title='bbox 1798 2425 1922 2478; x_wconf 86' lang='lat' dir='ltr'><strong>ope-</strong></span> <span class='ocrx_word' id='word_1_363' title='bbox 2025 2407 2403 2460; x_wconf 88' lang='lat' dir='ltr'><strong>immutatione</strong></span> <span class='ocrx_word' id='word_1_364' title='bbox 2423 2406 2632 2470; x_wconf 88' lang='lat' dir='ltr'><strong>habita,</strong></span> <span class='ocrx_word' id='word_1_365' title='bbox 2656 2421 2761 2461; x_wconf 90' lang='lat' dir='ltr'><strong>non</strong></span> <span class='ocrx_word' id='word_1_366' title='bbox 2787 2420 2998 2471; x_wconf 88' lang='lat' dir='ltr'><strong>sensus,</strong></span> <span class='ocrx_word' id='word_1_367' title='bbox 3030 2406 3123 2459; x_wconf 88' lang='lat' dir='ltr'><strong>sed</strong></span> <span class='ocrx_word' id='word_1_368' title='bbox 3152 2418 3485 2458; x_wconf 86' lang='lat' dir='ltr'><strong>sermonum.</strong></span> <span class='ocrx_word' id='word_1_369' title='bbox 3522 2402 3590 2457; x_wconf 90' lang='lat' dir='ltr'><strong>Ibi</strong></span> 
     </span>
    </p>
   </div>
   <div class='ocr_carea' id='block_1_25' title="bbox 354 2496 3594 2571">
    <p class='ocr_par' dir='ltr' id='par_1_25' title="bbox 354 2496 3594 2571">
     <span class='ocr_line' id='line_1_25' title="bbox 354 2496 3594 2571; baseline -0.001 -22"><span class='ocrx_word' id='word_1_370' title='bbox 354 2510 417 2549; x_wconf 90' lang='lat' dir='ltr'><strong>ra</strong></span> <span class='ocrx_word' id='word_1_371' title='bbox 445 2510 629 2551; x_wconf 90' lang='lat' dir='ltr'><strong>eorum</strong></span> <span class='ocrx_word' id='word_1_372' title='bbox 654 2496 811 2563; x_wconf 88' lang='lat' dir='ltr'><strong>bona,</strong></span> <span class='ocrx_word' id='word_1_373' title='bbox 833 2497 1123 2568; x_wconf 82' lang='lat' dir='ltr'><strong>glorificent</strong></span> <span class='ocrx_word' id='word_1_374' title='bbox 1155 2497 1364 2553; x_wconf 87' lang='lat' dir='ltr'><strong>Patrem</strong></span> <span class='ocrx_word' id='word_1_375' title='bbox 1387 2516 1566 2554; x_wconf 90' lang='lat' dir='ltr'><strong>eorum</strong></span> <span class='ocrx_word' id='word_1_376' title='bbox 1584 2502 1675 2571; x_wconf 89' lang='lat' dir='ltr'><strong>qui</strong></span> <span class='ocrx_word' id='word_1_377' title='bbox 1696 2503 1752 2556; x_wconf 88' lang='lat' dir='ltr'><strong>in</strong></span> <span class='ocrx_word' id='word_1_378' title='bbox 1782 2504 1922 2557; x_wconf 74' lang='lat' dir='ltr'><strong>cretis</strong></span> <span class='ocrx_word' id='word_1_379' title='bbox 2022 2499 2166 2553; x_wconf 87' lang='lat' dir='ltr'><strong>enim</strong></span> <span class='ocrx_word' id='word_1_380' title='bbox 2191 2499 2319 2553; x_wconf 92' lang='lat' dir='ltr'><strong>dicit</strong></span> <span class='ocrx_word' id='word_1_381' title='bbox 2340 2498 2607 2567; x_wconf 85' lang='lat' dir='ltr'><strong>Propheta</strong></span> <span class='ocrx_word' id='word_1_382' title='bbox 2634 2518 2645 2552; x_wconf 90' lang='lat'><strong>:</strong></span> <span class='ocrx_word' id='word_1_383' title='bbox 2671 2496 2957 2567; x_wconf 87' lang='lat' dir='ltr'><strong>Pr0pterea</strong></span> <span class='ocrx_word' id='word_1_384' title='bbox 2982 2498 3264 2559; x_wconf 81' lang='lat' dir='ltr'><strong>conﬁtebor</strong></span> <span class='ocrx_word' id='word_1_385' title='bbox 3286 2496 3380 2549; x_wconf 85' lang='lat' dir='ltr'><strong>tibi</strong></span> <span class='ocrx_word' id='word_1_386' title='bbox 3403 2497 3455 2548; x_wconf 88' lang='lat' dir='ltr'><strong>in</strong></span> <span class='ocrx_word' id='word_1_387' title='bbox 3475 2511 3594 2565; x_wconf 82' lang='lat' dir='ltr'><strong>geu-</strong></span> 
     </span>
    </p>
   </div>
   <div class='ocr_carea' id='block_1_26' title="bbox 352 2590 3592 2659">
    <p class='ocr_par' dir='ltr' id='par_1_26' title="bbox 352 2590 3592 2659">
     <span class='ocr_line' id='line_1_26' title="bbox 352 2590 3592 2659; baseline -0.001 -16"><span class='ocrx_word' id='word_1_388' title='bbox 352 2597 429 2643; x_wconf 84' lang='lat' dir='ltr'><strong>est</strong></span> <span class='ocrx_word' id='word_1_389' title='bbox 457 2590 524 2644; x_wconf 77' lang='lat'><strong>&#39;°.</strong></span> <span class='ocrx_word' id='word_1_390' title='bbox 2024 2592 2183 2652; x_wconf 85' lang='lat' dir='ltr'><strong>tibus,</strong></span> <span class='ocrx_word' id='word_1_391' title='bbox 2215 2590 2456 2655; x_wconf 86' lang='lat' dir='ltr'><strong>Domine,</strong></span> <span class='ocrx_word' id='word_1_392' title='bbox 2487 2600 2535 2645; x_wconf 86' lang='lat' dir='ltr'><strong>et</strong></span> <span class='ocrx_word' id='word_1_393' title='bbox 2561 2590 2787 2659; x_wconf 83' lang='lat' dir='ltr'><strong>psallam</strong></span> <span class='ocrx_word' id='word_1_394' title='bbox 2823 2591 3020 2645; x_wconf 86' lang='lat' dir='ltr'><strong>nomini</strong></span> <span class='ocrx_word' id='word_1_395' title='bbox 3050 2600 3139 2643; x_wconf 88' lang='lat' dir='ltr'><strong>tuo</strong></span> <span class='ocrx_word' id='word_1_396' title='bbox 3163 2592 3206 2643; x_wconf 78' lang='lat'><strong>’.</strong></span> <span class='ocrx_word' id='word_1_397' title='bbox 3238 2590 3390 2655; x_wconf 84' lang='lat' dir='ltr'><strong>Quod</strong></span> <span class='ocrx_word' id='word_1_398' title='bbox 3415 2600 3592 2642; x_wconf 82' lang='lat' dir='ltr'><strong>autem</strong></span> 
     </span>
    </p>
   </div>
   <div class='ocr_carea' id='block_1_27' title="bbox 422 2662 3589 2753">
    <p class='ocr_par' dir='ltr' id='par_1_27' title="bbox 422 2662 3589 2753">
     <span class='ocr_line' id='line_1_27' title="bbox 422 2662 3589 2753; baseline -0.001 -17"><span class='ocrx_word' id='word_1_399' title='bbox 422 2680 478 2736; x_wconf 89' lang='lat'><strong>8.</strong></span> <span class='ocrx_word' id='word_1_400' title='bbox 512 2681 638 2735; x_wconf 89' lang='lat' dir='ltr'><strong>Dico</strong></span> <span class='ocrx_word' id='word_1_401' title='bbox 666 2683 799 2736; x_wconf 90' lang='lat' dir='ltr'><strong>enim</strong></span> <span class='ocrx_word' id='word_1_402' title='bbox 831 2680 1097 2736; x_wconf 88' lang='lat' dir='ltr'><strong>Christum</strong></span> <span class='ocrx_word' id='word_1_403' title='bbox 1127 2683 1423 2737; x_wconf 85' lang='lat' dir='ltr'><strong>ministrum</strong></span> <span class='ocrx_word' id='word_1_404' title='bbox 1451 2684 1613 2753; x_wconf 81' lang='lat' dir='ltr'><strong>fuisse</strong></span> <span class='ocrx_word' id='word_1_405' title='bbox 1642 2684 1919 2740; x_wconf 89' lang='lat' dir='ltr'><strong>circumci-</strong></span> <span class='ocrx_word' id='word_1_406' title='bbox 2023 2683 2136 2736; x_wconf 87' lang='lat' dir='ltr'><strong>ait:</strong></span> <span class='ocrx_word' id='word_1_407' title='bbox 2168 2681 2471 2745; x_wconf 79' lang='lat' dir='ltr'><strong>Lwtamini,</strong></span> <span class='ocrx_word' id='word_1_408' title='bbox 2492 2692 2694 2749; x_wconf 83' lang='lat' dir='ltr'><strong>gentes,</strong></span> <span class='ocrx_word' id='word_1_409' title='bbox 2715 2698 2833 2734; x_wconf 88' lang='lat' dir='ltr'><strong>cum</strong></span> <span class='ocrx_word' id='word_1_410' title='bbox 2860 2662 3051 2750; x_wconf 73' lang='lat' dir='ltr'><strong>populo</strong></span> <span class='ocrx_word' id='word_1_411' title='bbox 3076 2680 3212 2747; x_wconf 85' lang='lat' dir='ltr'><strong>ejus,</strong></span> <span class='ocrx_word' id='word_1_412' title='bbox 3238 2680 3446 2733; x_wconf 83' lang='lat' dir='ltr'><strong>eisdem</strong></span> <span class='ocrx_word' id='word_1_413' title='bbox 3470 2693 3589 2732; x_wconf 82' lang='lat' dir='ltr'><strong>ver-</strong></span> 
     </span>
    </p>
   </div>
   <div class='ocr_carea' id='block_1_28' title="bbox 348 2771 3590 2847">
    <p class='ocr_par' dir='ltr' id='par_1_28' title="bbox 348 2771 3590 2847">
     <span class='ocr_line' id='line_1_28' title="bbox 348 2771 3590 2847; baseline -0.002 -18"><span class='ocrx_word' id='word_1_414' title='bbox 348 2773 512 2829; x_wconf 84' lang='lat' dir='ltr'><strong>sionis</strong></span> <span class='ocrx_word' id='word_1_415' title='bbox 544 2785 754 2842; x_wconf 84' lang='lat' dir='ltr'><strong>propter</strong></span> <span class='ocrx_word' id='word_1_416' title='bbox 780 2777 1046 2830; x_wconf 81' lang='lat' dir='ltr'><strong>veritatem</strong></span> <span class='ocrx_word' id='word_1_417' title='bbox 1069 2776 1185 2839; x_wconf 87' lang='lat' dir='ltr'><strong>Dei,</strong></span> <span class='ocrx_word' id='word_1_418' title='bbox 1214 2777 1282 2830; x_wconf 89' lang='lat' dir='ltr'><strong>ad</strong></span> <span class='ocrx_word' id='word_1_419' title='bbox 1318 2776 1664 2831; x_wconf 84' lang='lat' dir='ltr'><strong>stabiliendas</strong></span> <span class='ocrx_word' id='word_1_420' title='bbox 1690 2779 1917 2847; x_wconf 81' lang='lat' dir='ltr'><strong>promis-</strong></span> <span class='ocrx_word' id='word_1_421' title='bbox 2023 2777 2107 2830; x_wconf 90' lang='lat' dir='ltr'><strong>bis</strong></span> <span class='ocrx_word' id='word_1_422' title='bbox 2133 2776 2183 2829; x_wconf 92' lang='lat' dir='ltr'><strong>in</strong></span> <span class='ocrx_word' id='word_1_423' title='bbox 2216 2776 2620 2830; x_wconf 89' lang='lat' dir='ltr'><strong>Deuteronomii</strong></span> <span class='ocrx_word' id='word_1_424' title='bbox 2650 2776 2867 2830; x_wconf 90' lang='lat' dir='ltr'><strong>cantico</strong></span> <span class='ocrx_word' id='word_1_425' title='bbox 2888 2774 3148 2843; x_wconf 89' lang='lat' dir='ltr'><strong>scriptum</strong></span> <span class='ocrx_word' id='word_1_426' title='bbox 3173 2773 3291 2826; x_wconf 77' lang='lat' dir='ltr'><strong>est&#39;</strong></span> <span class='ocrx_word' id='word_1_427' title='bbox 3318 2791 3331 2825; x_wconf 94' lang='lat'>:</span> <span class='ocrx_word' id='word_1_428' title='bbox 3360 2771 3590 2824; x_wconf 74' lang='lat' dir='ltr'><strong>Laudato</strong></span> 
     </span>
    </p>
   </div>
   <div class='ocr_carea' id='block_1_29' title="bbox 351 2859 3587 2937">
    <p class='ocr_par' dir='ltr' id='par_1_29' title="bbox 351 2859 3587 2937">
     <span class='ocr_line' id='line_1_29' title="bbox 351 2859 3587 2937; baseline 0 -19"><span class='ocrx_word' id='word_1_429' title='bbox 351 2865 526 2919; x_wconf 87' lang='lat' dir='ltr'><strong>siones</strong></span> <span class='ocrx_word' id='word_1_430' title='bbox 550 2863 795 2922; x_wconf 87' lang='lat' dir='ltr'><strong>Patrum.</strong></span> <span class='ocrx_word' id='word_1_431' title='bbox 842 2865 1028 2922; x_wconf 84' lang='lat' dir='ltr'><strong>Gentes</strong></span> <span class='ocrx_word' id='word_1_432' title='bbox 1051 2878 1223 2922; x_wconf 89' lang='lat' dir='ltr'><strong>autem</strong></span> <span class='ocrx_word' id='word_1_433' title='bbox 1251 2884 1345 2937; x_wconf 89' lang='lat' dir='ltr'><strong>pro</strong></span> <span class='ocrx_word' id='word_1_434' title='bbox 1373 2859 1733 2924; x_wconf 69' lang='lat' dir='ltr'><strong>misericordia</strong></span> <span class='ocrx_word' id='word_1_435' title='bbox 1755 2872 1921 2925; x_wconf 88' lang='lat' dir='ltr'><strong>hono-</strong></span> <span class='ocrx_word' id='word_1_436' title='bbox 2022 2882 2152 2921; x_wconf 80' lang='lat' dir='ltr'><strong>vero</strong></span> <span class='ocrx_word' id='word_1_437' title='bbox 2206 2868 2483 2921; x_wconf 84' lang='lat' dir='ltr'><strong>Dominum</strong></span> <span class='ocrx_word' id='word_1_438' title='bbox 2504 2910 2519 2935; x_wconf 91' lang='lat'><strong>,</strong></span> <span class='ocrx_word' id='word_1_439' title='bbox 2550 2884 2727 2921; x_wconf 88' lang='lat' dir='ltr'><strong>omnes</strong></span> <span class='ocrx_word' id='word_1_440' title='bbox 2767 2876 2969 2936; x_wconf 86' lang='lat' dir='ltr'><strong>gentes,</strong></span> <span class='ocrx_word' id='word_1_441' title='bbox 3000 2876 3048 2920; x_wconf 90' lang='lat' dir='ltr'><strong>et</strong></span> <span class='ocrx_word' id='word_1_442' title='bbox 3096 2866 3425 2936; x_wconf 75' lang='lat' dir='ltr'><strong>magniﬁcate</strong></span> <span class='ocrx_word' id='word_1_443' title='bbox 3450 2882 3587 2932; x_wconf 81' lang='lat' dir='ltr'><strong>eum,</strong></span> 
     </span>
    </p>
   </div>
   <div class='ocr_carea' id='block_1_30' title="bbox 351 2956 3586 3034">
    <p class='ocr_par' dir='ltr' id='par_1_30' title="bbox 351 2956 3586 3034">
     <span class='ocr_line' id='line_1_30' title="bbox 351 2956 3586 3034; baseline -0.001 -22"><span class='ocrx_word' id='word_1_444' title='bbox 351 2973 473 3011; x_wconf 87' lang='lat' dir='ltr'><strong>rare</strong></span> <span class='ocrx_word' id='word_1_445' title='bbox 495 2958 606 3029; x_wconf 90' lang='grc'><strong>(18)</strong></span> <span class='ocrx_word' id='word_1_446' title='bbox 639 2959 822 3025; x_wconf 91' lang='lat' dir='ltr'><strong>Deum,</strong></span> <span class='ocrx_word' id='word_1_447' title='bbox 844 2960 978 3014; x_wconf 88' lang='lat' dir='ltr'><strong>sicut</strong></span> <span class='ocrx_word' id='word_1_448' title='bbox 1010 2962 1257 3028; x_wconf 88' lang='lat' dir='ltr'><strong>scriptum</strong></span> <span class='ocrx_word' id='word_1_449' title='bbox 1288 2972 1362 3014; x_wconf 91' lang='lat' dir='ltr'><strong>est</strong></span> <span class='ocrx_word' id='word_1_450' title='bbox 1389 2978 1408 3015; x_wconf 92' lang='lat'><em>:</em></span> <span class='ocrx_word' id='word_1_451' title='bbox 1446 2960 1729 3025; x_wconf 87' lang='lat' dir='ltr'><strong>Propterea</strong></span> <span class='ocrx_word' id='word_1_452' title='bbox 1754 2964 1920 3034; x_wconf 76' lang='lat' dir='ltr'><strong>conﬁ-</strong></span> <span class='ocrx_word' id='word_1_453' title='bbox 2025 2974 2201 3011; x_wconf 89' lang='lat' dir='ltr'><strong>omnes</strong></span> <span class='ocrx_word' id='word_1_454' title='bbox 2227 2959 2428 3028; x_wconf 86' lang='lat' dir='ltr'><strong>populi,</strong></span> <span class='ocrx_word' id='word_1_455' title='bbox 2449 2960 2501 3013; x_wconf 86' lang='lat' dir='ltr'><strong>in</strong></span> <span class='ocrx_word' id='word_1_456' title='bbox 2534 2959 2833 3014; x_wconf 89' lang='lat' dir='ltr'><strong>centesimo</strong></span> <span class='ocrx_word' id='word_1_457' title='bbox 2864 2968 3018 3013; x_wconf 79' lang='lat' dir='ltr'><strong>sexto</strong></span> <span class='ocrx_word' id='word_1_458' title='bbox 3045 2960 3253 3013; x_wconf 90' lang='lat' dir='ltr'><strong>decimo</strong></span> <span class='ocrx_word' id='word_1_459' title='bbox 3284 2956 3491 3025; x_wconf 89' lang='lat' dir='ltr'><strong>psalmo</strong></span> <span class='ocrx_word' id='word_1_460' title='bbox 3514 2956 3586 3008; x_wconf 89' lang='lat' dir='ltr'><strong>le-</strong></span> 
     </span>
    </p>
   </div>
   <div class='ocr_carea' id='block_1_31' title="bbox 351 3048 3582 3151">
    <p class='ocr_par' dir='ltr' id='par_1_31' title="bbox 351 3048 3582 3151">
     <span class='ocr_line' id='line_1_31' title="bbox 351 3048 3582 3151; baseline 0 -48"><span class='ocrx_word' id='word_1_461' title='bbox 351 3050 495 3103; x_wconf 88' lang='lat' dir='ltr'><strong>tebor</strong></span> <span class='ocrx_word' id='word_1_462' title='bbox 524 3052 617 3104; x_wconf 89' lang='lat' dir='ltr'><strong>tibi</strong></span> <span class='ocrx_word' id='word_1_463' title='bbox 660 3051 713 3104; x_wconf 89' lang='lat' dir='ltr'><strong>in</strong></span> <span class='ocrx_word' id='word_1_464' title='bbox 743 3052 978 3121; x_wconf 85' lang='lat' dir='ltr'><strong>gentibus</strong></span> <span class='ocrx_word' id='word_1_465' title='bbox 1000 3092 1016 3113; x_wconf 85' lang='lat'><strong>,</strong></span> <span class='ocrx_word' id='word_1_466' title='bbox 1043 3062 1090 3106; x_wconf 92' lang='lat' dir='ltr'><strong>et</strong></span> <span class='ocrx_word' id='word_1_467' title='bbox 1131 3053 1187 3105; x_wconf 92' lang='lat' dir='ltr'><strong>in</strong></span> <span class='ocrx_word' id='word_1_468' title='bbox 1219 3048 1426 3106; x_wconf 83' lang='lat' dir='ltr'><strong>nomine</strong></span> <span class='ocrx_word' id='word_1_469' title='bbox 1458 3065 1548 3108; x_wconf 89' lang='lat' dir='ltr'><strong>tuo</strong></span> <span class='ocrx_word' id='word_1_470' title='bbox 1578 3056 1821 3109; x_wconf 89' lang='lat' dir='ltr'><strong>cantabo.</strong></span> <span class='ocrx_word' id='word_1_471' title='bbox 1849 3055 1918 3109; x_wconf 84' lang='lat' dir='ltr'><strong>Et</strong></span> <span class='ocrx_word' id='word_1_472' title='bbox 1947 3094 1989 3151; x_wconf 63' lang='grc' dir='ltr'><strong>ϐ</strong></span> <span class='ocrx_word' id='word_1_473' title='bbox 2023 3052 2204 3121; x_wconf 83' lang='lat' dir='ltr'><strong>gitur;</strong></span> <span class='ocrx_word' id='word_1_474' title='bbox 2239 3060 2449 3105; x_wconf 80' lang='lat' dir='ltr'><strong>tantum</strong></span> <span class='ocrx_word' id='word_1_475' title='bbox 2473 3061 2557 3106; x_wconf 92' lang='lat' dir='ltr'><strong>est</strong></span> <span class='ocrx_word' id='word_1_476' title='bbox 2590 3052 2731 3120; x_wconf 74' lang='lat' dir='ltr'><strong>quod</strong></span> <span class='ocrx_word' id='word_1_477' title='bbox 2765 3050 2835 3104; x_wconf 91' lang='lat' dir='ltr'><strong>ibi</strong></span> <span class='ocrx_word' id='word_1_478' title='bbox 2875 3066 2969 3119; x_wconf 85' lang='lat' dir='ltr'><strong>pro</strong></span> <span class='ocrx_word' id='word_1_479' title='bbox 3006 3051 3359 3120; x_wconf 84' lang='lat' dir='ltr'><strong>magniﬁcate,</strong></span> <span class='ocrx_word' id='word_1_480' title='bbox 3385 3050 3582 3104; x_wconf 88' lang='lat' dir='ltr'><strong>collau-</strong></span> 
     </span>
    </p>
   </div>
   <div class='ocr_carea' id='block_1_32' title="bbox 350 3139 3586 3216">
    <p class='ocr_par' dir='ltr' id='par_1_32' title="bbox 350 3139 3586 3216">
     <span class='ocr_line' id='line_1_32' title="bbox 350 3139 3586 3216; baseline 0.001 -22"><span class='ocrx_word' id='word_1_481' title='bbox 350 3139 538 3195; x_wconf 83' lang='lat' dir='ltr'><strong>iterum</strong></span> <span class='ocrx_word' id='word_1_482' title='bbox 566 3142 733 3196; x_wconf 86' lang='lat' dir='ltr'><strong>dicit:</strong></span> <span class='ocrx_word' id='word_1_483' title='bbox 770 3143 1064 3205; x_wconf 84' lang='lat' dir='ltr'><strong>Lcetamini,</strong></span> <span class='ocrx_word' id='word_1_484' title='bbox 1093 3153 1292 3212; x_wconf 88' lang='lat' dir='ltr'><strong>gentes,</strong></span> <span class='ocrx_word' id='word_1_485' title='bbox 1318 3162 1435 3198; x_wconf 87' lang='lat' dir='ltr'><strong>cum</strong></span> <span class='ocrx_word' id='word_1_486' title='bbox 1465 3148 1656 3214; x_wconf 84' lang='lat' dir='ltr'><strong>populo</strong></span> <span class='ocrx_word' id='word_1_487' title='bbox 1685 3148 1820 3216; x_wconf 89' lang='lat' dir='ltr'><strong>ejus.</strong></span> <span class='ocrx_word' id='word_1_488' title='bbox 1853 3146 1919 3201; x_wconf 86' lang='lat' dir='ltr'><strong>Et</strong></span> <span class='ocrx_word' id='word_1_489' title='bbox 1951 3139 1989 3151; x_wconf 73' lang='grc'><em>“”</em></span> <span class='ocrx_word' id='word_1_490' title='bbox 2026 3146 2148 3199; x_wconf 89' lang='lat' dir='ltr'><strong>date</strong></span> <span class='ocrx_word' id='word_1_491' title='bbox 2195 3145 2429 3214; x_wconf 84' lang='lat' dir='ltr'><strong>positum</strong></span> <span class='ocrx_word' id='word_1_492' title='bbox 2475 3154 2576 3199; x_wconf 91' lang='lat' dir='ltr'><strong>est.</strong></span> <span class='ocrx_word' id='word_1_493' title='bbox 2627 3143 2885 3199; x_wconf 91' lang='lat' dir='ltr'><strong>Ultimum</strong></span> <span class='ocrx_word' id='word_1_494' title='bbox 2942 3159 3072 3198; x_wconf 78' lang='lat' dir='ltr'><strong>vero</strong></span> <span class='ocrx_word' id='word_1_495' title='bbox 3126 3144 3428 3213; x_wconf 73' lang='lat' dir='ltr'><strong>exemplum</strong></span> <span class='ocrx_word' id='word_1_496' title='bbox 3475 3144 3586 3212; x_wconf 86' lang='lat' dir='ltr'><strong>ipse</strong></span> 
     </span>
    </p>
   </div>
   <div class='ocr_carea' id='block_1_33' title="bbox 348 3231 3587 3308">
    <p class='ocr_par' dir='ltr' id='par_1_33' title="bbox 348 3231 3587 3308">
     <span class='ocr_line' id='line_1_33' title="bbox 348 3231 3587 3308; baseline 0.003 -26"><span class='ocrx_word' id='word_1_497' title='bbox 348 3231 537 3284; x_wconf 79' lang='lat' dir='ltr'><strong>iterum</strong></span> <span class='ocrx_word' id='word_1_498' title='bbox 561 3245 580 3282; x_wconf 88' lang='lat'><strong><em>:</em></strong></span> <span class='ocrx_word' id='word_1_499' title='bbox 605 3231 846 3287; x_wconf 87' lang='lat' dir='ltr'><strong>Laudate</strong></span> <span class='ocrx_word' id='word_1_500' title='bbox 871 3234 1176 3301; x_wconf 89' lang='lat' dir='ltr'><strong>Dominum,</strong></span> <span class='ocrx_word' id='word_1_501' title='bbox 1214 3252 1389 3289; x_wconf 89' lang='lat' dir='ltr'><strong>omnes</strong></span> <span class='ocrx_word' id='word_1_502' title='bbox 1420 3248 1612 3305; x_wconf 87' lang='lat' dir='ltr'><strong>gentes,</strong></span> <span class='ocrx_word' id='word_1_503' title='bbox 1645 3249 1692 3291; x_wconf 93' lang='lat' dir='ltr'><strong>et</strong></span> <span class='ocrx_word' id='word_1_504' title='bbox 1715 3241 1921 3308; x_wconf 88' lang='lat' dir='ltr'><strong>magni-</strong></span> <span class='ocrx_word' id='word_1_505' title='bbox 2025 3240 2220 3295; x_wconf 87' lang='lat' dir='ltr'><strong>Paulus</strong></span> <span class='ocrx_word' id='word_1_506' title='bbox 2249 3242 2313 3296; x_wconf 92' lang='lat' dir='ltr'><strong>de</strong></span> <span class='ocrx_word' id='word_1_507' title='bbox 2344 3241 2480 3295; x_wconf 88' lang='lat' dir='ltr'><strong>Isaia</strong></span> <span class='ocrx_word' id='word_1_508' title='bbox 2515 3240 2648 3295; x_wconf 89' lang='lat' dir='ltr'><strong>dicit</strong></span> <span class='ocrx_word' id='word_1_509' title='bbox 2671 3254 2794 3294; x_wconf 88' lang='lat' dir='ltr'><strong>esse</strong></span> <span class='ocrx_word' id='word_1_510' title='bbox 2822 3250 3178 3307; x_wconf 86' lang='lat' dir='ltr'><strong>assumptum,</strong></span> <span class='ocrx_word' id='word_1_511' title='bbox 3214 3238 3265 3291; x_wconf 91' lang='lat' dir='ltr'><strong>in</strong></span> <span class='ocrx_word' id='word_1_512' title='bbox 3292 3237 3446 3307; x_wconf 87' lang='lat' dir='ltr'><strong>cujus</strong></span> <span class='ocrx_word' id='word_1_513' title='bbox 3471 3254 3587 3293; x_wconf 82' lang='lat' dir='ltr'><strong>cor-</strong></span> 
     </span>
    </p>
   </div>
   <div class='ocr_carea' id='block_1_34' title="bbox 336 3320 3590 3403">
    <p class='ocr_par' dir='ltr' id='par_1_34' title="bbox 336 3320 3590 3403">
     <span class='ocr_line' id='line_1_34' title="bbox 336 3320 3590 3403; baseline 0.003 -28"><span class='ocrx_word' id='word_1_514' title='bbox 336 3320 501 3400; x_wconf 73' lang='lat' dir='ltr'><strong>ﬁcate</strong></span> <span class='ocrx_word' id='word_1_515' title='bbox 528 3340 645 3377; x_wconf 89' lang='lat' dir='ltr'><strong>eum</strong></span> <span class='ocrx_word' id='word_1_516' title='bbox 669 3365 683 3391; x_wconf 90' lang='lat'><strong>,</strong></span> <span class='ocrx_word' id='word_1_517' title='bbox 721 3342 896 3380; x_wconf 91' lang='lat' dir='ltr'><strong>omnes</strong></span> <span class='ocrx_word' id='word_1_518' title='bbox 931 3328 1129 3397; x_wconf 87' lang='lat' dir='ltr'><strong>populi.</strong></span> <span class='ocrx_word' id='word_1_519' title='bbox 1173 3326 1241 3381; x_wconf 88' lang='lat' dir='ltr'><strong>Et</strong></span> <span class='ocrx_word' id='word_1_520' title='bbox 1272 3327 1445 3382; x_wconf 83' lang='lat' dir='ltr'><strong>Isaias</strong></span> <span class='ocrx_word' id='word_1_521' title='bbox 1495 3347 1701 3384; x_wconf 85' lang='lat' dir='ltr'><strong>rursum</strong></span> <span class='ocrx_word' id='word_1_522' title='bbox 1745 3333 1917 3385; x_wconf 78' lang='lat' dir='ltr'><strong>dicit:</strong></span> <span class='ocrx_word' id='word_1_523' title='bbox 2025 3348 2153 3403; x_wconf 91' lang='lat' dir='ltr'><strong>pore</strong></span> <span class='ocrx_word' id='word_1_524' title='bbox 2184 3333 2257 3386; x_wconf 91' lang='lat' dir='ltr'><strong>ita</strong></span> <span class='ocrx_word' id='word_1_525' title='bbox 2289 3333 2548 3401; x_wconf 90' lang='lat' dir='ltr'><strong>scriptum</strong></span> <span class='ocrx_word' id='word_1_526' title='bbox 2577 3341 2659 3387; x_wconf 93' lang='lat' dir='ltr'><strong>est</strong></span> <span class='ocrx_word' id='word_1_527' title='bbox 2691 3331 2803 3402; x_wconf 71' lang='lat'><strong>(25)</strong></span> <span class='ocrx_word' id='word_1_528' title='bbox 2831 3349 2843 3386; x_wconf 91' lang='lat'>:</span> <span class='ocrx_word' id='word_1_529' title='bbox 2878 3329 2943 3382; x_wconf 88' lang='lat' dir='ltr'><strong>Et</strong></span> <span class='ocrx_word' id='word_1_530' title='bbox 2979 3330 3079 3383; x_wconf 88' lang='lat' dir='ltr'><strong>erit</strong></span> <span class='ocrx_word' id='word_1_531' title='bbox 3118 3331 3172 3383; x_wconf 90' lang='lat' dir='ltr'><strong>in</strong></span> <span class='ocrx_word' id='word_1_532' title='bbox 3201 3331 3286 3383; x_wconf 86' lang='lat' dir='ltr'><strong>die</strong></span> <span class='ocrx_word' id='word_1_533' title='bbox 3313 3330 3406 3382; x_wconf 89' lang='lat' dir='ltr'><strong>illa</strong></span> <span class='ocrx_word' id='word_1_534' title='bbox 3438 3330 3590 3385; x_wconf 70' lang='lat' dir='ltr'><strong>rudis</strong></span> 
     </span>
    </p>
   </div>
   <div class='ocr_carea' id='block_1_35' title="bbox 352 3414 3586 3495">
    <p class='ocr_par' dir='ltr' id='par_1_35' title="bbox 352 3414 3586 3495">
     <span class='ocr_line' id='line_1_35' title="bbox 352 3414 3586 3495; baseline 0.002 -30"><span class='ocrx_word' id='word_1_535' title='bbox 352 3414 466 3467; x_wconf 81' lang='lat' dir='ltr'><strong>Erit</strong></span> <span class='ocrx_word' id='word_1_536' title='bbox 499 3417 654 3471; x_wconf 73' lang='lat' dir='ltr'><strong>radix</strong></span> <span class='ocrx_word' id='word_1_537' title='bbox 677 3417 844 3486; x_wconf 83' lang='lat' dir='ltr'><strong>Jesse,</strong></span> <span class='ocrx_word' id='word_1_538' title='bbox 888 3430 934 3473; x_wconf 91' lang='lat' dir='ltr'><strong>et</strong></span> <span class='ocrx_word' id='word_1_539' title='bbox 960 3423 1048 3488; x_wconf 89' lang='lat' dir='ltr'><strong>qui</strong></span> <span class='ocrx_word' id='word_1_540' title='bbox 1070 3431 1311 3489; x_wconf 74' lang='lat' dir='ltr'><strong>exsurget</strong></span> <span class='ocrx_word' id='word_1_541' title='bbox 1339 3439 1514 3491; x_wconf 84' lang='lat' dir='ltr'><strong>regere</strong></span> <span class='ocrx_word' id='word_1_542' title='bbox 1543 3431 1740 3493; x_wconf 87' lang='lat' dir='ltr'><strong>gentes,</strong></span> <span class='ocrx_word' id='word_1_543' title='bbox 1772 3426 1827 3477; x_wconf 89' lang='lat' dir='ltr'><strong>in</strong></span> <span class='ocrx_word' id='word_1_544' title='bbox 1857 3441 1916 3478; x_wconf 92' lang='lat' dir='ltr'><strong>eo</strong></span> <span class='ocrx_word' id='word_1_545' title='bbox 2024 3424 2170 3479; x_wconf 73' lang='lat' dir='ltr'><strong>Iesse</strong></span> <span class='ocrx_word' id='word_1_546' title='bbox 2190 3442 2208 3489; x_wconf 91' lang='lat'><strong><em>;</em></strong></span> <span class='ocrx_word' id='word_1_547' title='bbox 2230 3436 2275 3479; x_wconf 81' lang='lat' dir='ltr'><strong>et</strong></span> <span class='ocrx_word' id='word_1_548' title='bbox 2301 3426 2392 3495; x_wconf 86' lang='lat' dir='ltr'><strong>qui</strong></span> <span class='ocrx_word' id='word_1_549' title='bbox 2420 3436 2659 3494; x_wconf 70' lang='lat' dir='ltr'><strong>exsurget</strong></span> <span class='ocrx_word' id='word_1_550' title='bbox 2689 3442 2865 3494; x_wconf 85' lang='lat' dir='ltr'><strong>regere</strong></span> <span class='ocrx_word' id='word_1_551' title='bbox 2890 3435 3087 3493; x_wconf 87' lang='lat' dir='ltr'><strong>gentes,</strong></span> <span class='ocrx_word' id='word_1_552' title='bbox 3116 3424 3170 3475; x_wconf 89' lang='lat' dir='ltr'><strong>in</strong></span> <span class='ocrx_word' id='word_1_553' title='bbox 3200 3439 3259 3476; x_wconf 90' lang='lat' dir='ltr'><strong>eo</strong></span> <span class='ocrx_word' id='word_1_554' title='bbox 3284 3432 3456 3491; x_wconf 87' lang='lat' dir='ltr'><strong>gentes</strong></span> <span class='ocrx_word' id='word_1_555' title='bbox 3478 3438 3586 3490; x_wconf 83' lang='lat' dir='ltr'><strong>spe-</strong></span> 
     </span>
    </p>
   </div>
   <div class='ocr_carea' id='block_1_36' title="bbox 347 3512 3583 3584">
    <p class='ocr_par' dir='ltr' id='par_1_36' title="bbox 347 3512 3583 3584">
     <span class='ocr_line' id='line_1_36' title="bbox 347 3512 3583 3584; baseline 0.001 -24"><span class='ocrx_word' id='word_1_556' title='bbox 347 3518 520 3576; x_wconf 89' lang='lat' dir='ltr'><strong>gentes</strong></span> <span class='ocrx_word' id='word_1_557' title='bbox 550 3512 915 3578; x_wconf 72' lang='lat' dir='ltr'><strong>sperabunt”.</strong></span> <span class='ocrx_word' id='word_1_558' title='bbox 947 3513 1228 3579; x_wconf 87' lang='lat' dir='ltr'><strong>Quomodo</strong></span> <span class='ocrx_word' id='word_1_559' title='bbox 1253 3512 1506 3569; x_wconf 86' lang='lat' dir='ltr'><strong>Christus</strong></span> <span class='ocrx_word' id='word_1_560' title='bbox 1529 3515 1778 3569; x_wconf 88' lang='lat' dir='ltr'><strong>minister</strong></span> <span class='ocrx_word' id='word_1_561' title='bbox 1800 3516 1914 3570; x_wconf 86' lang='lat' dir='ltr'><strong>l&#39;ue-</strong></span> <span class='ocrx_word' id='word_1_562' title='bbox 2022 3519 2234 3570; x_wconf 88' lang='lat' dir='ltr'><strong>rabunt.</strong></span> <span class='ocrx_word' id='word_1_563' title='bbox 2266 3513 2334 3568; x_wconf 90' lang='lat' dir='ltr'><strong>Et</strong></span> <span class='ocrx_word' id='word_1_564' title='bbox 2360 3516 2457 3569; x_wconf 91' lang='lat' dir='ltr'><strong>erit</strong></span> <span class='ocrx_word' id='word_1_565' title='bbox 2494 3518 2692 3583; x_wconf 84' lang='lat' dir='ltr'><strong>requies</strong></span> <span class='ocrx_word' id='word_1_566' title='bbox 2728 3516 2842 3584; x_wconf 85' lang='lat' dir='ltr'><strong>ejus</strong></span> <span class='ocrx_word' id='word_1_567' title='bbox 2874 3515 3042 3568; x_wconf 87' lang='lat' dir='ltr'><strong>honor</strong></span> <span class='ocrx_word' id='word_1_568' title='bbox 3067 3516 3108 3568; x_wconf 68' lang='grc'><strong>⁸.</strong></span> <span class='ocrx_word' id='word_1_569' title='bbox 3150 3513 3379 3568; x_wconf 84' lang='lat' dir='ltr'><strong>Omissis</strong></span> <span class='ocrx_word' id='word_1_570' title='bbox 3409 3522 3583 3565; x_wconf 66' lang='lat' dir='ltr'><strong>antes.</strong></span> 
     </span>
    </p>
   </div>
   <div class='ocr_carea' id='block_1_37' title="bbox 349 3597 3583 3677">
    <p class='ocr_par' dir='ltr' id='par_1_37' title="bbox 349 3597 3583 3677">
     <span class='ocr_line' id='line_1_37' title="bbox 349 3597 3583 3677; baseline 0.004 -28"><span class='ocrx_word' id='word_1_571' title='bbox 349 3597 420 3650; x_wconf 88' lang='lat' dir='ltr'><strong>rit</strong></span> <span class='ocrx_word' id='word_1_572' title='bbox 446 3598 876 3654; x_wconf 85' lang='lat' dir='ltr'><strong>circumcisionis</strong></span> <span class='ocrx_word' id='word_1_573' title='bbox 905 3602 971 3655; x_wconf 89' lang='lat' dir='ltr'><strong>ad</strong></span> <span class='ocrx_word' id='word_1_574' title='bbox 1005 3602 1352 3657; x_wconf 84' lang='lat' dir='ltr'><strong>stabiliendas</strong></span> <span class='ocrx_word' id='word_1_575' title='bbox 1384 3602 1770 3672; x_wconf 89' lang='lat' dir='ltr'><strong>promissiones</strong></span> <span class='ocrx_word' id='word_1_576' title='bbox 1811 3600 1913 3654; x_wconf 86' lang='lat' dir='ltr'><strong>Pa-</strong></span> <span class='ocrx_word' id='word_1_577' title='bbox 2021 3608 2072 3662; x_wconf 86' lang='lat' dir='ltr'><strong>in</strong></span> <span class='ocrx_word' id='word_1_578' title='bbox 2103 3608 2274 3677; x_wconf 90' lang='lat' dir='ltr'><strong>primo</strong></span> <span class='ocrx_word' id='word_1_579' title='bbox 2303 3608 2516 3676; x_wconf 89' lang='lat' dir='ltr'><strong>quidem</strong></span> <span class='ocrx_word' id='word_1_580' title='bbox 2546 3608 2755 3661; x_wconf 91' lang='lat' dir='ltr'><strong>duobus</strong></span> <span class='ocrx_word' id='word_1_581' title='bbox 2784 3608 3152 3669; x_wconf 84' lang='lat' dir='ltr'><strong>sermonibus.</strong></span> <span class='ocrx_word' id='word_1_582' title='bbox 3196 3608 3247 3661; x_wconf 91' lang='lat' dir='ltr'><strong>id</strong></span> <span class='ocrx_word' id='word_1_583' title='bbox 3277 3616 3390 3672; x_wconf 88' lang='lat' dir='ltr'><strong>est,</strong></span> <span class='ocrx_word' id='word_1_584' title='bbox 3425 3609 3478 3661; x_wconf 88' lang='lat' dir='ltr'><strong>in</strong></span> <span class='ocrx_word' id='word_1_585' title='bbox 3504 3608 3583 3659; x_wconf 70' lang='lat' dir='ltr'><strong>die</strong></span> 
     </span>
    </p>
   </div>
   <div class='ocr_carea' id='block_1_38' title="bbox 349 3690 3581 3770">
    <p class='ocr_par' dir='ltr' id='par_1_38' title="bbox 349 3690 3581 3770">
     <span class='ocr_line' id='line_1_38' title="bbox 349 3690 3581 3770; baseline 0.003 -28"><span class='ocrx_word' id='word_1_586' title='bbox 349 3698 510 3754; x_wconf 82' lang='lat' dir='ltr'><strong>trmn,</strong></span> <span class='ocrx_word' id='word_1_587' title='bbox 534 3690 732 3759; x_wconf 89' lang='lat' dir='ltr'><strong>duplici</strong></span> <span class='ocrx_word' id='word_1_588' title='bbox 757 3691 913 3746; x_wconf 92' lang='lat' dir='ltr'><strong>modo</strong></span> <span class='ocrx_word' id='word_1_589' title='bbox 941 3692 1161 3761; x_wconf 84' lang='lat' dir='ltr'><strong>intelligi</strong></span> <span class='ocrx_word' id='word_1_590' title='bbox 1181 3701 1376 3761; x_wconf 87' lang='lat' dir='ltr'><strong>potest.</strong></span> <span class='ocrx_word' id='word_1_591' title='bbox 1407 3691 1534 3746; x_wconf 85' lang='lat' dir='ltr'><strong>Sive</strong></span> <span class='ocrx_word' id='word_1_592' title='bbox 1561 3708 1659 3761; x_wconf 91' lang='lat' dir='ltr'><strong>pro</strong></span> <span class='ocrx_word' id='word_1_593' title='bbox 1683 3708 1747 3747; x_wconf 92' lang='lat' dir='ltr'><strong>eo</strong></span> <span class='ocrx_word' id='word_1_594' title='bbox 1769 3692 1911 3760; x_wconf 90' lang='lat' dir='ltr'><strong>quod</strong></span> <span class='ocrx_word' id='word_1_595' title='bbox 2017 3699 2151 3764; x_wconf 87' lang='lat' dir='ltr'><strong>illa;</strong></span> <span class='ocrx_word' id='word_1_596' title='bbox 2178 3706 2232 3752; x_wconf 91' lang='lat' dir='ltr'><strong>et</strong></span> <span class='ocrx_word' id='word_1_597' title='bbox 2259 3702 2312 3753; x_wconf 90' lang='lat' dir='ltr'><strong>in</strong></span> <span class='ocrx_word' id='word_1_598' title='bbox 2341 3699 2562 3765; x_wconf 86' lang='lat' dir='ltr'><strong>ultimis,</strong></span> <span class='ocrx_word' id='word_1_599' title='bbox 2591 3709 2638 3752; x_wconf 87' lang='lat' dir='ltr'><strong>et</strong></span> <span class='ocrx_word' id='word_1_600' title='bbox 2667 3700 2768 3753; x_wconf 87' lang='lat' dir='ltr'><strong>erit</strong></span> <span class='ocrx_word' id='word_1_601' title='bbox 2791 3701 2992 3770; x_wconf 86' lang='lat' dir='ltr'><strong>requies</strong></span> <span class='ocrx_word' id='word_1_602' title='bbox 3023 3701 3138 3768; x_wconf 82' lang='lat' dir='ltr'><strong>ejus</strong></span> <span class='ocrx_word' id='word_1_603' title='bbox 3168 3701 3356 3763; x_wconf 86' lang='lat' dir='ltr'><strong>honor,</strong></span> <span class='ocrx_word' id='word_1_604' title='bbox 3396 3708 3581 3753; x_wconf 65' lang='lat' dir='ltr'><strong>cratera</strong></span> 
     </span>
    </p>
   </div>
   <div class='ocr_carea' id='block_1_39' title="bbox 345 3782 3580 3861">
    <p class='ocr_par' dir='ltr' id='par_1_39' title="bbox 345 3782 3580 3861">
     <span class='ocr_line' id='line_1_39' title="bbox 345 3782 3580 3861; baseline 0.002 -26"><span class='ocrx_word' id='word_1_605' title='bbox 345 3782 812 3839; x_wconf 88' lang='lat' dir='ltr'><strong>circumcisionem</strong></span> <span class='ocrx_word' id='word_1_606' title='bbox 844 3786 898 3838; x_wconf 92' lang='lat' dir='ltr'><strong>in</strong></span> <span class='ocrx_word' id='word_1_607' title='bbox 925 3800 1088 3840; x_wconf 88' lang='lat' dir='ltr'><strong>carne</strong></span> <span class='ocrx_word' id='word_1_608' title='bbox 1110 3802 1207 3840; x_wconf 88' lang='lat' dir='ltr'><strong>sua</strong></span> <span class='ocrx_word' id='word_1_609' title='bbox 1237 3788 1349 3855; x_wconf 89' lang='lat' dir='ltr'><strong>ipse</strong></span> <span class='ocrx_word' id='word_1_610' title='bbox 1374 3788 1632 3855; x_wconf 89' lang='lat' dir='ltr'><strong>suscepit,</strong></span> <span class='ocrx_word' id='word_1_611' title='bbox 1653 3795 1709 3840; x_wconf 91' lang='lat' dir='ltr'><strong>ut</strong></span> <span class='ocrx_word' id='word_1_612' title='bbox 1739 3788 1911 3841; x_wconf 86' lang='lat' dir='ltr'><strong>mani-</strong></span> <span class='ocrx_word' id='word_1_613' title='bbox 2016 3791 2219 3845; x_wconf 87' lang='lat' dir='ltr'><strong>eisdem</strong></span> <span class='ocrx_word' id='word_1_614' title='bbox 2243 3792 2425 3845; x_wconf 81' lang='lat' dir='ltr'><strong>verbis</strong></span> <span class='ocrx_word' id='word_1_615' title='bbox 2454 3791 2635 3859; x_wconf 87' lang='lat' dir='ltr'><strong>posuit</strong></span> <span class='ocrx_word' id='word_1_616' title='bbox 2659 3793 2855 3860; x_wconf 86' lang='lat' dir='ltr'><strong>quibus</strong></span> <span class='ocrx_word' id='word_1_617' title='bbox 2879 3792 3228 3861; x_wconf 83' lang='lat' dir='ltr'><strong>Septuaginta</strong></span> <span class='ocrx_word' id='word_1_618' title='bbox 3265 3792 3580 3860; x_wconf 83' lang='lat' dir='ltr'><strong>Interpretes</strong></span> 
     </span>
    </p>
   </div>
   <div class='ocr_carea' id='block_1_40' title="bbox 342 3865 3578 3954">
    <p class='ocr_par' dir='ltr' id='par_1_40' title="bbox 342 3865 3578 3954">
     <span class='ocr_line' id='line_1_40' title="bbox 342 3865 3578 3954; baseline 0.002 -26"><span class='ocrx_word' id='word_1_619' title='bbox 342 3872 635 3930; x_wconf 86' lang='lat' dir='ltr'><strong>festissime</strong></span> <span class='ocrx_word' id='word_1_620' title='bbox 666 3886 981 3933; x_wconf 87' lang='lat' dir='ltr'><strong>nosceretur</strong></span> <span class='ocrx_word' id='word_1_621' title='bbox 1013 3879 1157 3947; x_wconf 85' lang='lat' dir='ltr'><strong>quod</strong></span> <span class='ocrx_word' id='word_1_622' title='bbox 1184 3895 1252 3934; x_wconf 79' lang='lat' dir='ltr'><strong>ex</strong></span> <span class='ocrx_word' id='word_1_623' title='bbox 1282 3880 1485 3934; x_wconf 88' lang='lat' dir='ltr'><strong>semine</strong></span> <span class='ocrx_word' id='word_1_624' title='bbox 1507 3880 1779 3934; x_wconf 79' lang='lat' dir='ltr'><strong>Abraham</strong></span> <span class='ocrx_word' id='word_1_625' title='bbox 1815 3893 1910 3933; x_wconf 82' lang='lat' dir='ltr'><strong>ve-</strong></span> <span class='ocrx_word' id='word_1_626' title='bbox 2018 3883 2321 3938; x_wconf 84' lang='lat' dir='ltr'><strong>ediderunt.</strong></span> <span class='ocrx_word' id='word_1_627' title='bbox 2374 3884 2529 3937; x_wconf 85' lang='lat' dir='ltr'><strong>Unde</strong></span> <span class='ocrx_word' id='word_1_628' title='bbox 2576 3884 2853 3938; x_wconf 88' lang='lat' dir='ltr'><strong>sciendum</strong></span> <span class='ocrx_word' id='word_1_629' title='bbox 2907 3895 2990 3939; x_wconf 89' lang='lat' dir='ltr'><strong>est</strong></span> <span class='ocrx_word' id='word_1_630' title='bbox 3036 3865 3179 3954; x_wconf 81' lang='lat' dir='ltr'><strong>quod</strong></span> <span class='ocrx_word' id='word_1_631' title='bbox 3241 3885 3292 3938; x_wconf 90' lang='lat' dir='ltr'><strong>in</strong></span> <span class='ocrx_word' id='word_1_632' title='bbox 3336 3885 3578 3938; x_wconf 84' lang='lat' dir='ltr'><strong>omnibus</strong></span> 
     </span>
    </p>
   </div>
   <div class='ocr_carea' id='block_1_41' title="bbox 345 3969 3574 4045">
    <p class='ocr_par' dir='ltr' id='par_1_41' title="bbox 345 3969 3574 4045">
     <span class='ocr_line' id='line_1_41' title="bbox 345 3969 3574 4045; baseline 0.001 -24"><span class='ocrx_word' id='word_1_633' title='bbox 345 3969 521 4037; x_wconf 88' lang='lat' dir='ltr'><strong>niens,</strong></span> <span class='ocrx_word' id='word_1_634' title='bbox 547 3969 632 4023; x_wconf 89' lang='lat' dir='ltr'><strong>cui</strong></span> <span class='ocrx_word' id='word_1_635' title='bbox 665 3970 987 4039; x_wconf 86' lang='lat' dir='ltr'><strong>promiserat</strong></span> <span class='ocrx_word' id='word_1_636' title='bbox 1019 3972 1160 4026; x_wconf 89' lang='lat' dir='ltr'><strong>Deus</strong></span> <span class='ocrx_word' id='word_1_637' title='bbox 1182 3972 1324 4041; x_wconf 84' lang='lat' dir='ltr'><strong>quod</strong></span> <span class='ocrx_word' id='word_1_638' title='bbox 1357 3971 1413 4025; x_wconf 88' lang='lat' dir='ltr'><strong>in</strong></span> <span class='ocrx_word' id='word_1_639' title='bbox 1451 3972 1658 4025; x_wconf 87' lang='lat' dir='ltr'><strong>semine</strong></span> <span class='ocrx_word' id='word_1_640' title='bbox 1688 3985 1786 4025; x_wconf 92' lang='lat' dir='ltr'><strong>suo</strong></span> <span class='ocrx_word' id='word_1_641' title='bbox 1813 3970 1909 4026; x_wconf 84' lang='lat' dir='ltr'><strong>be-</strong></span> <span class='ocrx_word' id='word_1_642' title='bbox 2016 3989 2153 4044; x_wconf 91' lang='lat' dir='ltr'><strong>pene</strong></span> <span class='ocrx_word' id='word_1_643' title='bbox 2182 3975 2468 4044; x_wconf 84' lang='lat' dir='ltr'><strong>Apostolus</strong></span> <span class='ocrx_word' id='word_1_644' title='bbox 2494 3976 2778 4030; x_wconf 89' lang='lat' dir='ltr'><strong>editionem</strong></span> <span class='ocrx_word' id='word_1_645' title='bbox 2829 3975 3185 4045; x_wconf 79' lang='lat' dir='ltr'><strong>Septuaginta</strong></span> <span class='ocrx_word' id='word_1_646' title='bbox 3230 3975 3574 4040; x_wconf 85' lang='lat' dir='ltr'><strong>Iuterpretnm</strong></span> 
     </span>
    </p>
   </div>
   <div class='ocr_carea' id='block_1_42' title="bbox 342 4060 3571 4138">
    <p class='ocr_par' dir='ltr' id='par_1_42' title="bbox 342 4060 3571 4138">
     <span class='ocr_line' id='line_1_42' title="bbox 342 4060 3571 4138; baseline 0.002 -25"><span class='ocrx_word' id='word_1_647' title='bbox 342 4060 720 4115; x_wconf 89' lang='lat' dir='ltr'><strong>nedicerentur</strong></span> <span class='ocrx_word' id='word_1_648' title='bbox 752 4062 861 4132; x_wconf 86' lang='lat' dir='ltr'><strong>(l9)</strong></span> <span class='ocrx_word' id='word_1_649' title='bbox 893 4077 1085 4117; x_wconf 91' lang='lat' dir='ltr'><strong>omnes</strong></span> <span class='ocrx_word' id='word_1_650' title='bbox 1116 4074 1307 4132; x_wconf 79' lang='lat' dir='ltr'><strong>gentes</strong></span> <span class='ocrx_word' id='word_1_651' title='bbox 1332 4063 1398 4127; x_wconf 74' lang='grc'>⁸⁸,</span> <span class='ocrx_word' id='word_1_652' title='bbox 1421 4064 1722 4132; x_wconf 89' lang='lat' dir='ltr'><strong>compleret</strong></span> <span class='ocrx_word' id='word_1_653' title='bbox 1743 4065 1793 4116; x_wconf 91' lang='lat' dir='ltr'><strong>in</strong></span> <span class='ocrx_word' id='word_1_654' title='bbox 1821 4078 1911 4120; x_wconf 87' lang='lat' dir='ltr'><strong>se-</strong></span> <span class='ocrx_word' id='word_1_655' title='bbox 2017 4076 2183 4134; x_wconf 85' lang='lat' dir='ltr'><strong>tenet,</strong></span> <span class='ocrx_word' id='word_1_656' title='bbox 2204 4069 2302 4122; x_wconf 90' lang='lat' dir='ltr'><strong>nisi</strong></span> <span class='ocrx_word' id='word_1_657' title='bbox 2330 4069 2373 4123; x_wconf 91' lang='lat' dir='ltr'><strong>si</strong></span> <span class='ocrx_word' id='word_1_658' title='bbox 2402 4082 2504 4136; x_wconf 89' lang='lat' dir='ltr'><strong>qua</strong></span> <span class='ocrx_word' id='word_1_659' title='bbox 2530 4067 2670 4123; x_wconf 85' lang='lat' dir='ltr'><strong>forte</strong></span> <span class='ocrx_word' id='word_1_660' title='bbox 2688 4069 2736 4122; x_wconf 91' lang='lat' dir='ltr'><strong>ei</strong></span> <span class='ocrx_word' id='word_1_661' title='bbox 2762 4083 2923 4138; x_wconf 86' lang='lat' dir='ltr'><strong>quam</strong></span> <span class='ocrx_word' id='word_1_662' title='bbox 2958 4068 3279 4137; x_wconf 79' lang='lat' dir='ltr'><strong>exsequitur</strong></span> <span class='ocrx_word' id='word_1_663' title='bbox 3302 4067 3571 4122; x_wconf 74' lang='lat' dir='ltr'><strong>assertioni</strong></span> 
     </span>
    </p>
   </div>
   <div class='ocr_carea' id='block_1_43' title="bbox 342 4154 3570 4230">
    <p class='ocr_par' dir='ltr' id='par_1_43' title="bbox 342 4154 3570 4230">
     <span class='ocr_line' id='line_1_43' title="bbox 342 4154 3570 4230; baseline 0.001 -24"><span class='ocrx_word' id='word_1_664' title='bbox 342 4155 569 4223; x_wconf 87' lang='lat' dir='ltr'><strong>metipso</strong></span> <span class='ocrx_word' id='word_1_665' title='bbox 593 4169 711 4223; x_wconf 66' lang='lat' dir='ltr'><strong>qum</strong></span> <span class='ocrx_word' id='word_1_666' title='bbox 736 4154 986 4210; x_wconf 88' lang='lat' dir='ltr'><strong>Patribus</strong></span> <span class='ocrx_word' id='word_1_667' title='bbox 1012 4156 1227 4211; x_wconf 77' lang='lat' dir='ltr'><strong>fuerant</strong></span> <span class='ocrx_word' id='word_1_668' title='bbox 1258 4156 1580 4225; x_wconf 89' lang='lat' dir='ltr'><strong>repromissa</strong></span> <span class='ocrx_word' id='word_1_669' title='bbox 1607 4174 1619 4210; x_wconf 93' lang='lat'><strong>:</strong></span> <span class='ocrx_word' id='word_1_670' title='bbox 1657 4165 1785 4210; x_wconf 88' lang='lat' dir='ltr'><strong>etut</strong></span> <span class='ocrx_word' id='word_1_671' title='bbox 1815 4172 1911 4225; x_wconf 87' lang='lat' dir='ltr'><strong>per</strong></span> <span class='ocrx_word' id='word_1_672' title='bbox 2017 4161 2193 4214; x_wconf 88' lang='lat' dir='ltr'><strong>minus</strong></span> <span class='ocrx_word' id='word_1_673' title='bbox 2223 4163 2526 4215; x_wconf 87' lang='lat' dir='ltr'><strong>necessaria</strong></span> <span class='ocrx_word' id='word_1_674' title='bbox 2558 4161 2813 4215; x_wconf 79' lang='lat' dir='ltr'><strong>videnlur</strong></span> <span class='ocrx_word' id='word_1_675' title='bbox 2839 4159 2976 4230; x_wconf 74' lang='lat'><strong>(:26),</strong></span> <span class='ocrx_word' id='word_1_676' title='bbox 3024 4170 3119 4212; x_wconf 90' lang='lat' dir='ltr'><strong>aut</strong></span> <span class='ocrx_word' id='word_1_677' title='bbox 3159 4161 3201 4213; x_wconf 90' lang='lat' dir='ltr'><strong>si</strong></span> <span class='ocrx_word' id='word_1_678' title='bbox 3238 4160 3449 4228; x_wconf 81' lang='lat' dir='ltr'><strong>quando</strong></span> <span class='ocrx_word' id='word_1_679' title='bbox 3475 4174 3570 4211; x_wconf 88' lang='lat' dir='ltr'><strong>non</strong></span> 
     </span>
    </p>
   </div>
   <div class='ocr_carea' id='block_1_44' title="bbox 340 4244 3571 4321">
    <p class='ocr_par' dir='ltr' id='par_1_44' title="bbox 340 4244 3571 4321">
     <span class='ocr_line' id='line_1_44' title="bbox 340 4244 3571 4321; baseline 0 -21"><span class='ocrx_word' id='word_1_680' title='bbox 340 4244 464 4311; x_wconf 86' lang='lat' dir='ltr'><strong>hoc,</strong></span> <span class='ocrx_word' id='word_1_681' title='bbox 489 4248 783 4302; x_wconf 88' lang='lat' dir='ltr'><strong>secundum</strong></span> <span class='ocrx_word' id='word_1_682' title='bbox 812 4250 1149 4318; x_wconf 89' lang='lat' dir='ltr'><strong>propositum</strong></span> <span class='ocrx_word' id='word_1_683' title='bbox 1178 4250 1342 4305; x_wconf 90' lang='lat' dir='ltr'><strong>totius</strong></span> <span class='ocrx_word' id='word_1_684' title='bbox 1367 4248 1617 4318; x_wconf 63' lang='lat' dir='ltr'><strong>Epistolas</strong></span> <span class='ocrx_word' id='word_1_685' title='bbox 1638 4249 1907 4315; x_wconf 86' lang='lat' dir='ltr'><strong>ordinem,</strong></span> <span class='ocrx_word' id='word_1_686' title='bbox 2018 4261 2125 4305; x_wconf 89' lang='lat' dir='ltr'><strong>tam</strong></span> <span class='ocrx_word' id='word_1_687' title='bbox 2160 4252 2340 4306; x_wconf 85' lang='lat' dir='ltr'><strong>verbis</strong></span> <span class='ocrx_word' id='word_1_688' title='bbox 2376 4251 2757 4321; x_wconf 87' lang='lat' dir='ltr'><strong>lnterpretmn,</strong></span> <span class='ocrx_word' id='word_1_689' title='bbox 2797 4267 2959 4318; x_wconf 85' lang='lat' dir='ltr'><strong>quam</strong></span> <span class='ocrx_word' id='word_1_690' title='bbox 3004 4250 3258 4304; x_wconf 86' lang='lat' dir='ltr'><strong>sensibus</strong></span> <span class='ocrx_word' id='word_1_691' title='bbox 3289 4248 3571 4319; x_wconf 66' lang='lat' dir='ltr'><strong>Scriptura</strong></span> 
     </span>
    </p>
   </div>
   <div class='ocr_carea' id='block_1_45' title="bbox 409 4357 1887 4429">
    <p class='ocr_par' dir='ltr' id='par_1_45' title="bbox 409 4357 1875 4429">
     <span class='ocr_line' id='line_1_45' title="bbox 409 4357 1875 4429; baseline 0.01 -21"><span class='ocrx_word' id='word_1_692' title='bbox 409 4357 642 4429; x_wconf 73' lang='lat' dir='ltr'><strong>&quot;Rom.</strong></span> <span class='ocrx_word' id='word_1_693' title='bbox 678 4375 787 4420; x_wconf 79' lang='lat' dir='ltr'><strong>xw,</strong></span> <span class='ocrx_word' id='word_1_694' title='bbox 827 4361 880 4416; x_wconf 81' lang='grc'><strong>5.</strong></span> <span class='ocrx_word' id='word_1_695' title='bbox 960 4360 1007 4392; x_wconf 80' lang='grc'><strong>³⁸</strong></span> <span class='ocrx_word' id='word_1_696' title='bbox 1044 4359 1230 4415; x_wconf 81' lang='lat' dir='ltr'><strong>Matth.</strong></span> <span class='ocrx_word' id='word_1_697' title='bbox 1263 4374 1330 4422; x_wconf 88' lang='lat' dir='ltr'><strong>v,</strong></span> <span class='ocrx_word' id='word_1_698' title='bbox 1384 4358 1467 4412; x_wconf 84' lang='lat' dir='ltr'><strong>l6.</strong></span> <span class='ocrx_word' id='word_1_699' title='bbox 1543 4357 1875 4429; x_wconf 30' lang='lat' dir='ltr'><strong>“130mg”</strong></span> 
     </span>
    </p>
   </div>
   <div class='ocr_carea' id='block_1_46' title="bbox 2085 4357 3563 4429">
    <p class='ocr_par' dir='ltr' id='par_1_46' title="bbox 2087 4359 3563 4429">
     <span class='ocr_line' id='line_1_46' title="bbox 2087 4359 3563 4429; baseline -0.001 -15"><span class='ocrx_word' id='word_1_700' title='bbox 2087 4401 2100 4414; x_wconf 94' lang='lat'><strong>.</strong></span> <span class='ocrx_word' id='word_1_701' title='bbox 2178 4364 2223 4394; x_wconf 66' lang='lat'><strong>9&quot;</strong></span> <span class='ocrx_word' id='word_1_702' title='bbox 2257 4365 2556 4429; x_wconf 82' lang='lat' dir='ltr'><strong>Gen.xxu,</strong></span> <span class='ocrx_word' id='word_1_703' title='bbox 2612 4362 2697 4418; x_wconf 89' lang='grc'><strong>18.</strong></span> <span class='ocrx_word' id='word_1_704' title='bbox 2768 4362 2813 4394; x_wconf 77' lang='grc'>⁹⁹</span> <span class='ocrx_word' id='word_1_705' title='bbox 2842 4363 2999 4417; x_wconf 79' lang='lat' dir='ltr'><strong>Rom.</strong></span> <span class='ocrx_word' id='word_1_706' title='bbox 3031 4376 3106 4423; x_wconf 81' lang='grc' dir='ltr'>ιι,</span> <span class='ocrx_word' id='word_1_707' title='bbox 3157 4361 3252 4418; x_wconf 75' lang='grc'><strong>28.</strong></span> <span class='ocrx_word' id='word_1_708' title='bbox 3331 4359 3563 4414; x_wconf 75' lang='lat' dir='ltr'><strong>‘Coloss.</strong></span> 
     </span>
    </p>
   </div>
   <div class='ocr_carea' id='block_1_47' title="bbox 339 4427 2111 4498">
    <p class='ocr_par' dir='ltr' id='par_1_47' title="bbox 339 4427 2111 4498">
     <span class='ocr_line' id='line_1_47' title="bbox 339 4427 2111 4498; baseline 0.002 -15"><span class='ocrx_word' id='word_1_709' title='bbox 339 4437 422 4495; x_wconf 77' lang='lat' dir='ltr'><strong>lt,‘</strong></span> <span class='ocrx_word' id='word_1_710' title='bbox 451 4428 538 4482; x_wconf 92' lang='grc'><strong>11.</strong></span> <span class='ocrx_word' id='word_1_711' title='bbox 613 4430 635 4460; x_wconf 83' lang='grc'>²</span> <span class='ocrx_word' id='word_1_712' title='bbox 665 4429 808 4485; x_wconf 78' lang='lat' dir='ltr'><strong>Psal.</strong></span> <span class='ocrx_word' id='word_1_713' title='bbox 841 4447 975 4498; x_wconf 80' lang='lat' dir='ltr'><strong>xvn,</strong></span> <span class='ocrx_word' id='word_1_714' title='bbox 996 4430 1084 4486; x_wconf 79' lang='lat'><strong>50.</strong></span> <span class='ocrx_word' id='word_1_715' title='bbox 1152 4430 1174 4461; x_wconf 83' lang='grc'>³</span> <span class='ocrx_word' id='word_1_716' title='bbox 1196 4431 1352 4484; x_wconf 90' lang='lat' dir='ltr'><strong>Deut.</strong></span> <span class='ocrx_word' id='word_1_717' title='bbox 1378 4427 1660 4491; x_wconf 70' lang='lat' dir='ltr'><strong>xxxu,45.</strong></span> <span class='ocrx_word' id='word_1_718' title='bbox 1731 4428 1753 4458; x_wconf 60' lang='grc' dir='ltr'><strong>ι</strong></span> <span class='ocrx_word' id='word_1_719' title='bbox 1784 4428 1886 4484; x_wconf 81' lang='lat' dir='ltr'><strong>lsa.</strong></span> <span class='ocrx_word' id='word_1_720' title='bbox 1918 4447 1993 4496; x_wconf 82' lang='lat' dir='ltr'><strong>xl,</strong></span> <span class='ocrx_word' id='word_1_721' title='bbox 2024 4427 2111 4488; x_wconf 87' lang='grc'><strong>10.</strong></span> 
     </span>
    </p>
   </div>
   <div class='ocr_carea' id='block_1_48' title="bbox 406 4535 3569 4612">
    <p class='ocr_par' dir='ltr' id='par_1_48' title="bbox 406 4535 3569 4612">
     <span class='ocr_line' id='line_1_48' title="bbox 406 4535 3569 4612; baseline 0.001 -21"><span class='ocrx_word' id='word_1_722' title='bbox 406 4537 521 4609; x_wconf 77' lang='grc'><strong>(15)</strong></span> <span class='ocrx_word' id='word_1_723' title='bbox 548 4538 647 4612; x_wconf 85' lang='lat' dir='ltr'><strong>Ms.</strong></span> <span class='ocrx_word' id='word_1_724' title='bbox 677 4557 844 4608; x_wconf 90' lang='lat' dir='ltr'><strong>unus,</strong></span> <span class='ocrx_word' id='word_1_725' title='bbox 879 4551 1146 4612; x_wconf 89' lang='lat' dir='ltr'><strong>posuerat.</strong></span> <span class='ocrx_word' id='word_1_726' title='bbox 1184 4540 1289 4595; x_wconf 92' lang='lat' dir='ltr'><strong>Sed</strong></span> <span class='ocrx_word' id='word_1_727' title='bbox 1319 4538 1502 4595; x_wconf 69' lang='lat' dir='ltr'><strong>caeteri</strong></span> <span class='ocrx_word' id='word_1_728' title='bbox 1534 4551 1689 4600; x_wconf 87' lang='lat' dir='ltr'><strong>mss.,</strong></span> <span class='ocrx_word' id='word_1_729' title='bbox 1726 4535 1898 4590; x_wconf 75' lang='lat' dir='ltr'><strong>Raba-</strong></span> <span class='ocrx_word' id='word_1_730' title='bbox 1935 4543 1978 4597; x_wconf 83' lang='grc' dir='ltr'>ι)</span> <span class='ocrx_word' id='word_1_731' title='bbox 2008 4541 2106 4612; x_wconf 80' lang='lat' dir='ltr'><strong>teri</strong></span> <span class='ocrx_word' id='word_1_732' title='bbox 2143 4556 2268 4612; x_wconf 86' lang='lat' dir='ltr'><strong>vero</strong></span> <span class='ocrx_word' id='word_1_733' title='bbox 2299 4555 2430 4596; x_wconf 87' lang='lat' dir='ltr'><strong>mss.</strong></span> <span class='ocrx_word' id='word_1_734' title='bbox 2466 4552 2521 4597; x_wconf 91' lang='lat' dir='ltr'><strong>et</strong></span> <span class='ocrx_word' id='word_1_735' title='bbox 2549 4542 2705 4608; x_wconf 84' lang='lat' dir='ltr'><strong>editi,</strong></span> <span class='ocrx_word' id='word_1_736' title='bbox 2734 4551 2784 4597; x_wconf 90' lang='lat' dir='ltr'><strong>et</strong></span> <span class='ocrx_word' id='word_1_737' title='bbox 2816 4542 3218 4596; x_wconf 87' lang='lat' dir='ltr'><strong>circumcisione</strong></span> <span class='ocrx_word' id='word_1_738' title='bbox 3257 4542 3430 4596; x_wconf 84' lang='lat' dir='ltr'><strong>cordis</strong></span> <span class='ocrx_word' id='word_1_739' title='bbox 3462 4555 3569 4611; x_wconf 70' lang='lat' dir='ltr'><strong>qua:</strong></span> 
     </span>
    </p>
   </div>
   <div class='ocr_carea' id='block_1_49' title="bbox 337 4609 2855 4682">
    <p class='ocr_par' dir='ltr' id='par_1_49' title="bbox 337 4609 2855 4682">
     <span class='ocr_line' id='line_1_49' title="bbox 337 4609 2855 4682; baseline 0.002 -20"><span class='ocrx_word' id='word_1_740' title='bbox 337 4619 517 4682; x_wconf 78' lang='lat' dir='ltr'><strong>noset</strong></span> <span class='ocrx_word' id='word_1_741' title='bbox 543 4611 674 4682; x_wconf 84' lang='lat' dir='ltr'><strong>e_diti</strong></span> <span class='ocrx_word' id='word_1_742' title='bbox 700 4609 1063 4682; x_wconf 76' lang='lat' dir='ltr'><strong>proposuerat.</strong></span> <span class='ocrx_word' id='word_1_743' title='bbox 1121 4681 1128 4682; x_wconf 17' lang='grc' dir='ltr'><em>γ</em></span> <span class='ocrx_word' id='word_1_744' title='bbox 1412 4679 1441 4682; x_wconf 79' lang='lat'><strong>__</strong></span> <span class='ocrx_word' id='word_1_745' title='bbox 1473 4679 1484 4682; x_wconf 24' lang='grc' dir='ltr'><strong>Α</strong></span> <span class='ocrx_word' id='word_1_746' title='bbox 2010 4609 2270 4682; x_wconf 20' lang='lat' dir='ltr'><strong>(aliqui)</strong></span> <span class='ocrx_word' id='word_1_747' title='bbox 2294 4612 2504 4678; x_wconf 86' lang='lat' dir='ltr'><strong>spiritu,</strong></span> <span class='ocrx_word' id='word_1_748' title='bbox 2536 4625 2640 4667; x_wconf 85' lang='lat' dir='ltr'><strong>etc.</strong></span> <span class='ocrx_word' id='word_1_749' title='bbox 2849 4617 2855 4623; x_wconf 85' lang='lat'><strong>&#39;</strong></span> 
     </span>
    </p>
   </div>
   <div class='ocr_carea' id='block_1_50' title="bbox 436 4678 3566 4753">
    <p class='ocr_par' dir='ltr' id='par_1_50' title="bbox 436 4678 3566 4753">
     <span class='ocr_line' id='line_1_50' title="bbox 436 4678 3566 4753; baseline 0 -20"><span class='ocrx_word' id='word_1_750' title='bbox 436 4680 522 4753; x_wconf 54' lang='lat' dir='ltr'><strong>lii)</strong></span> <span class='ocrx_word' id='word_1_751' title='bbox 546 4678 908 4753; x_wconf 75' lang='lat' dir='ltr'><strong>_Editi,_Nihil</strong></span> <span class='ocrx_word' id='word_1_752' title='bbox 933 4681 1069 4753; x_wconf 74' lang='lat' dir='ltr'><strong>enim</strong></span> <span class='ocrx_word' id='word_1_753' title='bbox 1095 4681 1161 4735; x_wconf 87' lang='lat' dir='ltr'><strong>de</strong></span> <span class='ocrx_word' id='word_1_754' title='bbox 1186 4679 1681 4753; x_wconf 31' lang='lat' dir='ltr'><strong>immunditiuaetc.</strong></span> <span class='ocrx_word' id='word_1_755' title='bbox 1716 4749 1726 4753; x_wconf 93' lang='lat'><em>_</em></span> <span class='ocrx_word' id='word_1_756' title='bbox 1784 4746 1794 4753; x_wconf 28' lang='grc' dir='ltr'><strong><em>Δ</em></strong></span> <span class='ocrx_word' id='word_1_757' title='bbox 1834 4747 1847 4753; x_wconf 87' lang='lat'><strong>_</strong></span> <span class='ocrx_word' id='word_1_758' title='bbox 2021 4678 2029 4682; x_wconf 65' lang='grc'>⁷</span> <span class='ocrx_word' id='word_1_759' title='bbox 2078 4678 2191 4753; x_wconf 69' lang='lat'><strong>(22)</strong></span> <span class='ocrx_word' id='word_1_760' title='bbox 2225 4678 2394 4753; x_wconf 76' lang='lat' dir='ltr'><strong>Editi,</strong></span> <span class='ocrx_word' id='word_1_761' title='bbox 2432 4684 2521 4736; x_wconf 89' lang='lat' dir='ltr'><strong>sed</strong></span> <span class='ocrx_word' id='word_1_762' title='bbox 2556 4685 2611 4736; x_wconf 90' lang='lat' dir='ltr'><strong>in</strong></span> <span class='ocrx_word' id='word_1_763' title='bbox 2657 4682 3052 4738; x_wconf 83' lang='lat' dir='ltr'><strong>circumcisione</strong></span> <span class='ocrx_word' id='word_1_764' title='bbox 3089 4684 3325 4750; x_wconf 83' lang='lat' dir='ltr'><strong>corporis</strong></span> <span class='ocrx_word' id='word_1_765' title='bbox 3359 4679 3566 4746; x_wconf 83' lang='lat' dir='ltr'><strong>Christi,</strong></span> 
     </span>
    </p>
   </div>
   <div class='ocr_carea' id='block_1_51' title="bbox 433 4746 2814 4821">
    <p class='ocr_par' dir='ltr' id='par_1_51' title="bbox 433 4746 2814 4821">
     <span class='ocr_line' id='line_1_51' title="bbox 433 4746 2814 4821; baseline 0.001 -18"><span class='ocrx_word' id='word_1_766' title='bbox 433 4750 518 4818; x_wconf 87' lang='grc'><strong>17)</strong></span> <span class='ocrx_word' id='word_1_767' title='bbox 544 4750 668 4805; x_wconf 85' lang='lat' dir='ltr'><strong>Mss.</strong></span> <span class='ocrx_word' id='word_1_768' title='bbox 693 4751 954 4821; x_wconf 72' lang='lat' dir='ltr'><strong>plerique,</strong></span> <span class='ocrx_word' id='word_1_769' title='bbox 982 4750 1234 4805; x_wconf 79' lang='lat' dir='ltr'><strong>Rabanns</strong></span> <span class='ocrx_word' id='word_1_770' title='bbox 1256 4761 1309 4804; x_wconf 92' lang='lat' dir='ltr'><strong>et</strong></span> <span class='ocrx_word' id='word_1_771' title='bbox 1337 4749 1589 4810; x_wconf 86' lang='lat' dir='ltr'><strong>editi,hic</strong></span> <span class='ocrx_word' id='word_1_772' title='bbox 1615 4747 1750 4821; x_wconf 65' lang='lat' dir='ltr'><strong>dixit</strong></span> <span class='ocrx_word' id='word_1_773' title='bbox 1776 4746 1895 4819; x_wconf 82' lang='lat' dir='ltr'><strong>(aL,</strong></span> <span class='ocrx_word' id='word_1_774' title='bbox 2006 4746 2293 4819; x_wconf 80' lang='lat' dir='ltr'><strong>consepulti</strong></span> <span class='ocrx_word' id='word_1_775' title='bbox 2316 4754 2364 4806; x_wconf 90' lang='lat' dir='ltr'><strong>ei</strong></span> <span class='ocrx_word' id='word_1_776' title='bbox 2395 4754 2448 4806; x_wconf 88' lang='lat' dir='ltr'><strong>in</strong></span> <span class='ocrx_word' id='word_1_777' title='bbox 2477 4754 2814 4821; x_wconf 87' lang='lat' dir='ltr'><strong>baptismum.</strong></span> 
     </span>
    </p>
   </div>
   <div class='ocr_carea' id='block_1_52' title="bbox 336 4817 3565 4895">
    <p class='ocr_par' dir='ltr' id='par_1_52' title="bbox 336 4817 3565 4895">
     <span class='ocr_line' id='line_1_52' title="bbox 336 4817 3565 4895; baseline 0.001 -23"><span class='ocrx_word' id='word_1_778' title='bbox 336 4817 507 4890; x_wconf 72' lang='lat' dir='ltr'><strong>dicit)</strong></span> <span class='ocrx_word' id='word_1_779' title='bbox 524 4824 654 4895; x_wconf 64' lang='lat' dir='ltr'><strong>quia</strong></span> <span class='ocrx_word' id='word_1_780' title='bbox 695 4817 934 4895; x_wconf 74' lang='lat' dir='ltr'><strong>Christus</strong></span> <span class='ocrx_word' id='word_1_781' title='bbox 960 4861 975 4885; x_wconf 95' lang='lat'><strong>,</strong></span> <span class='ocrx_word' id='word_1_782' title='bbox 1016 4829 1123 4875; x_wconf 73' lang='lat' dir='ltr'><strong>etc.</strong></span> <span class='ocrx_word' id='word_1_783' title='bbox 1176 4820 1281 4895; x_wconf 84' lang='lat' dir='ltr'><strong>Sed</strong></span> <span class='ocrx_word' id='word_1_784' title='bbox 1316 4823 1515 4895; x_wconf 72' lang='lat' dir='ltr'><strong>rectius</strong></span> <span class='ocrx_word' id='word_1_785' title='bbox 1563 4833 1662 4872; x_wconf 88' lang='lat' dir='ltr'><strong>ms.</strong></span> <span class='ocrx_word' id='word_1_786' title='bbox 1699 4817 1899 4895; x_wconf 58' lang='lat' dir='ltr'><strong>Regius</strong></span> <span class='ocrx_word' id='word_1_787' title='bbox 2031 4817 2190 4895; x_wconf 35' lang='grc'><strong>(25)</strong></span> <span class='ocrx_word' id='word_1_788' title='bbox 2230 4824 2322 4876; x_wconf 78' lang='lat' dir='ltr'><strong>Sic</strong></span> <span class='ocrx_word' id='word_1_789' title='bbox 2351 4839 2479 4877; x_wconf 74' lang='lat' dir='ltr'><strong>mss.</strong></span> <span class='ocrx_word' id='word_1_790' title='bbox 2511 4817 2728 4877; x_wconf 80' lang='lat' dir='ltr'><strong>codices</strong></span> <span class='ocrx_word' id='word_1_791' title='bbox 2763 4824 2974 4888; x_wconf 88' lang='lat' dir='ltr'><strong>nostri;</strong></span> <span class='ocrx_word' id='word_1_792' title='bbox 3009 4823 3138 4877; x_wconf 83' lang='lat' dir='ltr'><strong>editi</strong></span> <span class='ocrx_word' id='word_1_793' title='bbox 3178 4838 3344 4895; x_wconf 57' lang='lat' dir='ltr'><strong>sero,</strong></span> <span class='ocrx_word' id='word_1_794' title='bbox 3390 4821 3565 4887; x_wconf 66' lang='lat' dir='ltr'><strong>quibus</strong></span> 
     </span>
    </p>
   </div>
   <div class='ocr_carea' id='block_1_53' title="bbox 336 4889 3567 4963">
    <p class='ocr_par' dir='ltr' id='par_1_53' title="bbox 336 4889 3567 4963">
     <span class='ocr_line' id='line_1_53' title="bbox 336 4889 3567 4963; baseline -0 -19"><span class='ocrx_word' id='word_1_795' title='bbox 336 4907 482 4963; x_wconf 85' lang='lat' dir='ltr'><strong>num.</strong></span> <span class='ocrx_word' id='word_1_796' title='bbox 518 4891 657 4963; x_wconf 58' lang='grc'><strong>1659</strong></span> <span class='ocrx_word' id='word_1_797' title='bbox 685 4892 819 4944; x_wconf 91' lang='lat' dir='ltr'><strong>utin</strong></span> <span class='ocrx_word' id='word_1_798' title='bbox 853 4901 1037 4946; x_wconf 90' lang='lat' dir='ltr'><strong>nostro</strong></span> <span class='ocrx_word' id='word_1_799' title='bbox 1062 4901 1230 4963; x_wconf 77' lang='lat' dir='ltr'><strong>textu.</strong></span> <span class='ocrx_word' id='word_1_800' title='bbox 1261 4889 1463 4963; x_wconf 67' lang='lat' dir='ltr'><strong>Deinde</strong></span> <span class='ocrx_word' id='word_1_801' title='bbox 1496 4904 1624 4963; x_wconf 85' lang='lat' dir='ltr'><strong>mss.</strong></span> <span class='ocrx_word' id='word_1_802' title='bbox 1655 4890 1894 4963; x_wconf 77' lang='lat' dir='ltr'><strong>quidam,</strong></span> <span class='ocrx_word' id='word_1_803' title='bbox 2004 4889 2181 4963; x_wconf 59' lang='lat' dir='ltr'><strong>dic&#39;it.‘</strong></span> <span class='ocrx_word' id='word_1_804' title='bbox 2223 4902 2399 4963; x_wconf 89' lang='lat' dir='ltr'><strong>gentes</strong></span> <span class='ocrx_word' id='word_1_805' title='bbox 2458 4903 2634 4947; x_wconf 86' lang='lat' dir='ltr'><strong>autem</strong></span> <span class='ocrx_word' id='word_1_806' title='bbox 2681 4910 2836 4963; x_wconf 87' lang='lat' dir='ltr'><strong>super</strong></span> <span class='ocrx_word' id='word_1_807' title='bbox 2891 4892 3250 4947; x_wconf 79' lang='lat' dir='ltr'><strong>misericordia</strong></span> <span class='ocrx_word' id='word_1_808' title='bbox 3321 4894 3567 4945; x_wconf 81' lang='lat' dir='ltr'><strong>honorare</strong></span> 
     </span>
    </p>
   </div>
   <div class='ocr_carea' id='block_1_54' title="bbox 335 4958 3243 5031">
    <p class='ocr_par' dir='ltr' id='par_1_54' title="bbox 335 4958 3243 5031">
     <span class='ocr_line' id='line_1_54' title="bbox 335 4958 3243 5031; baseline -0.001 -20"><span class='ocrx_word' id='word_1_809' title='bbox 335 4961 497 5031; x_wconf 42' lang='lat' dir='ltr'><strong>addit</strong></span> <span class='ocrx_word' id='word_1_810' title='bbox 523 4971 570 5014; x_wconf 91' lang='lat' dir='ltr'><strong>et</strong></span> <span class='ocrx_word' id='word_1_811' title='bbox 603 4961 721 5028; x_wconf 91' lang='lat' dir='ltr'><strong>hoc,</strong></span> <span class='ocrx_word' id='word_1_812' title='bbox 749 4970 819 5031; x_wconf 15' lang='lat' dir='ltr'><strong>uti</strong></span> <span class='ocrx_word' id='word_1_813' title='bbox 835 4963 1002 5031; x_wconf 87' lang='lat' dir='ltr'><strong>honor</strong></span> <span class='ocrx_word' id='word_1_814' title='bbox 1038 4963 1102 5014; x_wconf 89' lang='lat' dir='ltr'><strong>sit</strong></span> <span class='ocrx_word' id='word_1_815' title='bbox 1138 4961 1253 5023; x_wconf 90' lang='lat' dir='ltr'><strong>Dei,</strong></span> <span class='ocrx_word' id='word_1_816' title='bbox 1287 4970 1393 5015; x_wconf 88' lang='lat' dir='ltr'><strong>etc.</strong></span> <span class='ocrx_word' id='word_1_817' title='bbox 1431 4958 1537 5031; x_wconf 85' lang='lat' dir='ltr'><strong>Sed</strong></span> <span class='ocrx_word' id='word_1_818' title='bbox 1575 4958 1894 5031; x_wconf 69' lang='lat' dir='ltr'><strong>melius_m_s.</strong></span> <span class='ocrx_word' id='word_1_819' title='bbox 2001 4962 2190 5027; x_wconf 89' lang='lat' dir='ltr'><strong>Deum,</strong></span> <span class='ocrx_word' id='word_1_820' title='bbox 2221 4958 2357 5016; x_wconf 72' lang='lat' dir='ltr'><strong>sicut</strong></span> <span class='ocrx_word' id='word_1_821' title='bbox 2382 4965 2638 5031; x_wconf 84' lang='lat' dir='ltr'><strong>scriptum</strong></span> <span class='ocrx_word' id='word_1_822' title='bbox 2667 4958 2762 5017; x_wconf 76' lang='lat' dir='ltr'><strong>est.</strong></span> <span class='ocrx_word' id='word_1_823' title='bbox 2792 4962 3104 5028; x_wconf 68' lang='lat' dir='ltr'><strong>Propterea,</strong></span> <span class='ocrx_word' id='word_1_824' title='bbox 3136 4972 3243 5017; x_wconf 82' lang='lat' dir='ltr'><strong>etc.</strong></span> 
     </span>
    </p>
   </div>
   <div class='ocr_carea' id='block_1_55' title="bbox 333 5027 3566 5107">
    <p class='ocr_par' dir='ltr' id='par_1_55' title="bbox 333 5027 3566 5107">
     <span class='ocr_line' id='line_1_55' title="bbox 333 5027 3566 5107; baseline 0 -24"><span class='ocrx_word' id='word_1_825' title='bbox 333 5029 532 5107; x_wconf 74' lang='lat' dir='ltr'><strong>Regius</strong></span> <span class='ocrx_word' id='word_1_826' title='bbox 563 5027 712 5086; x_wconf 84' lang='lat' dir='ltr'><strong>num.</strong></span> <span class='ocrx_word' id='word_1_827' title='bbox 762 5030 899 5085; x_wconf 80' lang='grc'><strong>1659</strong></span> <span class='ocrx_word' id='word_1_828' title='bbox 932 5040 998 5107; x_wconf 88' lang='lat' dir='ltr'><strong>_e_t</strong></span> <span class='ocrx_word' id='word_1_829' title='bbox 1048 5031 1332 5107; x_wconf 58' lang='grc' dir='ltr'><strong>ΙὶιιὺιιιιιιεΔ</strong></span> <span class='ocrx_word' id='word_1_830' title='bbox 1360 5041 1419 5083; x_wconf 84' lang='grc' dir='ltr'><strong>ιιι</strong></span> <span class='ocrx_word' id='word_1_831' title='bbox 1463 5030 1515 5083; x_wconf 92' lang='lat' dir='ltr'><strong>in</strong></span> <span class='ocrx_word' id='word_1_832' title='bbox 1551 5038 1721 5083; x_wconf 81' lang='lat' dir='ltr'><strong>textu.</strong></span> <span class='ocrx_word' id='word_1_833' title='bbox 1750 5027 1896 5082; x_wconf 90' lang='lat' dir='ltr'><strong>Editi</strong></span> <span class='ocrx_word' id='word_1_834' title='bbox 2016 5103 2029 5107; x_wconf 89' lang='lat'><strong>_</strong></span> <span class='ocrx_word' id='word_1_835' title='bbox 2073 5032 2188 5107; x_wconf 60' lang='grc' dir='ltr'><strong>(Ἃ)</strong></span> <span class='ocrx_word' id='word_1_836' title='bbox 2220 5033 2360 5088; x_wconf 83' lang='lat' dir='ltr'><strong>Editi</strong></span> <span class='ocrx_word' id='word_1_837' title='bbox 2382 5073 2398 5098; x_wconf 91' lang='lat'><strong>,</strong></span> <span class='ocrx_word' id='word_1_838' title='bbox 2446 5027 2627 5089; x_wconf 84' lang='lat' dir='ltr'><strong>octavo</strong></span> <span class='ocrx_word' id='word_1_839' title='bbox 2662 5050 2682 5099; x_wconf 85' lang='lat'><strong><em>;</em></strong></span> <span class='ocrx_word' id='word_1_840' title='bbox 2713 5049 2866 5103; x_wconf 89' lang='lat' dir='ltr'><strong>mss.,</strong></span> <span class='ocrx_word' id='word_1_841' title='bbox 2894 5034 3114 5103; x_wconf 86' lang='lat' dir='ltr'><strong>septimo</strong></span> <span class='ocrx_word' id='word_1_842' title='bbox 3135 5072 3151 5099; x_wconf 95' lang='lat'><strong>,</strong></span> <span class='ocrx_word' id='word_1_843' title='bbox 3196 5043 3253 5086; x_wconf 89' lang='lat' dir='ltr'><strong>et</strong></span> <span class='ocrx_word' id='word_1_844' title='bbox 3283 5043 3431 5088; x_wconf 88' lang='lat' dir='ltr'><strong>recte</strong></span> <span class='ocrx_word' id='word_1_845' title='bbox 3455 5032 3566 5101; x_wconf 79' lang='lat' dir='ltr'><strong>qui-</strong></span> 
     </span>
    </p>
   </div>
   <div class='ocr_carea' id='block_1_56' title="bbox 335 5100 2144 5169">
    <p class='ocr_par' dir='ltr' id='par_1_56' title="bbox 335 5100 2144 5169">
     <span class='ocr_line' id='line_1_56' title="bbox 335 5100 2144 5169; baseline 0.003 -16"><span class='ocrx_word' id='word_1_846' title='bbox 335 5104 592 5153; x_wconf 87' lang='lat' dir='ltr'><strong>0tuittuut</strong></span> <span class='ocrx_word' id='word_1_847' title='bbox 623 5112 818 5163; x_wconf 85' lang='lat' dir='ltr'><strong>autem,</strong></span> <span class='ocrx_word' id='word_1_848' title='bbox 851 5102 945 5155; x_wconf 92' lang='lat' dir='ltr'><strong>sed</strong></span> <span class='ocrx_word' id='word_1_849' title='bbox 974 5100 1173 5156; x_wconf 83' lang='lat' dir='ltr'><strong>habent</strong></span> <span class='ocrx_word' id='word_1_850' title='bbox 1195 5101 1332 5169; x_wconf 82' lang='lat' dir='ltr'><strong>quod</strong></span> <span class='ocrx_word' id='word_1_851' title='bbox 1358 5115 1456 5168; x_wconf 84' lang='lat' dir='ltr'><strong>pro</strong></span> <span class='ocrx_word' id='word_1_852' title='bbox 1484 5108 1563 5153; x_wconf 79' lang='lat' dir='ltr'><strong>ut.</strong></span> <span class='ocrx_word' id='word_1_853' title='bbox 1998 5100 2144 5159; x_wconf 82' lang='lat' dir='ltr'><strong>dent.</strong></span> 
     </span>
    </p>
   </div>
   <div class='ocr_carea' id='block_1_57' title="bbox 404 5169 3560 5247">
    <p class='ocr_par' dir='ltr' id='par_1_57' title="bbox 404 5169 3560 5247">
     <span class='ocr_line' id='line_1_57' title="bbox 404 5169 3560 5247; baseline 0 -23"><span class='ocrx_word' id='word_1_854' title='bbox 404 5169 515 5242; x_wconf 83' lang='grc'><strong>(18)</strong></span> <span class='ocrx_word' id='word_1_855' title='bbox 539 5170 725 5247; x_wconf 79' lang='lat' dir='ltr'><strong>Gentes</strong></span> <span class='ocrx_word' id='word_1_856' title='bbox 754 5180 930 5225; x_wconf 88' lang='lat' dir='ltr'><strong>autem</strong></span> <span class='ocrx_word' id='word_1_857' title='bbox 951 5188 1043 5239; x_wconf 90' lang='lat' dir='ltr'><strong>pro</strong></span> <span class='ocrx_word' id='word_1_858' title='bbox 1068 5171 1427 5247; x_wconf 76' lang='lat' dir='ltr'><strong>misericordia</strong></span> <span class='ocrx_word' id='word_1_859' title='bbox 1449 5170 1734 5247; x_wconf 79' lang='lat' dir='ltr'><strong>honorare,</strong></span> <span class='ocrx_word' id='word_1_860' title='bbox 1759 5176 1891 5247; x_wconf 90' lang='lat' dir='ltr'><strong>etc_.,</strong></span> <span class='ocrx_word' id='word_1_861' title='bbox 2026 5246 2029 5247; x_wconf 15' lang='grc' dir='ltr'><em>ν</em></span> <span class='ocrx_word' id='word_1_862' title='bbox 2070 5174 2184 5247; x_wconf 75' lang='grc'><strong>(25)</strong></span> <span class='ocrx_word' id='word_1_863' title='bbox 2219 5172 2474 5229; x_wconf 87' lang='lat' dir='ltr'><strong>Ultimum</strong></span> <span class='ocrx_word' id='word_1_864' title='bbox 2500 5191 2619 5229; x_wconf 84' lang='lat' dir='ltr'><strong>vero</strong></span> <span class='ocrx_word' id='word_1_865' title='bbox 2648 5173 2940 5247; x_wconf 74' lang='lat' dir='ltr'><strong>exemplum</strong></span> <span class='ocrx_word' id='word_1_866' title='bbox 2967 5174 3076 5239; x_wconf 88' lang='lat' dir='ltr'><strong>ipse</strong></span> <span class='ocrx_word' id='word_1_867' title='bbox 3106 5170 3309 5247; x_wconf 74' lang='lat' dir='ltr'><strong>Paulus</strong></span> <span class='ocrx_word' id='word_1_868' title='bbox 3334 5177 3399 5226; x_wconf 86' lang='lat' dir='ltr'><strong>de</strong></span> <span class='ocrx_word' id='word_1_869' title='bbox 3416 5171 3560 5247; x_wconf 62' lang='grc' dir='ltr'><strong>ΔΙιςιιίιι</strong></span> 
     </span>
    </p>
   </div>
   <div class='ocr_carea' id='block_1_58' title="bbox 332 5239 3560 5315">
    <p class='ocr_par' dir='ltr' id='par_1_58' title="bbox 332 5239 3560 5315">
     <span class='ocr_line' id='line_1_58' title="bbox 332 5239 3560 5315; baseline -0.004 -11"><span class='ocrx_word' id='word_1_870' title='bbox 332 5239 504 5309; x_wconf 62' lang='grc' dir='ltr'>υείὶιιέ</span> <span class='ocrx_word' id='word_1_871' title='bbox 541 5243 607 5315; x_wconf 62' lang='lat' dir='ltr'><strong>ad</strong></span> <span class='ocrx_word' id='word_1_872' title='bbox 632 5281 648 5315; x_wconf 65' lang='grc' dir='ltr'><strong>ρ</strong></span> <span class='ocrx_word' id='word_1_873' title='bbox 678 5243 734 5296; x_wconf 60' lang='lat' dir='ltr'><strong>in</strong></span> <span class='ocrx_word' id='word_1_874' title='bbox 772 5257 831 5315; x_wconf 68' lang='grc' dir='ltr'>ερ</span> <span class='ocrx_word' id='word_1_875' title='bbox 875 5252 1047 5315; x_wconf 63' lang='grc' dir='ltr'>ρεῖιιεε</span> <span class='ocrx_word' id='word_1_876' title='bbox 1089 5241 1362 5310; x_wconf 70' lang='lat' dir='ltr'><strong>sperabunt</strong></span> <span class='ocrx_word' id='word_1_877' title='bbox 1386 5280 1401 5304; x_wconf 70' lang='grc' dir='ltr'><strong>ν</strong></span> <span class='ocrx_word' id='word_1_878' title='bbox 1432 5239 1809 5293; x_wconf 66' lang='grc' dir='ltr'><strong>ἀεείάθτθιιῑιη·</strong></span> <span class='ocrx_word' id='word_1_879' title='bbox 1842 5242 1894 5293; x_wconf 78' lang='lat' dir='ltr'><strong>ill</strong></span> <span class='ocrx_word' id='word_1_880' title='bbox 1996 5239 2261 5315; x_wconf 69' lang='lat' dir='ltr'><strong>dicitesse</strong></span> <span class='ocrx_word' id='word_1_881' title='bbox 2294 5258 2620 5313; x_wconf 79' lang='lat' dir='ltr'><strong>assumptum</strong></span> <span class='ocrx_word' id='word_1_882' title='bbox 2641 5284 2658 5309; x_wconf 94' lang='lat'><strong>,</strong></span> <span class='ocrx_word' id='word_1_883' title='bbox 2697 5246 2747 5297; x_wconf 89' lang='lat' dir='ltr'><strong>in</strong></span> <span class='ocrx_word' id='word_1_884' title='bbox 2774 5239 2927 5313; x_wconf 85' lang='lat' dir='ltr'><strong>cujus</strong></span> <span class='ocrx_word' id='word_1_885' title='bbox 2970 5260 3186 5310; x_wconf 87' lang='lat' dir='ltr'><strong>corpore</strong></span> <span class='ocrx_word' id='word_1_886' title='bbox 3214 5244 3291 5296; x_wconf 87' lang='lat' dir='ltr'><strong>ita</strong></span> <span class='ocrx_word' id='word_1_887' title='bbox 3320 5244 3560 5315; x_wconf 81' lang='lat' dir='ltr'><strong>scriptum</strong></span> 
     </span>
    </p>
   </div>
   <div class='ocr_carea' id='block_1_59' title="bbox 330 5312 1808 5383">
    <p class='ocr_par' dir='ltr' id='par_1_59' title="bbox 330 5312 1808 5383">
     <span class='ocr_line' id='line_1_59' title="bbox 330 5312 1808 5383; baseline 0.001 -22"><span class='ocrx_word' id='word_1_888' title='bbox 330 5321 487 5383; x_wconf 79' lang='lat' dir='ltr'><strong>antea</strong></span> <span class='ocrx_word' id='word_1_889' title='bbox 519 5313 699 5377; x_wconf 89' lang='lat' dir='ltr'><strong>editis,</strong></span> <span class='ocrx_word' id='word_1_890' title='bbox 735 5321 789 5366; x_wconf 89' lang='lat' dir='ltr'><strong>et</strong></span> <span class='ocrx_word' id='word_1_891' title='bbox 815 5312 1178 5366; x_wconf 82' lang='lat' dir='ltr'><strong>restituuntur</strong></span> <span class='ocrx_word' id='word_1_892' title='bbox 1206 5326 1271 5366; x_wconf 83' lang='lat' dir='ltr'><strong>ex</strong></span> <span class='ocrx_word' id='word_1_893' title='bbox 1307 5326 1459 5373; x_wconf 88' lang='lat' dir='ltr'><strong>mss.,</strong></span> <span class='ocrx_word' id='word_1_894' title='bbox 1491 5324 1719 5379; x_wconf 85' lang='lat' dir='ltr'><strong>quorum</strong></span> <span class='ocrx_word' id='word_1_895' title='bbox 1758 5324 1808 5362; x_wconf 90' lang='grc' dir='ltr'><strong>ιιι</strong></span> 
     </span>
    </p>
   </div>
   <div class='ocr_carea' id='block_1_60' title="bbox 2081 5312 3559 5383">
    <p class='ocr_par' dir='ltr' id='par_1_60' title="bbox 2085 5312 3559 5383">
     <span class='ocr_line' id='line_1_60' title="bbox 2085 5312 3559 5383; baseline -0.005 -14"><span class='ocrx_word' id='word_1_896' title='bbox 2085 5354 2099 5369; x_wconf 97' lang='grc'><strong>.</strong></span> <span class='ocrx_word' id='word_1_897' title='bbox 2133 5312 2188 5370; x_wconf 88' lang='lat' dir='ltr'><strong>lu</strong></span> <span class='ocrx_word' id='word_1_898' title='bbox 2224 5318 2381 5371; x_wconf 88' lang='lat' dir='ltr'><strong>editis</strong></span> <span class='ocrx_word' id='word_1_899' title='bbox 2411 5312 2525 5369; x_wconf 61' lang='lat' dir='ltr'><strong>huic</strong></span> <span class='ocrx_word' id='word_1_900' title='bbox 2566 5312 2929 5383; x_wconf 62' lang='lat' dir='ltr'><strong>praetermissa</strong></span> <span class='ocrx_word' id='word_1_901' title='bbox 2971 5323 3137 5378; x_wconf 89' lang='lat' dir='ltr'><strong>sunt,</strong></span> <span class='ocrx_word' id='word_1_902' title='bbox 3172 5329 3404 5381; x_wconf 87' lang='lat' dir='ltr'><strong>quorum</strong></span> <span class='ocrx_word' id='word_1_903' title='bbox 3456 5314 3559 5383; x_wconf 77' lang='lat' dir='ltr'><strong>loco</strong></span> 
     </span>
    </p>
   </div>
   <div class='ocr_carea' id='block_1_61' title="bbox 330 5380 3557 5456">
    <p class='ocr_par' dir='ltr' id='par_1_61' title="bbox 330 5380 3557 5456">
     <span class='ocr_line' id='line_1_61' title="bbox 330 5380 3557 5456; baseline -0.007 2"><span class='ocrx_word' id='word_1_904' title='bbox 330 5380 513 5456; x_wconf 45' lang='lat' dir='ltr'><strong>habia?</strong></span> <span class='ocrx_word' id='word_1_905' title='bbox 542 5384 736 5456; x_wconf 56' lang='grc' dir='ltr'>Ψιωι</span> <span class='ocrx_word' id='word_1_906' title='bbox 763 5396 860 5456; x_wconf 58' lang='lat' dir='ltr'><strong>PFO</strong></span> <span class='ocrx_word' id='word_1_907' title='bbox 891 5384 945 5456; x_wconf 69' lang='grc' dir='ltr'><strong>ξη</strong></span> <span class='ocrx_word' id='word_1_908' title='bbox 973 5397 1053 5434; x_wconf 80' lang='grc' dir='ltr'><strong>εο-</strong></span> <span class='ocrx_word' id='word_1_909' title='bbox 1082 5450 1093 5456; x_wconf 90' lang='lat'>_</span> <span class='ocrx_word' id='word_1_910' title='bbox 1318 5449 1327 5456; x_wconf 90' lang='lat'>_</span> <span class='ocrx_word' id='word_1_911' title='bbox 1459 5451 1491 5456; x_wconf 92' lang='lat'>__</span> <span class='ocrx_word' id='word_1_912' title='bbox 2003 5387 2200 5456; x_wconf 78' lang='lat' dir='ltr'><strong>legitur</strong></span> <span class='ocrx_word' id='word_1_913' title='bbox 2222 5428 2237 5454; x_wconf 90' lang='lat'><strong>,</strong></span> <span class='ocrx_word' id='word_1_914' title='bbox 2274 5386 2343 5440; x_wconf 83' lang='lat' dir='ltr'><strong>Et</strong></span> <span class='ocrx_word' id='word_1_915' title='bbox 2386 5380 2581 5440; x_wconf 76' lang='lat' dir='ltr'><strong>rursus</strong></span> <span class='ocrx_word' id='word_1_916' title='bbox 2614 5385 2791 5439; x_wconf 86' lang='lat' dir='ltr'><strong>Isaias</strong></span> <span class='ocrx_word' id='word_1_917' title='bbox 2827 5388 2898 5438; x_wconf 89' lang='lat' dir='ltr'><strong>ait</strong></span> <span class='ocrx_word' id='word_1_918' title='bbox 2925 5398 2944 5436; x_wconf 93' lang='lat'><em>:</em></span> <span class='ocrx_word' id='word_1_919' title='bbox 2978 5387 3048 5437; x_wconf 75' lang='lat' dir='ltr'><strong>Et</strong></span> <span class='ocrx_word' id='word_1_920' title='bbox 3094 5380 3203 5437; x_wconf 74' lang='lat' dir='ltr'><strong>erit</strong></span> <span class='ocrx_word' id='word_1_921' title='bbox 3233 5387 3287 5436; x_wconf 90' lang='lat' dir='ltr'><strong>in</strong></span> <span class='ocrx_word' id='word_1_922' title='bbox 3340 5386 3422 5437; x_wconf 89' lang='lat' dir='ltr'><strong>die</strong></span> <span class='ocrx_word' id='word_1_923' title='bbox 3450 5382 3557 5445; x_wconf 87' lang='lat' dir='ltr'><strong>illa,</strong></span> 
     </span>
    </p>
   </div>
   <div class='ocr_carea' id='block_1_62' title="bbox 425 5449 2106 5522">
    <p class='ocr_par' dir='ltr' id='par_1_62' title="bbox 425 5449 2106 5522">
     <span class='ocr_line' id='line_1_62' title="bbox 425 5449 2106 5522; baseline 0 -20"><span class='ocrx_word' id='word_1_924' title='bbox 425 5451 514 5522; x_wconf 77' lang='grc'><strong>19)</strong></span> <span class='ocrx_word' id='word_1_925' title='bbox 547 5452 712 5522; x_wconf 73' lang='lat' dir='ltr'><strong>Editi,</strong></span> <span class='ocrx_word' id='word_1_926' title='bbox 736 5449 858 5522; x_wconf 82' lang='lat' dir='ltr'><strong>quia</strong></span> <span class='ocrx_word' id='word_1_927' title='bbox 888 5453 942 5505; x_wconf 89' lang='lat' dir='ltr'><strong>in</strong></span> <span class='ocrx_word' id='word_1_928' title='bbox 968 5450 1158 5504; x_wconf 86' lang='lat' dir='ltr'><strong>semine</strong></span> <span class='ocrx_word' id='word_1_929' title='bbox 1192 5462 1283 5522; x_wconf 88' lang='lat' dir='ltr'><strong>tuo</strong></span> <span class='ocrx_word' id='word_1_930' title='bbox 1311 5449 1698 5515; x_wconf 85' lang='lat' dir='ltr'><strong>benedicentur,</strong></span> <span class='ocrx_word' id='word_1_931' title='bbox 1732 5459 1862 5522; x_wconf 76' lang='lat' dir='ltr'><strong>etc._</strong></span> <span class='ocrx_word' id='word_1_932' title='bbox 2000 5449 2106 5511; x_wconf 70' lang='grc' dir='ltr'><strong>ειῦ,</strong></span> 
     </span>
    </p>
   </div>
   <div class='ocr_carea' id='block_1_63' title="bbox 423 5520 3556 5599">
    <p class='ocr_par' dir='ltr' id='par_1_63' title="bbox 423 5520 3556 5599">
     <span class='ocr_line' id='line_1_63' title="bbox 423 5520 3556 5599; baseline -0.004 -27"><span class='ocrx_word' id='word_1_933' title='bbox 423 5520 865 5599; x_wconf 55' lang='grc' dir='ltr'><strong>ἓρλβπξιὲιέτιις</strong></span> <span class='ocrx_word' id='word_1_934' title='bbox 901 5523 1005 5599; x_wconf 83' lang='lat' dir='ltr'><strong>sive</strong></span> <span class='ocrx_word' id='word_1_935' title='bbox 1031 5523 1137 5599; x_wconf 60' lang='lat' dir='ltr'><strong>alio</strong></span> <span class='ocrx_word' id='word_1_936' title='bbox 1166 5521 1339 5584; x_wconf 88' lang='lat' dir='ltr'><strong>ntodo,</strong></span> <span class='ocrx_word' id='word_1_937' title='bbox 1364 5530 1419 5573; x_wconf 92' lang='lat' dir='ltr'><strong>ut</strong></span> <span class='ocrx_word' id='word_1_938' title='bbox 1444 5522 1585 5599; x_wconf 77' lang='lat' dir='ltr'><strong>illius</strong></span> <span class='ocrx_word' id='word_1_939' title='bbox 1617 5520 1893 5599; x_wconf 67' lang='lat' dir='ltr'><strong>circumci-</strong></span> <span class='ocrx_word' id='word_1_940' title='bbox 2071 5526 2183 5599; x_wconf 69' lang='lat'><strong>(‘26)</strong></span> <span class='ocrx_word' id='word_1_941' title='bbox 2234 5526 2324 5582; x_wconf 72' lang='lat' dir='ltr'><strong>Sic</strong></span> <span class='ocrx_word' id='word_1_942' title='bbox 2375 5542 2476 5582; x_wconf 67' lang='grc' dir='ltr'><strong>ηις,</strong></span> <span class='ocrx_word' id='word_1_943' title='bbox 2524 5526 2927 5599; x_wconf 16' lang='grc' dir='ltr'><strong>νῃρῧίηενηηῐη,</strong></span> <span class='ocrx_word' id='word_1_944' title='bbox 2984 5525 3142 5599; x_wconf 58' lang='grc'><strong>1659,</strong></span> <span class='ocrx_word' id='word_1_945' title='bbox 3198 5524 3411 5599; x_wconf 39' lang='grc' dir='ltr'><strong>(χείρ-ηε-</strong></span> <span class='ocrx_word' id='word_1_946' title='bbox 3443 5534 3556 5599; x_wconf 43' lang='lat' dir='ltr'><strong>veto</strong></span> 
     </span>
    </p>
   </div>
   <div class='ocr_carea' id='block_1_64' title="bbox 328 5589 3552 5669">
    <p class='ocr_par' dir='ltr' id='par_1_64' title="bbox 328 5589 3552 5669">
     <span class='ocr_line' id='line_1_64' title="bbox 328 5589 3552 5669; baseline 0.002 -30"><span class='ocrx_word' id='word_1_947' title='bbox 328 5589 1051 5669; x_wconf 68' lang='lat' dir='ltr'><strong>siqnisChristus_ntinister.</strong></span> <span class='ocrx_word' id='word_1_948' title='bbox 1081 5592 1203 5647; x_wconf 67' lang='lat' dir='ltr'><strong>llaec</strong></span> <span class='ocrx_word' id='word_1_949' title='bbox 1226 5593 1709 5661; x_wconf 63' lang='lat' dir='ltr'><strong>prmtermittuntur</strong></span> <span class='ocrx_word' id='word_1_950' title='bbox 1742 5590 1792 5641; x_wconf 81' lang='lat' dir='ltr'><strong>ill</strong></span> <span class='ocrx_word' id='word_1_951' title='bbox 1829 5590 1893 5643; x_wconf 84' lang='lat' dir='ltr'><strong>li-</strong></span> <span class='ocrx_word' id='word_1_952' title='bbox 2002 5589 2134 5669; x_wconf 75' lang='lat' dir='ltr'><strong>mss.</strong></span> <span class='ocrx_word' id='word_1_953' title='bbox 2165 5589 2221 5652; x_wconf 77' lang='lat' dir='ltr'><strong>et</strong></span> <span class='ocrx_word' id='word_1_954' title='bbox 2248 5600 2399 5667; x_wconf 85' lang='lat' dir='ltr'><strong>editi,</strong></span> <span class='ocrx_word' id='word_1_955' title='bbox 2431 5598 2531 5652; x_wconf 79' lang='lat' dir='ltr'><strong>nisi</strong></span> <span class='ocrx_word' id='word_1_956' title='bbox 2576 5589 2703 5668; x_wconf 68' lang='lat' dir='ltr'><strong>quia</strong></span> <span class='ocrx_word' id='word_1_957' title='bbox 2738 5598 2872 5669; x_wconf 77' lang='lat' dir='ltr'><strong>forte</strong></span> <span class='ocrx_word' id='word_1_958' title='bbox 2894 5639 2905 5652; x_wconf 94' lang='lat'><strong>.</strong></span> <span class='ocrx_word' id='word_1_959' title='bbox 2929 5638 2943 5650; x_wconf 92' lang='lat'><strong>.</strong></span> <span class='ocrx_word' id='word_1_960' title='bbox 2967 5639 2979 5653; x_wconf 94' lang='lat'><strong>.</strong></span> <span class='ocrx_word' id='word_1_961' title='bbox 3014 5598 3254 5663; x_wconf 82' lang='lat' dir='ltr'><strong>videtur,</strong></span> <span class='ocrx_word' id='word_1_962' title='bbox 3287 5594 3413 5650; x_wconf 83' lang='lat' dir='ltr'><strong>editi</strong></span> <span class='ocrx_word' id='word_1_963' title='bbox 3436 5630 3454 5659; x_wconf 88' lang='lat'><strong>,</strong></span> <span class='ocrx_word' id='word_1_964' title='bbox 3481 5591 3552 5645; x_wconf 84' lang='lat' dir='ltr'><strong>vi-</strong></span> 
     </span>
    </p>
   </div>
   <div class='ocr_carea' id='block_1_65' title="bbox 326 5655 2207 5722">
    <p class='ocr_par' dir='ltr' id='par_1_65' title="bbox 326 5655 2207 5722">
     <span class='ocr_line' id='line_1_65' title="bbox 326 5655 2207 5722; baseline 0.006 -11"><span class='ocrx_word' id='word_1_965' title='bbox 326 5655 442 5712; x_wconf 84' lang='lat' dir='ltr'><strong>bris</strong></span> <span class='ocrx_word' id='word_1_966' title='bbox 470 5668 626 5713; x_wconf 88' lang='lat' dir='ltr'><strong>antea</strong></span> <span class='ocrx_word' id='word_1_967' title='bbox 660 5662 838 5714; x_wconf 91' lang='lat' dir='ltr'><strong>editis.</strong></span> <span class='ocrx_word' id='word_1_968' title='bbox 1226 5655 1239 5661; x_wconf 74' lang='grc'><em>’</em></span> <span class='ocrx_word' id='word_1_969' title='bbox 1791 5679 1797 5686; x_wconf 82' lang='grc'><em>’</em></span> <span class='ocrx_word' id='word_1_970' title='bbox 1999 5665 2207 5722; x_wconf 74' lang='lat' dir='ltr'><strong>den&#39;tur.</strong></span> 
     </span>
    </p>
   </div>
   <div class='ocr_carea' id='block_1_66' title="bbox 397 5727 2045 5803">
    <p class='ocr_par' dir='ltr' id='par_1_66' title="bbox 397 5727 2045 5803">
     <span class='ocr_line' id='line_1_66' title="bbox 397 5727 2045 5803; baseline -0.012 -3"><span class='ocrx_word' id='word_1_971' title='bbox 397 5727 514 5800; x_wconf 64' lang='grc'><strong>(21)</strong></span> <span class='ocrx_word' id='word_1_972' title='bbox 547 5729 637 5784; x_wconf 75' lang='lat' dir='ltr'><strong>Sic</strong></span> <span class='ocrx_word' id='word_1_973' title='bbox 670 5746 771 5787; x_wconf 85' lang='lat' dir='ltr'><strong>tns.</strong></span> <span class='ocrx_word' id='word_1_974' title='bbox 801 5730 998 5803; x_wconf 81' lang='lat' dir='ltr'><strong>Regius</strong></span> <span class='ocrx_word' id='word_1_975' title='bbox 1029 5750 1174 5790; x_wconf 91' lang='lat' dir='ltr'><strong>num.</strong></span> <span class='ocrx_word' id='word_1_976' title='bbox 1206 5732 1342 5789; x_wconf 80' lang='lat'><strong>1639</strong></span> <span class='ocrx_word' id='word_1_977' title='bbox 1377 5741 1431 5787; x_wconf 86' lang='lat' dir='ltr'><strong>et</strong></span> <span class='ocrx_word' id='word_1_978' title='bbox 1464 5728 1737 5786; x_wconf 70' lang='lat' dir='ltr'><strong>Rabanus.</strong></span> <span class='ocrx_word' id='word_1_979' title='bbox 1776 5730 1891 5785; x_wconf 69' lang='grc' dir='ltr'><strong>(ἰω-</strong></span> <span class='ocrx_word' id='word_1_980' title='bbox 2044 5760 2045 5763; x_wconf 61' lang='grc' dir='ltr'><strong>η</strong></span> 
     </span>
    </p>
   </div>
  </div>
