3744 6146
76 304 214 363 1265

1045 304 1403 363 COMMENT.
1440 305 1510 361 IN
1549 304 1772 361 EPIST.
1810 304 1903 359 AD
1941 302 2109 362 ROM.
2148 302 2278 357 LIB.
2323 301 2390 357 X.

3193 297 3219 351 .4
3240 291 3344 345 266

75 432 147 479 uti
175 421 297 476 vult
329 436 437 477 sua
473 420 847 478 enuntiatione
875 421 1121 491 prolatis.
1157 421 1311 477 llonc
1342 431 1522 476 autem
1547 435 1666 476 ser-
1695 424 1741 481 Α
1770 421 2048 476 sociantur
2078 432 2198 471 cum
2234 431 2292 471 se
2337 412 2744 469 emendaverint
2784 410 2853 467 ab
2882 410 3029 467 omni
3076 409 3331 479 inquina-

74 529 290 569 nionem
325 514 399 569 de
430 514 618 569 radice
645 511 797 568 Jesse
827 513 1021 569 melius
1053 513 1272 583 quidem
1314 513 1367 568 in
1404 513 1661 584 explana-

76 609 222 661 tione
256 607 444 674 ipsius
479 606 755 676 prophetae
778 605 933 660 Isaiae
959 606 1133 659 visum
1164 616 1248 661 est
1268 606 1483 662 disseri.
1514 606 1580 661 Et
1605 606 1659 661 in

75 696 331 767 praesenti
367 705 554 750 tamen
579 696 698 750 loco
722 695 928 750 dicetur
954 695 1097 767 (27),
1120 696 1372 765 quoniam
1390 694 1543 751 Jesse
1574 696 1660 750 in-

77 800 426 860 terpretatur
458 790 510 845 in
550 798 735 843 nostra
769 788 949 857 lingua
975 829 990 855 ,
1037 800 1113 843 est
1156 789 1306 843 mihi.
1338 787 1392 843 In
1429 790 1661 844 adventu

75 881 439 950 ergotlhristi
463 878 641 934 omnis
653 879 743 948 qui
770 879 1477 944 crediditei,convenienter
1489 880 1657 933 dixit:

74 970 168 1024 Est
206 972 367 1023 milii.
397 969 499 1026 Ille
525 973 670 1024 enim
694 1012 708 1034 ,
743 970 808 1025 de
837 985 945 1039 quo
987 969 1196 1042 Moyses
1224 970 1363 1024 dixit
1389 970 1435 1034 ⁸,
1463 971 1553 1040 qui
1582 978 1661 1025 est

76 1063 215 1116 misit
231 1060 409 1132 675
433 1078 514 1115 me
533 1062 601 1114 ad
619 1078 729 1127 vos,
756 1062 871 1131 ipse
893 1070 974 1117 est
996 1062 1150 1128 mihi,
1171 1062 1272 1116 hoc
1290 1070 1393 1126 est,
1412 1061 1466 1116 in
1486 1062 1661 1132 ipsum

75 1154 238 1207 credo
270 1154 371 1221 qui
407 1161 517 1218 est,
548 1168 652 1206 non
684 1152 775 1221 qui
818 1167 887 1207 ex
918 1151 1087 1207 nihilo
1117 1152 1296 1207 factus
1323 1162 1427 1215 est,
1474 1162 1533 1205 ut
1562 1153 1664 1207 im-

77 1245 179 1311 piis
207 1243 398 1314 placet
431 1242 569 1314 (28),
605 1242 697 1297 sed
728 1242 823 1312 qui
867 1252 977 1308 est,
1021 1255 1078 1297 et
1109 1259 1321 1314 semper
1348 1252 1453 1312 est,
1481 1245 1665 1300 ethoc

75 1336 121 1388 ei
155 1350 360 1390 nomen
414 1344 622 1390 est:et
658 1334 771 1403 ipse
803 1344 890 1390 est
941 1334 1034 1405 qui
1084 1336 1324 1391 surrexit
1364 1351 1432 1391 ex
1478 1335 1665 1391 radice

75 1425 247 1487 Jesse.
279 1436 337 1480 et
368 1426 426 1479 in
460 1425 578 1494 ipso
609 1433 793 1493 gentes
822 1426 1133 1495 sperabunt.
1169 1424 1276 1480 Pro
1316 1440 1421 1494 qua
1456 1426 1662 1480 miseri-

77 1519 281 1581 cordia,
310 1534 483 1584 quam
506 1520 576 1572 ab
605 1533 669 1571 eo
694 1517 970 1571 consecuti
998 1525 1141 1583 sunt,
1174 1527 1231 1571 ut
1255 1518 1299 1572 is
1327 1519 1417 1587 qui
1453 1533 1666 1587 semper

79 1617 195 1663 erat
228 1620 563 1664 nasceretur
591 1624 655 1663 ex
691 1610 870 1664 radice
900 1606 1058 1663 Jesse
1099 1609 1165 1662 ad
1212 1608 1444 1664 salutem
1494 1610 1666 1679 genti-

78 1700 177 1754 bus
198 1699 474 1764 dandam,
502 1715 599 1769 pro
627 1701 755 1766 hac,
796 1700 1039 1768 inquam,
1071 1700 1177 1757 sibi
1208 1702 1405 1756 collata
1438 1702 1666 1757 miseri-

79 1791 262 1845 cordia
298 1800 497 1861 gentes
530 1793 800 1847 honorant
829 1800 885 1846 et
919 1793 1267 1863 magniﬁcam
1299 1794 1487 1848 Deum.

145 1882 199 1937 9.
226 1882 379 1937 Deus
411 1895 585 1938 autem
612 1885 719 1954 spei
751 1883 947 1950 repleat
969 1900 1055 1938 vos
1077 1886 1220 1939 omni
1247 1886 1442 1954 gaudio
1465 1895 1513 1940 et
1537 1903 1670 1957 pace

80 1972 131 2024 in
159 1974 457 2039 credendo,
499 1983 559 2028 ut
600 1974 876 2028 abundetis
910 1976 966 2028 in
1001 1991 1093 2045 spe
1126 1986 1175 2029 et
1206 1977 1399 2031 virtute
1438 1975 1669 2047 Spiritus

79 2067 279 2118 sancti“
314 2065 423 2133 Qui
460 2066 710 2136 superius
739 2069 950 2121 dixerat
980 2069 1122 2138 quod
1153 2069 1207 2122 in
1235 2067 1377 2124 Isaia
1406 2070 1662 2139 scriptum

82 2166 200 2209 est:
232 2155 305 2210 Et
338 2157 400 2210 in
447 2173 507 2210 eo
548 2168 725 2227 gentes
773 2158 1086 2226 sperabunt"
1134 2169 1416 2229 gratanter
1444 2160 1666 2230 adjecit,

82 2246 223 2301 Deus
275 2260 462 2302 autem
506 2249 650 2318 spei;
700 2259 758 2304 ut
801 2251 845 2305 si
903 2252 1166 2320 scriptum
1211 2252 1422 2323 fuisset,
1463 2255 1520 2308 in
1556 2256 1668 2323 ipso

83 2348 257 2408 gentes
303 2342 560 2408 credent,
612 2341 905 2411 adiecisset
939 2344 1057 2397 sine
1088 2342 1271 2410 dubio,
1312 2344 1452 2400 Deus
1493 2355 1669 2400 autem

83 2431 229 2497 fidei,
258 2442 323 2486 ut
354 2446 503 2486 nunc
536 2448 569 2486 a
594 2437 861 2504 sperando
890 2447 1082 2504 gentes
1108 2437 1276 2491 Deum
1306 2438 1420 2507 spei
1453 2439 1671 2493 invocat

84 2538 248 2593 super
279 2540 380 2580 eos
416 2525 508 2596 qui
551 2539 772 2596 sperant
816 2528 868 2582 in
910 2545 1060 2595 enin,
1093 2544 1123 2582 a
1167 2543 1274 2599 quo
1315 2532 1397 2585 eis
1445 2531 1670 2585 benedi-

81 2614 277 2669 ctionis
307 2631 514 2671 munus
534 2628 787 2685 precatur
809 2619 1016 2689 augeri.
1036 2618 1129 2675 Est
1154 2628 1337 2675 autem
1365 2620 1668 2676 benedictio

82 2702 400 2773 huiusmodi
438 2725 451 2761 :
485 2709 550 2765 [It
601 2711 911 2780 repleantur
957 2712 1099 2765 omni
1153 2712 1369 2779 gaudio,
1413 2720 1468 2766 et
1516 2712 1664 2766 omni

83 2814 236 2867 pace.
276 2802 551 2858 Similiter
581 2814 765 2859 autem
796 2814 851 2859 et
890 2804 1156 2874 Propheta
1196 2805 1247 2857 in
1284 2803 1515 2872 quodam
1548 2804 1666 2856 loco

84 2893 257 2949 dicit:
294 2896 365 2948 Et
409 2896 507 2950 erit
552 2899 607 2950 in
654 2898 836 2951 diebus
882 2898 994 2965 ejus
1035 2896 1248 2966 justitia
1292 2908 1339 2949 et
1382 2886 1665 2949 multitudo

84 2986 246 3052 pacis,
288 3003 566 3058 usquequo
606 2990 886 3059 auferatur
914 2990 1040 3045 luna
1060 2989 1103 3048 ⁸.
1149 2988 1256 3044 Sed
1291 2990 1416 3059 quia
1460 2990 1575 3043 hinc
1602 2990 1668 3042 de

83 3076 304 3132 Christo
335 3080 618 3146 dicuntur,
655 3082 706 3135 in
741 3081 829 3137 illo
853 3093 999 3137 recte
1042 3097 1329 3152 possumus
1364 3082 1666 3138 mtdtitudi-

85 3183 204 3223 nem
241 3173 403 3239 pacis
437 3170 747 3237 advertere,
778 3190 877 3244 pro
915 3190 982 3229 eo
1031 3178 1172 3245 quod
1224 3175 1533 3245 pacificavit
1568 3192 1667 3247 per

85 3262 413 3331 sanguinem
442 3266 622 3320 crucis
643 3281 752 3320 sua:
778 3282 884 3321 non
916 3267 1089 3321 solum
1114 3284 1234 3338 qua:
1261 3270 1310 3323 in
1340 3280 1486 3323 terra
1520 3279 1666 3335 sunt,

87 3348 177 3403 sed
208 3349 381 3404 etiam
414 3368 534 3421 quae
579 3354 631 3407 in
668 3354 823 3410 ccelis
855 3358 1037 3411 sunt".
1073 3357 1131 3411 ln
1180 3359 1433 3413 omnibus
1484 3367 1669 3413 autem

86 3445 363 3507 quomodo
445 3444 615 3510 possit
693 3445 901 3513 impleri
956 3446 1070 3517 (‘29)
1116 3447 1219 3503 hoc
1271 3449 1415 3517 quod
1477 3463 1687 3519 preca-.

89 3540 171 3585 tur
196 3533 521 3603 Apostolus,
568 3544 627 3589 ut
661 3536 968 3605 repleantur
1002 3540 1150 3594 omni
1187 3542 1384 3609 gaudio
1417 3551 1471 3597 et
1517 3543 1667 3597 omni

87 3636 235 3691 pace,
278 3625 507 3682 difficile
549 3627 682 3681 mihi
733 3629 948 3683 videtur
990 3632 1209 3700 etponi,
1257 3632 1493 3688 maxime
1540 3649 1662 3688 cum

87 3715 243 3770 etiam
272 3717 397 3788 ipse
421 3718 713 3787 Apostolus
746 3718 798 3773 in
836 3720 920 3776 his
962 3737 1082 3791 quae
1130 3738 1228 3790 per
1277 3724 1508 3795 gratiam
1544 3724 1666 3799 Spi-

88 3803 220 3861 ritus
254 3819 590 3863 consecutus
619 3818 724 3871 est,
757 3824 822 3864 ex
856 3822 1010 3880 parte
1044 3828 1104 3869 se
1127 3815 1275 3870 dicat
1298 3816 1460 3882 scire,
1491 3826 1545 3872 et
1594 3831 1663 3870 ex

88 3912 235 3967 parte
266 3903 680 3973 pr0phetare”.
719 3904 823 3960 Sed
857 3922 960 3977 ego
992 3917 1122 3976 puto
1173 3908 1224 3961 in
1271 3923 1334 3962 co
1363 3924 1521 3977 posse
1566 3908 1665 3962 ha-

88 3989 209 4047 bere
234 3994 527 4050 credentes
554 3995 941 4065 plenitudinem
973 3999 1123 4068 pacis
1152 3998 1286 4070 (50),
1314 4014 1439 4053 cum
1468 4014 1662 4055 recon.

90 4082 343 4141 ciliantur
377 4085 488 4141 Deo
528 4086 677 4143 Patri
713 4105 808 4159 per
853 4091 1036 4152 ﬁdem,
1086 4093 1385 4146 secundum
1436 4091 1662 4146 verbum

91 4170 234 4229 Pauli
268 4177 504 4234 dicentis
534 4196 549 4233 :
580 4178 843 4251 Rogamus
873 4198 969 4250 pro
991 4180 1224 4243 Christo.
1247 4182 1663 4235 reconciliamini

91 4264 196 4319 Deo
222 4267 287 4334 ἐς
325 4279 383 4324 et
413 4285 535 4325 cum
566 4271 618 4325 in
649 4287 837 4342 pacem
870 4272 1225 4344 redeunt(5l)
1247 4288 1369 4326 cum
1396 4272 1537 4326 Filio
1566 4272 1662 4327 Dei

92 4369 186 4423 per
225 4362 547 4431 sanguinem
577 4365 754 4418 crucis
781 4362 918 4433 ejus,
961 4376 1017 4419 et
1047 4381 1171 4420 cum
1205 4375 1395 4419 sancto
1434 4363 1662 4435 Spiritui

158 4450 180 4481 ⁸
208 4451 381 4506 Exod.
409 4468 496 4516 ιιι,
526 4453 615 4508 14.
650 4456 670 4488 ⁸
693 4456 964 4519 Rom.xv,
985 4456 1069 4510 15.
1144 4458 1164 4487 "
1199 4457 1330 4510 ibid.
1360 4456 1457 4521 12;
1491 4457 1620 4515 lsa.:

1885 4454 1907 4485 ⁸
1933 4451 2075 4507 Psal.
2101 4468 2254 4516 Lxxt,
2306 4452 2359 4507 7.

833 4528 876 4558 “
898 4527 1056 4582 Rom.
1114 4542 1205 4592 xv,
1236 4527 1322 4580 14.
1402 4528 1445 4559 ¹³
1467 4528 1598 4582 ibid.
1628 4528 1717 4582 15.

92 4516 143 4590 9.
214 4521 262 4552 ιι
308 4522 348 4574 ιι
378 4521 505 4576 Cor.
554 4540 606 4590 ν,
656 4525 746 4581 eo.

96 4587 135 4619 "
159 4590 288 4645 ibid.
330 4592 422 4646 15.

157 4680 269 4754 (2‘7)
296 4681 377 4736 lta
413 4698 516 4741 ms.
554 4682 758 4752 Regius
785 4700 934 4739 num.
968 4685 1108 4739 1659
1133 4695 1187 4740 et
1218 4684 1502 4741 Rabanus.
1545 4687 1661 4740 C:e-
1690 4691 1737 4746 D

94 4751 186 4802 teri
213 4751 343 4807 vero
373 4769 504 4809 mss.
525 4763 578 4808 et
601 4751 753 4818 editi,
778 4757 942 4809 visum
971 4766 1047 4810 est
1077 4758 1405 4811 disseruisse.
1430 4756 1495 4811 In
1524 4773 1661 4821 pra:-

91 4821 420 4896 sentintarnen
444 4822 620 4896 (editi,
638 4826 863 4894 tantum)
895 4828 1011 4880 loco
1032 4828 1246 4889 dicitur,
1265 4837 1372 4885 etc.
1397 4826 1659 4896 Origenes

96 4887 273 4965 homil.
304 4894 339 4947 5
364 4896 421 4965 in
451 4887 677 4965 Isaiam,
704 4887 952 4959 tom.'lll,
978 4913 1030 4965 p.
1057 4897 1180 4963 HO,
1202 4887 1268 4950 de
1296 4887 1658 4951 radicc'Jesse

96 4958 263 5016 fusius
293 4963 512 5032 quidem
544 4964 803 5029 disserit;
836 4958 1059 5021 sed'non
1093 4968 1147 5021 in
1168 4960 1321 5021 hunc
1353 4968 1501 5021 Isaiae
1535 4984 1660 5021 con-

100 5037 316 5099 textum,
345 5048 505 5102 quem
546 5035 762 5089 videtur
793 5035 1210 5091 Commentariis
1256 5039 1370 5091 suis
1410 5039 1465 5091 in
1512 5038 1656 5093 hunc

97 5102 405 5220 proplhetam
457 5104 797 5174 explanasse.
852 5104 958 5162 Sed
1011 5107 1128 5162 haec
1189 5109 1348 5162 modo
1400 5122 1509 5163 non
1558 5124 1654 5162 ex-

148 5186 208 5220 llll
239 5210 253 5220 .

97 5181 253 5225 Stant.

161 5240 270 5313 (28)
298 5242 388 5315 Sic
415 5259 518 5299 ms.
545 5242 749 5315 Regius
778 5262 926 5302 num.
953 5246 1094 5303 1659
1118 5257 1173 5304 et
1197 5247 1476 5307 Rabanus.
1507 5249 1653 5304 Editi

96 5320 235 5388 vero,
266 5314 357 5382 qui
397 5331 499 5388 non
530 5332 595 5369 ex
624 5314 809 5381 nihilo,
848 5330 904 5371 ut
941 5318 1116 5387 impiis
1154 5319 1345 5387 placet,
1379 5330 1484 5374 etc.
1522 5320 1649 5374 Mss.

98 5383 319 5496 modum,
353 5385 442 5453 qui
477 5396 574 5453 est,
608 5403 712 5441 non
742 5404 807 5442 ea:
853 5383 1025 5442 nihilo
1045 5383 1221 5457 [actus
1251 5383 1351 5459 est,
1380 5402 1436 5444 ut
1475 5390 1651 5460 impiis

147 5463 270 5496 acet-
302 5467 408 5496 mp-

94 5460 272 5514 placet,
302 5467 409 5509 εις.

159 5519 273 5604 (29).
295 5521 368 5577 lta
400 5535 545 5580 recte
579 5542 680 5581 ms.
704 5527 909 5604 Regius
941 5545 1092 5604 num.
1121 5530 1263 5604 l659
1289 5539 1346 5585 et
1372 5531 1645 5604 Rabanus.

97 5583 276 5671 Cmtetl‘i
314 5609 704 5671 vero_‘niss.i_et
746 5583 901 5666 editi,
932 5601 1024 5654 sed
1063 5583 1221 5655 etiam
1237 5583 1479 5671 metu“
1497 5583 1648 5656 caelis

94 5661 573 5743 f'mljttpmnibus.
604 5661 1053 5741 Quomodopossit
1081 5671 1197 5742 (al.,
1231 5661 1506 5743 Quomodo
1532 5689 1650 5736 vero

98 5734 267 5798 cessit)
294 5734 522 5799 impleri.
552 5746 659 5800 etc.

1731 560 1744 573 .
1767 520 1971 575 mento,
2013 518 2069 565 et
2091 508 2267 565 effecti
2299 507 2503 563 iuerint
2532 520 2657 560 vasa
2692 515 2900 567 sancta,
2930 514 2990 558 ut
3014 504 3087 559 ita
3113 504 3328 558 demum

1768 606 1890 675 quis
1916 602 2155 672 repletus
2182 601 2428 656 videatur
2452 601 2598 655 omni
2627 614 2782 669 pace,
2820 599 2865 653 si
2899 598 2951 651 in
2993 597 3330 668 plenitudine

1768 695 2062 753 crediderit
2089 692 2392 747 Trinitatis.
2427 692 2656 762 Propter
2698 692 2805 745 hoc
2851 688 3079 758 denique
3108 685 3329 755 subjun-

1769 787 1845 855 git
1877 787 2164 851 Apostolus
2193 791 2248 836 et
2274 781 2407 835 dicit
2439 800 2454 834 :
2484 780 2702 850 Repleat
2740 794 2828 834 uos
2873 778 3013 831 omni
3062 775 3255 846 gaudio
3283 783 3331 828 et

1768 894 1894 947 pace
1920 879 1976 930 in
2004 876 2282 939 credendo,
2312 885 2371 927 ut
2397 873 2677 927 abundetis
2700 872 2754 925 in
2780 887 2868 940 spe
2897 879 2947 925 et
2994 869 3184 923 virtute
3212 864 3330 935 Spi-

1771 970 1901 1023 ritus
1928 968 2117 1022 sancti.
2150 966 2206 1022 Si
2240 967 2388 1021 cnim
2425 966 2516 1034 qui
2550 963 2747 1028 credit,
2773 965 2974 1017 virtute
3009 960 3182 1015 sancti
3213 956 3332 1028 Spi«

1773 1061 1911 1115 ritus
1936 1060 2178 1114 munitur
2203 1057 2339 1129 (52),
2386 1068 2595 1113 certum
2644 1066 2727 1111 est
2770 1055 2911 1124 quod
2944 1051 3332 1124 plenitudinem

1771 1151 1949 1221 gaudii
1991 1166 2205 1218 semper
2236 1152 2456 1214 habeat,
2486 1158 2543 1203 et
2573 1146 2957 1218 plenitudinem
2986 1143 3155 1212 pacis.

1843 1244 1931 1296 ll).
1968 1242 2153 1296 Certus
2190 1259 2309 1297 sum
2353 1251 2545 1301 autem,
2592 1239 2808 1307 fratres,
2853 1246 2901 1289 et
2946 1249 3038 1303 ego
3081 1234 3143 1285 de
3170 1232 3339 1297 vobis,

1771 1335 2019 1404 quoniam
2066 1345 2113 1386 et
2159 1333 2259 1401 ipsi
2305 1332 2444 1402 pleni
2498 1331 2621 1384 estis
2666 1328 2924 1392 bonitate,
2963 1323 3145 1389 repleti
3192 1322 3337 1378 omni

1772 1426 2013 1490 scientia,
2036 1427 2109 1478 ita
2142 1433 2199 1478 ut
2239 1423 2449 1493 possitis
2471 1433 2519 1475 et
2541 1420 2675 1474 alios
2699 1434 2905 1472 monere
2923 1414 3117 1490 ι’(55).
3136 1416 3335 1473 Eadem

1775 1517 1993 1572 ratione
2026 1532 2130 1585 qua
2161 1529 2321 1584 supra
2352 1514 2588 1568 diximus
2622 1509 2823 1580 repleri
2867 1509 3015 1564 omni
3053 1507 3250 1577 gaudio
3282 1514 3339 1562 et

1775 1607 1920 1660 omni
1953 1621 2084 1675 pace
2113 1602 2482 1667 credentes”,
2513 1600 2673 1654 etiam
2704 1601 2792 1653 hic
2818 1599 3006 1667 plenos
3037 1610 3158 1652 esse
3186 1595 3340 1650 boni-

1777 1709 1886 1753 tate
1915 1707 1971 1751 et
2002 1699 2148 1752 omni
2182 1696 2408 1754 scientia
2443 1710 2538 1750 eos
2574 1694 2640 1747 ad
2675 1708 2811 1763 quos
2844 1691 2903 1746 fit
2930 1704 3109 1745 sermo
3133 1686 3338 1743 confir-

1697 1789 1741 1846 B
1772 1801 1902 1845 mat.
1939 1790 2203 1845 Similiter
2233 1798 2412 1843 autem
2458 1799 2512 1843 et
2557 1785 2857 1841 Corinthiis
2888 1783 3129 1838 scribens
3165 1781 3336 1836 dicit:

1770 1881 1840 1936 In
1866 1882 2105 1936 omnibus
2137 1882 2320 1935 divites
2349 1880 2475 1949 facti
2519 1880 2640 1933 estis
2668 1879 2723 1931 in
2770 1876 2883 1941 illo,
2921 1877 2975 1928 in
3009 1874 3149 1928 omni
3184 1870 3338 1927 verbo

1769 1983 1819 2027 et
1867 1974 1923 2026 in
1961 1973 2105 2026 omni
2148 1972 2460 2036 scientia“;
2508 1970 2621 2039 qui,
2672 1978 2730 2022 ut
2786 1966 3034 2037 superius
3081 1963 3336 2027 diximus,

1770 2067 1932 2120 etiam
1978 2065 2046 2119 de
2080 2064 2370 2133 semetipso
2413 2060 2730 2132 pronuntiat
2773 2058 2913 2128 quod
2962 2072 3069 2114 non
3120 2069 3338 2110 omnem

1770 2157 2077 2220 scientiam,
2101 2170 2276 2225 neque
2303 2169 2518 2209 omnem
2547 2153 2885 2222 prophetiam
2909 2148 3125 2214 haheat,
3148 2140 3247 2202 sed
3271 2160 3341 2200 ex

1769 2258 1925 2319 parte
1944 2250 2018 2315 ‘3;
2054 2250 2121 2303 de
2145 2263 2255 2318 quo
2279 2257 2334 2303 et
2361 2247 2415 2300 in
2450 2246 2577 2302 aliis
2602 2246 2820 2315 quidem
2855 2259 2996 2312 saape
3020 2257 3118 2297 nos
3140 2242 3341 2297 dixisse

1770 2344 2013 2397 memini.
2038 2342 2105 2396 Et
2125 2357 2269 2396 nunc
2297 2339 2655 2394 nihilominus
2679 2339 2928 2393 dicemus
2951 2336 3091 2406 quod
3117 2334 3341 2401 Paulus,

1768 2446 1823 2490 et
1854 2436 1901 2490 si
1937 2436 2027 2505 qui
2061 2443 2187 2489 sunt
2215 2434 2371 2497 tales,
2402 2433 2466 2485 ad
2500 2431 2965 2500 comparationem
3008 2438 3332 2484 caeterorum

1769 2527 1996 2598 perfecti
2027 2526 2315 2588 dicuntur;
2346 2527 2415 2578 ad
2446 2522 2593 2579 illam
2627 2531 2808 2588 autem
2848 2535 3117 2577 summam
3154 2520 3339 2574 scien-

1771 2621 1921 2683 tiam,
1957 2618 2039 2672 vel
2070 2617 2137 2672 ad
2164 2617 2311 2672 illam
2353 2617 2739 2687 perfectionem
2765 2629 2888 2686 quae
2928 2617 2981 2668 in
3028 2611 3369 2668 ctelestibus'

1768 2721 1853 2765 est
1883 2709 2186 2773 ordinibus.
2218 2709 2398 2763 nullus
2423 2718 2605 2777 potest
2635 2709 2777 2762 inter
2818 2705 3063 2761 homines
3102 2703 3188 2759 vel
3231 2703 3341 2758 dici

1770 2803 1852 2857 vel
1897 2816 2017 2856 esse
2062 2801 2356 2869 perfectus.
2408 2798 2480 2855 Ut
2523 2799 2567 2853 si
2617 2799 2906 2853 dicamus:
2935 2796 2992 2850 In
3040 2793 3341 2864 puerilibus

1769 2893 1986 2959 studiis,
2019 2894 2085 2947 ad
2119 2892 2582 2961 comparationem
2622 2890 2769 2944 illius
2796 2889 2888 2959 qui
2923 2902 3098 2957 nuper
3143 2885 3343 2940 imbui-

1768 2993 1872 3049 tur,
1906 2992 1960 3038 et
1982 2985 2153 3051 prima
2179 2983 2484 3039 litterarum
2510 2981 2736 3050 suscipit
2767 2981 3059 3046 elementa,
3086 2979 3341 3048 magister
3390 3020 3395 3023 .

1770 3078 1884 3146 ipse
1913 3076 2168 3145 librarius
2196 3076 2467 3146 perfectus
2490 3073 2827 3147 appellatur;
2878 3074 2971 3128 sed
3001 3088 3110 3127 non
3141 3079 3226 3126 est
3260 3070 3337 3125 ita

1768 3170 2062 3239 perfectus,
2099 3178 2159 3224 ut
2193 3179 2276 3224 est
2303 3168 2395 3224 ille
2431 3170 2522 3240 qui
2558 3167 2967 3237 grammaticam
3008 3166 3189 3221 docet.
3218 3162 3345 3234 Ipse

1768 3274 1897 3315 vero
1928 3259 2318 3331 grammaticus
2366 3258 2616 3330 quamvis
2644 3258 2716 3311 sit
2744 3258 3040 3326 perfectus,
3092 3256 3341 3325 superior

1767 3362 1852 3407 est
1896 3361 2077 3407 tamen
2119 3351 2385 3421 perfectio
2416 3351 2653 3406 rhetoris
2674 3350 2817 3421 (5i);
2849 3359 2905 3403 et
2955 3348 3040 3403 his
3085 3348 3342 3403 omnibus

1768 3443 1928 3513 longe
1961 3441 2289 3497 eminentior
2325 3440 2715 3512 philosophica:
2761 3439 3021 3495 doctrinae
3050 3436 3337 3509 perfectio.

1768 3534 2013 3603 Cumque
2053 3534 2109 3589 in
2155 3534 2241 3588 his
2293 3531 2916 3594 omnibuslitteratura:
2948 3531 3196 3589 doctrina
3224 3528 3339 3602 (55‘,

1768 3627 1859 3689 sit,
1902 3626 2149 3682 diversus
2185 3635 2360 3679 tamen
2396 3626 2594 3696 gradus
2621 3624 2975 3694 perfectionis
3001 3633 3055 3679 et
3081 3624 3340 3695 magiste-

1769 3719 1838 3773 rii
1876 3719 1930 3772 in
1962 3732 2286 3787 unoquoque
2332 3718 2580 3772 habetur.
2629 3715 2707 3771 Ita
2740 3732 2873 3787 ergo
2907 3725 3083 3786 potest
3118 3715 3238 3771 ﬁeri
3280 3725 3340 3769 ut

1768 3820 1823 3866 et
1851 3809 2052 3865 Paulus
2079 3825 2200 3865 cum
2231 3810 2360 3864 dicit
2395 3827 2409 3863 :
2439 3808 2563 3863 Non
2599 3811 2737 3881 quod
2761 3810 2876 3881 jam
2900 3818 3170 3863 assecutus
3212 3808 3335 3867 sint.

1764 3912 1855 3956 aut
1886 3901 2150 3971 perfectus
2186 3902 2286 3955 sim
2310 3901 2375 3965 ”,
2412 3901 2480 3955 ad
2513 3900 2663 3955 illum
2698 3902 2904 3971 apicem
2938 3900 3177 3955 caelestis
3216 3913 3340 3968 per-

1762 3992 2013 4047 fectionis
2039 3992 2311 4062 aspiciens
2340 3990 2590 4046 videatur
2616 3990 2729 4044 huc
2758 3992 3022 4046 scribere.
3046 3988 3180 4044 Cum
3207 4004 3341 4044 vero

1761 4083 1895 4137 dicit
1931 4099 1945 4136 :
1982 4081 2292 4153 Quicunque
2334 4097 2455 4153 ergo
2485 4083 2703 4152 perfecti
2752 4099 2952 4149 sumus,
3001 4082 3097 4136 Itoc
3134 4081 3334 4135 sentiae.

1760 4192 1878 4228 mus
1896 4175 1938 4205 ¹⁷
1963 4173 2098 4246 (56),
2124 4176 2191 4229 ad
2220 4176 2468 4229 humana:
2492 4183 2700 4229 tantum
2725 4174 3077 4246 perfectionis
3116 4171 3339 4242 respicit

1762 4268 2012 4336 gradum.
2060 4267 2154 4321 Sic
2184 4281 2316 4337 ergo
2354 4277 2409 4321 et
2440 4268 2495 4321 in
2529 4269 2781 4338 praesenti
2823 4267 2946 4322 loco
2999 4265 3333 4335 intelligendi

1763 4371 1889 4414 sunt
1927 4360 2009 4415 vel
2040 4373 2189 4428 pace,
2223 4359 2303 4413 vel
2338 4361 2559 4430 gaudio,
2595 4362 2679 4416 vel
2725 4360 2891 4415 etiam
2948 4360 3213 4422 bonitate,
3246 4357 3332 4411 vel

2431 4453 2452 4484 °
2472 4453 2655 4509 Colos.
2684 4469 2725 4517 ι,
2769 4452 2861 4505 20.
2940 4452 2982 4482 ιο
3010 4450 3030 4505 l
3056 4450 3184 4508 Cor.
3211 4464 3349 4521 χιιι..

1794 4525 1838 4556 ¹¹⁵
1865 4526 1878 4578 Ι
1905 4527 2078 4585 Com,
2115 4524 2169 4578 5.
2249 4523 2341 4577 ’⁵1
2374 4521 2499 4577 Cor.
2536 4524 2767 4591 xut,9.,
2820 4525 2863 4555 ¹⁶
2893 4522 3086 4593 Philip.
3118 4536 3203 4586 ιιι,
3238 4520 3329 4583 19..

1836 4685 1946 4756 (50)
1977 4687 2074 4741 Ms.
2123 4686 2324 4758 Regius
2371 4706 2522 4744 num.
2569 4689 2728 4752 1659,
2775 4688 3033 4743 Rabanus
3076 4696 3133 4741 et
3176 4688 3329 4752 editi,

1761 4756 2140 4827 plenitudinem
2180 4756 2349 4827 pacis.
2396 4759 2521 4815 Mss.
2571 4758 2700 4822 duo,
2742 4760 3129 4813 multitudinem
3163 4761 3329 4828 pacis.

1859 4828 1948 4896 5t)
1978 4828 2142 4893 Editi,
2178 4831 2232 4882 in
2262 4847 2389 4899 pace
2417 4834 2656 4895 redeunt,
2691 4839 2800 4884 etc.

1857 4899 1957 4970 5‘2)
1976 4899 2067 4970 Sic
2100 4914 2234 4970 mss.
2262 4902 2504 4969 plerique
2541 4909 2595 4954 et
2624 4901 2774 4954 editi.
2806 4898 2907 4961 Ms.
2956 4913 3084 4955 vero
3120 4900 3341 4970 Regius.

1761 4967 2205 5042 nuin,_l659,_Si
2234 4967 2372 5042 enim
2401 4967 2569 5024 credit
2595 4972 2733 5042 quis,
2779 4979 2824 5023 et
2866 4970 3057 5024 virtute
3098 4967 3330 5039 Spiritus

1757 5040 1927 5092 sancti
1973 5039 2267 5095 muniatur.
2315 5039 2692 5107 Rabanus,‘Si
2736 5043 2873 5095 enim
2901 5042 2991 5111 qui
3031 5043 3219 5106 credit,
3264 5058 3331 5095 ea:

1756 5112 2043 5176 virtute...,
2087 5112 2379 5167 muniatur.

1798 5179 1943 5250 .(55)
1978 5179 2119 5234 Editi
2162 5188 2218 5233 et
2262 5180 2544 5249 Babanus,
2597 5182 2966 5240 dilectione....

1759 5266 1991 5305 monere.
2030 5250 2157 5304 Mss.
2190 5265 2320 5305 vero
2349 5254 2484 5306 utin
2519 5265 2692 5307 textu.

1828 5320 1942 5390 (54)
1984 5320 2076 5375 Sic
2105 5335 2239 5375 mss.
2270 5332 2325 5376 et
2353 5324 2519 5378 editio
2554 5322 2751 5380 Veneta
2794 5324 3069 5381 Salodiani
3105 5342 3117 5378 :
3148 5323 3330 5380 Merli-

1756 5406 2020 5463 nus‘vero
2050 5402 2106 5446 et
2153 5390 2555 5463 Genebrardus,
2589 5398 2829 5462 superior
2860 5404 2973 5462 est,
3036 5405 3088 5448 et
3152 5408 3326 5451 tamen

3014 5182 3328 5246 alterutrum

1751 5461 2035 5531 perfectior
2064 5464 2260 5517 rhetor.

1826 5532 1940 5602 (55)
1970 5532 2134 5601 Editi,
2165 5535 2465 5591 litteratura
2497 5534 2760 5595 doctrina.

1829 5603 1940 5730 (56)
1964 5603 2040 5657 lta
2071 5621 2203 5664 mss.
2239 5607 2379 5671 Editi
2415 5623 2573 5679 vero,
2592 5610 2897 5680 Quicunque
2940 5622 3071 5687 ergo.
3105 5611 3325 5681 perfecti

1757 5690 1846 5739 seu
1875 5692 2065 5739 tamus.
