3744 6146
363 287 386 341 1
396 286 502 346 ἓϐἹ

1795 300 2116 359 ORIGENIS

3448 312 3589 369 19.68

356 408 523 462 etiam
560 407 787 464 scientia
812 409 921 483 (57)
952 413 1138 482 repleti
1169 415 1282 472 sive
1310 417 1560 485 Romani,
1592 422 1702 475 sive
1727 422 1917 476 Corin-
1950 428 1995 485 Α
2024 421 2166 476 scire
2209 418 2468 487 fateatur,
2506 421 2655 489 plura
2701 431 2880 477 tamen
2924 431 2978 477 et
3027 424 3194 480 multo
3243 424 3397 495 plura
3446 431 3587 482 scie-

360 497 482 563 thii,
516 498 568 553 in
600 511 858 569 quantum
906 506 1162 574 possibile
1203 518 1288 565 est
1330 510 1526 580 repleri
1570 527 1664 567 eos
1694 515 1785 582 qui
1818 515 1918 568 do-

355 600 548 644 centur
592 592 647 646 in
702 593 965 663 Ecclesia,
1019 607 1076 653 et
1127 601 1227 655 sub
1290 602 1550 672 perfectis
1603 603 1918 660 doctoribus

354 690 518 749 agunt
547 681 681 752 (38).
715 684 971 755 Designat
1003 699 1184 746 autem
1208 701 1266 747 et
1293 694 1538 749 scientia:
1565 696 1732 765 ipsius
1765 714 1916 752 men-

352 787 557 840 suram,
593 791 715 830 cum
753 779 926 834 dicit:
955 779 1043 835 Ita
1078 794 1133 836 ut
1179 786 1392 852 possitis
1436 795 1486 841 et
1520 787 1652 843 alios
1684 805 1912 846 monere.

350 861 407 916 In
444 880 550 933 quo
590 870 853 934 ostendit,
882 872 1005 939 quia
1040 874 1093 928 in
1125 889 1190 929 eo
1222 876 1364 945 quod
1392 877 1580 933 didicit
1604 879 1718 949 (59)
1750 897 1915 937 unus-

351 955 598 1025 quisque,
629 959 788 1015 debet
820 963 986 1017 etiam
1041 965 1205 1021 alium
1243 982 1483 1033 monere,
1517 981 1575 1025 et
1602 971 1913 1041 huiusmodi

348 1060 472 1100 cum
522 1050 905 1123 condiscipulis
947 1056 1147 1113 habere
1198 1058 1489 1130 colloquia,
1543 1063 1739 1131 quibus
1768 1080 1828 1120 se
1857 1076 1913 1122 et

349 1150 606 1195 moneant
651 1142 908 1209 invicem,
936 1146 1105 1219 676
1133 1159 1188 1203 et
1219 1150 1504 1208 azdilicent.
1535 1152 1721 1210 Potest
1766 1159 1909 1212 enim

347 1229 599 1284 conferre
634 1232 924 1300 plurimum
970 1238 1294 1295 eruditionis
1345 1241 1552 1296 alterna
1598 1245 1815 1299 collatio
1863 1249 1908 1301 si

349 1335 473 1375 cum
506 1321 769 1379 charitate
812 1325 1233 1400 babeaturlw),
1267 1338 1320 1385 et
1354 1331 1422 1386 de
1471 1334 1908 1403 profundioribus

345 1413 655 1483 quibusque
684 1416 770 1470 vel
809 1417 1214 1476 obscurioribus
1249 1435 1528 1492 exspectet
1569 1429 1904 1483 eruditorum

344 1503 813 1576 perfector-umque
877 1513 1221 1577 sententiam,
1290 1519 1589 1572 secundum
1649 1522 1905 1587 quod,et

342 1593 552 1665 Moyses
574 1599 706 1655 dicit
729 1621 743 1655 :
771 1601 1046 1675 Interroga
1071 1619 1245 1675 patres
1276 1618 1418 1674 tuos,
1437 1622 1484 1665 et
1516 1614 1905 1678 annuntiabunt

341 1689 473 1755 tibi;
505 1693 830 1764 presbyteros
864 1707 1005 1764 tuos,
1039 1710 1091 1753 et
1125 1701 1298 1757 dicent
1331 1706 1428 1759 tibi
1449 1707 1512 1760 ⁸⁸.

2021 514 2135 577 rit,
2199 528 2361 582 quam
2423 515 2719 584 scripserit.
2777 515 3060 586 Tanquam
3118 519 3263 572 enim
3303 517 3417 590 (43)
3494 522 3585 590 qui

2017 603 2133 672 ipse
2172 603 2335 657 multa
2378 607 2561 671 sciret,
2615 621 2714 661 nec
2766 616 2949 663 tamen
2984 609 3206 664 auderet
3252 611 3419 665 multa
3463 626 3586 680 pro-

2015 692 2181 760 ferre,
2215 695 2494 750 audaciam
2543 697 2645 751 sibi
2683 696 2851 753 fuisse
2896 699 3028 753 dicit
3059 709 3119 754 ut
3168 700 3353 769 aliqua
3391 702 3586 757 saltem

2017 785 2299 853 scriptura:
2314 788 2697 843 committeret.
2719 788 2877 855 Quod
2900 804 3027 844 vero
3051 791 3151 854 ait,
3171 807 3588 848 commemorans

2015 891 2103 930 oos
2135 891 2231 945 per
2258 881 2490 947 gratiam
2527 878 2709 933 datam
2738 880 2887 947 mihi,
2918 881 3123 936 indicat
3154 883 3325 938 fuisse
3364 886 3587 953 quidem

2014 967 2117 1023 sibi
2163 966 2275 1036 jam
2318 982 2625 1024 sermonem
2674 970 2741 1025 de
2787 969 3007 1039 talibus,
3048 982 3105 1026 et
3146 974 3473 1055 disseruisse
3525 991 3585 1031 se

2013 1074 2157 1128 saepe
2180 1061 2248 1114 de
2273 1060 2575 1131 mysteriis;
2608 1062 2705 1115 sed
2734 1062 2985 1131 quoniam
3030 1078 3151 1133 quas
3178 1066 3295 1122 solo
3329 1082 3587 1123 sermone

2012 1149 2158 1205 dicta
2190 1160 2318 1205 sunt
2347 1150 2507 1206 facile
2531 1152 2643 1223 (44)
2673 1152 2997 1224 intercipere
3019 1167 3202 1226 posset
3231 1158 3454 1223 oblivio,
3486 1174 3586 1227 per

2012 1241 2148 1303 haec,
2178 1242 2375 1311 inquit,
2411 1256 2584 1312 pauca
2612 1258 2732 1312 quae
2777 1244 2969 1314 scripsi
3006 1262 3101 1317 per
3138 1249 3366 1318 gratiam
3396 1251 3586 1305 datam

1958 1327 1963 1333 ”
2010 1332 2165 1397 mihi,
2212 1333 2425 1398 illorum
2460 1334 2614 1390 vobis
2667 1338 2986 1392 memoriam
3034 1354 3252 1403 revoco,
3285 1356 3405 1411 quae
3432 1358 3463 1395 a
3496 1334 3586 1397 me

2008 1421 2168 1479 latlus
2200 1439 2345 1495 saepe
2385 1426 2614 1481 disserta
2659 1437 2807 1484 sunt.
2844 1428 2921 1483 De
2957 1429 3136 1497 gratia
3181 1441 3362 1486 autem
3413 1448 3581 1503 quam

2006 1513 2109 1567 sibi
2144 1514 2323 1569 datam
2374 1513 2575 1572 Paulus
2621 1531 3031 1589 commemorat,
3083 1536 3247 1591 supra
3277 1522 3390 1591 jam
3438 1525 3580 1579 dixi—

2008 1621 2146 1661 mus.
2199 1610 2370 1674 Quam
2420 1611 2655 1679 gratiam
2705 1613 2776 1667 ob
2828 1616 2932 1669 hoc
2964 1617 3072 1672 sibi
3108 1618 3290 1673 datam
3323 1618 3477 1685 dicit,
3519 1629 3580 1671 ut

2006 1699 2126 1761 sim,
2175 1698 2370 1767 inquit,
2424 1701 2735 1760 ministrans
2773 1703 2982 1761 Christo
3026 1709 3153 1764 Jesu
3210 1712 3266 1765 in
3312 1713 3579 1781 gentibus,

409 1782 497 1837 11.
518 1784 786 1841 Audacius
809 1799 985 1843 autem
1003 1793 1189 1864 scripsi
1210 1797 1351 1850 vobis
1377 1814 1443 1852 ea:
1463 1809 1636 1868 parte,
1655 1811 1841 1872 tangite

2028 1788 2346 1857 :anctiﬁcans
2389 1790 2734 1864 Evangelium
2778 1796 2891 1851 Dei.
2941 1798 3093 1865 Quod
3139 1817 3239 1857 nos
3288 1779 3575 1866 habemus,

338 1888 749 1932 commemorans
778 1895 867 1934 uos
913 1897 1006 1947 per
1043 1887 1269 1952 gratiam
1313 1887 1496 1941 datam
1529 1891 1659 1944 mihi
1693 1909 1726 1946 a
1774 1892 1902 1960 Deo,

337 1976 393 2018 ut
414 1966 513 2020 sim
543 1969 852 2026 ministrans
876 1970 1085 2025 Christo
1108 1972 1239 2028 Jesu
1282 1977 1337 2030 in
1367 1980 1628 2048 gentibus,
1663 1984 1906 2052 sanctiﬁ—

337 2071 460 2109 cans
495 2054 834 2127 Evangelium
865 2060 983 2126 Dei,
1008 2074 1064 2115 ut
1088 2066 1155 2117 sit
1180 2063 1374 2120 oblatio
1401 2070 1631 2137 gentium
1669 2084 1903 2140 accepta,

335 2148 665 2215 sanctiﬁcata
692 2151 746 2204 in
778 2151 981 2221 Spiritu
1007 2157 1267 2210 sancto".
1305 2157 1585 2228 Tanquam
1631 2164 1722 2233 qui
1750 2180 1904 2219 Icon-

336 2238 482 2292 scius
513 2242 583 2295 sit
620 2243 721 2296 sibi
756 2246 805 2298 in
851 2248 996 2301 omni
1032 2259 1176 2303 textu
1222 2250 1492 2320 Epistulae,
1527 2256 1653 2308 dum
1699 2257 1767 2312 ad
1810 2272 1902 2313 eos

336 2331 605 2387 interdum
631 2336 721 2404 qui
752 2351 817 2391 ex
851 2339 1265 2397 circumcisione
1294 2353 1441 2409 sunt,
1472 2347 1743 2403 interdum
1772 2365 1901 2404 vero

332 2422 400 2475 ad
430 2437 524 2477 eos
546 2426 636 2494 qui
668 2441 735 2480 ex
769 2431 1019 2496 gentibus
1045 2433 1397 2490 crediderunt
1420 2436 1621 2494 faceret
1650 2442 1898 2506 verbum,

331 2510 474 2578 quod
506 2514 758 2569 nonnulla
804 2519 969 2574 etiam
1000 2523 1068 2577 de
1098 2527 1485 2583 secretioribus
1534 2531 1812 2600 mysteriis
1845 2542 1900 2588 et

331 2601 769 2670 profundioribus
813 2613 1101 2683 contigerit
1129 2617 1263 2688 (41),
1305 2629 1360 2673 et
1398 2622 1579 2677 studio
1616 2625 1899 2679 reddendas

330 2695 557 2752 rationis
586 2698 739 2767 plura
766 2716 886 2770 quae
919 2703 1259 2762 habebantur
1283 2709 1336 2763 in
1368 2713 1598 2768 occultis
1625 2715 1899 2784 patefece-

329 2787 422 2852 rit,
447 2788 570 2844 licct
600 2789 653 2843 in
681 2793 907 2863 singulis
932 2796 1389 2865 dispensationem
1420 2805 1568 2859 verbi
1594 2817 1748 2860 cauta
1782 2824 1896 2861 mo-

326 2878 605 2936 deratione
642 2889 962 2949 servaverit,
994 2897 1050 2942 et
1098 2905 1167 2944 ex
1201 2890 1384 2961 aliqua
1417 2906 1574 2962 parte
1622 2897 1890 2967 indicans,

323 2986 390 3025 ex
440 2973 604 3053 multa
657 2993 867 3033 rursum
907 2992 1059 3050 parte
1105 2987 1427 3053 contexerit,
1481 2988 1685 3044 ideirco
1715 2992 1889 3046 dicit:

323 3061 592 3121 Audacius
637 3081 810 3123 autem
860 3074 1047 3141 scripsi
1093 3077 1234 3130 vobis
1292 3095 1357 3132 ea:
1404 3091 1578 3147 parte,
1640 3092 1890 3152 tanquam

322 3170 730 3213 commemorans
776 3178 863 3216 uos
914 3180 1007 3233 per
1037 3167 1266 3235 gratiam
1294 3186 1413 3239 qua:
1455 3171 1585 3225 data
1631 3183 1704 3226 est
1738 3175 1888 3228 mihi.

318 3247 489 3304 Audis
518 3248 628 3321 (42)
673 3255 983 3323 Apostolum
1013 3257 1282 3315 dicentem
1316 3279 1331 3315 :
1364 3261 1451 3317 Ea:
1479 3273 1629 3330 parte
1668 3266 1896 3334 scripsi?

321 3336 476 3396 Unde
507 3357 683 3413 neque
722 3348 881 3403 nobis
930 3348 1137 3419 aliquis'
1156 3366 1492 3419 succenseat,
1526 3357 1575 3411 si
1606 3358 1891 3427 mysterio-

322 3447 440 3486 rum
493 3435 798 3493 divinorum
837 3445 1101 3499 rationem
1153 3447 1446 3516 explanare
1506 3448 1574 3503 ad
1627 3449 1890 3519 liquidum

320 3539 429 3578 non
461 3527 726 3593 valemus,
754 3546 876 3587 cum
923 3536 1109 3590 audiat
1142 3553 1264 3592 eum
1299 3539 1389 3608 qui
1428 3540 1584 3596 nobis
1621 3542 1735 3596 haec
1770 3543 1881 3610 ipsa

321 3616 558 3684 tradidit,
587 3637 652 3675 ex
689 3634 842 3691 parte
893 3626 1217 3684 tradidisse:
1244 3646 1418 3700 neque
1460 3634 1749 3702 quisquam
1781 3635 1882 3687 sub

317 3708 560 3765 scientiae
610 3714 765 3767 titulo
801 3716 872 3771 ita
921 3717 1138 3775 inflatus
1174 3723 1410 3787 incedat,
1462 3734 1718 3793 tanquam
1763 3723 1884 3778 uni-

316 3815 472 3856 versa
504 3808 838 3874 cognoverit,
871 3823 996 3865 cum
1044 3811 1159 3881 ipse
1199 3811 1400 3869 Paulus
1439 3829 1468 3866 a
1503 3829 1610 3883 quo
1638 3814 1883 3868 scientiae

316 3895 473 3949 nobis
502 3912 680 3951 sermo
711 3901 1016 3965 transfusus
1043 3915 1148 3970 est,
1176 3921 1242 3959 ex
1274 3916 1425 3975 parte
1456 3922 1514 3959 sc
1550 3907 1701 3963 dicat
1748 3907 1885 3962 scri-

312 3987 461 4053 bere,
506 3999 561 4042 et
609 4005 676 4044 ex
710 4005 863 4060 parte
904 3998 1310 4063 cognoscere”.
1343 3997 1454 4066 Ego
1508 4010 1689 4053 tamen
1737 3999 1885 4054 arbi-

312 4087 430 4133 tror
459 4084 602 4151 quod
651 4089 901 4154 quamvis
931 4090 1094 4144 etiam
1135 4091 1250 4160 ipse
1282 4090 1484 4146 Paulus
1529 4107 1596 4147 ex
1632 4103 1789 4162 parte
1824 4106 1884 4147 se

2006 1882 2342 1949 sanctiﬁcans
2384 1881 2732 1954 Evangelium
2769 1886 2885 1957 Dei,
2923 1889 3099 1948 Graeci
3131 1894 3576 1966 magniﬁcentius

2006 1973 2216 2039 dicunt,
2254 1976 2648 2048 ἱερουργοῦντα
2678 1982 2740 2035 τὸ
2771 1982 3100 2054 Εὐαγγέλιον
3125 1987 3220 2040 τοῦ
3247 1988 3402 2053 Θεοῦ,
3429 1991 3575 2059 quod

2004 2062 2132 2118 licet
2177 2082 2281 2122 nou
2316 2070 2475 2139 plene
2523 2089 2552 2128 a
2588 2077 2743 2131 nobis
2763 2076 2896 2148 (45),
2932 2089 3113 2148 posset
3142 2089 3320 2136 tamen
3348 2082 3454 2136 dici
3480 2099 3573 2136 sa-

2006 2156 2255 2226 criﬁcans
2296 2160 2640 2233 anngelium
2685 2166 2781 2222 Dei
2797 2186 2818 2234 ;
2852 2184 2947 2238 per
2977 2174 3118 2239 quod
3147 2174 3454 2228 ostenditur
3481 2190 3575 2229 sa-

2003 2250 2245 2308 criﬁcale
2271 2267 2407 2323 Opus
2454 2272 2574 2312 esse
2614 2263 2935 2317 anuuntiare
2962 2263 3331 2335 Evangelium.
3360 2267 3575 2324 Idcirco

2002 2343 2236 2415 denique
2267 2346 2579 2419 subiungit:
2602 2349 2670 2405 Ut
2711 2353 2804 2417 ﬁat
2837 2355 3030 2410 oblatio
3069 2360 3301 2426 gentium
3333 2372 3579 2430 accepta,

2002 2435 2334 2503 sanctificata
2366 2440 2423 2491 in
2468 2438 2672 2509 Spiritu
2711 2454 2917 2500 sancto.
2947 2445 3098 2501 Sicut
3127 2463 3255 2518 ergo
3283 2452 3579 2519 pontiﬁces

1999 2542 2123 2580 cum
2158 2526 2476 2598 offerebant,
2530 2536 2841 2590 necessario
2886 2537 2967 2592 eis
3005 2548 3125 2593 erat
3175 2543 3573 2611 providendum

1998 2634 2068 2674 ne
2117 2622 2326 2676 macula
2374 2623 2580 2680 inesset
2619 2626 2832 2696 hostiae,
2883 2647 2950 2686 ne
2995 2634 3344 2702 vituperatio,
3394 2652 3462 2692 ne
3488 2638 3575 2691 vi-

2001 2710 2130 2763 tium
2154 2710 2292 2785 (46),
2325 2724 2383 2767 ut
2412 2726 2594 2783 posset
2637 2728 2856 2788 accepta
2899 2736 3021 2777 esse
3054 2723 3161 2779 Deo
3193 2736 3249 2780 et
3297 2737 3451 2796 grata
3481 2730 3569 2796 ¹¹;

1996 2803 2068 2856 ita
2093 2815 2148 2858 et
2171 2807 2260 2874 qui
2293 2804 2643 2879 Evangelium
2677 2813 2966 2880 sacriﬁcat,
2999 2823 3053 2871 et
3083 2819 3306 2873 verbum
3341 2821 3433 2875 Dei
3461 2837 3573 2876 an-

1996 2898 2233 2962 nuntiat,
2266 2913 2463 2954 curare
2495 2902 2821 2958 omnimodis
2847 2906 3024 2971 debet,
3052 2925 3118 2964 ne
3145 2925 3248 2978 qua
3280 2913 3333 2966 in
3365 2914 3573 2977 praedi-

1992 2989 2170 3041 cando
2199 2990 2428 3057 macula,
2473 3008 2541 3047 ne
2573 2996 2713 3063 quod
2748 2997 2799 3049 in
2837 3000 3082 3054 docendo
3109 3002 3320 3071 vitium,
3357 3021 3426 3060 ne
3452 3022 3571 3075 qua

1995 3077 2049 3132 in
2080 3080 2391 3150 magisterio
2424 3085 2584 3155 culpa
2616 3096 2901 3155 nascatur;
2932 3092 3025 3145 sed
3048 3133 3064 3156 ,
3094 3103 3151 3147 ut
3201 3095 3276 3148 ita
3304 3096 3571 3167 dixerim,

1990 3171 2036 3224 si
2066 3171 2181 3225 fieri
2215 3183 2414 3240 poteSt,
2444 3179 2795 3248 semetipsum
2828 3183 3003 3250 primo
3051 3185 3312 3249 immolet,
3350 3204 3409 3244 se
3444 3193 3567 3261 pri-

1991 3276 2137 3315 mum
2163 3262 2315 3319 vitiis
2329 3264 2554 3336 jugulet,
2586 3285 2681 3323 sua
2707 3272 2855 3339 prius
2883 3284 3107 3341 peccato
3138 3279 3383 3334 membra
3413 3296 3573 3336 mor-

1993 3353 2184 3419 tiﬁcet,
2214 3361 2273 3406 ut
2298 3370 2404 3410 non
2437 3358 2612 3411 solum
2641 3359 2906 3425 doctrina,
2940 3363 3034 3417 sed
3073 3371 3128 3417 et
3153 3366 3279 3419 vitae
3306 3369 3568 3436 exemplo

1990 3445 2376 3515 discipulorum
2409 3448 2641 3503 salutem
2691 3451 3016 3507 oblationem
3067 3470 3219 3509 suam
3248 3456 3360 3530 (47)
3395 3474 3566 3513 acce-

1990 3546 2139 3607 ptam
2190 3540 2356 3598 faciat
2403 3540 2536 3596 Deo.
2587 3541 2951 3611 Sanctiﬁcata,
3000 3545 3196 3615 inquit,
3256 3551 3312 3604 in
3350 3550 3567 3619 Spiritu

1990 3640 2192 3686 sancto.
2231 3630 2691 3689 Sanctiﬁcationis
2743 3635 2861 3689 fons
2909 3635 3139 3705 Spiritus
3183 3652 3402 3697 sanctus
3446 3655 3565 3708 est,

1990 3730 2045 3777 et
2072 3723 2194 3779 ideo
2219 3725 2424 3779 oblatio
2450 3726 2691 3795 gentium
2719 3743 2839 3797 quae
2873 3726 3039 3783 Paulo
3079 3734 3421 3789 sacrificante
3440 3734 3567 3808 (48)

1989 3812 2238 3880 offertur,
2272 3829 2380 3869 non
2415 3831 2512 3886 per
2535 3817 2932 3872 observantiam
2977 3820 3132 3891 legis,
3166 3823 3260 3877 sed
3307 3840 3403 3894 per
3430 3824 3569 3896 Spi-

1987 3908 2151 3961 ritum
2179 3917 2424 3962 sanctum
2465 3921 2683 3979 accepta
2720 3911 2836 3964 ﬁeri
2866 3910 3070 3966 dicitur
3102 3915 3231 3970 Deo.

2057 3998 2144 4053 12,
2191 3998 2369 4054 Habeo
2394 4001 2556 4070 igitur
2575 4001 2795 4069 gloriam
2818 4004 2872 4057 in
2891 4003 3101 4059 Christo
3123 4004 3157 4059 J
3162 4023 3256 4061 esu
3275 4009 3344 4060 ad
3366 4007 3563 4066 Deum.

1988 4088 2113 4143 Non
2143 4093 2281 4143 enim
2317 4092 2487 4145 audeo
2532 4092 2734 4162 aliquid
2781 4094 2926 4164 loqui
2973 4112 3154 4150 eorum
3186 4114 3306 4166 quae
3340 4116 3436 4167 per
3468 4117 3567 4158 me

382 4241 428 4275 ⁸⁸
453 4241 613 4298 Deut.
651 4260 823 4314 χχιιι,
856 4247 906 4301 7.
985 4249 1029 4281 ¹⁹
1059 4248 1216 4306 Rom.
1256 4267 1346 4306 xv.
1380 4253 1469 4321 15,
1506 4253 1596 4309 16.
1666 4255 1712 4287 ²⁰
1733 4254 1840 4310 ibid

2053 4254 2180 4310 Cor.
2202 4270 2323 4323 xui,
2355 4255 2442 4310 12.
2520 4257 2564 4288 ⁸⁸
2587 4254 2761 4313 Levit.
2785 4273 2921 4327 χχιι,
2946 4260 3045 4319 21:
3074 4261 3228 4316 Deut.
3254 4265 3439 4331 xv,2l.

378 4405 492 4488 (ζῆ)
518 4406 611 4496 Sic
640 4425 768 4496 mss.
791 4411 933 4468 Editi
966 4427 1115 4480 vero,
1146 4414 1225 4467 uel
1248 4414 1498 4479 bonitate,
1525 4415 1603 4470 uel
1629 4419 1869 4496 scientia,
1902 4429 1949 4485 Ι)
1977 4414 2148 4474 Paulo
2179 4416 2323 4496 infra
2354 4416 2486 4496 editi
2535 4416 2651 4471 loco
2693 4418 2926 4488 proferre
2957 4419 3157 4496 habent
3196 4422 3414 4491 referre.
3430 4425 3553 4496 bis.

305 4477 508 4532 omisso
539 4479 621 4533 bis
649 4485 830 4535 etiam.

377 4547 491 4621 @8)
535 4547 696 4621 Editi,
721 4562 968 4621 aguntur.

377 4617 490 4694 (69)
526 4617 728 4674 Omnes
757 4617 913 4686 inss.,
942 4623 1102 4689 dicit;
1148 4624 1425 4691 Rabanus,
1464 4625 1686 4692 didicit;
1718 4627 1870 4694 editi,

301 4688 479 4743 discit.

376 4756 487 4829 (40)
527 4759 654 4814 Mss.
677 4761 953 4833 ﬂuidam,
1014 4766 1059 4817 si
1104 4780 1223 4815 cum
1273 4764 1540 4818 hilaritate
1593 4766 1869 4833 habeatur,

304 4828 508 4883 Deinde
536 4844 637 4903 ms.
677 4828 873 4900 Regius
906 4848 1052 4888 num.
1084 4832 1242 4897 l639,
1271 4847 1604 4903 exspectatur
1642 4828 1871 4891 erudito;

302 4916 420 4973 ram
466 4899 912 4973 perfectornmque
959 4905 1241 4958 sententia.
1274 4904 1344 4959 Et
1364 4899 1532 4972 paulo
1573 4916 1692 4973 post
1732 4923 1864 4963 mss.

299 4967 839 5046 aliquo_t,_lnterroga
865 4985 1085 5046 patrem
1124 4985 1292 5037 tuum,
1325 4967 1430 5029 etc.
1480 4967 1586 5030 Sed
1632 4977 1867 5046 potiores

303 5039 432 5095 mss.
459 5039 711 5092 Rabanus
735 5052 790 5092 et
815 5040 943 5094 editi
984 5055 1041 5096 ut
1072 5045 1126 5098 in
1160 5056 1345 5098 nostro
1375 5056 1545 5099 textu.

368 5110 480 5181 (41)
516 5109 615 5181 Ms.
674 5108 872 5181 Regius
928 5129 1074 5166 num.
1124 5115 1285 5180 1659,
1334 5118 1644 5170 contexerit.
1698 5115 1866 5173 Paulo

297 5180 609 5255 postediti,
633 5180 958 5255 patefecerit,
991 5185 1102 5237 licet
1131 5186 1184 5237 in
1213 5187 1437 5252 singulis
1476 5188 1866 5255 dispensatione
1900 5216 1913 5232 -

296 5253 439 5305 verbi
482 5252 898 5327 moderationem
932 5259 1233 5318 servaverit,
1263 5272 1327 5308 ea:
1358 5258 1536 5327 aliqua
1560 5252 1734 5327 'partc
1777 5260 1862 5311 ξη-

296 5322 507 5385 dicans,
535 5338 600 5381 ea:
630 5321 796 5374 multa
823 5338 1044 5396 rursum
1079 5336 1228 5392 parte
1267 5321 1561 5396 contegens,
1585 5321 1705 5382 'etc.
1754 5327 1862 5383 Sed

296 5407 483 5446 omnes
525 5407 656 5447 mss.
709 5401 764 5446 et
820 5393 1074 5448 Rabanus
1109 5404 1166 5448 ut
1221 5395 1285 5465 in
1333 5393 1512 5458 textu;
1566 5399 1668 5453 nisi
1716 5399 1861 5465 quod

297 5463 523 5540 quidam
546 5477 829 5540 perperam
855 5465 1089 5519 habeant
1121 5481 1243 5519 cum
1274 5464 1527 5536 Rabauo,
1555 5463 1859 5540 patefecerit

294 5532 410 5583 luce
437 5571 453 5594 ,
477 5532 545 5586 al.
573 5532 764 5586 lucere.

366 5601 481 5667 (42)
519 5603 609 5656 Sic
634 5618 734 5657 ms.
784 5620 924 5659 unus
953 5614 1006 5659 et
1033 5603 1310 5664 Rabanus.
1337 5608 1529 5665 Cacteri
1557 5624 1687 5665 vero
1723 5623 1853 5664 mss.

299 5674 470 5724 nostri
498 5682 551 5724 et
583 5673 733 5733 editi,
767 5674 930 5728 Audi.
1727 5700 1734 5707 ‘

372 5739 491 5811 (45),
518 5739 1023 5807 Εῃὶηι.ιὶθδιίωίιιιι·
1064 5763 1129 5803 ex
1166 5765 1265 5807 ms.
1312 5747 1488 5821 Regio.
1517 5766 1664 5809 num.
1697 5751 1854 5813 1639.

1978 4502 2140 4563 unus,
2170 4486 2325 4563 ferre.
2358 4486 2425 4540 Et
2468 4498 2589 4563 post
2633 4486 2800 4563 pauca
2846 4504 2945 4543 ms.
2977 4490 3177 4559 Regius
3203 4486 3355 4547 nutu.
3384 4494 3548 4563 1659,

1975 4558 2177 4626 indicat
2210 4557 2390 4619 fecisse
2418 4558 2628 4626 quidem
2663 4574 2717 4611 se
2733 4557 2847 4624 jam
2874 4557 3184 4626 sermonem,
3218 4573 3328 4618 etc.

2044 4625 2162 4696 (44)
2196 4626 2354 4697 Editi,
2389 4625 2453 4682 de
2480 4627 2649 4694 facili.
2676 4628 2801 4681 MSS.
2832 4636 2888 4681 et
2914 4629 3190 4695 Rabzuitts,
3224 4633 3403 4697 facile.

2045 4695 2162 4765 (45)
2188 4695 2279 4750 Sic
2298 4696 2553 4750 Rabanus
2581 4706 2634 4750 et
2660 4697 3023 4752 editi.0mnes
3051 4714 3179 4754 vero
3208 4695 3339 4757 mss.
3372 4709 3545 4762 nostri

1973 4767 2179 4844 habent
2205 4768 2577 4844 lamminarum
2606 4766 2921 4844 ἱερουργῶν,
2954 4772 3090 4844 quod
3110 4769 3231 4844 licet
3259 4790 3365 4828 non
3391 4778 3549 4844 plane

1970 4856 2001 4889 a
2033 4838 2208 4890 nobis.
2240 4836 2459 4916 Deinde
2477 4852 2608 4891 mss.
2631 4836 2996 4916 duo,'n71osset';
3027 4840 3278 4916 [tabanus
3308 4857 3361 4897 et
3387 4836 3543 4916 editi,

1966 4910 2171 4973 possit;
2195 4905 2529 4985 εἱς-[ἰθείας
2555 4923 2704 4985 nutu.
2735 4907 2895 4985 1669,
2923 4920 3106 4985 potest.
3139 4911 3203 4964 Et
3235 4917 3394 4981 paulo
3421 4905 3543 4985 ι)οεί

1970 4992 2099 5030 mss.
2132 4989 2191 5030 et
2219 4976 2497 5054 Rabaitus,
2528 4976 2643 5040 alii,
2677 4976 2970 5054 sa‘criﬁcale
3012 4995 3180 5047 Opus;
3211 4976 3326 5048 alii,
3366 4976 3538 5054 ponti-

1965 5046 2120 5113 ﬁcale
2153 5063 2302 5113 opus.
2352 5045 2512 5109 Editi,
2544 5048 2863 5115 sanctiﬁcale
2891 5065 3037 5115 opus.

2039 5116 2154 5193 (lli)
2172 5117 2396 5193 _Ed_iti_et
2417 5132 2547 5193 mss.
2571 5118 2892 5193 quidam,_ne
2915 5121 3307 5193 vituperationis
3332 5127 3531 5180 vitium.

1966 5185 2373 5265 Malefllleinnde
2404 5187 2555 5265 editi,
2592 5198 2650 5237 ut
2690 5187 2873 5254 possit,
2903 5185 3157 5265 etc.'Sed
3200 5209 3303 5249 ms.
3339 5194 3535 5265 Regius

1967 5273 2119 5309 num.
2150 5256 2288 5310 l639
2318 5265 2373 5309 et
2403 5254 2660 5315 Rabauus
2694 5267 2841 5311 recte
2883 5268 2939 5310 ut
2974 5263 3026 5311 in
3064 5272 3250 5317 nostro
3275 5254 3447 5318 textu:
3466 5266 3532 5321 Et

1964 5327 2129 5394 paulo
2160 5334 2282 5396 post
2311 5326 2463 5389 editi,
2494 5326 2790 5393 sanctiﬁcat
2815 5337 2907 5382 :at
2937 5344 3125 5384 omnes
3170 5349 3301 5389 mss.
3333 5346 3388 5390 et
3425 5338 3531 5390 Ra-

1961 5395 2174 5459 banus,’
2199 5395 2485 5458 sacriﬁcat.

2033 5464 2274 5547 (47)_
2306 5481 2442 5547 mss.
2469 5465 2707 5547 plerique
2755 5476 2809 5547 et
2850 5468 3003 5547 editi.
3042 5470 3144 5547 Ms.
3168 5490 3297 5529 vero
3332 5475 3530 5547 Regius

1961 5536 2109 5609 nunt.
2135 5536 2687 5609 lb59,discipulorum
2707 5538 2874 5592 salute
2899 5542 3210 5599 oblationem
3231 5536 3521 5609 suam,Etc.

1959 5605 2651 5678 Rabam:3,discipulorum
2694 5609 2917 5663 salutem
2968 5613 3232 5670 oblatione
3268 5605 3519 5678 saturem.

1968 5733 1971 5735 _
2029 5677 2144 5750 (48)
2184 5677 2325 5734 Editi
2380 5681 2761 5750 sanctiﬁcante.
2794 5678 2922 5741 Mss.
2953 5699 3141 5741 omnes
3168 5700 3224 5743 et
3248 5677 3519 5746 Babauus.

1957 5748 2317 5822 sacrificant“
