3744 6146
124 273 249 328 1269

1072 270 1428 331 COMMENT.
1465 269 1534 324 IN
1572 265 1790 323 EPIST.
1824 267 1917 321 AD
1955 265 2120 323 ROM.
2154 267 2282 323 LIB.
2324 266 2392 322 Χ.

3215 266 3351 320 1270
3390 306 3397 324 .

121 404 213 440 non
245 383 388 454 eﬁicit
415 381 657 437 Christus
683 384 737 437 in
766 385 1112 439 obedientiam
1151 386 1402 454 gentium,
1450 383 1602 436 verba
1631 389 1678 432 et
1707 382 1759 440 Α
1788 383 1962 435 ricum
1989 383 2216 451 replevit
2251 381 2598 451 Evangtelium
2632 379 2859 436 Christi.
2889 377 3058 449 Moysi
3085 379 3351 433 et'Aaron

123 476 283 543 factis,
315 490 407 542 per
440 483 746 541 potestatem
795 477 1067 541 signorum
1101 485 1150 529 et
1183 475 1539 543 prodigiorum
1561 472 1678 547 (49)

121 571 168 620 in
193 567 370 620 virtute
403 564 633 633 Spiritus
662 565 797 631 Dei;
840 567 917 619 ita
958 577 1012 619 ut
1042 569 1105 619 ab
1143 566 1440 620 Jerusalem
1484 567 1538 619 in
1577 566 1680 618 cir-

121 660 254 714 cuitu
305 675 464 727 usque
515 659 586 712 ad
650 657 924 729 Illyricum
985 660 1286 729 repleverim
1337 660 1678 730 Erangelinm

120 752 324 806 Christi.
371 751 460 806 Sic
500 762 676 805 autem
725 753 822 806 hoc
853 754 1139 822 ιιι-(τάξεαυί
1181 753 1530 822 Evangelium
1573 769 1680 807 non

122 846 200 899 ubi
230 845 526 898 nominatus
550 855 626 898 est
650 844 916 910 Christus,
948 863 1011 899 ne
1039 863 1196 912 super
1222 845 1450 899 alienum
1486 845 1680 912 funda-

121 948 338 991 mentum
365 938 685 1005 azdiﬁcarem
711 953 731 991 :
764 939 854 991 sed
887 939 1018 992 sicut
1052 939 1306 1004 scriptum
1336 949 1408 991 est
1437 955 1453 991 :
1479 938 1678 1003 Quibus

122 1045 214 1082 non
238 1039 309 1082 est
337 1029 709 1082 annuntiatum
738 1029 802 1082 de
833 1045 918 1094 eo,
944 1031 1212 1094 videbunt,
1248 1039 1295 1082 et
1325 1031 1416 1093 qui
1443 1046 1543 1082 non
1576 1046 1678 1082 au-

120 1119 334 1181 dierunt,
358 1117 646 1186 intelligent
661 1119 726 1172 ".
745 1117 882 1173 Vera
905 1119 1122 1187 quidem
1146 1119 1398 1188 gloriatio
1422 1119 1487 1173 ad
1513 1121 1678 1174 lleum

121 1219 337 1277 nonest,
359 1211 458 1265 nisi
493 1212 580 1265 illa
613 1226 735 1280 qua:
757 1222 842 1268 est
872 1213 924 1266 in
949 1200 1167 1267 Ch’risto
1188 1211 1334 1266 Jcsu.
1370 1211 1502 1267 Sine
1523 1212 1678 1269 Chri-

119 1316 194 1356 sto
225 1315 398 1358 autem
435 1305 655 1374 gloriari
693 1306 746 1360 in
797 1307 907 1361 Deo
953 1307 1060 1361 tale
1103 1317 1203 1371 est,
1250 1308 1411 1375 quale
1458 1309 1502 1363 si
1557 1308 1680 1378 quis

120 1400 270 1471 677
296 1400 442 1454 dicat
470 1415 630 1468 posse
651 1416 709 1456 se
729 1400 932 1457 habere
956 1401 1183 1470 gloriam
1205 1402 1345 1471 apud
1375 1401 1542 1457 Deum
1561 1403 1679 1457 sine

115 1493 340 1560 justitia,
390 1493 510 1547 sine
549 1493 816 1562 sapientia
842 1533 858 1558 ,
901 1494 1027 1549 sine
1067 1495 1321 1552 veritate.
1373 1494 1498 1550 llaec
1535 1497 1677 1550 enim

120 1586 285 1639 omnia
324 1585 575 1642 Christus
622 1599 750 1652 est;
790 1596 845 1643 et
879 1588 1002 1643 ideo
1047 1589 1100 1642 in
1145 1589 1260 1646 solo
1295 1590 1511 1646 Christo
1550 1607 1678 1647 vera

119 1677 356 1745 gloriatio
381 1687 466 1732 est
509 1683 575 1734 ad
623 1681 811 1735 Deum.
861 1679 1052 1736 Simile
1084 1691 1166 1736 est
1199 1682 1299 1738 hoc
1336 1683 1408 1737 illi
1449 1685 1591 1755 quod
1627 1686 1677 1738 in

121 1769 233 1823 aliis
259 1771 374 1840 ipse
401 1771 531 1825 dicit
565 1785 580 1824 :
612 1771 717 1837 Qui
746 1783 921 1826 autem
943 1774 1222 1843 gloriatur,
1248 1773 1302 1828 in
1325 1773 1552 1829 Domino
1568 1775 1676 1845 glo.

125 1862 368 1917 rietnr”.
421 1864 704 1931 Quomodo
750 1875 936 1919 autem
981 1865 1263 1935 culpabilis
1311 1873 1384 1921 sit
1431 1867 1682 1935 gloriatio

120 1954 282 2010 omnis
309 1970 434 2025 quae
461 1968 614 2010 extra
647 1957 929 2012 Christum
961 1967 1075 2024 est,
1109 1957 1259 2012 verbi
1293 1973 1476 2022 causa,
1521 1959 1571 2012 in
1600 1960 1682 2012 di.

121 2045 288 2109 vitiis,
345 2047 437 2101 vel
494 2049 796 2104 honoribus
849 2050 1032 2105 saeculi
1087 2050 1241 2122 (50),
1285 2051 1368 2106 vel
1419 2051 1682 2120 sapientia

120 2139 328 2206 mundi,
372 2140 458 2195 vel
513 2143 733 2196 caeteris
775 2143 983 2197 artibus
1039 2159 1160 2214 quae
1205 2153 1359 2197 extra
1405 2144 1681 2199 Christum

117 2239 256 2298 sunt,
284 2247 450 2300 supra
492 2231 606 2302 jam
641 2234 802 2290 latius
833 2235 1190 2291 disseruimus
1225 2236 1360 2308 (51).
1391 2236 1683 2292 Sciendum

121 2337 240 2376 sane
278 2334 365 2379 est
400 2326 548 2394 quod
592 2327 679 2381 hic
721 2327 902 2382 Latini
945 2329 1173 2398 gloriam
1213 2329 1326 2400 (52)
1361 2345 1457 2400 pro
1485 2330 1687 2397 gloria-

123 2415 260 2469 tione
301 2429 638 2484 posuerunt.
683 2419 810 2474 Non
848 2421 1009 2489 enim,
1039 2422 1234 2492 inqttit,
1276 2423 1446 2477 audeo
1483 2423 1686 2495 aliquid

121 2508 262 2578 loqui
293 2527 479 2564 eorum
509 2529 626 2582 qua:
660 2530 752 2583 per
787 2530 868 2567 me
902 2531 1005 2568 non
1032 2515 1178 2585 eﬂicit
1212 2513 1452 2570 Christus
1482 2517 1536 2570 in
1565 2517 1687 2571 obe—

119 2600 371 2655 dientiam
400 2606 658 2674 gentium,
693 2606 846 2659 verbo
879 2615 925 2659 et
960 2607 1136 2676 factis,
1167 2623 1260 2673 per
1288 2616 1594 2675 potestatem
1622 2609 1689 2662 si-

118 2708 329 2758 gnorum
365 2705 414 2749 et
440 2698 802 2766 prodigiorum
829 2698 882 2750 in
921 2697 1112 2750 virtute
1151 2695 1380 2761 Spiritus
1406 2697 1520 2751 Dei.
1558 2697 1688 2764 Quae

120 2779 321 2848 loquor,
355 2785 565 2854 inquit,
613 2800 723 2839 non
764 2795 891 2840 sunt
923 2785 1085 2838 alieni
1135 2789 1316 2854 operis
1344 2787 1541 2852 verba,
1586 2802 1687 2842 nec

117 2873 410 2930 alienorum
445 2888 723 2948 gestorum
754 2879 1004 2933 laudator
1026 2879 1261 2945 ellicior;
1295 2880 1390 2934 sed
1419 2897 1538 2950 quae
1573 2881 1690 2936 scio

116 2961 391 3021 Christum
427 2983 523 3037 per
556 2983 643 3024 me
677 2967 951 3036 etlecisse,
992 2971 1107 3025 haec
1135 2972 1292 3025 vobis
1319 2972 1536 3037 scribo,
1569 2987 1689 3044 quae

1781 473 2004 528 dederat
2033 475 2170 528 Deus
2202 481 2528 543 potestatem
2557 471 2831 542 signorum
2868 478 2923 524 et
2955 469 3353 538 prodigiorum,

1781 567 1923 621 sicut
1959 567 2220 636 scriptum
2253 575 2336 622 est
2355 563 2403 598 "’
2434 582 2449 620 :
2483 563 2667 619 Posuit
2691 564 2746 618 in
2791 564 2864 616 eis
2890 565 3042 616 verba
3079 564 3352 631 signorum

1780 669 1827 716 et
1867 661 2229 730 prodigiorum
2258 661 2312 714 in
2352 667 2493 713 terra
2518 657 2700 718 Cham,
2732 666 2792 710 ιιι
2827 656 2966 711 filios
2993 653 3162 709 Israel
3187 653 3353 708 casti-

1781 761 1908 824 gata
1946 751 2181 822 Egypto
2209 753 2547 807 liberarent:
2582 751 2676 806 sed
2714 749 2789 803 illi
2816 749 2904 803 vix
2935 763 3237 818 rarumque
3259 763 3354 817 po-

1784 855 2000 900 tuerunt
2026 846 2138 915 (55)
2161 862 2227 900 ex
2255 845 2629 916 Egyptiorum
2662 851 2821 913 gente
2844 851 3188 897 convertere.
3213 839 3354 893 Pau-

1781 937 1898 1002 lus,
1945 949 2168 1007 acvepta
2220 948 2489 1006 potestate
2545 936 2824 1006 signorum
2875 943 2930 988 et
2979 933 3348 1004 prodigiorum

1783 1047 1888 1085 non
1926 1047 2087 1085 unam
2114 1040 2351 1102 gentem,
2382 1043 2554 1100 neque
2581 1030 2718 1083 duos
2733 1037 2826 1081 aut
2851 1039 2958 1081 tres
2973 1025 3196 1096 populos
3215 1023 3352 1096 (56),

1781 1128 1876 1182 sed
1919 1142 2112 1182 omnes
2143 1126 2212 1181 ab
2235 1123 2541 1180 Jerusalem
2576 1136 2750 1192 usque
2778 1119 2845 1175 ad
2874 1120 3148 1191 Illyricum
3177 1119 3354 1173 natio-

1783 1235 1878 1273 nes
1920 1234 1985 1272 ac
2016 1217 2242 1288 populos
2278 1217 2662 1287 praedicatione
2694 1212 2847 1268 verbi
2893 1223 2949 1266 et
2985 1226 3211 1280 operum
3241 1210 3356 1263 vir-

1784 1321 2069 1382 tutumque
2101 1311 2346 1381 potentia
2392 1309 2460 1364 ad
2493 1309 2701 1364 Christi
2733 1316 3080 1362 sacramenta
3122 1319 3358 1360 conver-

1784 1405 1850 1459 tit
1877 1403 2014 1474 (57).
2063 1403 2154 1458 Sic
2195 1411 2380 1457 autem
2409 1401 2724 1470 praedicavit
2760 1401 2866 1455 hoc
2891 1397 3264 1469 Evangelium,
3296 1405 3354 1450 ιιι

1783 1511 1890 1551 non
1943 1495 2136 1551 alienis
2183 1495 2491 1558 laboribus,
2529 1508 2708 1562 neque
2747 1492 2940 1548 alienae
2982 1489 3356 1563 praedicationi

1782 1590 2208 1646 additamentum
2237 1589 2351 1644 suis
2377 1587 2718 1644 sermonibus
2742 1587 3028 1650 insereret,
3055 1599 3124 1639 ne
3157 1584 3223 1638 ab
3251 1581 3359 1636 alio

1783 1682 1976 1752 positis
2024 1681 2145 1736 lidei
2188 1681 2554 1736 fundamentis
2610 1680 2728 1749 ipse
2775 1677 3069 1733 aedilicium
3121 1675 3353 1746 propriae

1785 1774 2191 1844 praedicationis
2230 1773 2556 1842 imponeret,
2585 1779 2641 1827 et
2679 1770 2841 1824 alieni
2871 1770 3052 1840 operis
3076 1768 3358 1835 subripere

1785 1866 2012 1935 gloriam
2041 1867 2338 1920 videretur.
2380 1862 2731 1918 Observanda
2763 1859 2880 1915 haec
2929 1869 3054 1915 sunt
3088 1858 3358 1914 Ecclesia-

1786 1973 1904 2011 rum
1929 1957 2232 2012 rectoribus
2251 1956 2386 2026 (58),
2406 1967 2462 2009 et
2477 1953 2717 2026 diligenti
2747 1953 3046 2007 intentione
3065 1949 3354 2013 servanda,

1789 2060 1848 2104 ut
1882 2064 2060 2120 neque
2106 2049 2252 2119 loqui
2303 2049 2505 2118 aliquid
2551 2049 2838 2103 videantur
2868 2062 3058 2103 eorum
3099 2059 3220 2116 quae
3264 2059 3360 2112 per

1788 2144 1934 2211 ipsos
1965 2158 2071 2196 non
2102 2140 2346 2196 ellecerit
2372 2141 2644 2206 Christus,
2675 2153 2852 2210 neque
2895 2139 3105 2192 alienos
3136 2137 3356 2190 labores

1785 2247 1841 2288 et
1871 2234 2048 2290 studia
2079 2234 2414 2291 decolorent.
2456 2232 2728 2301 Loquitur
2774 2240 2954 2286 autem
2988 2229 3108 2299 quis
3141 2244 3206 2284 ea
3235 2243 3355 2298 quae

1788 2343 1886 2398 per
1913 2343 1974 2383 se
2006 2342 2113 2381 non
2145 2326 2315 2382 ellicit
2355 2323 2607 2380 Christus
2638 2325 2742 2379 Itoc
2778 2324 2976 2389 modo;
3011 2323 3058 2377 si
3109 2322 3362 2391 loquatur

1789 2421 1855 2474 de
1883 2418 2218 2475 continentia
2249 2426 2305 2471 et
2337 2416 2571 2480 doceat,
2608 2430 2730 2469 cum
2781 2415 2892 2484 ipse
2931 2413 3221 2468 continens
3252 2426 3357 2465 non

1789 2511 1894 2576 sit;
1924 2509 2010 2565 vel
2057 2510 2103 2565 si
2140 2509 2396 2578 loquatur
2426 2508 2491 2561 de
2523 2506 2856 2569 sobrietate,
2887 2505 2972 2560 vel
3005 2506 3074 2560 de
3099 2505 3311 2572 iustitia
3343 2543 3359 2568 ,

1792 2605 1876 2659 vel
1908 2603 1976 2659 de
2008 2601 2307 2673 largiendis
2337 2602 2531 2672 opibus
2553 2641 2568 2667 ,
2610 2611 2666 2654 et
2694 2599 3100 2655 contemnendis
3132 2596 3360 2653 faculta-

1793 2699 1936 2751 tibus
1963 2709 2062 2766 pro
2092 2708 2260 2764 regno
2285 2693 2402 2760 Dei,
2433 2702 2488 2746 et
2514 2692 2567 2746 in
2605 2692 2723 2761 ipso
2761 2692 2850 2760 qui
2877 2692 2996 2746 haec
3018 2689 3199 2755 docet,
3224 2689 3358 2743 nihil

1793 2793 1986 2845 horum
2014 2787 2258 2843 effecerit
2286 2787 2399 2857 (59)
2435 2785 2702 2840 Christus.
2738 2785 2803 2840 Et
2835 2786 2958 2840 ideo
3003 2785 3232 2840 formam
3276 2784 3361 2838 sui

1789 2879 2082 2950 Apostolus
2115 2879 2284 2949 ponit,
2318 2887 2374 2931 et
2409 2877 2542 2932 dicit
2567 2891 2630 2930 ea
2665 2892 2723 2931 se
2757 2877 2940 2946 loqui,
2971 2885 3026 2930 et
3057 2890 3116 2930 ea
3152 2875 3363 2930 caeteris

1791 2973 2112 3046 praedicare.
2149 2986 2270 3041 quae
2298 2985 2393 3041 per
2419 2971 2594 3038 ipsum
2620 2967 2875 3024 Christus
2910 2969 3064 3039 prius
3105 2968 3364 3038 impleve-

120 3072 214 3126 per
240 3061 605 3117 obedientiam
635 3064 875 3134 gentium
912 3067 1080 3121 verbo
1122 3067 1176 3120 in
1209 3081 1296 3121 me
1321 3075 1375 3121 et
1404 3083 1566 3138 opere
1591 3086 1686 3124 ex-
1712 3077 1760 3141 ο
1789 3069 1879 3123 rit.
1918 3065 2022 3121 Sed
2059 3065 2192 3118 sicut
2233 3065 2489 3132 scriptum
2517 3071 2630 3128 est,
2663 3061 2877 3131 inquit,
2919 3061 3123 3128 Quibus
3150 3075 3255 3114 non
3285 3068 3364 3114 est

119 3149 296 3218 plevit,
322 3155 493 3209 verbo
521 3156 947 3224 praedicationis,
976 3172 1138 3224 opere
1162 3158 1444 3228 signorum
1476 3170 1531 3215 et
1557 3176 1686 3231 pro-

119 3243 400 3312 digiorum.
444 3246 576 3314 Quae
608 3259 787 3304 autem
824 3252 896 3304 sit
929 3250 1234 3306 diﬂ‘ereutia
1284 3252 1428 3308 inter
1451 3255 1601 3323 signa
1632 3267 1690 3311 et

119 3340 356 3406 prodigia
379 3379 396 3406 ,
435 3351 491 3396 et
523 3343 577 3395 in
602 3341 724 3395 aliis
746 3344 856 3412 jam
888 3343 1050 3400 latius
1085 3345 1322 3400 diximus
1353 3345 1504 3417 (55),
1545 3357 1600 3402 et
1635 3348 1686 3402 in

127 3435 372 3498 praesenti
422 3434 544 3487 loco
576 3436 1018 3502 compendiosius
1061 3437 1480 3505 explicabimus.
1524 3439 1686 3508 Signa

122 3524 486 3594 appellantur,
519 3525 570 3577 in
606 3527 804 3594 quibus
824 3543 946 3581 cum
975 3529 1050 3582 sit
1071 3529 1276 3599 aliquid
1318 3529 1587 3596 mirabile,
1614 3532 1691 3584 in-

119 3615 322 3671 dicatur
359 3631 575 3685 quoque
612 3618 816 3686 aliquid
863 3617 1138 3685 futurum;
1179 3621 1423 3690 prodigia
1454 3637 1601 3689 vero,
1633 3624 1687 3676 in

119 3707 305 3771 quibus
365 3710 751 3765 tantummodo
804 3711 1055 3766 mirabile
1103 3712 1312 3782 aliquid
1360 3714 1683 3768 ostenditur.

122 3795 275 3868 Signa
318 3813 453 3855 vero
495 3798 609 3868 (54)
653 3808 708 3853 et
759 3799 1002 3869 prodigia
1051 3800 1204 3868 quasi
1239 3815 1362 3869 quae
1401 3812 1689 3870 utrumque

118 3892 432 3948 contineant
469 3892 630 3945 dixit.
672 3890 953 3961 Scriptura
987 3901 1166 3945 tamen
1201 3892 1389 3946 divina
1418 3893 1688 3948 interdum

117 3988 256 4039 tenet
299 3987 434 4040 istas
469 3986 873 4056 proprietates,
917 3985 1188 4039 interdum
1235 3995 1415 4040 autem
1464 3986 1690 4042 abusive

117 4085 165 4126 et
190 4077 434 4148 prodigia
470 4093 567 4146 pro
598 4078 788 4146 signis,
823 4085 880 4131 et
907 4076 1060 4146 signa
1095 4090 1191 4146 pro
1219 4077 1484 4148 prodigiis
1509 4078 1687 4146 ponit.

119 4163 311 4225 Paulus
351 4185 480 4240 ergo
523 4185 617 4240 per
646 4178 972 4239 potestatem
1015 4171 1293 4239 signorum
1331 4176 1386 4222 et
1419 4171 1691 4238 prodigio-

120 4273 254 4329 rum,
287 4279 408 4334 quae
447 4273 624 4317 tamen
657 4263 808 4329 signa
839 4273 892 4317 et
941 4263 1190 4332 prodigia
1239 4263 1293 4316 in
1327 4262 1529 4316 virtute
1567 4263 1692 4332 Spi-

118 4352 246 4410 ritus
287 4357 460 4410 sancti
511 4355 782 4423 faciebat,
822 4357 891 4411 ab
923 4355 1223 4412 Jerusalem
1263 4371 1436 4426 usque
1462 4359 1527 4412 ad
1560 4357 1688 4429 illy-

850 4481 896 4512 ’³
931 4479 1104 4602 lCor.
1138 4480 1294 4544 t,5l.

187 4479 231 4511 “
259 4479 416 4535 Rom.
445 4495 538 4547 xv,
567 4481 634 4535 l7
661 4497 777 4550 seq.

1789 3158 2166 3213 annuntiatum
2192 3156 2257 3210 de
2287 3171 2377 3221 eo,
2409 3153 2686 3220 uidebunt,
2716 3162 2766 3207 et
2797 3153 2888 3222 qui
2919 3170 3023 3207 non
3049 3151 3359 3218 audierunt,

1787 3250 2100 3319 intelligent.
2137 3245 2466 3303 Observavit
2495 3258 2626 3316 ergo
2651 3245 2940 3316 diligenter
2964 3243 3281 3314 Apostolus,
3308 3251 3370 3296 ut

1787 3339 2082 3395 secundum
2141 3336 2516 3408 propheticum
2582 3334 2862 3405 eloquium
2919 3333 3025 3389 illis
3081 3333 3364 3388 nuntiaret

1788 3432 2062 3486 Christum
2086 3471 2104 3495 ,
2133 3430 2331 3500 quibus
2373 3446 2402 3482 a
2439 3427 2585 3482 nullo
2627 3426 2811 3481 fuerat
2858 3428 3134 3482 nuntiatus
3159 3467 3174 3492 ,
3218 3435 3274 3480 et
3310 3433 3367 3479 ut

1791 3525 1866 3580 illi
1899 3526 1966 3579 de
1993 3539 2058 3580 eo
2088 3523 2474 3592 intelligerent,
2504 3523 2596 3591 qui
2630 3538 2660 3576 a
2688 3521 2837 3576 nullo
2871 3531 3000 3574 ante
3025 3521 3362 3575 didicissent.

1789 3617 1857 3672 Et
1900 3619 2024 3680 ista,
2055 3627 2114 3670 ut
2145 3616 2360 3686 opinor,
2387 3629 2557 3669 causa
2595 3615 2720 3681 fuit,
2746 3627 2867 3683 quae
2897 3627 3020 3667 eum
3051 3613 3368 3682 frequenter

1791 3721 2194 3781 proponenlem
2237 3708 2464 3762 Romam
2501 3721 2725 3777 pergere
2757 3706 3095 3778 prohibebat,
3119 3707 3260 3760 sicut
3289 3705 3371 3760 di-

1791 3807 1859 3858 cit
1890 3822 1906 3858 :
1943 3801 2172 3873 PrOpter
2211 3801 2349 3872 quod
2384 3800 2710 3870 impediebar
2752 3799 3040 3869 plurimum
3091 3800 3263 3854 venire
3300 3799 3369 3852 ad

1791 3913 1878 3951 vos
1911 3895 2059 3966 (60);
2092 3910 2198 3950 non
2224 3934 2240 3960 ,
2270 3904 2330 3948 ut
2358 3893 2409 3946 in
2441 3892 2560 3947 aliis
2609 3892 2740 3947 dicit
2762 3893 2828 3956 ”,
2866 3892 3156 3962 impeditus
3200 3908 3229 3945 a
3265 3891 3368 3946 Sa--

1795 3999 1942 4055 tana,
1963 3989 2057 4044 sed
2101 3986 2362 4042 fundandi
2398 3985 2674 4040 Ecclesias
2707 3986 3067 4055 occupatione
3095 3986 3371 4048 detentus,

1790 4092 1844 4137 et
1881 4082 1934 4136 in
1963 4082 2047 4135 his
2077 4081 2211 4136 locis
2246 4081 2531 4148 lundandi,
2563 4080 2654 4134 ubi
2684 4077 2887 4133 nullum
2917 4077 3043 4132 fidei
3071 4091 3369 4147 praecesse-

1792 4183 1878 4228 rat
1910 4171 2338 4228 fundamentum.
2389 4172 2707 4242 Exemplum
2743 4181 2927 4228 autem
2961 4171 3027 4226 de
3053 4168 3192 4225 Isaia
3221 4183 3374 4224 sum-

1791 4277 1942 4338 ptum
1984 4278 2070 4322 est
2117 4268 2186 4333 ",
2229 4277 2285 4323 et
2342 4269 2534 4323 iisdem
2578 4282 2645 4322 ex
2694 4267 2908 4338 integro
2951 4263 3137 4320 verbis
3174 4262 3375 4334 quibus

1793 4361 1932 4432 apud
1963 4360 2284 4432 prophetam
2316 4361 2535 4432 legitur,
2567 4361 2821 4430 positum.

1367 4479 1412 4512 "’
1439 4479 1584 4536 Psal.
1624 4497 1733 4549 etv,
1773 4483 1862 4536 27.
1941 4483 2038 4537 "l
2077 4483 2269 4538 Thess.
2291 4483 2442 4546 u,l8.
2520 4481 2564 4511 ’⁸
2593 4481 2695 4535 lsa.
2730 4497 2825 4547 ιιι,
2859 4478 2946 4533 15.

189 4619 302 4693 (49)
345 4621 410 4675 1η
455 4623 804 4676 obedientiam
849 4623 1079 4692 gentium
1119 4622 1272 4675 verbo
1304 4630 1352 4674 et
1406 4621 1563 4688 factis
1604 4639 1696 4690 per
1730 4631 1770 4684 Ι)
1803 4626 1890 4677 ubi
1931 4625 2230 4677 nominatus
2261 4633 2334 4675 est
2377 4620 2656 4685 Christus,
2694 4639 2758 4676 ne
2783 4637 2940 4688 super
2984 4619 3215 4674 alienum
3240 4619 3374 4693 fun-

125 4701 428 4753 potestatem
457 4694 728 4762 signorum
758 4703 806 4746 et
837 4694 1221 4761 prodigiorum,
1244 4701 1378 4754 etc.,
1405 4706 1575 4759 usque
1602 4693 1693 4752 ad,

123 4768 168 4809 et
189 4765 275 4830 qui
301 4779 404 4816 non
446 4765 746 4822 audierunt,
776 4763 1088 4832 intelligent,
1119 4776 1381 4830 nusquam
1412 4763 1695 4831 reperiun-

129 4839 208 4881 tur
239 4833 289 4885 in
321 4835 503 4900 editis,
537 4837 630 4888 sed
663 4834 1022 4888 restituuntur
1045 4847 1111 4885 ex
1142 4848 1272 4886 mss.

191 4901 301 4971 (50)
340 4905 506 4969 Editi,
535 4915 582 4957 et
614 4905 902 4956 honoribus
930 4903 1091 4972 hujus
1121 4903 1321 4958 saeculi.

189 4973 300 5041 (51)
331 4974 467 5030 Vide
493 4989 681 5040 supra,
710 4975 803 5028 lib.
840 4990 916 5040 tv,
947 4990 1095 5028 nunt.
1125 4973 1179 5027 9.

193 5043 301 5114 (52)
329 5044 498 5114 Editi,
525 5047 716 5114 gloria.

215 5114 302 5183 55)
324 5113 456 5169 Vide
489 5112 618 5169 tom.
660 5130 779 5179 xm,
825 5115 879 5167 in
907 5112 1089 5177 Joan.,
1122 5130 1271 5169 num.
1304 5113 1394 5169 60.

213 5184 302 5256 54)
339 5185 600 5256 Rabanus
621 5226 636 5251 ,
668 5192 818 5256 signa
860 5201 982 5252 ergo
1003 5226 1016 5245 ,
1049 5195 1156 5238 etc.
1190 5185 1357 5239 Paulo
1389 5195 1509 5256 post
1555 5202 1688 5241 mss.

127 5255 358 5319 quidam,
387 5255 593 5309 Paulus
619 5268 794 5310 autem
827 5271 918 5324 per
945 5265 1275 5323 potestatem,
1309 5255 1418 5310 etc.

193 5325 302 5396 (55)
334 5326 515 5390 Editi,
550 5329 639 5379 sed
679 5328 758 5379 illi
802 5328 889 5380 vix
918 5341 1200 5392 rarumque
1245 5327 1473 5396 aliquem
1516 5340 1696 5396 potue-

130 5395 287 5459 runt,
333 5407 436 5452 etc.
485 5398 582 5451 Ms.
633 5395 835 5467 Regius
861 5411 1010 5451 num.
1042 5396 1178 5451 1659
1204 5438 1219 5460 ,
1251 5395 1341 5452 sed
1372 5399 1452 5451 illi
1482 5395 1569 5452 vis:
1604 5416 1696 5451 ra-

128 5476 237 5518 rnm
277 5484 532 5538 quemque
573 5466 878 5534 potuerunt,
903 5479 1010 5521 etc.
1037 5466 1234 5523 Caalcri
1266 5485 1397 5524 mss.
1435 5480 1489 5524 et
1519 5470 1699 5524 Raba-

129 5545 222 5587 ttus
249 5548 304 5590 ιιι
333 5540 384 5592 in
423 5550 594 5593 textu.

193 5604 306 5680 (55)
340 5609 504 5680 Editi,
535 5618 630 5662 aut
656 5610 789 5663 duos
817 5618 908 5662 aut
943 5618 1047 5664 tres
1069 5609 1312 5680 papulas.

201 5675 310 5749 (57⁷)
339 5678 478 5734 Editi
506 5689 626 5750 post
664 5681 778 5733 haec
806 5683 967 5734 verba
994 5720 1010 5744 ,
1043 5675 1372 5750 sacramenta
1398 5681 1648 5736 convertit
1679 5721 1695 5744 ,

126 5745 325 5804 addunt
355 5768 370 5806 :
406 5745 705 5806 Sic'asttem
750 5751 1034 5820 pra'dicavi
1075 5748 1422 5822 Erangelium
1451 5754 1550 5808 hoc
1592 5769 1696 5807 nou

1800 4696 2102 4748 damentum
2143 4693 2462 4761 aediﬁcarent
2488 4731 2504 4756 ,
2538 4693 2672 4744 sicut
2713 4696 2968 4760 scriptum
2998 4702 3070 4742 est
3093 4707 3126 4761 ,ﬂ
3159 4691 3251 4744 sed
3287 4691 3375 4745 hic

1799 4765 2044 4833 Apostoli
2093 4760 2383 4818 contextus
2419 4765 2471 4817 in
2521 4778 2651 4816 mss.
2696 4764 2896 4818 nostris
2940 4760 3218 4816 codicibus
3265 4779 3371 4816 non

1800 4848 2092 4904 reperitur.

1872 4906 1984 4977 (58)
2038 4905 2127 4962 Sic
2166 4917 2356 4977 omnes
2403 4919 2541 4977 mss.
2591 4913 2646 4960 et
2697 4904 2977 4960 Babanus.
3009 4901 3153 4957 Editi
3199 4917 3373 4968 vero,

1799 4975 2161 5048 Ecclesiurum
2182 4975 2511 5048 principibus
2534 4985 2579 5048 et
2613 4977 2929 5048 rectoribus,
2945 4985 3052 5048 etc.

1869 5048 1983 5118 (59)
2018 5043 2192 5112 Editi,
2215 5060 2263 5102 et
2288 5048 2396 5112 ipse
2425 5046 2513 5114 qui
2535 5047 2682 5118 docet
2715 5051 2847 5112 haec,
2877 5045 3006 5098 nihil
3032 5049 3221 5118 horum
3248 5043 3370 5111 e/7'e-

1797 5116 2184 5173 cerit.'Deinde
2215 5134 2317 5173 ms.
2352 5131 2516 5180 unus,
2542 5128 2587 5169 et
2627 5116 2742 5170 ideo
2776 5119 3004 5184 formam
3034 5116 3117 5168 sui
3158 5125 3375 5178 aposto-

1797 5190 1939 5242 latus
1973 5191 2118 5256 ponit
2144 5231 2159 5256 ,
2186 5200 2294 5245 etc.
2325 5184 2434 5240 Sed
2465 5188 2645 5242 caeteri
2679 5203 2832 5253 tnss.,
2865 5185 3119 5241 Rabanus
3152 5195 3208 5237 et
3239 5185 3370 5238 editi

1800 5269 1859 5313 ut
1885 5261 1937 5313 in
1977 5269 2143 5313 textu.

1875 5330 1989 5398 (60)
2030 5330 2169 5384 Editi
2198 5338 2317 5399 post
2351 5330 2468 5384 hanc
2491 5327 2679 5392 verba,
2715 5325 2937 5396 Propter
2959 5324 3098 5399 quod
3115 5325 3377 5399 impedie—

1803 5396 1899 5452 bar
1914 5396 2209 5467 plurimum
2222 5403 2394 5455 venire
2424 5399 2492 5452 ad
2511 5416 2618 5460 vos,
2637 5399 2857 5461 addunt,
2876 5409 2921 5449 et
2950 5396 3243 5462 prohibitus
3258 5411 3375 5448 sum

1801 5487 1964 5536 usque
2007 5471 2199 5529 adhuc.
2251 5470 2356 5526 Sed
2407 5471 2521 5524 haec
2576 5469 2876 5538 posteriora
2916 5467 3169 5538 iApostoli
3211 5467 3372 5519 verba

1801 5556 1980 5609 neque
2013 5542 2063 5595 in
2095 5558 2222 5597 mss.
2268 5540 2493 5600 "Osiris,
2531 5537 2705 5609 neque
2737 5539 2878 5609 apud
2913 5537 3194 5609 Rabattum
3223 5551 3377 5589 com-

1800 5605 2030 5681 parent,
2079 5623 2135 5668 et
2180 5613 2377 5667 desunt
2422 5611 2586 5666 etiam
2615 5605 2693 5666 Ὶιι
2721 5677 2724 5680 ,
2753 5605 3027 5680 plerisque
3076 5605 3376 5678 Scriptura:

1801 5684 2205 5754 exemplaribus
2239 5681 2465 5738 Graecis.
