3744 6146
354 217 485 272 1271

1812 223 1968 283 ORIG
1977 224 2125 282 EMS

3448 232 3604 287 127?.

421 341 510 397 l5.
551 340 710 396 Nunc
733 340 870 397 ‘vero
906 341 1129 398 ulterius
1179 344 1350 400 locum
1389 363 1493 402 non
1528 349 1722 403 habens
1748 351 1803 403 in
1834 350 1916 403 his
1944 354 1992 409 Α
2021 360 2224 403 tantum
2250 357 2427 404 autem
2459 365 2583 423 erga
2611 366 2669 407 se
2704 352 3071 408 Romanorum
3105 354 3273 408 nutrit
3307 355 3598 421 aﬂ’ectum,

356 434 672 503 regionibus,
703 434 1022 489 desiderium
1063 444 1238 489 autem
1275 439 1467 493 habens
1503 441 1675 495 venire
1718 443 1786 494 ad
1828 459 1916 497 vos

352 526 545 595 fumea:
569 527 746 580 multis
768 528 1175 594 pra'cedentibus
1197 532 1370 596 annis,
1385 547 1501 585 cum
1526 533 1582 586 in
1606 532 1917 602 Hispaniam

351 619 683 688 proﬁciscar,
726 636 874 689 spero
913 622 1053 690 quod
1086 625 1515 691 praztergrediens
1548 626 1749 680 videam
1793 644 1881 681 vos
1902 668 1917 693 ,

354 722 404 767 et
435 729 467 765 a
487 712 625 765 vobis
668 712 902 765 deducor
941 711 1091 777 illuc,
1120 730 1237 767 cum
1269 717 1438 784 primo
1452 732 1519 771 ea:
1538 725 1685 786 parte
1723 717 1919 788 fruitus

353 803 506 871 [uero
529 801 670 855 vobis
698 803 763 854 ’⁷.
799 800 1029 857 Videtur
1054 803 1170 858 haec
1199 788 1251 857 in
1281 805 1484 860 Achaia
1504 808 1712 874 positus
1740 809 1920 864 dicere

354 892 495 959 apud
526 891 873 956 Corinthum,
902 892 1048 947 sicut
1074 901 1128 946 et
1154 892 1207 946 in
1238 895 1426 962 primis
1455 895 1707 966 Epistola:
1746 900 1919 969 parti-

353 983 455 1038 bus
498 983 612 1050 iam
657 998 758 1054 pro
808 985 1014 1041 viribus
1058 985 1548 1046 demonstravimus
1594 991 1755 1061 (6!):
1800 1007 1920 1061 qum

352 1075 543 1146 utique
572 1078 776 1133 Achaia
812 1078 988 1134 vicina
1030 1087 1085 1133 et
1123 1081 1405 1137 cohaerens
1452 1095 1537 1138 est
1565 1085 1915 1141 Macedoniae.

352 1169 413 1225 In
440 1173 636 1241 quibus
662 1171 798 1227 locis
830 1174 1066 1243 degens,
1095 1190 1217 1229 cum
1263 1177 1471 1246 singula
1523 1193 1750 1247 quaeque
1795 1195 1920 1248 per-

349 1274 598 1334 agrasset
619 1265 970 1338 Evangelium
997 1269 1300 1337 praedicans
1328 1270 1382 1325 in
1411 1271 1493 1326 his
1521 1273 1778 1326 duntaxat
1803 1273 1922 1328 lini-

354 1358 454 1411 hus
496 1358 549 1411 in
596 1359 792 1427 quibus
832 1358 1084 1415 Christus
1119 1371 1242 1416 ante
1279 1377 1385 1416 non
1429 1362 1608 1416 fuerat
1652 1366 1919 1432 praedica-

355 1458 442 1503 tus
472 1448 611 1520 (62),
636 1460 690 1504 et
727 1452 1001 1522 agnitione
1034 1452 1128 1507 Dei
1180 1453 1440 1522 replesset
1482 1455 1757 1519 universa,
1793 1456 1922 1510 dicit

355 1540 579 1595 ulterius
622 1556 681 1597 se
728 1543 904 1598 locum
951 1560 1055 1598 non
1108 1544 1309 1600 habere
1355 1547 1408 1600 in
1449 1546 1537 1601 his
1585 1548 1915 1616 regionibus,

355 1634 458 1688 hoc
486 1644 591 1699 est,
615 1634 789 1689 locum
830 1636 1039 1691 nullum
1076 1638 1244 1709 678
1267 1639 1369 1692 sibi
1401 1653 1684 1708 superesse
1717 1639 1918 1695 Christi

2019 450 2074 495 et
2103 443 2518 497 remorationem
2547 458 2699 498 suam
2733 445 2785 497 in
2812 444 3052 514 ipsorum
3085 447 3308 501 arbitrio
3332 447 3597 511 collocat,

2018 541 2076 586 ut
2107 532 2251 586 dicat
2276 548 2334 589 se
2373 534 2443 589 ab
2471 535 2603 603 ipsis
2631 535 3000 591 deducendum
3044 538 3108 590 ad
3140 538 3462 609 Hispaniam
3494 581 3512 603 ,
3539 548 3597 593 et

2021 634 2147 680 tunc
2178 625 2546 680 deducendum
2573 666 2590 693 ,
2616 642 2741 681 cum
2771 628 2905 698 ipsis
2926 630 3075 697 prius
3105 631 3157 682 in
3199 644 3386 684 amore
3427 632 3590 684 satis-

2021 716 2209 770 fecerit
2249 733 2265 770 :
2312 716 2368 770 in
2414 732 2519 786 quo
2581 719 2763 786 utique
2813 720 2858 773 si
2908 722 3288 790 propensiores
3359 723 3597 776 exstite—

2021 808 2164 874 rint,
2212 808 2529 864 demorandi
2573 810 2773 865 diutius
2816 826 3012 867 causas
3054 812 3156 882 ipsi
3196 814 3455 883 Apostolo
3486 813 3594 867 da—

2016 900 2170 954 bunL

2090 993 2178 1047 M.
2211 990 2367 1046 Nunc
2389 1010 2509 1047 vero
2536 994 2845 1062 proﬁciscar
2872 995 2926 1047 in
2949 993 3245 1049 Jerusalem
3274 996 3597 1048 ministrare

2020 1084 2238 1138 sanctis.
2266 1081 2478 1137 Placuit
2514 1086 2651 1136 enim
2682 1084 3009 1139 Macedonia:
3033 1095 3079 1138 et
3103 1086 3315 1138 Achaim
3343 1086 3455 1154 (68)
3488 1088 3599 1138 col-

2020 1175 2266 1230 lationem
2305 1178 2545 1244 aliquam
2581 1176 2753 1245 facere
2784 1178 2837 1230 in
2881 1192 3132 1244 pauperes
3164 1188 3465 1229 sanctorum
3501 1180 3597 1247 qui

2020 1276 2144 1317 sunt
2179 1267 2234 1316 in
2280 1263 2602 1318 Jerusalem.
2644 1264 2976 1336 Complacuit
3021 1266 3195 1329 enim,
3236 1274 3287 1318 et
3329 1267 3597 1320 debitores

2019 1365 2140 1408 sunt
2183 1370 2363 1407 eorum
2411 1354 2524 1427 (69)
2573 1370 2587 1407 :
2629 1356 2884 1421 quoniam
2921 1357 2965 1407 si
2998 1355 3360 1424 spiritualium
3410 1374 3594 1410 eorum

2020 1448 2300 1515 participes
2327 1448 2484 1515 [actm
2511 1454 2637 1498 sunt
2672 1457 2867 1515 gentes,
2896 1446 3079 1498 debent
3116 1454 3167 1498 et
3191 1448 3247 1498 in
3284 1446 3593 1499 carnalibus

2021 1540 2325 1592 ministrare
2360 1540 2454 1590 eis.
2486 1536 2601 1589 [loc
2636 1553 2757 1605 ergo
2796 1554 2911 1589 cum
2944 1544 3399 1601 consummavero,
3428 1547 3476 1588 et
3510 1554 3597 1588 as-

2021 1632 2296 1701 signavero
2339 1630 2412 1683 eis
2449 1630 2683 1697 fructum
2717 1629 2857 1682 hunc
2883 1669 2899 1693 ,
2935 1629 3244 1697 proﬁciscar
3287 1645 3382 1699 per
3411 1646 3499 1683 vos
3537 1631 3597 1681 in

352 1727 753 1795 praedicationis
778 1744 1029 1794 vacuum,
1061 1740 1115 1783 et
1147 1742 1358 1799 tempus
1400 1730 1513 1798 jam
1546 1732 1737 1787 adesse
1772 1733 1906 1787 desi-

2051 1722 2359 1790 lispaniam.
2406 1720 2531 1776 Scio
2574 1722 2713 1774 enim
2746 1725 2999 1789 quoniam
3032 1722 3239 1773 veniens
3269 1722 3339 1771 ad
3369 1737 3489 1783 vos,
3535 1722 3592 1771 in

355 1824 486 1880 gnat
527 1830 637 1884 quo
668 1817 997 1872 desiderium
1035 1834 1189 1874 suum
1225 1821 1438 1876 videndi
1480 1837 1575 1877 eos
1605 1824 1695 1892 qui
1733 1822 1918 1879 Rouue

355 1913 482 1959 sunt
510 1907 700 1961 debeat
725 1908 1020 1977 adimplere
1055 1928 1069 1963 :
1104 1912 1245 1980 quod
1279 1925 1602 1984 conceptum
1634 1931 1702 1969 ex
1737 1916 1919 1969 multis

354 1996 512 2050 anuis
539 1999 780 2067 gerebat,
817 2001 1043 2054 dilatum
1093 2009 1274 2056 autem
1319 2004 1576 2060 fueratet
1604 2007 1917 2062 dissimula-

358 2096 494 2156 tum,
526 2090 699 2146 donec
725 2108 940 2148 omnem
973 2094 1150 2150 locum
1175 2097 1229 2152 in
1255 2113 1362 2167 quo
1382 2098 1632 2153 Christus
1660 2115 1768 2153 non
1803 2101 1919 2153 fite-

358 2192 443 2235 rat
475 2185 798 2251 praedicatus
824 2227 840 2253 ,
873 2187 1147 2257 agnitione
1192 2189 1472 2258 Evangelii
1518 2189 1635 2258 ejus
1661 2192 1914 2260 repleret.

358 2274 515 2341 Quod
545 2286 724 2331 autem
760 2279 932 2344 dixit,
970 2278 1100 2333 Cum
1138 2282 1194 2335 in
1237 2280 1548 2347 Hispaniam
1585 2284 1915 2350 proﬁciscar,

351 2382 506 2431 spero
537 2369 677 2436 quod
707 2371 1134 2439 praetergrediens
1164 2370 1368 2425 videam
1400 2389 1511 2440 vos,
1541 2388 1644 2427 non
1674 2375 1744 2428 ita
1773 2377 1918 2429 acci-

354 2459 610 2526 piendum
660 2471 742 2515 est
789 2463 945 2529 quasi
981 2471 1086 2516 tam
1131 2478 1300 2531 parvo
1339 2479 1525 2519 amore
1562 2465 1757 2520 Paulus
1788 2483 1914 2537 erga

353 2546 629 2604 Romanos
661 2559 954 2620 teneretur,
992 2563 1051 2607 ut
1079 2568 1173 2608 eos
1198 2555 1252 2607 in
1289 2556 1520 2608 transitu
1548 2561 1916 2612 tantummodo

351 2652 407 2695 et
446 2641 705 2697 aliorsum
740 2658 969 2712 pergens
1002 2642 1275 2712 iudicaret
1302 2646 1576 2706 visendos.
1609 2648 1742 2701 Vide
1772 2651 1913 2703 enim

352 2732 406 2786 in
455 2734 913 2805 subsequentibus
953 2738 1081 2808 quid
1127 2738 1390 2807 adjungit.
1421 2739 1552 2795 Cum
1604 2743 1793 2809 primo,
1829 2743 1912 2797 iu-

354 2824 494 2892 quil,
525 2843 589 2880 ea:
621 2839 769 2892 parte
795 2829 993 2896 fruitus
1032 2829 1182 2897 fuero
1216 2832 1376 2885 vobis.
1413 2831 1469 2885 In
1510 2848 1614 2901 quo
1648 2835 1831 2901 utique
1861 2837 1913 2888 in

357 2915 597 2983 ipsorum
640 2920 854 2974 videtur
893 2935 1093 2989 ponere
1140 2934 1440 2993 potestate.
1475 2928 1689 2994 qu:me
1729 2929 1796 2981 ab
1837 2929 1915 2983 eis

2019 1814 2347 1868 abundantia
2375 1814 2748 1866 benedictionis
2788 1811 2981 1864 Christi
3002 1812 3202 1865 veniam
3226 1813 3293 1865 ³⁸.
3320 1813 3592 1878 Quoniam

2017 1903 2282 1974 placuerit
2309 1902 2633 1958 Macedonia:
2657 1911 2712 1955 et
2735 1902 2954 1956 Achaia:
2974 1901 3316 1957 collationem
3347 1904 3585 1971 aliquam

2019 1994 2198 2049 facere
2231 1995 2284 2048 in
2314 2008 2580 2064 pauperes
2622 2002 2934 2047 sanctorum
2978 1994 3071 2062 qui
3120 2003 3248 2048 sunt
3276 1995 3329 2048 in
3368 1993 3590 2049 Jerusa-

2017 2088 2124 2141 lem
2151 2127 2166 2152 ,
2209 2100 2494 2156 possumus
2525 2093 2580 2139 et
2621 2085 2689 2139 de
2735 2084 2971 2138 secunda
3015 2084 3252 2153 Epistola
3293 2085 3360 2138 ad
3395 2084 3593 2141 Corin-

2020 2181 2162 2235 thios
2187 2179 2400 2249 plenius
2429 2178 2657 2240 discere,
2686 2177 2741 2231 in
2768 2192 2871 2244 qua
2902 2177 3006 2230 hoc
3027 2178 3185 2231 modo
3213 2178 3405 2231 scribit
3433 2178 3546 2249 (70)
3570 2195 3588 2232 :

2022 2271 2218 2325 Notam
2252 2281 2425 2325 autem
2456 2269 2596 2338 facio
2627 2270 2791 2332 vobis,
2824 2270 3042 2335 fratres,
3070 2271 3309 2337 gratiam.
3335 2270 3433 2323 Dei
3472 2288 3590 2341 qua:

2017 2369 2142 2419 data
2170 2374 2243 2417 est
2271 2364 2397 2416 mihi
2429 2365 2482 2416 in
2519 2361 2769 2415 Ecclesiis
2797 2361 3154 2428 Macedonia,
3184 2364 3309 2428 quia
3338 2365 3393 2416 in
3417 2364 3586 2416 multa

2018 2458 2323 2526 probatione
2352 2455 2712 2509 tribulationis
2734 2457 3063 2508 abundantia
3092 2457 3273 2524 gaudii
3298 2473 3506 2519 eorum,
3535 2466 3587 2508 et

2016 2549 2279 2616 profunda
2306 2559 2584 2614 paupertas
2609 2564 2788 2601 eorum
2810 2549 3094 2601 abundavit
3122 2546 3191 2601 ad
3221 2549 3435 2602 divitias
3462 2551 3586 2602 sime

2016 2640 2267 2708 plicitatis
2290 2655 2470 2692 eorum
2504 2655 2522 2692 :
2546 2641 2795 2709 quoniam
2822 2640 3108 2693 secundum
3140 2641 3380 2694 virtutem
3413 2642 3585 2708 (testi-

2017 2730 2251 2783 monium
2287 2732 2528 2799 perhibeo
2554 2732 2651 2800 eis)
2689 2742 2737 2784 et
2768 2747 2927 2799 supra
2966 2732 3203 2784 virtutem
3239 2749 3338 2785 sua
3363 2742 3582 2799 sponte,

2016 2822 2195 2875 multis
2218 2822 2459 2889 precibus
2490 2822 2604 2892 (71)
2634 2822 2963 2875 obsecrantes
2995 2839 3086 2876 nos
3107 2825 3335 2890 gratiam
3368 2834 3415 2876 et
3449 2841 3588 2876 com-

2016 2916 2311 2970 munionem
2333 2933 2453 2985 qua:
2489 2916 2549 2984 ﬁt
2584 2916 2642 2968 in
2671 2924 2883 2969 sanctos
2914 2917 2983 2979 υ,
3013 2926 3067 2969 et
3098 2916 3321 2985 reliqua.
3354 2916 3421 2970 Et
3448 2918 3585 2971 sicut

358 3012 462 3066 iter
492 3013 826 3083 propositum
867 3015 1061 3069 debeat
1109 3018 1341 3072 relaxari
1368 3037 1384 3072 τ
1413 3029 1468 3073 ει
1515 3035 1609 3088 ρετ
1646 3021 1747 3075 ιιοε
1781 3038 1914 3089 quo-
1941 3039 1983 3094 ο
2019 3008 2070 3060 in
2103 3008 2188 3062 his
2216 3010 2579 3063 testimonium
2609 3008 2789 3063 reddit
2814 3008 3220 3071 Macedonibus,
3257 3009 3329 3061 ita
3363 3024 3577 3062 rursum

355 3107 479 3159 dam
512 3107 671 3160 modo
711 3122 948 3161 amorem
980 3108 1212 3176 ipsorum
1250 3126 1377 3182 erga
1411 3129 1469 3167 se
1505 3115 1697 3168 invitat
1722 3125 1777 3169 et
1810 3132 1911 3169 nu-

355 3199 450 3253 trit
475 3237 490 3262 ,
518 3206 578 3252 ut
603 3200 647 3251 si
685 3199 789 3267 ipsi
832 3200 1211 3256 insatiabiliter
1243 3218 1368 3273 erga
1398 3203 1646 3258 allectum
1693 3217 1912 3261 tenean-

354 3297 446 3342 tur
487 3288 730 3359 Apnstoli
759 3331 774 3355 ,
824 3292 997 3345 sciant
1037 3293 1150 3360 (65)
1200 3293 1364 3346 etiam
1404 3296 1575 3362 ipsum
1620 3297 1670 3349 id
1714 3299 1913 3353 habere

352 3381 608 3449 propositi
662 3396 764 3433 non
806 3381 955 3447 prius
1001 3382 1068 3434 ab
1102 3383 1181 3437 eis
1227 3383 1542 3451 discedere,
1587 3401 1760 3454 neque
1805 3387 1912 3440 alio

352 3472 620 3542 proficisci
647 3473 784 3545 (64),
821 3490 982 3541 quam
1012 3474 1293 3530 cluat-italis
1320 3472 1557 3545 ipsorum
1594 3478 1768 3544 gratia
1792 3495 1913 3547 per-

352 3564 591 3619 fruatur.
623 3565 796 3631 Quam
830 3575 1010 3620 tamen
1048 3568 1373 3631 charitatem
1409 3577 1608 3622 tantam
1635 3572 1913 3639 praesentit

351 3655 590 3710 futuram
614 3698 628 3721 ,
666 3658 750 3711 cui
795 3672 895 3711 nec
927 3659 1096 3725 possit
1132 3672 1198 3712 ex
1245 3661 1457 3729 integro
1497 3660 1746 3714 satisﬁeri
1773 3701 1788 3725 ,
1817 3662 1910 3716 sed

347 3764 415 3806 ex
442 3758 612 3817 parte,
649 3749 843 3817 inquit.
878 3749 1179 3805 Praemonet
1209 3750 1323 3820 (65)
1354 3753 1498 3806 enim
1531 3753 1670 3820 quod
1712 3752 1764 3805 in
1791 3768 1911 3807 om—

350 3839 511 3896 nibus
538 3839 942 3909 evangelizandi
973 3842 1269 3895 necessitas
1293 3841 1627 3910 praeferenda
1659 3842 1747 3897 sit.
1769 3842 1912 3897 Bene

352 3941 532 3986 autem
572 3932 656 3986 his
686 3947 822 4001 quos
859 3932 1095 3987 nondum
1146 3935 1446 3988 secundum
1493 3950 1712 3989 carnem
1760 3936 1912 3990 vide-

362 4033 468 4088 rat,
495 4032 550 4078 et
578 4023 645 4076 ad
673 4038 809 4092 quos
839 4026 1074 4079 nondum
1110 4026 1164 4079 in
1194 4041 1422 4094 corpore
1451 4027 1748 4082 advenerat
1772 4026 1910 4095 (66),

348 4115 693 4186 praesentiam
733 4116 815 4170 sui
844 4127 900 4171 et
930 4117 1350 4171 remorationem
1382 4119 1711 4174 moderatius
1755 4118 1914 4188 polli—

350 4216 535 4268 cetur.
579 4207 999 4264 Desiderabilins
1041 4211 1183 4265 enim
1229 4211 1554 4279 suscipimus
1598 4211 1737 4265 bona
1794 4229 1913 4281 qua:

348 4297 461 4351 cito
498 4298 787 4353 metuimus
836 4297 1132 4355 auferenda
1175 4316 1191 4354 :
1239 4302 1481 4355 securius
1513 4316 1639 4355 vero
1678 4302 1911 4371 negligi-

2017 3103 2340 3154 cohortatur
2367 3111 2425 3155 et
2446 3099 2792 3164 Corinthios,
2821 3100 3006 3154 dicens
3035 3120 3048 3154 :
3085 3101 3190 3155 Sed
3214 3103 3349 3153 sicut
3392 3101 3449 3153 in
3482 3118 3584 3154 om-

2019 3195 2167 3246 nibus
2198 3193 2486 3247 abundatis
2518 3196 2643 3263 ﬁde,
2669 3207 2716 3249 et
2748 3198 2922 3261 verbo,
2956 3205 3004 3249 et
3030 3196 3270 3258 scientia,
3305 3206 3353 3248 et
3398 3205 3582 3247 nostra

2012 3290 2069 3340 in
2116 3305 2202 3342 vos
2241 3290 2499 3344 charitate
2526 3330 2541 3349 .
2576 3293 2650 3345 ita
2677 3304 2726 3346 et
2757 3295 2811 3346 in
2848 3298 2947 3346 hac
2989 3293 3162 3363 gratia
3199 3292 3482 3344 abundetis
3514 3291 3577 3354 ⁸⁸,

2013 3391 2069 3436 et
2108 3381 2337 3449 reliqua.
2375 3381 2483 3436 Sed
2527 3392 2585 3436 et
2632 3384 2686 3436 in
2739 3385 2862 3438 aliis
2913 3383 3226 3437 collaudans
3268 3380 3581 3436 Corinthios

2012 3473 2137 3542 quia
2169 3487 2296 3542 erga
2330 3475 2760 3528 communionem
2790 3491 3082 3544 pauperum
3114 3474 3207 3543 qui
3236 3483 3364 3527 sunt
3392 3474 3446 3527 in
3493 3472 3580 3529 Je-

2015 3565 2250 3619 rusalem
2288 3566 2519 3633 prompti
2560 3564 2781 3629 iuerint,
2814 3567 2943 3620 dicit
2970 3589 2981 3621 :
3016 3564 3082 3618 Et
3113 3566 3388 3619 consilium
3408 3566 3468 3619 in
3484 3564 3581 3618 hoc

2012 3654 2079 3706 do
2105 3672 2122 3706 :
2150 3653 2247 3707 hoc
2276 3654 2411 3707 enim
2451 3655 2592 3708 vobis
2629 3659 2865 3723 expedit,
2901 3659 2989 3725 qui
3026 3672 3127 3709 non
3156 3655 3328 3710 solum
3364 3656 3572 3722 facere,

2013 3744 2104 3797 sed
2130 3753 2181 3797 et
2201 3745 2333 3801 velle
2364 3747 2593 3812 cmpistis
2615 3748 2679 3800 ab
2715 3764 2852 3801 anno
2880 3751 3055 3814 priore
3081 3765 3101 3798 .·
3135 3763 3271 3800 nunc
3305 3756 3485 3800 autem
3527 3757 3573 3801 et

2014 3835 2155 3903 facta
2184 3836 2416 3905 perﬁcite
2446 3838 2512 3891 δι.
2542 3837 2646 3891 Sed
2682 3848 2737 3892 et
2782 3839 2833 3891 iu
2865 3837 3093 3907 reliquis
3128 3838 3194 3891 de
3245 3838 3345 3892 hac
3384 3838 3571 3892 eadem

2013 3936 2320 3982 sanctorum
2367 3927 2482 3998 (72)
2525 3927 2906 3983 communione
2949 3929 3319 3997 prosequitur,
3350 3938 3407 3983 et
3458 3936 3572 3998 post

2015 4022 2291 4094 aliquanta
2336 4024 2489 4077 addit
2523 4040 2537 4077 :
2569 4022 2641 4076 De
2677 4022 2966 4076 ministerio
3005 4034 3179 4077 autem
3222 4025 3363 4094 quod
3405 4025 3476 4077 sit
3519 4024 3573 4076 in

2012 4128 2259 4183 sanctos,
2302 4116 2631 4185 superﬂuum
2681 4125 2752 4168 est
2802 4116 2944 4169 vobis
2987 4117 3233 4170 scribere.
3272 4114 3394 4169 Scio
3437 4117 3571 4170 enim

2013 4219 2304 4278 promptam
2331 4207 2649 4261 voluntatem
2678 4214 2902 4259 vestram
2925 4246 2941 4270 ,
2984 4223 3079 4274 pro
3111 4224 3214 4276 qua
3245 4206 3488 4276 gratulor
3509 4208 3567 4258 de

2014 4300 2154 4355 vobis
2189 4300 2585 4362 Macedonibus,
2621 4300 2745 4366 quia
2785 4299 2985 4353 Achaia
3012 4309 3203 4367 parata
3233 4309 3309 4353 est
3332 4298 3400 4352 ab
3435 4314 3571 4353 anno

348 4401 472 4441 mus
496 4389 636 4457 quod
662 4399 966 4448 retenturos
993 4392 1107 4467 (67)
1134 4408 1229 4447 nos
1260 4393 1462 4447 diutius
1493 4393 1788 4453 credimus.
1818 4392 1906 4445 ln-
1941 4386 1987 4441 D
2015 4395 2192 4463 priore
2218 4435 2233 4457 ,
2284 4403 2331 4445 et
2388 4402 2557 4445 vestra
2610 4391 2884 4447 azmulatio
2927 4391 3220 4459 provocavit
3271 4392 3463 4445 multos
3499 4389 3562 4439 ³³.

422 4501 471 4532 ’τ
492 4499 648 4557 Rom.
678 4520 766 4571 xv,
794 4505 993 4572 25,24.
1071 4506 1117 4539 ³⁸
1138 4506 1293 4562 Rom.
1328 4522 1418 4574 xv,
1456 4507 1549 4571 25,
1571 4522 1663 4577 sq.
1731 4509 1776 4540 ”
1807 4505 1847 4562 ll
1878 4507 1906 4563 C

2060 4525 2098 4572 ι,
2123 4524 2207 4578 sq.
2285 4507 2329 4539 ³⁰
2366 4508 2495 4561 ibid.
2525 4508 2577 4561 7.
2649 4507 2693 4537 ³¹
2724 4505 2855 4560 ibid.
2889 4505 2978 4559 10.
3036 4503 3078 4535 ³³
3105 4504 3149 4558 Il
3176 4503 3305 4559 Cor.
3333 4507 3484 4571 n.1,
3510 4504 3560 4558 2.

444 4633 536 4707 6i)
570 4638 703 4695 Vide
724 4639 938 4696 Praefat.
968 4642 1020 4696 in
1053 4643 1190 4697 hanc
1218 4640 1388 4707 Epist.

445 4706 533 4776 62)
574 4706 674 4762 Ms.
718 4710 915 4780 Regius
963 4729 1109 4766 num.
1156 4706 1332 4774 l659,
1364 4716 1417 4765 in
1464 4712 1652 4780 quibus
1705 4713 1906 4768 Christi

350 4782 473 4827 ante
502 4794 604 4832 non
639 4780 810 4842 fuerat
854 4784 1183 4846 praedicatio.
1214 4784 1320 4837 Sed
1363 4785 1542 4838 caueri
1571 4799 1703 4838 mss.
1733 4785 1906 4838 Raba-

352 4859 457 4899 nus.
482 4857 537 4899 et
564 4850 691 4902 editi
727 4860 784 4903 ut
815 4852 867 4905 in
895 4861 1064 4906 textu.

421 4913 535 4984 (65)
565 4918 662 4973 Ms.
700 4920 898 4989 Regius
927 4938 1074 4975 nunt.
1102 4922 1262 4984 1659.
1288 4932 1344 4976 ut
1374 4923 1481 4977 sint
1505 4923 1602 4990 ipsi
1629 4924 1909 4977 insatiabi.

351 4982 439 5036 les
466 4982 590 5055 erga
625 4982 870 5056 affectum
906 4992 1160 5059 Apostoli,
1187 4982 1398 5056 sciant,
1433 4982 1538 5047 etc'.
1578 4993 1685 5047 Sed
1724 4996 1905 5048 caeteri

351 5067 506 5121 mss.,
536 5059 808 5121 ttabanus,
839 5072 894 5115 et
917 5061 1043 5114 editi
1073 5072 1129 5115 ut
1156 5064 1207 5114 iu
1239 5075 1409 5118 textu.

421 5124 669 5203 (δὴ-[ῃ
699 5130 826 5182 editi
869 5140 924 5184 et
965 5131 1207 5203 plerique
1251 5149 1382 5191 mss.
1416 5132 1515 5188 Ms.
1551 5147 1678 5188 vero
1708 5133 1908 5203 Regius

520 5198 676 5282 .1659
698 5239 714 5265 ,
751 5216 914 5268 neque
945 5202 1079 5253 alias
1119 5198 1432 5268 (Rabanus,
1460 5219 1623 5273 neque
1648 5206 1715 5256 ad
1748 5198 1905 5273 alios)

484 5285 626 5324 circi.

347 5271 635 5333 proﬁcisci.

421 5338 530 5405 (65’)
573 5342 663 5394 Sic
691 5340 844 5413 editi,
867 5352 925 5413 ‘el
953 5340 1229 5398 Rabanus.
1257 5342 1383 5398 Mss.
1415 5358 1543 5397 vero
1571 5346 1738 5399 nostri
1769 5344 1859 5397 alii
1888 5388 1903 5413 ,

349 5398 682 5480 Praftnunit;
713 5398 1126 5480 alii,'l’ropmiit.

421 5478 532 5548 (66)
561 5480 723 5541 Editi,
757 5481 812 5531 in
850 5478 1006 5534 carne
1041 5483 1344 5538 advenerat.

418 5547 532 5617 (67)
564 5550 703 5603 Editi
724 5553 1015 5625 ,_secur_ius
1042 5570 1160 5606 vero
1190 5564 1241 5606 et
1273 5554 1615 5625 negligentius
1647 5557 1790 5624 quod
1825 5573 1909 5610 re-

350 5627 600 5694 tenturos,
623 5630 729 5674 etc.
753 5619 880 5694 Mss.
912 5622 1037 5686 duo,
1062 5619 1432 5689 retentaturos,
1467 5642 1564 5694 pro
1589 5619 1901 5681 retenturos.

350 5685 413 5738 Et
444 5689 600 5762 paulo
630 5701 749 5769 post
781 5685 1390 5764 etliti,.ut’inorationem
1418 5685 1634 5751 suam...
1664 5695 1909 5759 c0110.C€l-.

2013 4644 2167 4699 Male.

2086 4717 2197 4787 (68)
2219 4714 2379 4781 Editi,
2400 4715 2760 4769 Probaveruul
2782 4711 2919 4765 enim
2941 4711 3254 4766 Macedonia
3275 4723 3325 4767 et
3349 4714 3556 4778 Achaia,

2012 4794 2121 4841 etc.

2086 4856 2200 4927 (69)
2253 4856 2377 4911 Haec
2403 4856 2568 4913 verba
2594 4896 2609 4918 ,
2645 4852 2973 4927 Complacuit
3013 4854 3148 4906 enim
3175 4893 3190 4918 ,
3232 4863 3282 4907 et
3316 4854 3557 4906 debitores

2013 4923 2133 4980 sunt
2163 4923 2362 4988 eorum.
2401 4940 2530 4989 etc.,
2560 4937 2730 4995 usque
2759 4923 2852 4986 ad,
2873 4937 3145 4995 possumus
3168 4934 3217 4976 et
3247 4927 3311 4975 de
3342 4930 3557 4975 secunda

2019 4997 2255 5064 Epistola
2283 4998 2352 5050 ad
2382 4992 2703 5057 Corinthios,
2739 5003 2868 5057 etc.,
2901 4992 3277 5047 desiderantur
3302 4995 3353 5046 in
3394 4995 3549 5054 editis,

2015 5068 2109 5121 sed
2139 5069 2498 5122 restituuntur
2525 5082 2590 5120 ex
2624 5077 2753 5120 mss.

2088 5135 2200 5208 (70)
2246 5138 2336 5191 Sic
2379 5152 2570 5208 omnes
2603 5152 2732 5189 mss.
2764 5131 3148 5208 etuRab‘anus.
3182 5133 3360 5208 Editio
3392 5143 3548 5208 autem

2016 5202 2236 5268 Veneta,
2270 5208 2326 5261 in
2353 5223 2453 5277 qua
2483 5206 2593 5260 haec
2624 5208 2698 5259 ibi
2727 5202 2929 5255 scribit.
2958 5205 3151 5259 Caeteri
3197 5204 3352 5270 editi,
3386 5206 3439 5256 in
3460 5217 3547 5272 qua

2016 5281 2126 5331 lucc
2150 5278 2347 5334 scribit.

2089 5348 2205 5414 (71)
2235 5347 2311 5401 lla
2342 5362 2473 5402 mss.
2492 5346 2752 5415 plerique,
2774 5351 3027 5404 Rabanus
3048 5353 3101 5399 et
3130 5346 3284 5399 editi.
3318 5344 3413 5398 Ms.
3436 5354 3550 5394 vero

2016 5418 2217 5489 Regius
2249 5434 2395 5471 num.
2434 5418 2594 5483 1659,
2639 5428 2690 5470 et
2717 5436 2875 5488 supra
2899 5420 3141 5473 virtutem
3176 5433 3326 5489 suam
3355 5422 3549 5489 sponta-

2015 5491 2098 5542 uei
2129 5487 2379 5556 fuerunt,
2424 5489 2604 5540 multis
2635 5491 2892 5557 precibus,
2926 5498 3059 5551 etc.,
3089 5488 3233 5556 quod
3261 5488 3453 5540 rectius
3477 5487 3557 5546 vis,

2013 5560 2198 5622 detur;
2227 5559 2320 5612 sed
2354 5558 2486 5611 nihil
2520 5559 2762 5613 immuto.

2083 5628 2195 5699 (72)
2220 5628 2554 5691 Sanctarum.
2590 5629 3177 5698 Deestiulibrisantea
3202 5626 3384 5685 editis.
3475 5633 3482 5640 '
