3744 6146
370 237 510 293 i375

1854 225 2177 283 ORIGENIS

3498 221 3636 275 {9.76

369 352 678 413 diﬁ'erentia
717 362 1028 405 sermonum
1088 360 1192 414 qua
1245 359 1374 414 erga
1422 353 1710 412 utramque
1742 353 1948 411 partem
1979 347 2027 402 Α
2061 341 2200 395 Deus
2221 341 2289 395 ".
2324 341 2394 395 Et
2420 348 2618 395 etctera
2645 339 2734 394 his
2759 338 2954 394 similia
2981 340 3074 411 qui
3106 341 3354 396 observat
3390 337 3445 392 in
3471 352 3637 406 Opere

365 463 498 503 usus
530 456 614 500 est
643 443 754 516 (87)
800 440 1028 507 Paulus,
1056 453 1162 493 non
1210 437 1343 491 mihi
1391 437 1606 491 videtur
1656 437 1855 491 otiosa.
1890 435 1945 490 In

369 538 710 609 spiritalibus
735 536 878 589 enim
908 530 1343 588 communionem
1368 530 1453 583 vel
1476 529 1946 600 participationem

365 631 584 702 posuit;
615 631 668 682 in
705 626 1018 682 carnalibus
1047 640 1177 681 vero
1208 623 1608 688 ministerium;
1636 631 1692 677 et
1724 622 1829 676 hoc
1854 620 1949 674 de-

366 724 539 778 hitum
565 734 709 777 esse.
738 719 864 772 illud
894 733 1023 771 vero
1046 714 1449 771 communicari
1467 715 1597 768 dicit
1627 732 1640 767 :
1678 723 1740 768 ut
1763 720 1947 766 osten-

366 815 458 870 dat
482 812 605 881 quia
643 809 969 880 perfectiora
1005 821 1233 876 quaeque
1269 814 1525 875 tanquam
1554 805 1800 860 caelestia
1836 816 1946 860 ter-

366 907 514 961 renis
550 920 654 957 non
689 914 797 956 tam
831 901 1126 960 debentur.
1163 914 1325 966 quam
1359 900 1807 963 cmumodantur;
1843 909 1948 953 ter-

364 1012 500 1053 rena
529 1011 662 1051 vero
688 1005 743 1064 et
776 992 1016 1049 carnalia
1045 988 1159 1061 (88)
1195 999 1448 1059 tanquam
1480 1004 1580 1060 pro
1617 990 1798 1044 debito
1829 990 1945 1044 exi-

362 1096 587 1160 guntur.
619 1088 899 1143 Debitores
933 1085 1077 1138 enim
1109 1082 1289 1137 effecti
1330 1096 1517 1139 sumus
1559 1085 1853 1140 secundum
1882 1084 1944 1138 il-

364 1182 474 1235 lum
505 1181 594 1249 qui
634 1181 889 1250 primitus
918 1188 1201 1249 acceptum
1238 1179 1664 1234 immortalitatis
1688 1188 1746 1234 et
1773 1179 1945 1234 incor-

365 1274 736 1343 ruptibilitatis
771 1289 992 1331 censum
1037 1275 1092 1329 in
1141 1276 1396 1344 paradiso
1438 1272 1680 1344 perdidit
1726 1285 1946 1340 persua-

364 1365 519 1419 sione
552 1365 857 1435 serpentis;
886 1375 941 1421 et
974 1366 1097 1422 ideo
1127 1367 1405 1422 debitores
1440 1364 1702 1420 efficimur
1749 1379 1941 1419 omnes

364 1467 630 1528 quotquot
660 1459 711 1512 in
744 1458 1153 1513 similitudinem
1190 1458 1322 1513 Adae
1354 1466 1504 1512 sorte
1536 1457 1942 1526 praevaricatio-

255 1614 265 1624 _
363 1553 447 1604 nis
496 1551 869 1623 astringimur.
893 1550 1103 1606 Idcirco
1125 1567 1256 1621 ergo
1279 1561 1329 1604 et
1354 1561 1620 1620 prrecepta
1644 1551 1938 1614 donantur,

363 1655 421 1698 ut
465 1644 643 1698 debita
701 1643 1096 1713 persolvamus.
1157 1643 1399 1712 Denique
1436 1654 1491 1698 et
1542 1644 1595 1697 in
1646 1643 1940 1713 Evangelia

360 1734 618 1792 Salvator
664 1737 735 1790 ita
784 1738 916 1791 dicit
947 1755 962 1792 :
1002 1737 1134 1791 Cum
1159 1749 1332 1790 autem
1364 1736 1592 1806 feceritis
1619 1738 1793 1791 omnia
1823 1754 1941 1806 qua:

356 1830 583 1898 pra’cepi
618 1830 760 1883 vobis
795 1829 931 1901 (80),
960 1830 1117 1884 dicite
1159 1830 1288 1892 quia
1317 1831 1453 1884 servi
1482 1830 1692 1885 inutiles
1715 1845 1938 1894 sumus;

360 1922 505 1991 quod
549 1922 826 1975 debuimus
859 1920 1054 1987 facere,
1089 1923 1310 1990 fecimus
1337 1922 1402 1977 ”.
1436 1922 1507 1975 Ea
1543 1936 1668 1976 vero
1698 1936 1816 1989 quis
1849 1935 1942 1974 Su-

356 2029 457 2083 pra
511 2013 749 2067 debitum
798 2014 1053 2078 facimus,
1096 2029 1200 2068 non
1256 2012 1482 2068 facimus
1513 2028 1580 2067 cx
1632 2016 1937 2085 praeceptis.

358 2107 526 2162 Verbi
552 2123 736 2174 causa,
771 2107 1062 2177 virginitas
1097 2120 1203 2161 nou
1238 2122 1305 2160 ex
1337 2107 1523 2161 debito
1552 2100 1819 2163 solvitur}
1852 2125 1940 2163 ne-

356 2215 468 2268 que
489 2199 635 2255 enim
670 2214 767 2266 per
802 2207 1131 2269 praeceptum
1163 2200 1462 2267 expetitur,
1486 2201 1579 2253 sed
1603 2216 1763 2269 supra
1787 2202 1933 2256 debi-

357 2302 474 2344 tum
497 2290 744 2345 offertur.
767 2292 903 2344 Audi
931 2292 1164 2359 denique
1188 2292 1410 2345 Paulum
1437 2292 1607 2364 680
1636 2293 1933 2348 dicentem:

360 2383 440 2436 De
463 2384 749 2452 virginibus
770 2392 945 2435 autem
974 2395 1287 2451 pmceptum
1319 2382 1533 2438 Domini
1559 2403 1664 2439 non
1684 2385 1848 2439 habeo
1866 2387 1934 2439 “.

360 2476 453 2529 Sic
487 2490 617 2545 ergo
657 2479 723 2528 de
749 2473 1089 2544 spiritalibus
1139 2483 1195 2527 et
1229 2474 1647 2542 perfectioribus
1696 2492 1938 2530 commu-

357 2569 574 2623 nionem
619 2565 756 2636 (90),
793 2566 973 2620 dixit:
1016 2566 1082 2621 de
1123 2564 1472 2620 inferioribus
1506 2581 1635 2621 vero
1662 2577 1716 2621 et
1747 2583 1939 2622 carna-

355 2659 500 2716 libus
533 2659 775 2714 debitum
821 2658 1181 2713 ministerium
1241 2658 1569 2714 nominavit.
1612 2659 1724 2729 Ego
1754 2671 1934 2715 autem

354 2768 456 2822 per
474 2752 777 2820 huiusmodi
810 2750 1171 2805 ministerium
1196 2751 1360 2805 etiam
1390 2749 1517 2803 illud
1547 2752 1949 2805 advertendum

353 2857 488 2914 puto
526 2845 669 2914 quod
712 2853 797 2899 est
852 2844 903 2897 in
939 2842 1216 2897 Psalmis:
1257 2842 1360 2908 Qui
1400 2844 1528 2913 facit
1571 2846 1782 2913 angelos
1813 2862 1935 2899 suos

354 2938 595 3005 spiritus,
633 2947 681 2990 et
713 2937 988 2994 ministros
1016 2952 1139 2990 suos
1165 2936 1438 3005 flammam
1469 2938 1605 3007 ignis
1636 2937 1706 3004 “,
1732 2950 1791 2994 ut
1822 2939 1934 2992 sci-

2051 431 2171 497 Dei,
2212 445 2351 500 opus
2388 446 2545 484 suum
2579 430 2859 497 signaculo
2902 430 3106 484 divina:
3151 431 3404 501 imaginis
3437 428 3661 499 signat.’

2049 522 2181 578 Cum
2211 538 2355 593 ergo,
2412 523 2610 591 inquit,
2642 523 2737 575 hoc
2773 539 3219 592 consummavero,
3269 536 3397 580 tunc
3421 542 3516 596 per
3549 539 3635 578 vos

2049 615 2118 668 ad
2174 614 2488 685 Hispaniam
2532 614 2861 682 proﬁciscar.
2908 613 3189 669 Promittit
3239 632 3371 673 sane
3420 617 3633 688 grande

2048 722 2244 761 munus
2285 706 2563 765 Romanis.
2595 716 2651 759 et
2678 705 2854 760 dicit:
2899 704 3020 760 Scio
3071 710 3210 762 enim
3261 710 3518 779 quoniam
3549 728 3628 765 ve-

2047 804 2194 857 niens
2229 805 2297 857 ad
2350 820 2459 864 vos.
2511 803 2567 856 in
2625 802 2952 856 abundantia
2998 796 3379 861 benedictionis
3431 806 3623 861 Christi

2046 899 2290 950 veniam:
2320 896 2465 963 quod
2512 910 2619 950 non
2665 896 2770 951 nisi
2825 912 2922 966 per
2978 896 3247 966 Spiritum
3286 910 3539 954 sanctum
3572 913 3624 957 et

2046 985 2346 1057 prophetia:
2371 986 2597 1055 gratiam
2624 987 2934 1055 pollicetur.
2961 990 3136 1059 Supra
3170 991 3446 1055 hominem
3472 1007 3628 1048 nam.

2045 1095 2152 1145 que
2202 1089 2287 1135 est
2336 1081 2455 1135 hate
2504 1081 2650 1136 scire
2684 1081 2753 1135 de
2784 1080 3004 1146 futuris,
3033 1084 3176 1153 quod
3208 1099 3316 1139 non
3364 1085 3543 1141 solum
3570 1087 3622 1142 in

2045 1173 2424 1228 benedictione
2458 1173 2684 1239 Christi,
2718 1187 2909 1228 verum
2943 1174 3110 1229 etiam
3155 1186 3210 1231 et
3243 1177 3297 1232 in
3336 1177 3624 1233 abundan-
3652 1156 3661 1165 ’

2047 1264 2119 1318 tia
2179 1265 2577 1321 benedictionis
2631 1274 2891 1320 venturus
2938 1265 3011 1320 sit
3067 1267 3137 1323 ad
3168 1283 3284 1326 eos.
3337 1271 3397 1324 In
3434 1285 3551 1341 quo
3571 1280 3626 1326 et

2045 1358 2313 1412 venientis
2370 1358 2570 1428 gratia,
2609 1367 2667 1412 et
2722 1359 3135 1429 suscipientiqu
3173 1363 3383 1432 pariter
3427 1365 3622 1419 merita

2044 1451 2423 1518 designantur.

2115 1544 2203 1599 15.
2264 1542 2527 1613 Deprecor
2577 1528 2741 1614 igitur
2780 1562 2890 1612 vos,
2932 1546 3148 1616 fratres,
3199 1562 3292 1616 per
3341 1547 3624 1603 Dominam

2043 1648 2277 1690 nostrum
2299 1636 2481 1692 Jesum
2524 1636 2816 1704 Christum,
2849 1650 2899 1694 et
2924 1658 3018 1707 per
3040 1641 3361 1695 charitatem
3391 1642 3623 1712 Spiritus

2045 1729 2187 1801 (93),
2220 1739 2276 1784 ut
2309 1730 2568 1795 adiuvetis
2598 1748 2680 1785 me
2716 1733 2773 1784 in
2828 1733 3158 1786 orationibus
3206 1735 3278 1787 ad
3330 1732 3528 1797 Deum,
3566 1742 3623 1788 ut

2042 1823 2233 1875 liberer
2279 1821 2344 1875 ab
2377 1822 2670 1877 incredulis
2700 1824 2792 1892 qui
2816 1834 2939 1878 sunt
2977 1825 3033 1877 in
3062 1823 3277 1888 ludam,
3306 1837 3355 1878 et
3387 1826 3625 1879 ministe-

2043 1915 2178 1967 rium
2213 1915 2310 1968 hoc
2339 1931 2508 1968 meum
2540 1924 2811 1982 acceptum
2833 1915 2928 1982 ﬁat
2957 1916 3149 1968 sanctis
3184 1916 3238 1969 in
3265 1915 3619 1986 lerosolyma,

2041 2016 2097 2058 ut
2134 2006 2340 2060 veniens
2367 2006 2435 2059 ad
2467 2022 2555 2060 vos
2595 2006 2650 2059 in
2687 2007 2885 2076 gaudio
2923 2025 3041 2061 cum
3078 2006 3349 2061 voluntate
3380 2007 3518 2075 Dei,
3543 2023 3623 2062 rs-

2039 2100 2306 2168 quiesram
2334 2099 2601 2153 vobiscum
2626 2097 2693 2152 ”.
2718 2098 2867 2152 Licet
2901 2098 2952 2152 in
2987 2099 3364 2168 superioribus
3394 2097 3621 2164 dixerit,

2042 2191 2166 2247 Scio
2222 2192 2359 2245 enim
2411 2191 2663 2261 quoniam
2715 2192 2921 2245 veniens
2960 2191 3030 2245 ad
3061 2207 3171 2251 vos.
3206 2192 3262 2244 in
3294 2190 3624 2245 abundantia

2042 2286 2421 2339 benedictionis
2469 2282 2670 2339 Christi
2716 2285 2921 2338 veniam
2951 2284 3017 2348 “,
3055 2286 3410 2341 nihilominus
3441 2297 3622 2341 tamen

2040 2378 2250 2432 sciebat
2282 2380 2444 2433 etiam
2471 2377 2525 2431 in
2559 2378 2641 2433 bis
2674 2395 2797 2448 qua:
2822 2379 3106 2435 manifeste
3131 2381 3312 2435 futura
3345 2396 3623 2452 cognove-

2042 2483 2147 2535 rat,
2189 2472 2497 2528 orationem
2546 2488 2667 2529 esse
2711 2476 3078 2530 necessariam
3117 2495 3129 2529 :
3166 2490 3288 2544 qua:
3332 2475 3526 2544 utique
3553 2475 3621 2540 si,

2038 2565 2189 2620 verbi
2236 2580 2426 2633 causa,
2458 2581 2566 2621 non
2618 2566 2811 2621 fuisset
2856 2569 3119 2633 adhibita,
3155 2578 3482 2638 sequeretur
3509 2568 3626 2624 sine

2040 2657 2204 2712 dubio
2239 2673 2348 2713 non
2400 2658 2614 2728 impleri
2660 2658 2804 2727 quod
2835 2659 3014 2714 fuerat
3051 2662 3460 2730 prophetatum.
3493 2660 3627 2729 Quis

2038 2764 2170 2819 ergo
2202 2763 2291 2805 est
2319 2751 2410 2820 qui
2461 2750 2577 2805 haec
2636 2749 2845 2819 legens,
2881 2754 3025 2823 quod
3057 2753 3260 2811 Paulus
3298 2757 3626 2823 deprecetur

2034 2855 2132 2895 eos
2170 2841 2262 2911 qui
2295 2840 2482 2897 Romae
2507 2850 2634 2897 sunt
2656 2842 2855 2897 fratres
2883 2862 3043 2901 orare
3069 2862 3167 2915 pro
3197 2864 3279 2912 se,
3304 2859 3625 2903 contemnat

2037 2937 2121 2991 vcl
2156 2938 2421 3006 despiciat
2453 2938 2734 2995 orationes
2774 2938 3035 2995 Ecclesia:
3065 2943 3364 3012 postulare,
3396 2942 3620 2998 etiamsi

350 3030 483 3087 licet
507 3030 731 3101 angelos
764 3030 963 3095 bonos,
992 3031 1216 3099 spiritus
1265 3030 1616 3100 appellaverit
1672 3041 1928 3102 tanquam
1959 3042 2006 3103 ο
2039 3028 2329 3086 inferiores
2357 3033 2566 3087 meritis
2594 3046 2718 3089 esse
2748 3034 3035 3087 videantur
3064 3034 3120 3089 hi
3157 3049 3187 3087 a
3217 3034 3422 3104 quibus
3444 3036 3623 3090 oratio

352 3123 649 3195 spiritales,
682 3138 776 3178 eos
813 3137 943 3178 vero
991 3122 1082 3192 qui
1117 3132 1354 3192 praesunt
1401 3123 1717 3179 ministeriis
1742 3139 1931 3192 poeita-

353 3228 496 3279 rmn,
546 3221 601 3268 et
650 3210 896 3266 ﬂammas
947 3212 1330 3281 peccatoribus
1385 3222 1613 3281 parant,
1651 3213 1930 3269 ministros

347 3302 582 3362 ﬂamma:
637 3304 879 3358 ardentis
933 3305 1294 3360 nominaverit
1328 3304 1461 3374 (9t).
1512 3305 1635 3359 llaec
1680 3307 1931 3375 quamvis

348 3413 448 3469 per
476 3410 761 3451 excessum
786 3398 1073 3468 quemdam
1098 3398 1238 3453 dicta
1264 3414 1385 3454 esse
1408 3398 1715 3464 videantur,
1746 3408 1925 3454 tamen

322 3493 476 3560 ,qnia
504 3491 658 3546 locus
681 3491 985 3554 admonuit,
1002 3506 1107 3545 non
1134 3492 1438 3547 omisimus.
1466 3491 1591 3548 Post
1615 3494 1732 3547 haac
1755 3494 1925 3548 dicit:

349 3584 470 3639 Hoc
500 3601 621 3654 ergo
648 3601 767 3638 cum
797 3601 1225 3640 consummavero
1251 3595 1297 3639 et
1324 3587 1657 3655 assignavero
1686 3588 1761 3641 eis
1812 3587 1930 3655 fru-

349 3690 491 3732 ctum
530 3678 690 3743 Itunc,
720 3679 1030 3748 proﬁciscar
1055 3696 1148 3748 per
1182 3695 1273 3733 vos
1325 3679 1381 3731 in
1425 3678 1767 3747 Hispaniam.
1806 3678 1927 3733 Scio

342 3773 484 3826 enim
509 3772 755 3841 quoniam
780 3772 993 3825 veniens
1020 3774 1089 3823 ad
1124 3788 1235 3837 vos,
1268 3772 1324 3824 in
1354 3771 1679 3825 abundantia
1720 3773 1929 3824 benedi-

347 3864 539 3917 ctionis
565 3863 758 3917 Christi
785 3866 1006 3918 veniam.
1044 3862 1174 3917 Vide
1196 3879 1318 3918 cum
1352 3862 1464 3935 (92)
1491 3873 1691 3931 quanta
1714 3863 1925 3918 cautela

347 3958 796 4029 ronsignaturum
840 3972 898 4013 se
925 3956 1161 4012 fructum
1196 3955 1537 4011 offerentium
1575 3958 1922 4026 repromiltit.

343 4051 467 4120 Quo
499 4063 658 4122 putas
692 4051 972 4121 signaculo
1022 4051 1254 4107 fructum
1295 4051 1468 4106 sancti
1515 4051 1695 4119 operis
1744 4052 1927 4105 consi-

349 4154 476 4214 gnat
494 4144 819 4214 Apostolus?
842 4144 937 4199 Illo
969 4153 1098 4210 puto
1121 4159 1232 4212 quo
1257 4143 1436 4213 imago
1458 4142 1550 4198 Dei
1578 4143 1923 4212 exprimitur,

348 4238 452 4291 hoc
474 4245 577 4303 est,
620 4245 679 4291 ut
710 4236 762 4290 iu
795 4236 1115 4306 complenda
1141 4249 1303 4304 opere
1336 4235 1479 4289 nulla
1523 4236 1591 4287 sit
1622 4235 1811 4289 aliena:
1834 4250 1927 4289 co-

346 4328 625 4395 gitationis
657 4328 930 4393 admistio,
966 4342 1073 4380 non
1108 4326 1225 4381 laus
1254 4327 1322 4380 ab
1368 4326 1681 4380 hominibus
1712 4341 1926 4393 qumra-

2033 3122 2380 3194 postulatur?
2427 3124 2568 3180 Ecce
2602 3126 2747 3181 enim
2782 3125 2980 3180 Paulus
3014 3125 3328 3195 apostolicis
3357 3129 3621 3198 praeditus

2035 3216 2248 3271 meritis
2305 3232 2410 3271 non
2448 3217 2622 3273 solum
2655 3216 2936 3272 Romanos
2979 3234 3143 3273 orare
3182 3235 3279 3290 pro
3320 3234 3398 3284 se,
3444 3223 3541 3277 sed
3567 3230 3623 3278 et

2034 3307 2348 3363 Corinthios
2374 3309 2714 3364 adhortatur.
2751 3308 2885 3366 Vide
2913 3321 3095 3365 autem
3136 3319 3193 3366 et
3215 3326 3379 3381 quam
3425 3312 3622 3369 validis

2033 3415 2129 3455 eos
2157 3402 2410 3468 astringit
2456 3400 2830 3473 religiosisque
2875 3405 3257 3459 sacramentis.
3291 3403 3401 3458 Per
3435 3405 3622 3459 Domi-

2033 3510 2180 3559 num,
2207 3495 2403 3564 inquit.
2435 3507 2674 3550 nostrum
2699 3496 2884 3551 Iesum
2917 3495 3207 3565 Christum,
3230 3511 3279 3554 et
3307 3516 3402 3568 per
3431 3501 3620 3553 chari-

2030 3595 2190 3640 tatem
2225 3586 2460 3655 Spiritus
2498 3589 2751 3657 deprecor
2777 3606 2865 3645 vos
2902 3600 2961 3644 ut
2997 3592 3260 3662 adjuvetis
3292 3608 3374 3645 me
3407 3592 3467 3646 in
3497 3609 3617 3646 ora-

2030 3679 2260 3731 tionibus
2313 3678 2382 3732 atl
2441 3677 2608 3732 Deum
2657 3677 2792 3751 (94).
2848 3679 3001 3746 Quod
3070 3682 3241 3736 nostri
3292 3692 3613 3750 posuerunt,

2032 3771 2292 3841 adjuvetis
2333 3788 2414 3825 me
2466 3772 2521 3825 in
2562 3774 2912 3839 orationibus,
2950 3774 3389 3843 magnificentius
3417 3775 3615 3844 legitur

2032 3865 2173 3931 apud
2212 3861 2449 3929 Gnaeos,
2477 3866 2950 3934 συναγωνίσασθαι
2987 3865 3136 3937 (95):
3174 3866 3227 3920 in
3257 3882 3367 3936 quo
3402 3867 3510 3922 hoc
3535 3877 3616 3923 est

2030 3954 2174 4024 quod
2210 3955 2501 4021 indicatur,
2536 3966 2591 4009 ut
2620 3958 2877 4025 adjuvetis
2921 3973 3002 4010 me
3027 3957 3083 4011 in
3112 3973 3281 4027 agone
3303 3969 3614 4013 orationum

2030 4049 2102 4100 ad
2135 4046 2324 4114 Deum,
2351 4049 2645 4104 ostendens
2693 4050 2847 4118 quasi
2884 4064 3109 4118 agonem
3157 4049 3357 4104 habeat
3404 4050 3529 4122 ipse
3558 4060 3612 4107 et

2030 4152 2305 4196 certamen
2349 4142 2635 4209 orationis,
2675 4143 3092 4197 adversantibus
3142 4143 3245 4198 sibi
3285 4146 3404 4198 sine
3443 4145 3607 4201 dubio

2029 4237 2134 4291 illis
2166 4236 2232 4291 de
2270 4236 2465 4306 quibus
2510 4237 2726 4292 dicebat
2758 4256 2771 4291 :
2823 4235 2948 4292 Non
2980 4240 3118 4293 enim
3161 4239 3309 4293 nobis
3345 4251 3604 4295 certamen

2027 4337 2102 4380 est
2135 4327 2388 4381 adversus
2405 4342 2617 4380 carnem
2633 4336 2680 4380 et
2702 4327 3037 4396 sanguinem,
3059 4329 3149 4382 sed
3175 4330 3437 4383 adversus
3463 4334 3604 4398 prin-

349 4433 456 4487 tur,
476 4421 570 4474 sed
599 4430 658 4474 ut
689 4422 742 4475 in
776 4419 1126 4490 simplicitate
1150 4420 1332 4474 cordis
1361 4418 1452 4488 qui
1482 4418 1669 4471 tribuit
1695 4418 1919 4480 tribuat,
1954 4398 1999 4453 D
2028 4421 2230 4487 cipatus
2254 4428 2305 4472 et
2335 4427 2637 4484 potestates,
2664 4420 2915 4475 adversus
2944 4420 3132 4473 mundi
3171 4420 3335 4491 hujus
3382 4433 3604 4475 rectores

348 4526 403 4567 ct
452 4529 557 4567 non
606 4528 672 4567 ea:
723 4513 943 4567 tristitia
972 4529 991 4566 .'
1032 4513 1256 4566 hilarem
1297 4512 1432 4565 enim
1479 4510 1720 4562 datorem
1748 4510 1920 4579 diligit

416 4608 461 4641 ³⁸
523 4606 656 4661 Luc.
715 4622 853 4671 xvtt,
904 4604 994 4663 10.
1071 4604 1159 4658 σοι
1189 4603 1316 4659 Cor.
1347 4618 1441 4667 vn,
1481 4601 1573 4657 25.

341 4678 392 4714 δ”
426 4678 581 4733 Rom.
618 4693 706 4741 xv,
739 4677 829 4731 29.

421 4771 532 4844 (8'7)
579 4771 679 4825 Ms.
733 4770 934 4841 Regius
964 4786 1116 4825 num.
1156 4770 1315 4838 1659,
1347 4786 1469 4840 erga
1494 4778 1773 4838 utrumque
1799 4785 1927 4822 usus

341 4855 437 4907 est,
470 4857 576 4898 etc.

421 4914 537 4985 (88)
569 4914 734 4980 Editi,
760 4923 966 4967 terrena
995 4928 1112 4965 vero
1147 4922 1196 4966 et
1230 4910 1564 4978 temporalia,
1592 4910 1699 4963 sive
1741 4924 1927 4962 carna-

346 4986 444 5039 lia.
484 4984 591 5039 Sed
626 4999 818 5039 onmes
846 4996 977 5037 mss.
1012 4993 1069 5034 ut
1100 4984 1149 5036 in
1174 4994 1363 5037 nostro
1396 4990 1567 5035 textu.

442 5054 532 5122 89)
569 5056 696 5115 Mss.
731 5054 937 5122 plures,
969 5068 1084 5122 qua:
1112 5054 1360 5121 principio
1384 5053 1546 5122 vobis.

442 5055 510 5109 89
569 5056 696 5115 Mss.
731 5055 937 5122 plures,
969 5068 1084 5122 qua:
1112 5055 1360 5121 principio
1384 5055 1546 5106 vobis.

418 5055 532 5192 i90i
560 5124 723 5180 Editi.
748 5138 1039 5177 commune.
1065 5122 1231 5176 Paulo
1264 5132 1383 5190 post
1413 5138 1515 5178 ms.
1538 5119 1741 5192 Regius
1771 5138 1920 5179 num.

349 5193 520 5257 1659.
553 5196 694 5264 Ergo
720 5210 813 5262 per
835 5193 1136 5262 hujusmodi
1161 5195 1531 5257 ministerium,
1565 5203 1672 5247 etc.

416 5268 529 5330 (9i)
564 5267 726 5329 Editi,
763 5264 1069 5330 nominavit,
1101 5264 1259 5317 male.

417 5333 529 5410 (9‘2)
557 5337 649 5392 Sic
676 5335 952 5410 liabanus.
977 5333 1253 5410 Msstvero
1283 5334 1487 5410 etediti
1510 5334 1918 5410 omittuntcum.

346 5404 517 5464 l'aulo
550 5417 671 5476 post
700 5408 980 5470 Rabanus,
1019 5404 1164 5458 nulla
1188 5406 1254 5457 sit
1283 5406 1470 5458 aliena:
1503 5407 1920 5461 conversationis

341 5480 612 5537 odmistio.

418 5548 531 5620 (95)
569 5549 659 5603 Sic
706 5563 839 5602 mss.
883 5546 1055 5601 nostri
1107 5554 1310 5620 textum
1350 5545 1594 5613 Apostoli
1632 5547 1911 5601 exhibent.

348 5618 652 5679 Editi‘vero
684 5620 830 5672 hunc
878 5618 1250 5671 tantuuuuodo
1296 5625 1698 5685 prosequuntur
1739 5633 1913 5685 usque

340 5693 433 5757 ad,
458 5699 506 5742 et
543 5704 633 5749 per
656 5689 969 5745 charitatem
995 5687 1247 5757 Spiritus,
1278 5697 1332 5743 et
1358 5687 1486 5757 ipsis
1515 5686 1757 5756 Vulgata:
1787 5702 1911 5741 ver-

1650 4601 1692 4633 “
1720 4600 1865 4656 Psal.
1896 4617 2017 4667 cm,
2051 4603 2116 4671 4;
2149 4602 2313 4659 Hebr.
2356 4619 2400 4672 ι,
2442 4604 2494 4659 7.

2029 4514 2362 4565 tenebrarum
2385 4557 2399 4580 ,
2432 4514 2683 4568 adversus
2712 4515 2980 4582 spiritalia
3015 4515 3262 4583 nequitia:
3302 4517 3358 4569 in
3387 4516 3605 4571 caelesti-

2590 4606 2634 4639 δ’
2667 4605 2709 4661 ll
2732 4605 2859 4663 Cor.
2895 4609 3036 4673 “,7.
3094 4606 3494 4676 "Rom.xv,30
3517 4622 3596 4677 sq.

2028 4770 2115 4823 his
2148 4778 2393 4827 utuntur.
2422 4768 2876 4838 quemadmodum
2902 4777 2958 4821 et
2979 4766 3255 4823 Rabanus.

2105 4840 2215 4910 (94)
2252 4841 2415 4908 Editi,
2449 4838 2554 4894 Per
2587 4838 2867 4892 Dominum
2899 4850 3157 4897 nostrum.
3186 4848 3237 4891 et
3263 4854 3356 4905 per
3385 4840 3602 4894 charito-

2030 4920 2129 4964 tem
2158 4909 2411 4980 Spiritus,
2444 4921 2496 4964 ut
2532 4910 2789 4980 adjuvetis
2817 4925 2898 4962 me
2925 4910 2983 4963 in
3017 4910 3345 4965 orationibus
3388 4912 3458 4963 ad
3500 4910 3600 4964 Do-

2029 4979 2252 5037 minum.
2293 4981 2397 5037 Sed
2429 4995 2560 5037 mss.
2590 4989 2644 5034 et
2668 4979 2925 5033 Rabanus
2946 4990 3003 5033 ut
3036 4981 3089 5033 in
3110 4987 3289 5044 textu;
3324 4981 3430 5035 nisi
3457 4980 3593 5049 quod

2029 5053 2250 5120 quidam
2277 5054 2552 5118 omittam,
2587 5052 2775 5117 inquit,
2805 5060 2860 5104 et
2887 5051 3130 5119 plerique
3151 5050 3411 5105 amittant
3438 5053 3592 5106 etiam

2029 5127 2412 5248 deprecggyvgs,
2443 5138 2565 5193 qua:
2603 5123 2766 5176 verba
2801 5123 3165 5177 restituuntur
3198 5135 3266 5175 ex
3296 5139 3406 5177 ms.
3430 5122 3595 5193 Regio

2029 5208 2179 5246 tmm.
2290 5217 2321 5248 ι)
2363 5234 2377 5248 .

2029 5208 2179 5246 num.
2220 5196 2377 5250 1659.
3623 5206 3629 5239 ³

2097 5263 2209 5334 (95)
2244 5266 2371 5319 Mss.
2407 5264 2601 5331 nostri,
2629 5262 2887 5334 [tabanus
2906 5273 2962 5319 et
2983 5264 3370 5321 Genebrardus
3398 5266 3590 5320 habent

2031 5333 2402 5391 tantummodo
2462 5333 2954 5404 συναγωνίσασθαι,
2990 5334 3115 5390 licet
3170 5346 3441 5403 corrupte.
3489 5334 3587 5390 Sed

2025 5405 2189 5460 editio
2234 5406 2435 5460 Veneta
2478 5406 2752 5460 Salodiani
2786 5416 2841 5461 et
2898 5406 3177 5472 Merlinus,
3213 5409 3331 5475 ejus
3367 5422 3584 5476 sequax,

2025 5476 2417 5551 tnuissoghocce
2439 5478 2622 5551 verba,
2646 5477 2866 5545 habent,
2884 5478 2953 5551 ὲνᾼ
2967 5480 3087 5551 ταῖς
3104 5480 3436 5551 προσευχαῖς
3459 5478 3589 5547 ὑπὲρ

2031 5546 2429 5624 ἐμοῐᾷᾼὶιξὶιιιιε
2451 5548 2581 5603 editi
2617 5557 2671 5603 et
2703 5563 2832 5604 mss.
2863 5548 3083 5624 quidam
3150 5546 3365 5621 quando
3396 5553 3486 5603 hoc
3517 5546 3588 5601 est

2020 5620 2157 5685 quod
2193 5620 2479 5675 indicatur.
