3744 6146
110 309 237 366 {277

1071 311 1428 367 COMMENT.
1462 312 1529 366 IN
1566 312 1786 371 EPIST.
1822 313 1915 367 AD
1952 312 2120 370 ROM.
2165 312 2293 368 LIB.
2336 312 2403 370 Χ.

3220 314 3360 366 1278

110 434 196 487 bus
222 432 289 488 ⁵⁸.
316 432 385 487 Ει
413 442 624 489 certum
660 440 744 487 est
774 432 917 501 quod
971 432 1061 487 isti
1098 448 1289 489 omnes
1318 435 1461 488 sicut
1486 435 1679 490 adver—
1706 442 1753 497 Α
1782 446 1837 488 ιιι
1859 434 2005 489 Deus
2041 434 2195 504 pacis
2221 435 2294 487 sit
2325 449 2447 487 cum
2483 432 2586 496 eis,
2628 430 2679 484 id
2719 438 2823 494 est,
2860 437 2919 482 ut
2954 445 3060 497 pax
3088 428 3209 490 Dei.
3242 445 3360 499 quae

111 534 290 579 santur
321 525 450 581 ﬁdei
479 534 535 580 et
559 525 820 580 resistunt
846 525 1061 594 pietati,
1094 525 1235 579 sicut
1265 527 1528 581 contrarii
1553 537 1680 580 sunt

106 614 345 683 justitize,
377 624 435 670 et
455 615 697 680 veritati,
722 626 777 671 et
796 615 1049 671 omnibus
1067 616 1248 679 bonis,
1278 616 1349 671 ita
1368 618 1487 672 sine
1517 617 1680 671 dubio

114 705 370 759 resistunt
404 716 465 761 et
509 708 868 761 adversantur
900 707 1155 761 orationi.
1186 705 1254 761 Et
1288 707 1410 763 ideo
1443 709 1683 763 ostendit

112 796 303 852 Paulus
338 813 464 853 esse
497 814 604 853 non
648 800 930 853 minimum
983 799 1146 853 etiam
1178 797 1291 870 (96)
1329 801 1383 854 in
1432 800 1682 855 oratione

112 901 410 957 certamen,
448 893 495 948 si
527 892 745 960 quidem
781 893 834 946 in
876 893 978 947 hoc
1010 894 1315 948 certamine
1340 894 1504 948 etiam
1527 893 1684 946 auxi-

112 985 234 1038 lium
259 1000 454 1040 eorum
477 987 569 1055 qui
593 985 776 1039 Romae
793 996 920 1041 sunt
936 987 1231 1043 crediderit
1258 988 1682 1058 implorandum.

96 1075 391 1161 “Obsistunt
420 1077 566 1132 enim
596 1092 724 1133 vere
756 1080 1029 1135 daemones
1070 1088 1127 1135 et
1158 1082 1449 1137 contrariae
1495 1091 1695 1151 potes-.

114 1166 245 1222 tate's
271 1168 324 1221 in
353 1169 608 1224 oratione
636 1171 812 1239 primo
840 1185 938 1240 per
967 1170 1119 1233 illud,
1144 1187 1211 1226 ne
1233 1171 1356 1228 talis
1375 1173 1685 1229 inveniatur

113 1260 155 1315 is
182 1260 272 1329 qui
327 1260 383 1314 in
423 1262 690 1316 orationis
734 1277 905 1332 agone
945 1263 1213 1330 desudat,
1254 1276 1313 1319 ut
1348 1264 1489 1319 levet
1525 1283 1685 1333 puras

111 1366 288 1404 manus
314 1350 429 1404 sine
457 1351 542 1405 ira
569 1351 639 1405 “.
671 1353 830 1419 Quod
862 1353 965 1408 etsi
1000 1354 1104 1408 hoc
1135 1355 1259 1422 quis
1307 1356 1556 1412 obtinere
1589 1374 1684 1426 po-

113 1440 267 1495 tuerit
299 1440 416 1512 (97)
461 1451 521 1494 ut
550 1441 669 1496 sine
705 1441 789 1496 ira
845 1444 936 1507 sit,
962 1443 1049 1497 vix
1082 1452 1168 1499 est
1206 1453 1266 1499 ut
1303 1444 1524 1516 ell'ugiat
1565 1462 1687 1502 esse

110 1532 222 1587 sine
271 1533 694 1601 disceptatione,
724 1534 831 1589 hoc
880 1543 965 1590 est
1019 1536 1138 1590 sine
1187 1536 1475 1604 superﬂuis
1503 1552 1558 1592 et
1598 1555 1689 1594 va-

111 1626 193 1679 nis
236 1626 688 1695 cogitationibus.
743 1625 850 1681 Vix
906 1628 1050 1682 enim
1113 1629 1359 1685 invenies
1403 1640 1461 1685 ut
1510 1633 1686 1686 oranti

110 1716 351 1787 cuiquam
383 1731 494 1773 non
525 1717 726 1790 aliquid
770 1718 948 1774 inanis
1000 1727 1057 1776 et
1092 1720 1284 1778 alienae
1333 1725 1685 1793 cogitationis

1781 535 2060 593 exsuperat
2091 542 2293 579 omnem
2327 535 2570 587 mentem,
2602 522 2863 575 custodiat
2893 522 3055 575 corda
3080 537 3266 576 eorum
3302 524 3359 577 in

1779 616 1985 672 Christo
2004 616 2131 671 Jesu
2162 618 2238 687 (Δ)
2269 618 2357 686 qui
2399 632 2503 685 pax
2537 625 2620 668 est
2650 622 2830 667 nostra
2867 613 2933 668 ⁵⁸).

1853 708 1940 761 17.
1982 705 2298 761 Commendo
2326 718 2498 759 autem
2546 704 2689 758 vobis
2728 702 2950 756 Phoeben
3009 720 3242 758 sororem
3266 720 3363 758 no-

1781 810 2096 868 stram,qua:
2117 807 2194 853 est
2220 800 2274 852 in
2307 799 2598 853 ministerio
2631 797 2881 851 Ecclesia:
2908 813 3025 866 qua:
3042 808 3115 850 est
3139 797 3195 850 in
3222 796 3360 851 Cen—

1780 891 1940 957 chris,
1960 891 2005 921 “
2024 898 2080 943 ut
2106 906 2219 943 eam
2242 890 2539 956 suscipiatis
2570 890 2624 942 in
2665 888 2893 942 Domino
2927 888 3083 956 digne
3109 888 3260 948 satis,
3311 896 3360 941 et

1781 985 2039 1039 assistatis
2067 985 2113 1038 ei
2138 984 2195 1037 in
2229 983 2619 1053 quibuscunque
2666 982 2955 1050 indiguerit
2991 982 3171 1034 vestri.
3219 977 3362 1033 Nam

1781 1077 1899 1144 ipsa
1930 1091 2132 1146 quoque
2178 1075 2349 1127 astitit
2383 1074 2566 1126 multis
2609 1085 2656 1126 et
2707 1074 2837 1126 mihi
2884 1074 2985 1141 ipsi
3016 1071 3115 1141 (5).
3151 1071 3216 1124 Et
3275 1070 3364 1124 hic

1783 1168 1937 1222 locus
1971 1166 2274 1235 apostolica
2303 1164 2624 1218 auctoritate
2654 1166 2812 1218 docet
2849 1164 3014 1217 etiam
3049 1160 3281 1215 feminas
3309 1161 3364 1217 in

1792 1259 2097 1313 ministerio
2131 1258 2388 1312 Ecclesiae
2416 1256 2700 1311 constitui.
2754 1255 2811 1309 lu
2847 1272 2956 1326 quo
2999 1255 3176 1311 ollicio
3215 1254 3363 1325 posi~

1787 1359 1894 1404 tam
1907 1349 2146 1405 Pliteben
2162 1349 2301 1419 apud
2315 1348 2611 1404 Ecelesiam
2634 1362 2755 1417 quae
2769 1359 2848 1402 est
2866 1349 2919 1401 in
2938 1346 3222 1409 Cenchris,
3235 1345 3368 1399 Pau-

1786 1441 1871 1496 lus
1887 1457 2008 1497 cum
2035 1440 2190 1496 laude
2209 1456 2402 1512 magna
2422 1451 2479 1495 et
2497 1440 2967 1495 commendatione
2993 1438 3364 1508 prosequitur,

1786 1548 2118 1589 enumerans
2142 1534 2307 1588 etiam
2344 1542 2497 1605 gesta
2531 1532 2701 1603 ipsius
2731 1533 3014 1602 praeclara,
3045 1541 3101 1585 et
3128 1533 3315 1585 dicens
3345 1544 3363 1583 :

1789 1627 1927 1694 Quia
1964 1627 2019 1680 in
2051 1637 2259 1681 tantum
2285 1626 2536 1682 omnibus
2566 1626 2761 1690 astitit,
2790 1627 2894 1680 hoc
2931 1635 3028 1686 est,
3083 1625 3135 1677 iu
3173 1636 3366 1678 neces.

1790 1720 2044 1775 sitatibus
2076 1730 2272 1789 praesto
2301 1718 2424 1795 fuit,
2464 1730 2520 1773 ut
2543 1720 2707 1774 etiam
2740 1718 2868 1771 mihi
2916 1718 3016 1786 ipsi
3046 1717 3098 1770 in
3128 1715 3366 1770 necessi-

109 1818 373 1873 occurrat,
406 1819 463 1865 et
514 1809 869 1867 intentionem
900 1826 1004 1881 qua
1045 1812 1099 1867 in
1155 1812 1320 1869 Deum
1348 1830 1502 1871 mens
1540 1817 1677 1871 diri-
1714 1799 1759 1857 Β
1789 1813 1993 1866 tatibus
2023 1810 2158 1865 meis
2184 1811 2603 1880 apostolicisque
2630 1811 2910 1865 laboribus
2937 1818 3045 1864 tota
3077 1809 3365 1863 devotione

110 1902 280 1971 gitur,
332 1902 573 1958 declinet
624 1918 690 1959 ac
743 1904 999 1976 frangat,
1056 1918 1221 1977 atque
1296 1923 1415 1962 eam
1471 1924 1567 1978 per
1618 1927 1679 1965 ea

110 2007 223 2060 qua:
271 2008 379 2047 non
429 1997 684 2067 competit
719 1997 897 2065 rapiat
943 1998 1075 2070 (98).
1124 1999 1192 2054 Et
1234 2001 1354 2056 ideo
1392 2017 1531 2071 agon
1571 2019 1681 2056 ma-

109 2099 239 2152 gnus
251 2086 417 2158 681
443 2098 529 2141 est
549 2088 832 2153 orationis,
852 2098 909 2143 ut
929 2091 1318 2147 obsistentibus
1339 2093 1596 2156 inimicis,
1627 2104 1681 2148 et

109 2178 363 2232 orationis
394 2194 616 2235 sensum
651 2183 701 2233 in
748 2182 969 2235 diversa
1044 2185 1402 2252 rapientibus,
1451 2185 1555 2241 lixa
1613 2189 1680 2241 ad

110 2267 267 2323 Deum
308 2286 532 2341 semper
571 2288 723 2328 mens
778 2275 962 2329 stabili
1017 2275 1318 2331 intentione
1367 2282 1680 2345 contendat,

111 2369 164 2410 ut
197 2362 394 2415 merito
433 2363 606 2430 possit
629 2364 793 2417 etiam
835 2365 947 2433 ipse
992 2368 1176 2421 dicere
1220 2366 1330 2438 (99)
1360 2386 1375 2422 :
1406 2368 1682 2425 Certamen

110 2453 294 2507 bonum
336 2457 553 2520 certavi,
602 2472 815 2510 cursum
855 2461 1212 2513 consummavi
1244 2460 1310 2514 ιτ.
1356 2461 1511 2517 Nunc
1555 2479 1685 2532 ergo

109 2553 224 2597 orat
251 2546 545 2612 Apostolus
567 2548 810 2617 adjuvari
842 2565 903 2604 se
945 2551 995 2603 iu
1043 2566 1215 2621 agone
1258 2554 1585 2618 orationum,
1627 2564 1682 2608 ut

110 2637 367 2694 liberetur
389 2641 461 2695 ab
493 2643 784 2699 incredulis
806 2645 896 2713 qui
928 2656 1056 2699 sunt
1098 2646 1149 2697 in
1178 2644 1384 2712 Iudaea,
1418 2662 1445 2699 a
1485 2648 1683 2715 quibus

113 2745 211 2785 non
246 2741 353 2785 tam
380 2733 489 2803 pali
526 2734 701 2799 timet,
727 2750 900 2805 neque
930 2736 1172 2805 perferre
1202 2752 1265 2791 ea
1301 2754 1420 2805 qua:
1442 2740 1508 2791 ad
1549 2752 1683 2806 apo-

112 2826 332 2880 stolatus
362 2823 482 2893 ejus
507 2826 734 2896 gloriam
755 2828 1050 2897 pertinent,
1069 2844 1228 2898 quam
1251 2831 1497 2900 impediri
1528 2846 1685 2887 vere-

114 2927 196 2969 tur
218 2933 285 2972 ne
315 2920 522 2973 diutius
547 2919 844 2974 obstaculis
873 2936 1063 2975 eorum
1091 2932 1357 2987 retentus,
1384 2923 1465 2978 vel
1509 2925 1685 2979 mimis

113 3019 318 3075 gratum
346 3011 608 3077 exhibeat
643 3011 847 3067 sanctis
902 3012 1293 3076 ministerium,
1328 3014 1471 3083 quod
1500 3029 1557 3068 et
1600 3015 1683 3086 ip-

113 3116 225 3156 sum
259 3103 606 3160 orationibus
638 3103 844 3175 indiget
876 3115 935 3160 ut
978 3105 1077 3160 liat
1130 3118 1411 3174 acceptum
1437 3107 1514 3178 (l)
1549 3127 1564 3161 :
1602 3109 1684 3162 vel

1789 1906 1987 1961 mentis
2028 1905 2280 1958 astiterit.
2301 1903 2490 1959 Simile
2529 1914 2708 1958 autem
2733 1920 2869 1974 opus
2890 1903 3007 1971 ejus
3036 1905 3266 1958 dixerim
3285 1903 3365 1973 (6)

1788 1998 2145 2068 hospitalitati
2188 1997 2314 2061 Lot,
2345 1999 2436 2067 qui
2473 2000 2598 2050 dum
2632 2012 2846 2065 semper
2880 1995 3128 2064 hospites
3173 2009 3367 2050 susce-

1788 2090 1886 2159 pit,
1912 2089 2111 2143 meruit
2138 2089 2430 2158 aliquando
2445 2096 2500 2142 et
2516 2087 2734 2157 angelos
2753 2086 2987 2157 hospitio
3003 2086 3278 2153 suscipere
3295 2084 3364 2140 ⁵³.

1791 2182 2054 2238 Similiter
2082 2195 2135 2239 et
2164 2183 2461 2245 Abraham,
2504 2185 2630 2235 dum
2663 2195 2879 2250 semper
2904 2180 3146 2233 occurrit
3175 2178 3366 2247 hospi-

1792 2278 1955 2337 tibus,
1982 2277 2182 2330 meruit
2218 2286 2353 2331 utet
2389 2275 2648 2331 Dominus
2692 2288 2815 2329 cum
2868 2272 3076 2337 angelis
3131 2272 3368 2325 diverte-

1792 2377 1873 2420 ret
1889 2369 1955 2421 ad
1985 2368 2389 2422 tabernaculum
2411 2366 2526 2434 ejus
2545 2368 2607 2418 ⁸³.
2635 2365 2711 2419 lta
2728 2375 2781 2419 et
2803 2366 2916 2419 haec
2937 2364 3184 2432 religiosa
3210 2363 3369 2416 Plue-

1791 2461 1857 2514 be
1884 2460 2010 2512 dum
2036 2468 2173 2513 astat
2206 2459 2463 2513 omnibus
2492 2467 2547 2513 et
2572 2458 2827 2511 omnibus
2854 2458 3196 2526 obsequitur,
3229 2455 3370 2508 assi-

1790 2560 1935 2605 stere
1979 2560 2036 2604 et
2074 2550 2298 2619 obsequi
2341 2551 2506 2602 etiam
2560 2549 2818 2618 Apostolo
2872 2549 3092 2603 meruit.
3138 2547 3199 2600 Et
3244 2547 3368 2601 ideo

1793 2643 1939 2695 locus
1968 2642 2056 2695 hic
2090 2643 2199 2695 duo
2232 2641 2434 2710 pariter
2474 2641 2649 2705 docet,
2670 2650 2731 2701 (et
2763 2640 2973 2705 haberi,
3005 2650 3065 2694 ut
3102 2638 3367 2702 diximus,

1793 2733 2021 2788 feminas
2076 2734 2354 2788 ministras
2390 2733 2442 2785 iu
2482 2732 2743 2796 Ecclesia,
2774 2743 2828 2786 et
2858 2735 2996 2787 tales
3029 2733 3226 2787 debere
3278 2746 3367 2784 as-

1791 2826 1927 2881 sumi
1965 2827 2017 2879 in
2049 2825 2438 2889 ministerium,
2468 2841 2590 2894 qua:
2635 2825 2910 2879 astiterint
2952 2824 3157 2890 tnultis,
3188 2833 3243 2878 et
3273 2837 3368 2890 per

1793 2917 1930 2970 bona
1955 2913 2126 2970 oﬂicia
2162 2930 2332 2984 usque
2354 2916 2421 2969 ad
2453 2915 2801 2983 apostolicam
2830 2915 3039 2969 laudem
3068 2913 3369 2968 meruerint

1795 3007 2094 3076 pervenire.
2127 3003 2395 3059 Hortatur
2425 3006 2590 3060 etiam
2627 3005 2779 3069 illud,
2820 3015 2877 3057 ιιι
2905 3004 2998 3073 qui
3031 3004 3187 3058 bouis
3232 3015 3366 3070 ope-

1798 3101 1944 3153 ribus
1977 3100 2027 3152 in
2063 3098 2322 3153 Ecclesiis
2351 3099 2482 3152 dant
2526 3112 2769 3160 operam.
2808 3098 2980 3151 vicem
3029 3095 3295 3164 recipiant
3332 3109 3364 3147 a

114 3208 175 3246 ue
206 3195 545 3251 desiderium
575 3196 693 3267 ejus
716 3164 861 3266 quod
900 3210 1030 3267 erga
1079 3164 1356 3253 Romanos
1399 3164 1562 3254 habet
1607 3200 1687 3253 vi-
1713 3164 1756 3221 δ
1789 3190 2047 3245 fratribus
2076 3200 2132 3244 et
2180 3190 2468 3253 honorem,
2505 3198 2564 3242 ut
2604 3190 2657 3243 in
2695 3189 3116 3257 quibuscunque
3177 3199 3366 3239 neces-

114 3288 323 3354 sendos,
354 3289 564 3344 diutius
597 3289 903 3348 diﬂeratur.
939 3293 1016 3352 Si.
1036 3294 1234 3363 inquit,
1264 3294 1366 3348 hoc
1409 3294 1479 3347 ita
1512 3307 1689 3349 cesse-

117 3379 181 3432 rit
214 3390 272 3434 ut
296 3390 351 3436 et
379 3382 741 3437 ministerium
784 3398 962 3438 meum
1010 3395 1293 3455 acceptum
1340 3385 1435 3440 ﬁat
1483 3385 1690 3442 sanctis

117 3470 166 3523 iu
201 3469 539 3544 Jerosolyma
582 3471 683 3543 (2),
712 3485 769 3528 et
821 3474 1086 3529 liberatus
1138 3475 1207 3529 ab
1259 3473 1553 3529 incredulis
1597 3473 1689 3542 qui

117 3570 235 3615 sunt
287 3561 343 3615 in
377 3559 581 3625 Judtea,
614 3563 800 3616 venire
849 3564 914 3617 ad
963 3578 1057 3618 vos
1102 3579 1207 3617 non
1259 3564 1539 3632 impediar,
1594 3579 1692 3633 pro

117 3649 251 3707 bene
272 3652 446 3723 gestis
474 3653 637 3707 rebus
689 3654 933 3723 gaudens
958 3653 1201 3724 profecto
1230 3655 1297 3708 ad
1328 3672 1423 3710 vos
1478 3656 1687 3709 veniam

116 3755 232 3795 cum
256 3744 544 3799 voluntate
585 3743 700 3808 Dei,
727 3755 782 3798 et
840 3747 1174 3814 requiescam
1211 3746 1514 3802 vobiscum.
1572 3747 1689 3802 Non

118 3837 454 3906 corporalem
485 3837 678 3906 utique
707 3838 946 3905 requiem
985 3840 1178 3908 quarrit
1226 3839 1451 3907 Paulus,
1501 3845 1595 3895 sed
1626 3841 1690 3894 il-

120 3924 220 3981 lam
245 3944 371 3998 quze
404 3929 834 3984 consolationem
862 3930 1027 3985 habet
1069 3946 1136 3985 ex
1161 3932 1292 3995 Deo,
1329 3932 1470 3986 sicut
1493 3942 1547 3986 et
1574 3933 1688 4002 ipse

120 4020 396 4092 inprimis
444 4023 699 4094 Epistulae
759 4022 918 4092 hujus
973 4024 1219 4094 partibus
1254 4025 1393 4077 dixit
1416 4024 1462 4055 δ”
1499 4042 1512 4077 :
1550 4023 1684 4078 Con-

119 4112 277 4166 solari
299 4115 356 4168 in
385 4115 463 4185 (5)
497 4115 637 4168 vobis
668 4129 760 4181 per
781 4129 896 4167 eam
918 4096 1041 4184 quas
1065 4114 1285 4167 invicem
1301 4122 1377 4166 est
1409 4112 1565 4180 ﬁdem
1596 4129 1683 4167 ve-

118 4213 275 4259 stram
297 4216 451 4276 atque
475 4223 665 4260 meam.

185 4296 271 4350 l6.
330 4296 471 4352 Deus
524 4309 699 4353 autem
757 4300 902 4369 pacis
951 4299 1018 4352 sit
1062 4314 1182 4352 cum
1228 4298 1467 4352 omnibus
1523 4295 1683 4353 vobis.

1788 3283 1991 3336 sarium
2023 3280 2188 3336 luerit
2247 3281 2365 3335 sive
2424 3279 2740 3334 carnalibus
2798 3278 3008 3343 ciliciis,
3065 3275 3367 3333 honoriﬁce

1790 3372 2114 3432 habeantur.

1862 3466 1948 3522 18.
1993 3464 2233 3520 Salutate
2261 3464 2506 3519 Priscum
2541 3474 2591 3519 et
2621 3463 2894 3535 Aquilam,
2924 3464 3195 3534 adjutores
3225 3479 3365 3519 meos

1789 3559 1845 3611 in
1877 3556 2087 3611 Christo
2112 3554 2245 3609 Iesu
2276 3555 2387 3625 (qui
2405 3571 2502 3625 pro
2523 3557 2702 3609 anima
2732 3572 2848 3609 mea
2873 3572 2998 3609 suas
3030 3556 3254 3609 cervices
3276 3554 3368 3624 po-

1791 3661 2008 3703 suerunt
2035 3663 2054 3701 :
2083 3649 2271 3721 quibus
2299 3665 2404 3702 non
2445 3646 2619 3702 solum
2658 3664 2750 3718 ego
2796 3651 2998 3718 gratias
3031 3664 3150 3717 ago,
3178 3652 3268 3701 sed
3316 3657 3365 3700 et

1791 3742 2044 3795 universae
2077 3739 2327 3794 Ecclesia:
2358 3743 2612 3810 gentium)
2642 3739 2711 3805 ⁵⁵,
2733 3748 2780 3792 et
2812 3739 3153 3792 domesticam
3181 3754 3366 3791 eorum

1794 3834 2085 3889 Ecclesiae:
2112 3834 2210 3905 (7).
2249 3832 2512 3889 Videntur
2558 3835 2688 3888 mihi
2734 3835 2833 3903 ipsi
2871 3848 3012 3896 esse,
3062 3833 3128 3885 de
3169 3833 3367 3901 quibus

1792 3928 1843 3980 iu
1870 3928 2093 3980 Actibus
2112 3926 2479 3995 apostolorum
2513 3926 2587 3979 ita
2613 3925 2877 3990 scriptum
2901 3934 2983 3977 est
3015 3940 3029 3978 :
3065 3920 3190 3976 Post
3254 3923 3365 3976 Ιηιέ

1790 4028 1963 4071 autem
1985 4019 2251 4072 discedens
2277 4016 2477 4071 Paulus
2500 4019 2563 4070 ab
2584 4017 2821 4082 Athenis,
2851 4017 2986 4069 venit
3021 4013 3364 4079 Corinthum;

1791 4122 1836 4162 et
1872 4111 2079 4163 invento
2102 4110 2175 4162 ibi
2208 4114 2435 4178 quodam
2460 4108 2651 4162 Judwo
2671 4111 2876 4163 nomine
2901 4110 3114 4179 Aquila,
3145 4108 3365 4162 Pontico

1790 4218 1999 4268 genere,
2033 4203 2123 4271 qui
2158 4217 2323 4271 nuper
2351 4210 2555 4255 uenerat
2587 4202 2650 4255 de
2684 4200 2847 4255 Italia
2873 4200 2969 4271 (8),
3000 4211 3049 4253 et
3093 4197 3362 4264 Priscilla,

1795 4309 1958 4347 uxore
1989 4292 2125 4360 ejus,
2147 4305 2362 4361 propter
2408 4291 2547 4363 quod
2567 4301 2882 4361 prwceperat
2910 4290 3169 4345 Claudius
3193 4290 3364 4342 disce-

119 4383 278 4443 Amen
303 4387 370 4442 ‘9.
396 4387 601 4459 Ingenti
627 4391 1003 4446 benedictione
1036 4399 1356 4445 muneratur
1384 4388 1681 4453 Romanos,
1715 4386 1760 4440 D
1789 4388 1909 4439 dere
1933 4384 2149 4438 Judteos
2178 4400 2353 4436 omnes
2377 4401 2409 4436 a
2437 4382 2619 4449 Roma,
2660 4386 2877 4437 accessit
2903 4383 2971 4435 ad
3005 4398 3128 4447 eos;
3159 4390 3207 4435 et
3238 4383 3365 4451 quia

184 4507 228 4539 “
255 4508 453 4575 Ephcs.
498 4523 571 4570 vr,
610 4507 697 4562 l2.
774 4506 861 4560 “l
896 4508 1037 4562 Tim.
1063 4524 1124 4572 lt,
1154 4508 1208 4562 8.
1285 4507 1329 4538 "’
1357 4507 1396 4561 ll
1422 4507 1564 4562 Tim.
1597 4522 1671 4567 Iv,
1700 4506 1754 4564 7.
1829 4506 1875 4538 ⁸⁸
1898 4504 2121 4575 Βοῐιιει,
2144 4501 2249 4575 l2._
2309 4501 2355 4533 ⁴⁵⁹
2381 4500 2544 4555 Rom.
2569 4515 2662 4568 xv,
2685 4500 2775 4555 55.
2848 4501 2894 4532 ⁵⁸
2930 4499 3131 4570 Philip.
3181 4515 3257 4564 IV,
3310 4499 3365 4559 7.

119 4576 160 4615 ’ί
192 4579 345 4632 Rom.
376 4578 562 4643 “1,1,
601 4579 657 4633 2.

735 4578 777 4609 ⁸¹
808 4578 943 4633 Gen.
969 4595 1083 4634 XIX.
1160 4578 1207 4609 ⁵³
1232 4578 1370 4634 Gen.
1412 4594 1564 4634 xvm.

189 4716 298 4786 (96)
332 4715 539 4770 Etiam.
578 4717 739 4771 Deest
779 4720 831 4772 in
867 4731 1027 4774 antea
1053 4720 1234 4775 editis.

189 4788 301 4861 (97)
353 4788 517 4852 Editi,
551 4786 704 4853 Quod
751 4801 797 4843 et
840 4791 884 4844 si
908 4793 1024 4861 quis
1062 4790 1291 4845 obtinere
1331 4794 1558 4859 potuerit
1589 4803 1681 4860 ut,

122 4866 223 4911 etc.

186 4928 297 4998 (98)
325 4929 491 5002 Editi,
523 4945 686 5002 neque
709 4946 823 4984 eam
842 4948 933 5001 per
956 4948 1074 4999 qua:
1104 4930 1223 5000 (aL,
1250 4948 1342 5000 per
1375 4931 1554 5002 quam)
1584 4950 1687 4987 non

123 5001 358 5069 competit
392 5003 588 5069 rapiat.
632 4999 971 5063 Deinde‘ms.
1005 4999 1207 5069 Regius
1248 4999 1397 5056 num.
1431 4999 1589 5069 1659,
1619 5004 1685 5057 Et

123 5066 232 5122 ideo
252 5070 381 5138 quia
407 5066 547 5140 agon
594 5084 817 5138 magnus
851 5082 925 5126 est
968 5066 1244 5134 orationis.
1293 5066 1682 5138 obsistentibus,

124 5147 248 5220 etc?
287 5141 489 5196 omisso
516 5151 595 5194 ut.
626 5141 731 5195 Sed
772 5143 952 5197 caeteri
990 5159 1143 5208 mss.,
1182 5142 1437 5198 Rabanus
1463 5154 1519 5199 et
1548 5145 1682 5200 editi

125 5216 181 5259 ut
217 5216 266 5267 in
306 5219 477 5266 textu.

209 5277 302 5354 99)⁸
320 5280 418 5335 Ms.
446 5281 646 5351 Regius
674 5297 825 5354 num.
850 5281 1005 5347 1659,
1036 5283 1193 5337 etiam
1218 5284 1335 5354 ipsa
1355 5287 1544 5352 dicere,
1573 5295 1682 5344 etc.

151 5415 161 5426 ι
191 5347 379 5426 (1)]ιιι
402 5347 931 5426 ιιιβεῖιιᾳειισίηΕιΙίιί
958 5370 1107 5416 vero,
1138 5347 1280 5425 quod
1320 5365 1368 5410 et
1400 5347 1539 5425 ipsis
1558 5375 1685 5411 ara-

126 5421 341 5492 tionibus
364 5423 712 5492 indigentium
740 5424 833 5490 [int
864 5421 1153 5492 acceptum.

191 5488 264 5557 (2)
296 5489 379 5565 Et.
411 5488 693 5565 Otiiittitur
723 5488 776 5548 in
811 5488 1004 5562 editis,
1035 5497 1125 5564 qui
1157 5505 1341 5565 postea
1387 5497 1588 5553 habent
1610 5500 1682 5565 Ain

124 5551 479 5632 Jerotolymis.
988 5551 1068 5564 "
1157 5551 1174 5565 '
1290 5551 1301 5553 ‘
1574 5551 1624 5571 π

193 5628 381 5712 Ᾰὶι.
414 5632 761 5712 Desideratur
801 5635 853 5689 in
878 5636 1038 5692 editis
1061 5680 1076 5705 ,
1110 5645 1166 5712 et
1194 5638 1352 5706 paulo
1376 5646 1497 5708 post
1520 5639 1683 5693 Amen

127 5705 387 5777 omittitur
421 5705 474 5755 in
504 5705 768 5777 omnibus
813 5722 943 5763 mss.
991 5705 1217 5777 nostris,
1260 5712 1352 5765 sed
1377 5705 1576 5767 "exstat
1626 5713 1680 5766 in

127 5766 277 5827 editis
299 5786 353 5829 et
379 5775 517 5845 apud
543 5772 848 5835 Rabnuuun

1643 4577 1690 4610 ”
1721 4578 1883 4633 Rom.
1912 4590 2027 4640 xw,
2050 4574 2105 4639 5,
2130 4573 2184 4638 4,

1860 4716 1934 4788 (4)
1960 4715 2028 4770 1η
2047 4714 2256 4788 Christo
2279 4714 2431 4768 Jesu.
2469 4712 2592 4767 Hice
2625 4714 3192 4781 prattermittunturiu
3248 4717 3364 4770 edi-

1790 4788 1880 4847 tis,
1907 4788 1997 4857 qui
2024 4796 2209 4854 postea
2234 4787 2418 4853 legunt
2445 4796 2762 4857 pax‘restra.

1859 4854 1939 4930 (5)
1970 4857 2040 4930 Ut
2062 4872 2177 4930 eam
2197 4856 2497 4930 suscipiatis
2538 4855 2594 4906 in
2641 4854 2866 4930 Domino
2910 4854 3067 4930 digne
3106 4858 3272 4930 satis,
3315 4871 3365 4911 et

1784 4925 2052 4983 ass'istatis
2094 4928 2142 4980 ei
2188 4928 2242 4980 in
2275 4929 2668 4996 quibuscunque
2695 4926 2977 4995 indiguerit
3008 4930 3191 4996 uestri.
3220 4925 3365 4981 Nunt

1784 5000 1899 5069 ipsa
1919 5014 2119 5067 quoque
2139 4995 2359 5069 adstitit
2380 4997 2581 5069 multis,
2611 5006 2657 5048 et
2697 4995 2828 5069 mihi
2857 4998 2978 5063 ipsi.
3004 4995 3132 5053 Haec
3159 4998 3367 5053 deside-

1792 5066 1982 5123 rantur
2022 5066 2074 5122 m
2105 5077 2263 5122 antea
2298 5068 2480 5130 editis,
2509 5078 2563 5120 et
2618 5066 2977 5121 restituuntur
3032 5085 3099 5124 ex
3149 5084 3280 5123 mss.
3308 5079 3365 5122 et

1790 5140 1866 5193 Ra
1876 5143 2035 5194 bane.

1862 5209 1938 5282 (6)
1964 5210 2093 5263 Mss.
2126 5207 2392 5282 plerique,
2448 5206 2705 5282 Rabantts
2736 5208 2987 5282 etpediti,
3044 5208 3218 5276 dixit;
3260 5212 3357 5264 sesi

1789 5277 1990 5338 rectius
2021 5296 2120 5333 ms.
2152 5277 2354 5349 Regius
2385 5296 2530 5333 num.
2562 5277 2723 5343 1659,
2759 5279 3003 5349 dixerim.

1862 5352 1943 5425 (7)
1970 5350 2069 5405 Ms.
2098 5348 2298 5425 Regius
2318 5366 2473 5425 nunt.
2513 5349 2651 5425 l639
2679 5358 2736 5425 et
2762 5348 3038 5415 Rabanus,
3072 5359 3121 5425 et
3149 5349 3361 5425 domes-

1792 5419 1894 5477 tica
1919 5419 2099 5477 eorum
2131 5419 2386 5474 Ecclesia.
2418 5422 2523 5474 Sed
2555 5420 2739 5473 caueri
2774 5434 2904 5474 mss.
2937 5428 2986 5471 et
3034 5422 3161 5474 editi
3198 5431 3255 5473 ut
3303 5423 3361 5476 iu

1794 5507 1976 5560 textu;
2005 5495 2153 5547 etita
2185 5491 2465 5561 legendum
2519 5504 2640 5545 esse
2687 5492 3022 5544 demonstrat
3078 5492 3371 5548 conclusio

1792 5566 1951 5620 huius
1986 5563 2222 5616 articuli.

1979 5582 2307 5703 illstuililggius
2336 5648 2488 5708 num.
2510 5630 2953 5708 1659,etinueuit
2983 5632 3058 5685 ibi
3077 5635 3361 5708 quemdam

1789 5702 2038 5761 Judi’um
2080 5702 2287 5779 nomine
2319 5707 2653 5779 _Aquilum,”
2686 5702 2964 5779 Ponticum
3011 5702 3218 5779 genere,
3265 5706 3365 5779 qui

1790 5793 1954 5851 nuper
1984 5785 2186 5830 venerat
2223 5777 2285 5828 ab
2307 5772 2504 5841 Italia;
2540 5784 2587 5828 et
2613 5772 2882 5840 Priscilla,
2907 5772 3041 5831 uxor
3079 5774 3215 5847 eius,
3245 5772 3366 5836 etc.
