3744 6146
329 247 466 303 1279

1776 251 2098 308 URIGENIS

3432 246 3563 304 1380

325 372 471 413 erant
497 359 784 414 consimilis
814 363 1054 430 artificii,
1084 369 1276 417 mansit
1299 368 1444 434 apud
1475 382 1582 432 eos,
1607 378 1655 419 et
1704 383 1894 434 opera-
1925 377 1970 429 Α
1999 367 2248 421 laborare
2280 381 2378 436 pro
2401 365 2657 421 Ecclesiis
2687 365 2805 422 Dei.
2855 365 2991 420 Nam
3052 374 3108 420 et
3146 366 3403 426 laborant
3448 379 3566 419 cum

327 452 518 503 bantur
552 450 731 504 sintul.
769 450 929 505 Erant
948 455 1081 506 enim
1096 455 1326 524 artiﬁces
1351 458 1807 525 tabernaculorum
1826 458 1894 524 ⁸³,

327 541 427 593 hoc
454 549 556 605 est,
588 547 830 596 sntores.‘
856 542 969 598 Nec
999 545 1191 598 mirum
1239 546 1285 599 si
1336 545 1572 601 Priscam
1615 549 1811 604 Paulus
1843 550 1896 602 in

327 630 568 699 Epistola
602 632 814 699 scribit,
842 649 961 702 qua:
1004 635 1056 687 in
1105 636 1331 690 Actibus
1382 636 1629 692 Priscilla
1694 641 1898 707 scripta

327 732 434 790 est,
469 724 686 778 caeteris
713 726 1188 780 concordantibus.
1239 727 1424 781 Potest
1466 740 1645 782 autem
1687 731 1803 784 ﬁeri
1841 743 1900 786 ut

328 820 455 884 quia
499 816 573 887 (9)
607 818 697 869 illo
729 825 993 885 tempore,
1044 820 1216 888 pulsis
1266 835 1329 874 ex
1379 822 1510 874 urbe
1553 819 1752 875 Judaeis
1801 836 1898 890 per

328 918 652 976 praeceptum
688 909 938 971 Caesaris,
991 908 1310 963 Corinthum
1364 922 1654 976 venerant,
1710 928 1899 967 rursus

325 1004 487 1057 edicti
515 1010 764 1056 cessante
794 1005 1021 1066 saevitia,
1056 1002 1284 1056 Romam
1329 1006 1560 1073 regressi
1596 1006 1706 1076 (10)
1753 1007 1898 1060 salu-

329 1102 510 1146 teutur
543 1108 570 1145 a
602 1091 785 1146 Paulo.
823 1093 967 1159 Quos
1005 1101 1186 1147 tamen
1222 1104 1447 1163 apparet
1478 1092 1784 1149 Judaaorum
1819 1101 1898 1151 in-

328 1187 483 1242 sidiis
504 1186 669 1242 Paulo
699 1188 1039 1256 periclitante
1068 1190 1383 1258 semetipsos
1413 1190 1699 1257 obiecisse,
1721 1202 1777 1244 ut
1810 1191 1901 1245 ille

331 1279 469 1333 liber
496 1280 813 1333 abscederet
843 1297 856 1332 :
891 1280 990 1332 hoc
1015 1288 1193 1332 autem
1225 1291 1277 1332 et
1300 1279 1460 1333 Jason
1485 1282 1703 1350 quidam
1738 1281 1898 1335 fecis-

328 1384 389 1423 se
424 1370 478 1424 in
519 1370 741 1423 Actibus
764 1371 1128 1437 apostolorum
1160 1370 1388 1424 refertur
1419 1371 1464 1403 ⁵⁸
1496 1387 1510 1425 :
1544 1383 1596 1427 et
1632 1375 1766 1426 banc
1802 1387 1899 1426 eo-

328 1476 447 1513 rum
486 1460 698 1513 laudem
730 1461 1023 1528 Apostolus
1053 1477 1158 1514 non
1184 1462 1332 1525 silet,
1355 1462 1447 1515 sed
1482 1464 1735 1517 Omnibus
1780 1480 1898 1517 eam

331 1552 595 1606 Ecclesiis
626 1553 998 1606 admirandam
1033 1553 1216 1615 tradit,
1247 1561 1301 1605 ct
1327 1553 1445 1606 ideo
1476 1554 1606 1607 dicit
1646 1571 1659 1606 :
1697 1553 1898 1619 Quibus

328 1662 431 1699 non
463 1647 607 1699 solus
630 1662 721 1713 ego
750 1649 953 1714 gratias
990 1661 1112 1713 ago,
1136 1646 1224 1699 sed
1276 1655 1322 1698 et
1356 1647 1611 1699 unirersw
1649 1647 1899 1702 Ecclesiw

2002 460 2197 511 docent
2234 457 2668 512 adolescentulas
2712 458 2925 514 sobrias
2975 473 3119 525 esse,
3148 458 3376 527 diligere
3403 458 3565 519 viros,

2001 549 2142 602 ﬁlios
2168 549 2431 612 enutrirc,
2483 549 2708 619 pudicas
2750 565 2892 614 esse,
2929 562 3142 610 castas.
3171 552 3389 603 domum
3436 548 3566 603 bene

1998 652 2264 711 regentes,
2310 641 2589 712 benignas,
2621 642 2866 697 subditas
2905 644 3037 697 viris
3086 645 3198 698 suis
3233 643 3301 709 ⁸ο,
3338 644 3566 712 hospitio

1998 733 2259 801 recipere,
2291 743 2601 787 sanctorum
2633 735 2795 802 pedes
2846 733 3030 789 lavare
3060 735 3123 800 ⁶¹,
3153 745 3209 789 et
3231 744 3429 789 caetera
3449 748 3567 787 om-

2001 824 2084 877 nia
2129 840 2248 892 quaa
2282 826 2349 879 de
2379 823 2569 879 olliciis
2602 825 2887 879 mulierum
2915 828 3119 897 scripta
3150 827 3483 890 referuntur,
3516 828 3567 880 in

1997 920 2141 970 oumi
2172 933 2365 988 gerere
2390 920 2636 974 castitate
2665 918 2795 989 (15).

2067 1006 2157 1063 21.
2204 1005 2447 1061 Salutate
2501 1007 2861 1061 Andronicum
2908 1019 2955 1063 et
3013 1007 3259 1074 Iuniam,
3321 1019 3570 1078 cognatos

1997 1110 2139 1148 meos
2174 1106 2221 1149 et
2247 1097 2578 1166 concaptivos
2607 1114 2770 1162 meos,
2800 1099 2891 1168 qui
2912 1109 3030 1152 sunt
3060 1100 3257 1181 nobiles
3279 1104 3334 1151 in
3363 1111 3569 1167 aposto-

1997 1187 2085 1252 lis,
2107 1190 2196 1256 qui
2229 1197 2277 1240 et
2302 1199 2423 1242 ante
2452 1205 2532 1241 me
2557 1188 2774 1257 fuerunt
2808 1191 2860 1243 in
2888 1190 3098 1243 Christo
3129 1191 3193 1244 δ’.
3228 1189 3416 1245 Potest
3448 1193 3569 1258 qui-

1998 1280 2117 1332 dem
2148 1279 2262 1334 lieri
2294 1289 2352 1331 ut
2384 1288 2439 1332 et
2474 1282 2772 1333 secundum
2809 1296 3028 1334 carnem
3078 1281 3162 1334 isti
3203 1282 3420 1350 cognati
3457 1280 3571 1336 lue-

1998 1369 2306 1437 rintPauli,
2337 1381 2391 1426 et
2421 1380 2542 1426 ante
2574 1375 2744 1443 ipsmu
2777 1373 3124 1441 crediderint,
3147 1384 3201 1428 et
3235 1374 3448 1429 nobiles
3470 1374 3570 1427 ba-

1999 1463 2094 1516 biti
2130 1463 2239 1517 sint
2276 1464 2328 1517 in
2367 1464 2622 1534 apostolis
2656 1454 2898 1530 Christi;
2943 1465 3011 1519 de
3068 1464 3262 1534 quibus
3317 1464 3572 1535 possibile

2000 1565 2082 1608 cst
2106 1566 2160 1608 et
2200 1554 2327 1609 illud
2362 1555 2608 1624 intelligi,
2635 1556 2779 1623 quod
2814 1553 3062 1610 fortassis
3096 1573 3161 1609 ex
3202 1556 3307 1610 illis
3357 1565 3574 1623 septua-

2000 1650 2145 1714 ginta
2176 1648 2387 1701 duobus
2416 1649 2507 1714 qui
2556 1655 2609 1700 et
2673 1647 2773 1715 ipsi
2831 1648 3057 1716 apostoli
3108 1648 3367 1701 nominati
3421 1658 3567 1710 sunt,

325 1742 573 1805 gentium.
616 1738 766 1792 Unde
799 1749 1026 1807 apparet
1068 1750 1163 1789 eos
1189 1734 1462 1790 ofﬁciosos
1507 1749 1559 1793 et
1601 1739 1895 1808 hospitales
1927 1721 1969 1774 Β
2000 1740 2219 1803 fuerint,
2245 1750 2298 1792 et
2326 1739 2445 1792 ideo
2476 1738 2679 1793 nobiles
2725 1753 2817 1791 eos
2853 1739 2902 1791 in
2933 1738 3188 1806 apostolis
3218 1739 3383 1802 dicat,
3430 1746 3486 1791 et
3515 1739 3567 1792 in

324 1830 598 1882 exstitisse
626 1847 750 1898 erga
786 1845 976 1883 omnes
1006 1828 1203 1884 fratres
1234 1831 1437 1891 ﬁdeles,
1470 1847 1571 1884 non
1608 1831 1778 1884 solum
1805 1833 1894 1901 qui

325 1937 387 1972 ex
421 1919 638 1986 Judmis,
676 1925 768 1975 sed
797 1923 960 1975 etiam
995 1925 1084 1991 qui
1119 1938 1183 1975 ex
1227 1925 1474 1991 gentibus
1519 1923 1894 1977 credidissont.

326 2011 515 2081 Magna
551 2014 694 2066 enim
726 2014 897 2082 gratia
930 2013 981 2065 in
1030 2015 1413 2082 hospitalitatis
1458 2015 1638 2069 ofﬁcio
1674 2031 1778 2068 non
1812 2032 1902 2069 so-

327 2104 434 2156 lum
475 2108 612 2172 apud
652 2104 838 2167 Deum,
870 2105 964 2157 sed
1013 2113 1069 2157 et
1125 2105 1266 2173 apud
1317 2105 1564 2159 homines
1602 2105 1895 2161 invenitur.

324 2197 457 2259 Quae
496 2207 670 2247 tamen
706 2210 788 2249 res
825 2196 1078 2264 quoniam
1112 2211 1215 2249 non
1255 2197 1425 2250 solum
1464 2198 1514 2252 in
1550 2197 1823 2252 voluntate
1846 2211 1900 2253 et

331 2288 606 2355 proposito
634 2286 798 2358 682
830 2286 1192 2353 dominorum,
1224 2287 1315 2341 sed
1349 2300 1404 2343 et
1436 2301 1591 2359 grato
1647 2306 1711 2345 ac
1756 2291 1896 2346 ﬁdeli

325 2381 569 2434 roustitit
590 2379 702 2450 (11)
737 2378 1034 2432 ministerio
1102 2376 1450 2446 famulorum,
1481 2381 1681 2435 idcirco
1710 2398 1900 2436 munes

326 2473 419 2540 qui
452 2471 809 2525 ministerium
842 2472 983 2525 istud
1017 2487 1142 2526 cum
1196 2473 1325 2541 ipsis
1354 2471 1587 2526 ﬁdeliter
1637 2473 1901 2543 adimple-

322 2560 476 2628 bant,
507 2563 848 2615 domesticam
876 2578 1053 2615 eorum
1082 2563 1378 2617 nominavit
1410 2560 1726 2616 Ecclesium.

397 2654 486 2706 19.
531 2652 774 2708 Salutate
813 2652 1137 2722 prenetum
1182 2654 1428 2707 dilectum
1458 2671 1652 2718 meum,
1699 2657 1788 2725 qui
1823 2663 1903 2709 est

322 2744 540 2797 initium
568 2744 710 2797 Asia:
755 2744 812 2796 in
848 2743 1053 2799 Christo
1100 2745 1166 2797 ⁸⁷.
1202 2744 1298 2798 llic
1329 2744 1636 2814 Ephenetus
1691 2749 1901 2800 videtur

328 2838 460 2890 mibi
493 2837 734 2891 omnium
765 2839 971 2906 primus
1004 2855 1068 2892 ex
1122 2839 1251 2892 Asia
1282 2838 1614 2905 credidisse;
1666 2841 1807 2894 unde
1847 2849 1901 2894 et

328 2932 541 2986 initium
575 2945 698 2984 eum
729 2932 981 2987 Ecclesia}
1010 2932 1316 3002 appellavit,
1357 2933 1462 2995 vel,
1510 2944 1571 2986 ut
1618 2934 1667 2986 in
1710 2932 1899 2989 Graeco

330 3025 616 3088 habeatur,
666 3026 931 3094 primitias
982 3027 1121 3081 Asia:
1171 3042 1190 3079 :
1262 3025 1361 3078 nisi
1420 3025 1621 3095 aliquid
1678 3026 1901 3095 prot‘un-

329 3119 452 3171 dius
474 3117 586 3188 (12)
626 3133 811 3173 sermo
844 3119 943 3171 iste
978 3116 1264 3187 signiticet,
1295 3127 1355 3173 ut
1393 3118 1757 3188 intelligamus
1804 3136 1900 3171 an-

329 3211 478 3279 gelos
504 3209 620 3275 Dei,
663 3212 752 3279 qui
793 3210 1048 3266 Ecclesiis
1095 3222 1353 3280 przcsunl,
1405 3209 1601 3265 otl'erre
1659 3212 1900 3281 singulos

330 3320 573 3375 quosque
603 3306 866 3375 primitias
893 3307 1001 3361 Deo
1037 3323 1103 3360 ex
1133 3308 1214 3361 bis
1239 3306 1329 3376 qui
1355 3309 1616 3371 credunt;
1649 3306 1901 3374 primitiae

329 3402 512 3449 autem
545 3395 684 3462 apud
713 3394 1157 3464 illosjudicentur
1183 3411 1287 3450 non
1322 3395 1377 3449 in
1409 3395 1493 3449 his
1533 3396 1624 3464 qui
1658 3405 1902 3463 tempore

328 3487 489 3558 primi
513 3496 660 3553 sunt,
684 3489 777 3541 sed
798 3488 888 3556 qui
928 3487 1214 3541 virtutibus
1241 3495 1295 3541 et
1328 3488 1536 3541 meritis
1564 3488 1896 3556 praecellunt.

331 3578 572 3644 Quorum
606 3577 783 3631 sciens
829 3593 924 3646 per
954 3577 1212 3647 Spiritum
1251 3574 1451 3631 Paulus
1471 3577 1789 3651 electionem
1816 3593 1903 3632 er-

331 3686 396 3733 ga
423 3668 783 3739 Ephenetum,
811 3671 1030 3738 etquod
1072 3668 1185 3740 (15)
1231 3670 1403 3738 ipsum
1455 3686 1521 3723 ex
1568 3671 1713 3724 omni
1764 3671 1899 3725 ﬁde-

328 3762 459 3815 lium
486 3777 734 3829 numero,
767 3761 857 3830 qui
900 3773 1057 3816 erant
1106 3762 1159 3815 in
1196 3763 1344 3823 Asia,
1384 3761 1580 3817 electio
1635 3762 1903 3816 invenerit

330 3853 666 3921 angelorum,
694 3852 980 3921 appellavit
1004 3868 1127 3908 eum
1153 3853 1414 3916 primitias
1440 3853 1599 3906 Asiw.
1631 3851 1735 3905 Sed
1769 3863 1822 3907 et
1848 3853 1900 3906 in

331 3945 434 4000 alia
466 3945 703 4013 Epistula
729 3945 774 3977 ⁸⁸
808 3946 939 3999 dicit
967 3945 1035 4000 de
1057 3944 1401 4014 quibusdam,
1426 3944 1566 4010 Quia
1591 3945 1696 3997 sint
1726 3946 1905 4015 primi-

331 4039 423 4092 tia:
446 4038 661 4091 Achaia:
688 4057 707 4103 ;
735 4042 978 4091 eamdem
1003 4037 1119 4089 sine
1144 4034 1308 4090 dubio
1354 4035 1684 4090 sacramenti
1736 4036 1903 4089 ratio-

333 4143 454 4180 nem
487 4128 648 4180 etiam
678 4126 730 4179 in
759 4127 864 4181 illis
891 4126 1185 4195 aspiciens.

401 4219 492 4274 20.
526 4218 764 4274 Salutate
802 4220 1052 4286 Mariam,
1103 4238 1220 4292 qua:
1259 4222 1478 4274 multum
1534 4220 1792 4274 laboravit
1844 4219 1900 4273 in

2001 1832 2084 1884 bis
2125 1830 2381 1898 apostolis
2429 1829 2521 1898 qui
2585 1839 2711 1883 ante
2746 1843 2865 1882 eum
2898 1828 3140 1882 fuerunt.
3177 1828 3284 1883 Sed
3338 1838 3392 1883 et
3443 1829 3569 1883 illud

2001 1938 2086 1976 me
2116 1933 2298 1975 movet
2328 1923 2469 1990 quod
2499 1923 2608 1987 ait;
2654 1923 2988 1989 concaptivos
3036 1938 3199 1977 meos.
3251 1920 3380 1987 Quae
3423 1924 3569 1977 enim

2000 2024 2117 2068 erat
2139 2012 2289 2067 Pauli
2317 2013 2625 2080 captivitas,
2662 2013 2712 2065 in
2747 2028 2852 2081 qua
2878 2013 2980 2066 sibi
3007 2014 3171 2067 etiam
3206 2013 3575 2068 Andronicum

2000 2120 2050 2159 ct
2078 2106 2290 2161 Juniam
2322 2105 2670 2173 cont-aptivos
2699 2119 2818 2156 esse
2848 2114 3074 2157 testatur
3110 2102 3270 2173 (l7)?
3300 2104 3401 2158 nisi
3435 2105 3575 2158 forte

2001 2199 2351 2267 profundiore
2385 2197 2641 2267 mysterio
2667 2197 2734 2249 ad
2778 2194 2926 2249 illam
2964 2197 3317 2265 respiciamus
3345 2197 3576 2267 captivi-

2003 2302 2186 2353 tatem,
2220 2303 2380 2357 quam
2404 2288 2650 2341 Christus
2676 2287 2825 2341 venit
2865 2288 3163 2351 absolvere,
3203 2289 3272 2341 de
3307 2303 3408 2356 qua
3444 2289 3578 2342 seri-

1998 2388 2147 2448 ptum
2170 2387 2252 2433 est
2268 2378 2535 2439 “,veuire
2556 2385 2609 2429 et
2636 2378 2763 2430 dare
2785 2393 2906 2431 eum
2931 2379 3156 2448 captivis
3177 2380 3572 2443 remissionem,

2000 2470 2160 2524 czccis
2199 2464 2398 2523 vis'utn.
2428 2468 2480 2521 1n
2513 2484 2618 2538 qua
2654 2469 2966 2539 captivitate
2990 2471 3239 2524 videntur
3279 2486 3384 2524 una
3410 2480 3577 2538 atque

1999 2563 2189 2616 eadem
2217 2562 2425 2615 ratione
2482 2562 2571 2615 isti
2596 2576 2738 2628 esse,
2774 2578 2877 2639 qua
2915 2572 2969 2616 et
3021 2562 3217 2617 Paulus
3245 2573 3381 2617 erat.
3409 2563 3577 2617 Verbi

1999 2655 2139 2707 enim
2163 2654 2334 2723 gratia
2363 2653 2408 2708 si
2436 2653 2681 2708 dicamus
2707 2672 2720 2706 :
2750 2652 2882 2708 Cum
2924 2654 3173 2723 captivus
3207 2665 3352 2709 esset
3405 2669 3580 2724 popu-

2001 2747 2083 2800 lus
2104 2746 2268 2800 Israel
2294 2748 2434 2815 apud
2464 2747 2717 2818 Assyrios
2746 2747 2826 2801 vel
2856 2746 3202 2817 Babylonios,
3226 2761 3420 2801 omnes
3442 2746 3576 2816 qui—

2000 2841 2122 2893 dem
2155 2841 2480 2895 videbantur
2516 2856 2637 2895 esse
2674 2841 2869 2908 captivi
2891 2856 2913 2905 ;_
2938 2841 3030 2893 sed
3064 2838 3165 2892 alia
3211 2839 3351 2893 ratio
3388 2840 3439 2892 in
3464 2834 3599 2894 cas?

2005 2935 2134 2988 teris
2160 2933 2489 3001 captivitatis
2522 2932 2659 3005 (18),
2692 2932 2795 2986 alia
2830 2933 2880 2985 in
2936 2931 3172 2992 Dauiele,
3234 2939 3288 2986 et
3339 2931 3578 2997 Anania,

2004 3037 2163 3095 atque
2190 3026 2383 3080 Azaria
2410 3026 2492 3080 vel
2514 3026 2723 3080 Misael.
2753 3025 2832 3079 Illi
2861 3025 3004 3079 enim
3033 3025 3229 3093 captivi
3255 3034 3408 3078 erant
3468 3039 3573 3092 pro

2006 3120 2242 3187 peccatis
2272 3119 2421 3185 suis;
2454 3118 2542 3172 isti
2596 3131 2727 3171 vero
2786 3130 2883 3187 pro
2922 3116 3291 3171 consolatione
3338 3117 3585 3184 captivo.

2006 3227 2125 3265 rum
2163 3220 2320 3263 erant
2359 3210 2523 3264 etiam
2578 3208 2681 3277 ipsi
2713 3207 2953 3277 captivi:
3007 3216 3061 3262 et
3112 3209 3234 3262 ideo
3288 3207 3332 3260 si
3374 3208 3584 3260 diceret

2011 3301 2198 3358 Daniel
2233 3302 2299 3355 de
2329 3301 2507 3369 aliquo
2534 3315 2644 3354 uno
2678 3314 2745 3354 ex
2786 3299 2942 3369 plebe
2968 3296 3356 3367 :Concaptivus
3403 3312 3584 3361 meus,

2009 3412 2117 3451 non
2150 3397 2220 3449 ita
2253 3394 2637 3449 convenienter
2670 3392 2773 3446 dici
2821 3390 3129 3454 videbatur,
3179 3397 3239 3442 ut
3279 3389 3324 3443 si
3371 3389 3585 3441 diceret

2008 3490 2075 3543 de
2100 3487 2330 3552 Anauia,
2364 3495 2420 3539 et
2448 3484 2669 3552 Azarla,
2703 3492 2758 3538 et
2799 3482 3004 3548 Misael,
3030 3484 3330 3551 concaptivi
3362 3482 3486 3534 mei.
3521 3479 3584 3533 In

2009 3579 2127 3633 iStis
2152 3577 2295 3630 enim
2332 3592 2438 3629 una
2471 3576 2802 3644 captivitatis
2847 3586 2928 3627 est.
2973 3576 3131 3639 ratio,
3175 3589 3295 3643 qua:
3348 3573 3499 3643 longe
3553 3590 3583 3622 τι

2008 3668 2201 3738 reliqui
2228 3666 2409 3737 populi
2448 3665 2657 3719 ratione
2685 3665 2901 3719 diversa
2946 3674 3027 3719 est
3059 3663 3191 3735 (19).
3226 3663 3302 3716 lta
3358 3679 3485 3731 ergo
3526 3673 3587 3715 et

2010 3761 2209 3814 Paulus
2249 3759 2353 3812 tale
2390 3757 2596 3826 aliquid
2630 3756 2697 3811 de
2740 3772 2801 3811 se
2841 3766 2896 3811 et
2931 3756 3264 3822 Andronico,
3305 3770 3368 3807 ac
3399 3752 3583 3816 Junia,

2009 3854 2303 3908 secundum
2328 3850 2646 3904 occultioris
2676 3850 3003 3903 sacramenti
3040 3849 3258 3902 intuens
3290 3847 3585 3909 rationem,

2009 3947 2339 4015 concaptivos
2364 3960 2458 3999 eos
2493 3943 2593 3998 sibi
2631 3945 2683 3997 in
2717 3948 2819 3997 hoc
2863 3945 3061 3997 mundo
3099 3943 3363 4006 nominat,
3390 3950 3447 3994 et
3483 3958 3587 3994 no-

2010 4038 2134 4089 biles
2161 4039 2215 4090 in
2249 4034 2517 4107 apostolis.

2076 4129 2148 4183 22
2211 4127 2456 4184 Salutate
2476 4126 2804 4196 Ampliatum
2858 4124 3106 4179 dilectum
3126 4140 3297 4178 meum
3320 4124 3374 4176 in
3401 4121 3585 4174 Domi-

2009 4236 2075 4273 no
2105 4218 2173 4273 “.
2206 4218 2344 4272 Huic
2373 4218 2627 4287 quamvis
2655 4216 2785 4269 nihil
2826 4215 3101 4284 egregium
3130 4230 3243 4283 pra:
3284 4213 3494 4267 ca-teris
3526 4212 3589 4263 in

330 4315 471 4367 vobis
498 4314 544 4345 δ’
579 4314 713 4385 (14).
744 4315 908 4369 Docet
930 4325 984 4369 et
1019 4316 1069 4368 in
1104 4314 1208 4371 hoc
1242 4316 1440 4371 debere
1462 4315 1625 4369 etiam
1667 4313 1898 4368 fetttiuas
1932 4303 1976 4358 Ι)
2007 4310 2162 4365 laude
2193 4310 2438 4365 videatur
2466 4307 2761 4371 ascribere,
2807 4318 2986 4362 tamen
3026 4307 3128 4361 hoc
3178 4304 3294 4372 ipso
3331 4304 3476 4372 quod
3503 4301 3585 4355 di-

397 4478 443 4510 ”
469 4478 587 4531 Art.
611 4494 767 4546 ινιιι,
807 4479 925 4534 1-5.
1001 4480 1047 4512 ⁸⁸
1070 4481 1191 4533 Act.
1221 4460 1368 4549 ptvu,
1411 4479 1445 4533 5
1496 4494 1580 4548 sq.
1659 4479 1702 4510 ⁵⁷
1732 4477 1862 4529 Rom

418 4550 473 4605 4.
542 4549 584 4580 ⁸³
611 4551 630 4603 1
660 4549 799 4605 Tim.
837 4566 887 4611 ν,
928 4549 1016 4604 10.
1094 4552 1138 4582 "
1158 4550 1316 4604 Rom.
1356 4565 1466 4611 xw,
1498 4547 1552 4603 7.
1629 4548 1675 4579 ⁸³
1706 4548 1838 4603 Luc.

2111 4469 2163 4525 5.
2238 4468 2283 4499 ⁵⁸
2313 4468 2328 4521 Ι
2361 4467 2488 4522 Cor.
2519 4480 2633 4532 xw,
2666 4464 2753 4519 15.
2829 4463 2875 4495 "
2918 4464 3072 4517 Rem.
3107 4476 3215 4526 xvt,
3244 4459 3299 4514 6.

2147 4540 2192 4570 “
2221 4540 2379 4595 Rom.
2406 4552 2518 4602 xvi,
2540 4535 2594 4589 8.

328 4562 392 4611 It,
418 4550 473 4605 4.
542 4549 584 4580 ⁸³
611 4551 630 4603 1
660 4549 799 4605 Tim.
837 4566 887 4617 v,
928 4549 1016 4604 10.
1094 4552 1138 4582 "
1158 4547 1316 4604 Rom.
1356 4565 1466 4615 xw,
1498 4547 1552 4603 7.

405 4728 483 4802 (9)
516 4730 792 4802 Rabanus,
822 4742 879 4786 ut
900 4733 1010 4802 qui,
1034 4729 1196 4786 male.

409 4799 710 4872 (10)Editi,
739 4799 958 4855 Romam
990 4801 1230 4872 ingressi,
1266 4799 1423 4872 male.

406 4871 451 4944 (l
472 4867 519 4942 Ι)
678 4872 875 4944 Regius
909 4867 1258 4944 nutu:1659,
1280 4871 1540 4944 consistit.
1565 4867 1740 4944 Paulo
1783 4878 1906 4937 post

336 4941 889 5008 editi,adimpleuerit,
912 4951 985 5006 et,
1018 4942 1457 5001 adimpleverunt.
1486 4941 1689 4996 Deinde
1726 4956 1905 4994 eorum

339 5014 648 5071 restituitur
677 5027 743 5064 ex
778 5027 877 5066 ms.
912 5012 1083 5077 Regio
1114 5028 1264 5065 num.
1313 5011 1471 5066 1659.

413 5084 525 5155 (12)
561 5081 658 5155 Ms.
686 5081 891 5155 Regius
927 5098 1076 5136 num.
1113 5081 1278 5144 1659,
1311 5081 1500 5155 nisisi
1542 5081 1745 5155 aliquid
1786 5096 1904 5155 pro-

343 5151 583 5225 fundius.
608 5153 811 5225 Deinde
839 5167 1189 5225 omnesis.
1222 5163 1275 5206 et
1318 5152 1470 5225 editi,
1515 5169 1684 5225 sermo
1708 5152 1805 5225 iste
1834 5151 1909 5203 si-

340 5221 592 5303 gni/ient;
619 5222 710 5276 sed
734 5224 934 5277 rectius
965 5221 1236 5302 Rabanus,
1266 5221 1540 5292 signiﬁcet.
1590 5221 1913 5303 Paulopost

340 5294 493 5345 editi.
522 5293 823 5345 iudicentur
854 5294 977 5345 (ms.
1034 5291 1238 5345 Remus
1287 5309 1434 5345 nutu.
1468 5291 1626 5345 1659.
1665 5292 1910 5345 iudican-

334 5292 823 5363 editi,judicentur
854 5294 977 5363 (ms.
1034 5292 1238 5361 Regius
1287 5309 1434 5346 num.
1468 5292 1626 5358 1659,
1654 5292 1910 5362 judican-

337 5364 450 5432 tur)
474 5380 576 5418 non
599 5365 652 5416 hi
690 5365 781 5433 qui
819 5373 1052 5432 tempore
1078 5363 1401 5433 primisunt.
1460 5432 1467 5433 ί

410 5431 522 5506 (15)
550 5434 643 5489 Sic
667 5431 857 5491 omnes
903 5431 1034 5488 mss.
1068 5443 1124 5486 et
1171 5431 1323 5486 editi.
1372 5431 1631 5487 Rabanus
1669 5446 1818 5495 vero,
1851 5446 1910 5486 eo

327 5506 496 5574 quod,
522 5516 629 5560 etc.

411 5574 522 5645 (14)
558 5574 697 5645 Editi
733 5585 788 5630 et
817 5591 919 5630 ms.
949 5572 1149 5643 Regius
1178 5589 1335 5645 nutu.
1362 5572 1520 5639 1659,
1552 5575 1605 5626 in
1636 5572 1803 5645 nobis.

416 5644 528 5711 (15)
554 5644 630 5697 lta
666 5661 766 5698 ms.
792 5645 993 5713 Regius
1026 5662 1176 5699 ntun.
1210 5644 1367 5698 1659.
1396 5647 1500 5697 Sed
1543 5644 1723 5697 rtetcri
1759 5657 1909 5705 mss.,

340 5715 602 5778 “altanus
633 5726 686 5771 el
706 5716 859 5789 cditi,
891 5719 942 5769 in
968 5717 1312 5787 omnigcnet'r
1338 5716 1620 5773 castitatis.

3395 4460 3440 4491 ⁸ο
3467 4458 3579 4513 Tit.

2147 4540 2192 4570 “
2221 4540 2379 4595 Rom.
2406 4552 2518 4602 xvi,
2540 4535 2594 4589 8.

2083 4723 2195 4797 (16)
2226 4723 2317 4776 Sic
2345 4737 2476 4797 mss.
2509 4720 2711 4797 Regius
2735 4733 2887 4797 num.
2913 4717 3088 4797 1659..
3109 4716 3183 4797 Ita
3232 4719 3402 4797 etiam
3455 4720 3583 4797 editi

2012 4786 2284 4865 plerique,
2315 4795 2406 4861 qui
2437 4786 2642 4865 habent
2679 4791 2731 4843 in
2757 4790 2887 4865 ﬁne,
2925 4789 2979 4842 in
3018 4787 3232 4865 Christo
3281 4786 3437 4841 Jesu.
3467 4792 3581 4865 Sed

2013 4856 2194 4919 caueri
2240 4856 2394 4929 mss.,
2425 4875 2471 4916 et
2504 4863 2593 4931 qui
2631 4870 2752 4913 ante
2777 4862 2986 4925 {uerunt
3012 4861 3065 4912 in
3090 4856 3303 4931 Christo
3326 4900 3340 4923 ,
3363 4862 3583 4931 ptuiSsis

2012 4952 2093 4988 me
2121 4947 2169 4988 et
2202 4934 2353 4997 Iesu,
2381 4927 2688 5002 qttae'voces
2718 4932 3045 4984 omittuntur
3078 4930 3243 4983 etiam
3292 4943 3321 4982 a
3359 4927 3584 4986 Rabano

2015 5016 2071 5060 et
2108 5007 2160 5059 in
2193 5005 2430 5059 editione
2464 5002 2688 5056 Veneta.

2087 5075 2199 5144 (17)
2231 5074 2394 5138 Editi,
2414 5084 2669 5144 cognatos
2692 5079 2741 5124 et
2767 5073 3096 5144 concaptivos
3115 5085 3228 5123 esse
3250 5072 3520 5144 testatur?

2081 5142 2193 5215 (18)
2216 5144 2380 5210 Editi,
2412 5142 2568 5196 Verbi
2588 5143 2726 5215 enim
2748 5143 2920 5215 gratia
2946 5145 3020 5197 sic
3034 5143 3282 5215 dicamus
3306 5143 3451 5215 quod
3472 5159 3581 5215 eum

2018 5210 2255 5282 captiuus
2294 5225 2424 5268 esset
2448 5214 2671 5281 populus
2698 5210 2868 5265 Israel
2903 5213 3041 5277 apud
3069 5212 3314 5279 Assyrios
3346 5212 3425 5282 uel
3480 5214 3578 5265 Ba-

2018 5280 2279 5356 bylonios,
2305 5280 2709 5356 omnesquidem
2744 5291 2896 5356 erant
2928 5282 3139 5356 captiui,
3161 5281 3260 5356 sed
3305 5280 3415 5333 alia
3453 5284 3574 5356 ratio

2015 5352 2068 5410 in
2113 5360 2314 5409 cwteris
2348 5355 2589 5422 captivis,
2617 5364 2722 5407 etc.
2750 5352 2854 5405 Sed
2888 5369 3042 5415 mss.,
3073 5353 3354 5414 Rabanns,
3395 5363 3448 5404 et
3472 5354 3578 5405 edi-

2018 5430 2093 5480 tio
2125 5426 2322 5480 Veneta
2348 5426 2486 5478 hunc
2516 5424 2693 5477 locum
2717 5423 3082 5476 restituuntut
3106 5424 3156 5474 in
3196 5429 3385 5475 nostro
3416 5431 3573 5476 textu.

2017 5497 2116 5551 Ms.
2158 5507 2335 5549 tamen
2367 5494 2563 5563 Regius
2592 5509 2745 5548 nttm.
2781 5492 2914 5546 1659
2942 5505 2993 5545 et
3025 5492 3279 5546 Rabanus
3304 5493 3502 5546 habent
3527 5499 3576 5542 ut

2020 5570 2073 5622 in
2106 5568 2291 5622 editis.
2318 5569 2406 5618 sed
2432 5565 2542 5616 alia
2575 5568 2711 5616 ratio
2735 5564 2791 5615 in
2823 5564 3023 5616 ueteris
3057 5563 3303 5632 captivis,
3336 5572 3445 5617 etc.

2093 5636 2205 5708 (19)
2243 5636 2409 5700 Editi,
2439 5650 2554 5704 qua:
2590 5634 2741 5704 longe
2783 5650 2815 5687 α
2865 5632 3081 5703 reliquis
3132 5633 3337 5690 ratione
3380 5634 3574 5689 diversa

2018 5718 2116 5767 est.
