3744 6146
129 312 249 366 1281

1071 309 1426 367 COMMENT.
1465 307 1533 363 IN
1570 306 1793 363 EPIST.
1831 308 1921 362 AD
1964 306 2133 364 R051.
2165 306 2297 361 LIB.
2343 305 2411 361 Χ.

3226 309 3368 365 1289.

126 426 286 481 lectus
309 435 394 483 est
424 426 595 495 Pauli,
629 423 913 482 laudabilis
939 435 992 480 et
1014 426 1342 485 salutatione
1368 429 1563 499 dignus
1606 429 1687 485 el-
1715 429 1761 483 A
1857 425 1948 478 29.
1984 420 2225 477 Salutate
2252 420 2530 475 Persidam
2557 420 2949 489 charissimam,
2988 438 3105 492 quae
3139 423 3366 477 multum

125 518 318 575 ﬁcitur.

187 613 276 671 23.
316 614 563 671 Salutate
601 603 873 670 Urbanum
919 616 1215 686 adjutorem
1268 630 1439 669 meum
1483 613 1596 686 (20)
1635 616 1691 668 in

126 701 349 765 Christo,
371 714 420 757 et
447 700 683 775 Stachyn
733 705 980 758 dilectum
1012 722 1183 759 meum
1214 706 1279 760 ⁸⁸.
1337 706 1575 777 Stachyn
1633 705 1687 760 in

125 794 439 849 salutatione
481 797 779 866 conjungit,
840 798 933 852 scd
986 797 1264 853 Urbanum
1325 798 1377 851 in
1440 796 1690 852 laudibus

126 888 374 957 praatulit.
403 887 557 942 Illum
585 890 728 943 enim
755 890 1055 958 adjutorem
1080 891 1131 943 in
1163 889 1414 954 Christo;
1449 889 1688 961 Stachyn

122 996 243 1035 vero
265 981 520 1036 dilectum
575 986 951 1039 tantummodo
1013 983 1139 1047 sibi,
1186 984 1327 1037 sicut
1358 984 1686 1053 Ampliatum

124 1074 437 1128 nominavit.
468 1074 703 1143 Adjutor
731 1084 912 1131 autem
936 1075 1176 1145 Apostoli
1218 1076 1271 1129 in
1303 1076 1544 1140 Christo,
1583 1091 1686 1129 non

123 1160 257 1217 aliud
287 1163 605 1235 intelligitur
651 1182 811 1236 quam
857 1167 1135 1237 apostolici
1182 1168 1361 1237 operis
1391 1169 1683 1236 particeps.

184 1256 269 1311 25.
310 1256 549 1312 Salutate
600 1258 826 1328 Apellem
903 1258 1123 1330 probum
1148 1260 1201 1313 in
1226 1257 1442 1313 ‘Christo
1477 1259 1681 1333 “(21).

120 1342 251 1404 Puto
276 1353 423 1405 hunc
448 1350 693 1419 Apellem
720 1367 817 1422 per
855 1352 1051 1407 multas
1099 1352 1479 1407 tribulationes
1503 1363 1684 1408 trans-

122 1441 221 1495 isse
277 1443 551 1511 patienter
576 1452 631 1498 ct
660 1443 874 1498 fortiter
916 1454 1269 1509 sustentatas,
1311 1454 1367 1500 et
1399 1447 1517 1501 ideo
1555 1463 1683 1518 pro-

122 1534 348 1588 nuntiari
386 1536 455 1589 ab
498 1535 761 1604 Apostolo
811 1537 1065 1606 probum,
1106 1539 1403 1593 secundum
1443 1555 1506 1593 ea
1564 1555 1685 1609 quae

123 1627 227 1693 ipse
253 1627 302 1680 in
331 1628 454 1681 aliis
478 1627 634 1695 dixit,
683 1629 806 1697 quia
843 1629 1118 1683 tribulatio
1158 1631 1467 1699 patientiam
1498 1648 1685 1701 opera-

120 1732 215 1787 tur,
279 1722 543 1790 patientia
616 1738 734 1775 vero
796 1724 1182 1789 probationem,
1250 1726 1492 1793 probatio
1565 1741 1681 1779 vero

1794 514 2053 568 laboravit
2078 514 2133 567 in
2168 512 2393 566 Domino
2428 512 2496 565 ⁷³.
2534 512 2763 567 Videtur
2804 513 2921 568 haec
2953 513 3126 583 magis
3156 513 3366 569 laudari

1792 621 1954 675 quam
1981 605 2284 674 Tryphaena
2316 614 2370 658 et
2417 604 2718 674 Tryphosa,
2757 605 3016 674 quoniam
3047 605 3263 674 quidem
3302 607 3366 660 il-

1792 697 1871 751 las
1901 697 2173 752 laborasse
2193 696 2325 752 dicit
2356 698 2406 750 in
2440 697 2689 763 Domino,
2716 698 2854 752 banc
2879 706 3057 752 autem
3079 697 3369 754 laborasse

1792 788 2015 842 multum
2048 788 2100 841 in
2137 787 2385 851 Domino,
2406 789 2491 842 cui
2523 786 2733 841 addidit
2764 795 2819 841 et
2843 790 3231 844 charissimam.

1860 876 1951 932 '50.
1979 876 2217 931 Salutate
2252 875 2443 944 Rufum
2468 878 2683 932 electura
2710 878 2765 931 in
2791 878 3034 940 Domino,
3065 891 3110 933 et
3136 886 3360 933 matrem

1788 970 1904 1037 ejus
1934 978 1983 1023 et
2021 985 2191 1023 nteant
2227 969 2294 1023 ⁷⁸.
2347 969 2459 1023 Non
2504 979 2634 1038 puto
2681 968 2733 1022 in
2785 970 2903 1024 istis
2942 970 3361 1024 salutationibus

1791 1059 2028 1115 inaniter
2058 1059 2173 1116 ﬁeri
2213 1075 2311 1129 per
2338 1061 2577 1130 singulos
2601 1075 2847 1130 quosque
2868 1061 3043 1115 laudis
3070 1070 3124 1115 et
3151 1060 3360 1115 saluta-

1792 1151 1954 1206 tionis
1982 1150 2362 1206 diﬂ'ereutiatn.
2399 1154 2498 1219 Qui
2540 1154 2682 1206 enim
2713 1155 2817 1209 scit
2852 1158 2978 1225 quia
3008 1154 3257 1209 Christus
3285 1155 3366 1208 lo-

1788 1246 1972 1315 quitur
2002 1246 2053 1297 in
2081 1244 2243 1299 Paulo
2269 1246 2335 1310 ⁷⁵,
2372 1256 2551 1300 certus
2574 1256 2658 1301 est
2692 1247 2833 1316 quod
2865 1262 2963 1316 pro
2997 1249 3191 1303 merito
3221 1249 3366 1305 alius

1788 1336 2005 1404 quidem
2040 1337 2238 1404 probus
2283 1335 2482 1391 dicitur
2532 1337 2599 1391 ab
2639 1352 2740 1404 eo,
2795 1338 2935 1395 alius
2982 1342 3362 1408 charissimus,

1787 1427 1924 1481 alius
1950 1429 2201 1483 laborans
2232 1430 2282 1482 in
2323 1429 2570 1496 Domino,
2598 1430 2737 1485 alius
2771 1432 2996 1485 multum
3027 1433 3279 1488 laborans
3304 1435 3361 1489 in

1789 1519 2018 1573 Domino
2048 1519 2184 1590 (ἒὸ),
2233 1521 2371 1574 alius
2412 1521 2633 1587 electus,
2685 1522 2829 1577 sicut
2853 1534 2907 1577 et
2939 1525 3024 1579 hic
3057 1524 3254 1589 Rufus,
3287 1526 3379 1582 de-

1785 1625 1893 1679 quo
1921 1627 2064 1665 nuue
2089 1613 2243 1667 nobis
2277 1628 2457 1667 sermo
2506 1623 2618 1676 est,
2652 1615 2854 1670 electus
2884 1617 2935 1669 in
2966 1617 3193 1670 Domino
3221 1617 3364 1672 salu-

1790 1712 1953 1758 tatur.
1998 1704 2172 1759 Credo
2202 1706 2342 1774 quod
2375 1706 2540 1761 sciret
2573 1707 2776 1763 Paulus
2820 1724 2941 1763 esse
2970 1725 3091 1762 eum
3137 1711 3203 1763 de
3253 1725 3358 1763 nu-

118 1829 250 1879 me",
274 1813 341 1865 sr-
385 1812 682 1867 Videndum
704 1830 834 1868 sane
864 1822 947 1868 es,
971 1829 1037 1868 ne
1066 1815 1203 1869 form
1227 1789 1338 1883 ipse
1368 1817 1434 1869 si,
1474 1816 1559 1869 hic
1591 1817 1681 1886 qui
1717 1789 1758 1843 Β
1789 1809 1937 1849 mero
1960 1811 2066 1849 non
2101 1796 2390 1850 tnultorum
2419 1799 2508 1867 qui
2541 1799 2716 1853 vocati
2749 1809 2896 1862 sunt,
2934 1801 3026 1855 sed
3061 1816 3357 1869 paucorum

120 1905 165 1955 in
191 1904 415 1958 Aetibus
437 1906 798 1972 apostolorum
817 1905 861 1937 ⁸⁸
882 1905 1069 1973 Apollo
1091 1907 1424 1970 nominatur,
1450 1907 1685 1963 Alexan—

116 1996 318 2060 drinus,
351 1997 404 2049 in
440 1996 740 2065 Scripturis
765 1999 1027 2052 eruditus.

181 2065 268 2119 25.
305 2065 550 2121 Salutate
578 2085 666 2121 eos
702 2068 790 2135 qui
820 2078 939 2121 sunt
978 2084 1043 2121 ea:
1088 2068 1380 2123 Aristobuli
1425 2071 1581 2124 domo
1613 2070 1679 2124 ".

115 2155 374 2223 Quoniam
418 2157 555 2211 nihil
584 2158 755 2212 Otiose
794 2159 844 2212 in
891 2158 1088 2213 litteris
1122 2161 1362 2229 Apostoli
1417 2162 1497 2214 vel
1533 2162 1683 2215 addi—

115 2260 196 2305 tur
231 2252 312 2305 vel
341 2251 625 2316 minuitur,
665 2250 799 2305 istos
822 2252 909 2319 qui
948 2252 1115 2323 683
1146 2264 1273 2307 sunt
1294 2256 1376 2308 vel
1400 2256 1465 2308 de
1498 2257 1678 2319 domo,

113 2343 190 2396 vel
213 2342 278 2397 de
296 2342 500 2397 familia
517 2341 845 2405 Aristobuli,
875 2358 979 2396 non
1004 2345 1203 2398 frustra
1238 2362 1411 2413 neque
1436 2348 1679 2412 dilectos,

113 2450 279 2503 neque
303 2435 504 2505 probos
524 2475 539 2499 ,
571 2450 743 2503 neque
768 2435 1046 2506 adjutores
1074 2437 1126 2491 in
1156 2436 1374 2493 Christo
1398 2440 1637 2492 nominat
1664 2458 1677 2493 :

112 2531 198 2582 sed
236 2528 377 2583 forte
411 2528 535 2597 quia
578 2527 710 2582 nihil
740 2528 843 2584 tale
872 2529 1144 2583 habebant
1174 2530 1225 2583 in
1258 2530 1485 2595 meritis,
1520 2533 1681 2586 idcir-

111 2633 170 2672 co
195 2634 288 2674 eos
319 2618 438 2672 solo
465 2618 622 2671 titulo
652 2618 996 2673 salutationis
1020 2619 1328 2675 honoravit.

96 2724 103 2730 ‘
173 2708 261 2765 26.
306 2709 547 2765 Salutate
584 2707 935 2763 Herodionem
968 2720 1250 2779 cognatum
1299 2728 1471 2765 meum
1501 2714 1567 2769 ⁷⁰.
1612 2714 1681 2770 Ει

111 2801 212 2866 hic,
257 2802 515 2857 similiter
564 2811 622 2854 ut
668 2801 1011 2855 Andronicus
1046 2812 1100 2855 et
1147 2801 1356 2867 Junias,
1408 2818 1677 2875 cognatus

112 2889 254 2945 Pauli
299 2893 542 2947 dit-itur:
582 2891 676 2947 sed
713 2907 887 2960 neque
919 2893 1273 2959 concaptivus
1313 2905 1371 2949 ut
1422 2898 1519 2961 illi,
1575 2916 1668 2954 ne-

111 2996 209 3052 que
252 2983 449 3038 nobilis
484 2983 537 3036 in
588 2982 864 3052 apostolis.
913 2982 965 3035 in
1008 2982 1091 3036 his
1139 2983 1230 3053 qui
1272 2995 1399 3039 ante
1448 2986 1675 3043 Paulum

113 3076 323 3132 fuerunt
355 3080 408 3133 in
437 3078 673 3145 Christo,
716 3078 1048 3133 nominatur.
1092 3078 1241 3133 Unde
1270 3081 1672 3151 intelligendqu

111 3181 188 3224 est
215 3175 381 3226 etiam
412 3173 463 3225 in
488 3172 572 3225 his
614 3172 755 3242 quod
797 3180 1054 3241 cognatos
1084 3186 1211 3226 suos
1266 3171 1459 3228 Paulus
1492 3178 1674 3246 appel-

112 3261 196 3326 lat,
226 3278 349 3318 esse
387 3264 606 3317 multam
651 3261 1004 3319 differentiam
1026 3304 1041 3329 ,
1093 3266 1389 3320 secundum
1422 3270 1586 3335 illam,
1619 3285 1678 3328 ut

110 3372 202 3426 ego
233 3358 495 3423 arbitror,
536 3357 819 3422 rationem,
856 3374 1020 3429 quam
1050 3362 1302 3430 superius
1328 3364 1540 3433 aperire
1570 3377 1680 3420 ten-

112 3460 156 3502 ta
167 3453 364 3505 vimus.

173 3544 258 3599 27.
294 3544 538 3599 Salutate
565 3560 650 3597 eos
690 3544 778 3612 qui
810 3555 929 3598 sunt
972 3562 1035 3599 ea:
1072 3547 1316 3602 Narcissi
1356 3550 1534 3615 domo,
1581 3554 1673 3623 qui

112 3645 223 3689 sunt
259 3637 316 3691 in
359 3636 578 3689 Domino
609 3635 675 3688 τί.
707 3635 974 3691 Videntur
1015 3640 1231 3707 quidem
1288 3642 1467 3710 plures
1509 3645 1676 3699 fuisse

113 3740 171 3779 ex
217 3728 378 3781 domo
421 3728 501 3781 vel
544 3729 743 3783 familia
786 3728 1042 3794 Narcissi,
1094 3733 1187 3786 sed
1234 3750 1339 3787 non
1382 3752 1572 3790 οιηιιθε
1619 3738 1673 3790 in

118 3820 338 3875 liomino
368 3821 534 3874 fuisse
565 3837 579 3870 :
628 3830 683 3875 et
707 3822 827 3875 ideo
858 3822 1065 3877 addidit
1093 3840 1187 3879 eos
1216 3826 1525 3882 salutandos
1554 3843 1673 3884 esse

112 3913 193 3976 qui
218 3923 341 3965 sunt
366 3913 418 3965 in
446 3911 687 3966 Domino.

178 4003 266 4059 28.
296 4004 535 4059 Salutate
563 4004 915 4073 Tripha’nam,
959 4015 1005 4058 et
1043 4003 1387 4075 Tryphosam,
1427 4023 1546 4076 qua:
1591 4009 1674 4060 la-

114 4099 291 4150 borant
342 4098 399 4150 in
451 4097 671 4151 Domino
697 4098 763 4152 ⁷⁸.
798 4098 1003 4152 Bonum
1053 4098 1118 4150 de
1163 4097 1247 4150 his
1292 4097 1385 4150 dat
1431 4099 1675 4151 testimo-

112 4187 276 4251 nium,
304 4204 533 4257 quarum
578 4188 813 4242 laborem
848 4202 951 4240 non
995 4186 1155 4253 hujus
1189 4188 1370 4241 mundi
1405 4188 1540 4258 (22),
1576 4206 1674 4242 ne-

115 4292 211 4346 que
240 4280 542 4333 communis
574 4283 719 4345 vitae,
758 4280 850 4335 sed
897 4280 948 4333 in
991 4279 1217 4334 Domino
1250 4294 1371 4335 esse
1416 4289 1672 4335 testatur.

116 4369 257 4424 Multi
310 4371 452 4425 enim
502 4371 785 4437 laborant,
834 4374 929 4427 sed
980 4388 1087 4428 non
1144 4371 1381 4427 onmium
1435 4372 1671 4427 laborem

116 4472 325 4518 constat
355 4478 473 4518 esse
502 4463 552 4517 in
584 4464 829 4517 Domino.

1785 1886 1877 1955 qui
1910 1887 2068 1942 electi
2115 1898 2242 1941 sunt
2268 1888 2313 1919 "
2357 1904 2371 1941 :
2417 1890 2573 1959 cujus
2620 1900 2676 1945 et
2714 1902 2888 1947 mater
2925 1901 3132 1946 tantum
3180 1894 3359 1946 meriti

1785 1978 1996 2042 habuit,
2038 1988 2097 2033 ut
2139 1994 2259 2033 eam
2294 1977 2490 2035 Paulus
2518 1996 2671 2035 suam
2712 1982 3073 2038 neminaverit
3107 1993 3358 2048 matrem,

1785 2090 1907 2128 cum
1955 2090 2062 2143 quo
2100 2076 2263 2130 etiam
2316 2078 2454 2147 ipse,
2500 2080 2643 2134 sicut
2691 2078 2848 2135 Jesus
2888 2097 3010 2136 cum
3054 2080 3261 2137 Joanne
3288 2082 3358 2144 ".

1783 2185 1947 2223 unum
1984 2170 2216 2238 partitur
2244 2173 2429 2225 matris
2459 2171 2708 2227 allectum
2740 2172 2872 2243 (24).

1853 2263 1941 2316 51.
1974 2261 2219 2317 Salutate
2255 2266 2623 2333 Asyncretum,
2666 2264 3040 2336 Phlegoutam,
3086 2264 3358 2332 Hermem,

1783 2352 2096 2415 Patrobam,
2130 2352 2405 2419 Hermum,
2433 2364 2483 2408 et
2505 2357 2551 2409 si
2574 2358 2665 2426 qui
2689 2368 2811 2410 sunt
2840 2374 2956 2410 cum
2977 2358 3050 2410 eis
3074 2357 3263 2427 fratres
3286 2356 3356 2410 ⁷⁸.

1783 2444 1858 2500 De
1892 2446 2007 2499 istis
2033 2447 2261 2516 simplex
2291 2457 2375 2501 est
2405 2448 2685 2514 salutatio,
2738 2464 2837 2503 nec
2870 2449 3071 2517 aliquid
3105 2450 3186 2502 eis
3224 2449 3358 2501 insi-

1781 2553 1884 2607 gne
1933 2537 2107 2592 laudis
2153 2540 2492 2608 adjungitur.
2535 2541 2670 2594 Puto
2718 2550 2893 2610 tamen
2938 2542 3081 2611 quod
3127 2540 3357 2595 Hermas

1783 2629 1885 2683 iste
1910 2633 1983 2684 sit
2010 2633 2247 2700 scriptor
2297 2633 2461 2686 libelli
2501 2634 2640 2687 illius
2669 2634 2759 2703 qui
2794 2633 2989 2686 Pastor
3030 2634 3356 2703 appellatur,

1781 2737 1899 2789 qua:
1924 2723 2191 2791 scriptura
2229 2723 2384 2777 valde
2417 2724 2546 2777 mihi
2587 2724 2734 2778 utilis
2766 2727 3011 2789 videtur,
3060 2736 3115 2780 et
3144 2737 3201 2779 ut
3229 2741 3357 2796 puto

1781 2814 2038 2867 divinitus
2085 2814 2367 2885 inspirata.
2415 2815 2567 2881 Quod
2611 2830 2738 2870 vero
2773 2816 2905 2870 nihil
2934 2818 2981 2870 ei
3033 2817 3206 2873 laudis
3239 2818 3356 2889 (25)

1780 2905 2057 2973 ascripsit,
2091 2907 2202 2973 illa,
2229 2906 2445 2976 opinor,
2471 2917 2553 2961 est
2582 2921 2769 2971 causa,
2803 2910 2927 2977 quia
2959 2902 3188 2973 videtur,
3215 2911 3357 2964 sicut

1779 2997 2047 3065 scriptura
2090 2998 2178 3050 illa
2213 2997 2470 3059 declarat.
2510 3009 2628 3066 post
2660 2999 2826 3053 multa
2861 3008 3083 3069 peccata
3122 3002 3189 3055 ad
3233 3016 3353 3071 pas-

1780 3085 2059 3140 nitentiam
2095 3090 2265 3143 fuisse
2297 3104 2594 3143 conversus
2627 3107 2641 3142 :
2670 3098 2725 3143 et
2772 3090 2892 3144 ideo
2936 3106 3110 3160 neque
3155 3106 3356 3160 Oppro-

1779 3179 1954 3232 brium
1995 3181 2042 3234 ei
2089 3180 2308 3249 aliquod
2338 3182 2598 3251 scripsit:
2638 3183 2907 3236 didicerat
2957 3183 3101 3236 enim
3136 3198 3165 3236 a
3207 3183 3357 3237 Scri-

1779 3279 1935 3336 ptura
1991 3287 2096 3324 non
2142 3272 2516 3340 improperare
2578 3271 2782 3324 homini
2830 3271 3165 3324 convertenti
3215 3285 3274 3325 se
3323 3289 3353 3324 a

1780 3369 2001 3429 peccato
2027 3359 2072 3390 "
2100 3379 2113 3413 :
2148 3376 2325 3430 neque
2350 3362 2526 3415 laudis
2557 3363 2760 3431 aliquid
2787 3362 2993 3424 tribuit,
3024 3365 3149 3430 quia
3177 3364 3356 3417 adhuc

1778 3451 1985 3520 positus
2030 3462 2152 3506 erat
2208 3457 2309 3507 sub
2358 3454 2553 3523 angelo
2603 3454 2933 3521 paenitentiae
2980 3454 3115 3526 (2U),
3170 3470 3197 3505 a
3245 3471 3356 3525 quo

1782 3553 2018 3612 tempore
2048 3557 2355 3614 opportuno
2384 3547 2603 3602 Christo
2640 3562 2853 3598 rursum
2890 3547 3110 3600 deberet
3140 3544 3346 3601 offerri.

1778 3634 2100 3705 lntelligitur
2122 3648 2301 3690 autem
2340 3640 2480 3705 quod
2522 3639 2683 3692 simul
2730 3639 3096 3693 habitaverint
3127 3639 3179 3692 hi
3213 3655 3351 3708 quo-

1777 3742 1894 3780 rum
1929 3728 2183 3783 salutatio
2212 3731 2414 3783 sociata
2442 3740 2545 3785 est.

1845 3819 1938 3875 3'2.
1971 3818 2211 3874 Salutate
2243 3818 2583 3891 Philologum
2631 3831 2679 3874 et
2727 3820 2969 3886 Juliam,
3019 3821 3250 3876 Nereum
3295 3830 3349 3877 et

1774 3929 2004 3966 sororem
2037 3912 2170 3981 ejus,
2208 3925 2254 3965 et
2290 3910 2675 3982 Olympiadem,
2714 3922 2764 3965 et
2809 3930 2985 3967 omnes
3021 3924 3231 3969 sanctos
3255 3917 3352 3984 qui

1776 4022 1893 4058 cum
1923 4007 1997 4059 eis
2032 4017 2151 4059 sunt
2184 4005 2251 4061 3°.
2282 4005 2470 4059 Potest
2518 3996 2633 4061 lieri
2671 4014 2728 4060 ut
2775 4006 3085 4075 Philologns
3116 4018 3169 4060 et
3198 4007 3341 4064 Julia

1776 4095 2032 4164 conjuges
2061 4095 2290 4162 fuerint;
2325 4098 2504 4151 caeleri
2546 4098 2826 4152 domestici
2867 4114 3075 4161 eorum,
3116 4101 3184 4154 ad
3209 4116 3349 4170 quos

1776 4188 2000 4254 simplex
2030 4187 2288 4241 salutatio
2326 4189 2601 4257 dirigitur.

1845 4280 1933 4333 55.
1982 4279 2223 4332 Salutate
2258 4281 2473 4333 invicem
2513 4282 2567 4334 in
2600 4279 2777 4334 osculo
2821 4291 3002 4335 sancto
3033 4282 3097 4328 ⁸⁸-
3136 4283 3210 4336 Ex
3247 4285 3350 4338 hoe

1776 4386 2048 4435 sermone,
2084 4372 2313 4440 aliisque
2355 4374 2628 4428 nonnullis
2680 4374 2968 4438 similibus,
3018 4390 3133 4429 mos
3166 4375 3351 4431 Eccle-

1703 4483 1750 4542 υ
1778 4463 1876 4518 siis
1905 4464 2139 4517 traditus
2164 4474 2248 4517 est
2275 4472 2332 4517 ιιι
2364 4474 2484 4534 post
2514 4464 2790 4519 orationes
2825 4468 3010 4522 osculo
3031 4483 3090 4522 se
3117 4469 3345 4524 invicem

182 4578 225 4610 "
258 4576 536 4634 Rom.xvt.
559 4580 612 4636 9.
658 4581 702 4612 “
718 4579 861 4646 ibid.
886 4579 971 4635 10.
1013 4580 1057 4612 ⁸⁷
1081 4580 1235 4634 Rom.
1258 4580 1376 4646 v,5,
1396 4580 1448 4634 4.
1522 4582 1565 4613 ⁸⁸
1589 4585 1706 4639 Act.

1840 4599 1890 4646 Il,
1920 4582 2011 4635 24.
2056 4583 2098 4614 ‘9
2126 4580 2283 4636 Rom.
2319 4598 2429 4646 .\Vl,
2453 4568 2538 4636 1”1.
2615 4584 2663 4615 ⁷ο
2700 4583 2828 4638 ibid.
2857 4599 2964 4644 3m.
2992 4585 3079 4639 11.
3154 4585 3345 4640 “ibid.

117 4647 158 4679 ⁷⁸
186 4650 313 4706 ibid.
349 4651 436 4704 i2.
512 4652 559 4682 "
595 4642 725 4705 ibid.

116 4732 220 4783 XVI,
251 4721 337 4775 14.
410 4722 455 4752 τ’
483 4721 779 4786 Eccli.vttt,
811 4720 865 4776 6.
941 4720 986 4752 ⁸ο
1010 4719 1168 4775 Rom.
1207 4737 1317 4787 xvr,
1355 4722 1443 4777 15.

181 4816 293 4889 (ΞΟ)
313 4818 474 4877 Editi,
506 4819 799 4889 adjutorem
826 4828 1089 4889 nostrum.
1116 4818 1314 4889 Deinde
1347 4834 1475 4875 mss.
1508 4820 1667 4888 pleri-

117 4899 234 4952 que,
269 4888 523 4943 Rabanus
547 4886 602 4943 et
631 4888 785 4949 editi,
816 4887 883 4941 Et
920 4890 1046 4941 istos
1075 4889 1128 4941 in
1177 4886 1521 4943 salutatione
1546 4908 1670 4945 con-

109 4955 307 5025 jungit;
358 4961 453 5013 sed
504 4959 703 5014 rectius
749 4974 851 5014 ms.
905 4958 1106 5029 Regius
1137 4957 1454 5012 num.1659
1514 4971 1574 5013 ιιι
1615 4962 1667 5015 iu

121 5039 296 5081 IIOSll'O
326 5036 470 5082 ΙΘΧΙΙΙ
481 5069 495 5083 .

176 5096 284 5166 (2i)
313 5099 410 5153 Ms.
454 5113 614 5163 unus,
640 5101 696 5153 in
727 5097 976 5151 Domino.
1009 5098 1175 5152 Paulo
1200 5105 1320 5166 post
1346 5097 1500 5163 editi,
1548 5114 1668 5151 sus-

118 5171 364 5221 tentatum
398 5185 419 5223 :
469 5185 597 5223 mss.
641 5169 906 5238 plerique,
961 5177 1321 5233 sustentatus;
1383 5166 1664 5233 Rabanus,

117 5239 430 5292 sustinuisse.
482 5239 684 5292 Deinde
729 5239 890 5292 iidem
950 5239 1171 5303 habent,
1221 5242 1667 5306 pronuntiatum;

116 5307 426 5379 sedrectius
452 5324 553 5362 ms.
580 5310 791 5379 Regius
819 5324 965 5379 num.
993 5308 1137 5379 1639
1167 5317 1224 5361 ιιι
1250 5309 1301 5361 iu
1341 5318 1509 5379 textu.

181 5376 288 5444 (22)
321 5377 528 5432 Mundi.
562 5376 839 5434 Omi'ttitur
864 5379 915 5431 in
950 5378 1100 5432 libris
1127 5390 1282 5432 antea
1307 5378 1483 5431 editis.

182 5447 290 5515 (25)
317 5448 386 5502 In
417 5448 663 5505 Domino.
689 5449 1122 5503 Prasterrnittitur
1155 5450 1209 5501 in
1242 5448 1424 5503 editis.
1467 5448 1667 5504 Deinde

118 5512 279 5586 iidem
310 5518 463 5581 editi,
502 5518 759 5573 Rabanus
800 5526 854 5574 et
885 5534 1015 5572 mss.
1051 5518 1313 5586 plerique,
1343 5517 1409 5570 Et
1438 5518 1521 5571 hic
1557 5518 1669 5572 Ru-

115 5584 216 5648 fus,
260 5591 636 5711 e‘tg._,9omisso
657 5590 812 5657 sicut,
864 5589 1005 5658 quod
1049 5584 1294 5643 restituit
1330 5604 1430 5643 ms.
1467 5589 1666 5659 Regius

119 5668 255 5709 lllllll.
360 5676 389 5710 ί)
430 5700 446 5711 .

119 5668 255 5709 nmn.
288 5660 446 5714 1659.

182 5725 290 5795 (24)
326 5727 485 5793 Editi,
527 5730 725 5797 pariter
759 5728 970 5783 haberet
1010 5730 1195 5783 matris
1237 5728 1503 5797 aﬂectum.
1550 5726 1661 5782 Sed

118 5805 296 5852 etnues
326 5812 458 5853 mss.
489 5808 543 5851 et
572 5796 821 5854 Rabanus
848 5809 904 5853 ιιι
936 5801 987 5855 in
1021 5809 1192 5861 textu,
1227 5796 1326 5855 nisi
1361 5800 1504 5861 quod
1540 5800 1660 5862 qui-

797 4649 844 4681 “
887 4650 1014 4704 ibid.
1073 4652 1159 4707 15.
1232 4651 1277 4683 ⁷⁸
1314 4650 1351 4703 ll
1382 4652 1509 4709 Cor.
1551 4668 1668 4719 xui,
1708 4656 1761 4710 5.
1840 4652 2093 4708 "Matth.
2129 4668 2261 4715 χχιι,

811 4720 865 4776 6.
941 4720 986 4752 ⁸⁰
1010 4719 1168 4775 Rom.
1207 4737 1317 4779 xw.
1355 4722 1443 4777 15.
1521 4722 1565 4755 ⁸¹
1593 4726 1722 4779 ibid.
1759 4726 1846 4779 16.

1593 4741 1722 4780 111111.
1759 4741 1846 4779 10.

2344 4653 2429 4707 li.
2504 4653 2728 4709 "’Joan.
2770 4670 2879 4720 XIX,
2917 4654 3007 4710 26.
3080 4655 3128 4688 ⁷⁸
3186 4654 3348 4711 Rom.

1779 4823 1900 4874 dam
1933 4822 2126 4876 vitiose
2154 4825 2388 4877 habeant
2412 4821 2614 4891 patitur
2638 4835 2736 4890 pro
2774 4819 3034 4891 partitur;
3062 4820 3256 4891 deinde
3292 4820 3344 4873 in

1775 4894 1890 4946 haec
1925 4894 2122 4961 verba,
2160 4891 2398 4946 Salutate
2414 4889 2783 4961 'Asyncretum,
2810 4889 3173 4959 Phlegontam,
3210 4890 3348 4944 Iler-

1770 4977 1926 5027 mem,
1953 4959 2264 5026 Patrobam,
2296 4959 2571 5027 Hennam,
2623 4976 2727 5014 non
2759 4962 3092 5015 concordant
3122 4962 3260 5014 inter
3286 4977 3346 5014 se

1772 5047 1901 5086 mss.
1951 5033 2146 5097 nostri,
2183 5032 2441 5086 Rabanus
2481 5044 2535 5085 et
2559 5031 2710 5083 editi.
2760 5031 2862 5083 Alii
2915 5032 3113 5084 habent
3149 5032 3347 5099 Assyri-

1768 5109 2004 5171 cretum;
2031 5101 2123 5155 alii
2151 5102 2518 5171 Phlegoniam,
2551 5100 2890 5171 Phlegonam,
2917 5111 2971 5154 et
3011 5098 3297 5169 Phlegonia
3321 5116 3342 5163 ,-

1770 5171 1861 5226 alii
1897 5170 2147 5238 llermen,
2173 5168 2489 5235 Patrobum,
2520 5168 2775 5227 Hermau.
2819 5168 2927 5225 Sed
2957 5171 3126 5223 secuti
3154 5185 3345 5223 sumus

1774 5258 1875 5297 ms.
1908 5241 2133 5312 Regium
2168 5258 2318 5296 num.
2356 5240 2494 5297 1659
2531 5239 2916 5312 etRabanum.

1844 5313 1957 5379 ‘25)
1990 5307 2152 5376 Editi,
2187 5313 2340 5379 Quod
2374 5328 2492 5366 vero
2525 5310 2656 5364 nihil
2682 5313 2756 5363 eis
2784 5310 2982 5374 laudis,
3006 5319 3117 5363 etc.
3146 5307 3347 5379 Deinde

1773 5377 1909 5437 mss.
1946 5377 2327 5452 pleriqueﬁlla
2351 5384 2538 5450 Opinor
2560 5397 2624 5435 ea:
2646 5396 2825 5434 causa.
2860 5380 2959 5452 Ms.
2990 5394 3147 5452 unus,
3173 5377 3266 5429 illa
3290 5387 3344 5430 ut

1774 5450 1960 5518 opinor
2002 5450 2184 5508 causa.
2238 5453 2343 5508 Sed
2393 5452 2651 5506 Rabanus
2697 5462 2751 5504 et
2804 5451 2935 5505 editi
2967 5459 3027 5502 ut
3073 5450 3125 5501 in
3159 5459 3348 5503 nostro

1776 5531 1947 5576 ιθιιιι.

1847 5592 1959 5664 (9.6)
1991 5592 2081 5647 Sic
2109 5608 2211 5648 ms.
2243 5593 2442 5662 Regius
2473 5607 2620 5664 num.
2650 5589 2863 5664 1659‘et
2884 5587 3344 5664 editi._Raba_nus,

1773 5658 1990 5726 vitiose,
2017 5668 2184 5738 posita
2208 5658 2433 5717 erat'sub
2459 5660 2994 5738 angeloptenitentia.
3026 5658 3221 5738 C_a:teri
3250 5673 3343 5717 vc-

1765 5748 1824 5788 ro
1862 5729 2238 5803 mss.,positus
2262 5743 2372 5789 erat
2396 5734 2488 5787 sub
2517 5729 2702 5802 angelo
2725 5732 2778 5783 in
2801 5729 3127 5799 pauitantia.
