3744 6146
359 272 499 332 i283

1835 252 2158 314 ORIGENlS

3476 262 3595 319 {‘18:

357 392 659 463 suscipiant
684 390 898 442 fratres.
937 382 1049 440 Hoc
1081 390 1262 437 autem
1292 382 1534 436 osculum
1560 390 1807 437 sanetum
1836 397 1930 447 ap-
1960 384 2005 439 Α
2036 379 2224 431 nebras
2255 376 2457 443 lucem;
2492 377 2643 431 dulce
2679 394 2946 443 amarunt,
2979 387 3030 432 et
3079 395 3319 432 amarum
3351 379 3499 434 dulce
3524 380 3598 445 ⁸⁸;
3668 428 3679 447 ,

355 485 525 557 pellat
550 477 1012 551 Apostolus..Quo
1052 477 1274 529 nomine
1309 475 1441 529 illud
1480 476 1638 528 docet
1680 472 1794 544 (27)
1823 475 1936 542 pri-

359 592 468 637 mo,
510 583 568 627 ut
605 581 758 626 casta
807 569 915 624 sint
944 565 1133 621 oscula
1161 581 1283 634 qua:
1324 566 1379 618 in
1425 565 1672 619 ecclesiis
1702 565 1935 629 dantur;

356 676 470 723 tum
497 664 692 717 deinde
724 669 780 712 ut
805 657 1057 713 simulata
1092 672 1201 711 non
1232 656 1365 721 sint,
1412 656 1554 710 sicut
1585 654 1809 709 fuerunt
1838 651 1936 708 Ju-

356 758 459 820 dte,
494 754 584 823 qui
614 750 863 806 osculum
895 747 1058 802 labiis
1081 748 1263 811 dabat,
1292 755 1347 802 et
1380 745 1741 815 proditionem
1769 745 1936 800 corde

357 846 652 904 tractabat.
682 842 941 898 Osculum
971 855 1100 894 vero
1135 839 1308 893 ﬁdelis
1333 838 1443 909 (28)
1476 838 1673 908 primo,
1705 847 1763 891 ut
1791 836 1934 890 dixi.

356 955 499 999 ntus,
532 948 741 991 castum
775 933 872 997 sit;
921 940 1032 985 tum
1062 929 1258 985 deinde
1290 945 1477 1000 pacem
1509 930 1561 983 in
1594 942 1653 983 se
1680 927 1938 997 simplici-

355 1042 634 1099 tatemque
663 1028 861 1083 habeat
891 1026 944 1078 in
976 1024 1251 1079 charitate
1286 1038 1391 1075 non
1419 1022 1565 1075 ﬁcta.

426 1125 517 1178 54.
559 1122 806 1177 Salutant
846 1136 931 1173 vos
955 1133 1134 1172 omnes
1159 1113 1414 1169 Ecclesia:
1436 1113 1637 1169 Christi
1668 1115 1735 1167 θ’.
1779 1112 1933 1168 Nitit-

354 1219 483 1289 quid
520 1232 624 1269 non
658 1217 711 1268 in
742 1230 847 1269 una
882 1211 1128 1267 Ecclesia
1170 1209 1381 1280 positus
1428 1206 1625 1262 Paulus
1657 1208 1772 1263 haec
1803 1208 1937 1262 scri-

356 1311 434 1365 bit
463 1308 615 1380 ('29)?
642 1307 709 1361 Et
734 1305 1006 1377 quomodo
1031 1319 1215 1358 verum
1241 1312 1326 1356 est
1352 1302 1493 1369 quod
1511 1304 1751 1356 omnium
1774 1301 1932 1355 simul

355 1398 717 1454 Eeclesiarum
746 1395 949 1450 salutes
981 1394 1244 1449 Romamn
1271 1394 1454 1448 mittat
1494 1389 1784 1446 Ecclesize?
1826 1390 1930 1444 Sed

355 1512 453 1566 pro
484 1511 549 1550 eo
594 1494 896 1565 intelligere
926 1492 1185 1547 debemus
1216 1489 1296 1545 vel
1341 1488 1485 1558 quod
1535 1503 1675 1541 unus
1709 1487 1932 1556 spiritus

356 1600 476 1644 erat
507 1589 557 1641 in
589 1586 759 1640 Paulo
794 1595 959 1653 atque
986 1582 1241 1638 omnibus
1278 1580 1541 1637 Ecclesiis
1590 1579 1816 1643 Christi,
1852 1578 1933 1633 vel

354 1682 592 1737 salutare
618 1681 763 1732 dicat
800 1693 896 1746 per
930 1676 1111 1739 fidem,
1140 1684 1194 1729 et
1222 1691 1318 1743 per
1343 1674 1593 1743 spiritum
1620 1672 1793 1740 jungi.

2039 474 2176 525 etin
2202 473 2289 526 bis
2333 474 2591 525 κόκκυ
2613 472 2783 525 card:
3487 473 3599 530 tli-

2036 574 2464 636 geuteroportet
2494 566 2780 621 intendere
2825 581 2934 635 quo
2969 580 3256 635 prospectu
3304 566 3496 620 doceat
3522 567 3601 624 ille

2038 658 2129 726 qui
2162 659 2352 723 docet;
2401 667 2579 712 utrum
2611 658 2839 728 gratiam
2882 666 2936 711 et
2961 657 3220 712 honorem
3259 657 3325 711 ab
3349 658 3597 713 auditori-

2038 748 2141 803 bus
2172 766 2438 820 quaareos.
2491 767 2558 805 au
2594 752 2898 807 mercedem
2936 766 2967 805 a
2999 750 3228 806 Domino
3261 767 3360 818 pro
3414 752 3599 805 instru-

2037 839 2219 894 ctiouc
2261 850 2317 896 et
2365 840 2613 912 profectu
2656 843 2982 898 discentium
3025 856 3276 909 sperans.
3323 842 3598 898 Subtiliter

2036 947 2167 985 sane
2213 932 2414 987 Paulus
2470 935 2819 988 ittdiscrctatn
2864 941 2919 988 et
2958 933 3170 989 facilem
3239 930 3597 988 Romanorum

2036 1025 2400 1079 obedientiam
2433 1036 2608 1088 notat,
2643 1038 2875 1094 eamque
2906 1026 3103 1079 asserit
3131 1027 3336 1095 ubique
3372 1040 3474 1079 non
3501 1024 3601 1079 lau-

2036 1117 2238 1180 datam,
2292 1119 2386 1171 sed
2443 1117 2841 1187 pervulgatam.
2898 1118 3003 1172 Sed
3048 1133 3113 1172 ne
3150 1134 3245 1173 eos
3290 1134 3526 1185 rursum,
3552 1120 3591 1173 si

2035 1225 2136 1279 pro
2162 1210 2263 1265 hoc
2298 1211 2536 1276 apertius
2588 1210 2901 1280 castigaret,
2948 1211 3321 1264 iuobedientes
3352 1208 3596 1273 ediceret,

2036 1301 2184 1355 addit
2220 1319 2231 1353 :
2266 1298 2333 1353 In
2360 1300 2499 1353 vobis
2529 1316 2650 1370 ergo
2693 1300 2916 1370 gaudeo.
2961 1299 3070 1355 Sed
3104 1300 3252 1354 dices
3285 1317 3300 1351 :
3333 1298 3600 1366 Quomodo

2035 1395 2313 1462 vulgarem
2364 1393 2416 1445 in
2447 1394 2529 1446 eis
2576 1402 2726 1447 notat
2773 1392 3158 1456 obedientiam,
3196 1408 3320 1445 cum
3370 1392 3515 1446 dicat
3549 1408 3599 1448 se

2033 1487 2272 1558 gaudere
2298 1486 2349 1539 iu
2384 1486 2504 1539 eis?
2540 1486 2720 1539 Primo
2762 1486 2978 1555 quidem
3018 1486 3163 1539 aliud
3203 1495 3287 1541 est
3317 1495 3507 1539 notare
3529 1485 3602 1538 vi-

2036 1585 2205 1647 tium;
2237 1582 2381 1636 aliud
2419 1582 2685 1638 homines.
2733 1579 2916 1636 Potest
2955 1582 3101 1635 euim
3143 1580 3260 1635 ﬁeri
3290 1590 3351 1634 ut
3384 1580 3603 1651 gaudeat

2035 1677 2090 1730 in
2127 1676 2213 1729 bis
2243 1675 2295 1727 iu
2337 1673 2531 1741 quibus
2582 1672 2745 1727 multa
2796 1672 2900 1725 alia
2955 1672 3095 1726 bona
3146 1673 3598 1742 deprehenderat;

424 1771 591 1846 684
615 1772 707 1826 55.
751 1737 898 1837 Rogo
941 1781 1115 1822 autem
1160 1784 1268 1830 vos,
1309 1766 1524 1835 fratres,
1563 1776 1617 1819 ut
1652 1765 1931 1818 observetis
1966 1737 2010 1797 Β
2037 1766 2227 1819 vitium
2252 1776 2440 1821 autem
2472 1766 2614 1835 quod
2645 1764 2696 1820 ei
2724 1766 3070 1834 displicucrat
3100 1776 3273 1829 notet,
3300 1782 3372 1820 ne
3398 1766 3604 1835 putetur

354 1886 441 1923 eos
475 1869 564 1937 qui
591 1865 941 1919 dissensiones
967 1875 1013 1917 et
1041 1860 1364 1930 o/fendicula
1400 1868 1595 1930 prwter
1629 1858 1930 1911 doctrinam

355 1976 511 2031 quam
532 1975 619 2013 vos
647 1956 910 2010 didicistis
936 1955 1163 2024 faciunt,
1192 1964 1240 2006 et
1273 1952 1533 2006 declinate
1563 1955 1626 2003 ab
1658 1949 1786 2004 illis.
1823 1947 1935 2001 Hu-

348 2052 585 2124 jusmodt
612 2050 748 2104 enim
781 2048 988 2101 Christo
1038 2045 1261 2099 Dontino
1297 2054 1475 2097 nostro
1518 2042 1630 2114 ('50)
1675 2058 1778 2096 non
1823 2058 1934 2094 ser-

355 2142 523 2205 viunt,
556 2140 648 2193 sed
678 2157 774 2193 suo
808 2137 1019 2194 ventri:
1047 2146 1095 2190 et
1122 2153 1216 2205 per
1259 2135 1437 2189 dulces
1462 2150 1726 2188 sermones
1756 2141 1807 2187 et
1848 2134 1935 2187 be-

355 2234 676 2287 nedictiones
699 2234 950 2287 seducunt
979 2231 1139 2283 corda
1170 2230 1550 2284 innocentium.
1589 2225 1770 2280 Vestra
1794 2227 1933 2278 enim

356 2326 650 2380 obedientia
679 2325 867 2394 ubique
893 2321 1199 2391 pervulgata
1234 2329 1329 2375 est.
1377 2317 1444 2372 In
1474 2318 1613 2372 vobis
1645 2333 1770 2387 ergo
1802 2332 1935 2386 gast-

358 2420 457 2473 deo
487 2418 670 2488 ⁸³(51).
705 2416 829 2471 llaec
857 2426 911 2470 et
944 2414 1010 2468 ad
1048 2429 1141 2468 eos
1162 2415 1254 2484 qui
1291 2410 1551 2467 Ecclesiis
1592 2418 1851 2481 praesunt,
1880 2416 1936 2463 et

359 2513 427 2566 ad
471 2526 661 2565 omnes
695 2509 983 2564 credentes
1037 2522 1136 2575 per
1190 2506 1451 2574 Spiritum
1494 2514 1741 2558 sanctum
1793 2501 1934 2555 scri-

357 2604 488 2660 bere
512 2602 820 2659 credendus
863 2608 949 2655 est
980 2597 1200 2664 Paulus,
1240 2605 1301 2651 ut
1331 2596 1645 2667 diligentius
1686 2594 1935 2649 conside-

357 2705 501 2760 rent,
530 2705 586 2750 et
608 2693 939 2765 perSpieiant
970 2692 1061 2759 qui
1094 2690 1207 2745 sint
1232 2689 1320 2756 qui
1352 2687 1725 2743 dissensiones
1755 2696 1812 2739 et
1844 2685 1935 2740 oi-

358 2788 629 2843 lendicula
661 2788 713 2840 in
768 2785 1029 2840 Ecclesiis
1080 2790 1362 2853 generem,
1419 2790 1473 2833 et
1508 2778 1669 2832 alieni
1718 2778 1825 2830 sint
1867 2776 1935 2831 ab

360 2880 449 2934 illa
483 2878 823 2934 beatitudine
850 2891 1011 2945 quam
1052 2875 1314 2929 Dominus
1350 2874 1665 2942 repromisit
1694 2873 1882 2925 dicens
1916 2888 1928 2923 :

360 2971 510 3025 Beati
534 2969 763 3037 paciﬁci,
785 2966 1032 3037 quoniam
1056 2966 1155 3035 ipsi
1177 2965 1275 3032 ﬁlii
1296 2963 1389 3016 Dei
1412 2962 1736 3016 vocabuntur
1750 2958 1931 3031 “(52).

2035 1858 2082 1914 ei
2105 1858 2270 1913 etiam
2299 1858 2473 1927 ipsum
2499 1873 2621 1911 cum
2651 1857 2868 1912 caeteris
2898 1858 3188 1925 placuisse.
3218 1857 3407 1912 Potest
3436 1870 3598 1914 autem

2032 1961 2090 2008 et
2118 1967 2212 2022 pro
2236 1967 2302 2007 eo
2329 1952 2529 2007 dixisse
2556 1952 2846 2022 Apostolus
2879 1955 3117 2023 gaudere
3148 1969 3209 2009 se
3240 1956 3294 2007 in
3326 1954 3433 2017 eis,
3466 1956 3595 2023 quod

2035 2046 2125 2117 qui
2157 2046 2471 2101 inobediens
2497 2054 2602 2109 est,
2633 2061 2809 2115 neque
2836 2046 2902 2100 ad
2937 2046 3159 2111 malum,
3200 2062 3385 2116 neque
3411 2048 3478 2101 ad
3510 2048 3597 2101 bo-

2037 2148 2164 2186 nunt
2201 2133 2337 2187 trahi
2378 2143 2598 2202 potest:
2631 2134 2725 2203 qui
2769 2149 2901 2190 vero
2950 2136 3212 2191 obediens
3252 2146 3362 2200 est,
3404 2136 3453 2190 si
3491 2138 3599 2204 qui-

2036 2224 2157 2278 dem
2192 2225 2258 2277 ad
2289 2225 2498 2280 inutilia
2522 2228 2792 2292 trahatur,
2830 2227 3115 2297 imperitia:
3145 2228 3304 2298 culpa
3340 2228 3433 2284 sit.
3458 2226 3601 2300 igno-

2037 2327 2121 2371 rat
2162 2318 2308 2371 enim
2340 2317 2553 2372 inutilia
2600 2334 2723 2374 esse
2750 2336 2813 2374 ea
2862 2322 3061 2389 quibus
3101 2322 3481 2376 obedientiam
3525 2322 3600 2376 sui

2033 2412 2240 2481 praebet
2266 2426 2282 2464 :
2316 2427 2438 2466 cum
2462 2426 2591 2466 vero
2622 2412 3014 2483 didiceritqua:
3043 2423 3171 2467 sunt
3203 2413 3383 2479 utilia,
3409 2412 3601 2468 habens

2036 2516 2281 2573 paratum
2309 2508 2630 2563 obedientize
2659 2510 2886 2572 bonum,
2921 2510 3181 2564 continuo
3235 2509 3343 2565 iter
3366 2525 3464 2578 per
3491 2524 3600 2563 eam

2036 2595 2252 2649 virtutis
2309 2598 2572 2653 ascendit.
2629 2598 2839 2655 Gaudet
2874 2614 3003 2672 ergo
3040 2600 3236 2655 Paulus
3283 2616 3454 2671 super
3486 2601 3606 2655 obe-

2037 2687 2271 2749 dientes,
2304 2699 2489 2744 certus
2520 2692 2662 2760 quod
2694 2707 2814 2746 cum
2846 2691 3095 2746 docuerit
3120 2707 3215 2747 eos
3241 2707 3352 2746 non
3401 2693 3603 2765 vulgari

2035 2781 2367 2844 obedientia,
2422 2797 2584 2849 quam
2643 2782 2865 2839 incaute
2908 2784 3161 2839 omnibus
3203 2788 3478 2855 prtulient,
3535 2787 3603 2840 uti

2037 2872 2259 2939 debere,
2287 2874 2379 2928 sed
2411 2873 2496 2928 illa
2529 2874 2639 2929 sola
2668 2891 2773 2945 qua
2797 2877 3006 2931 obedire
3041 2889 3244 2947 oportet
3294 2878 3411 2933 Deo
3448 2883 3603 2948 magis

2034 2981 2194 3035 quam
2217 2965 2515 3021 hominibus
2544 2968 2614 3032 ⁸⁸,
2650 2967 2856 3023 relictis
2909 2973 3122 3024 caeteris
3175 2970 3266 3024 illa
3298 2971 3418 3025 sola
3461 2981 3604 3024 uten-

362 3061 473 3116 lloc
518 3061 686 3125 enim,
735 3057 932 3126 inquit,
975 3065 1035 3110 ut
1080 3053 1287 3124 pacifici
1319 3053 1459 3115 sitis,
1503 3067 1533 3105 a
1574 3050 1803 3106 Domino
1836 3066 1935 3120 per
1957 3088 2002 3146 ο
2039 3067 2127 3111 [ur
2152 3057 2287 3129 (55),
2315 3058 2448 3111 Nam
2476 3068 2532 3114 ei,
2555 3074 2744 3115 revera
2778 3076 2885 3115 non
2922 3072 3007 3115 est,
3035 3078 3217 3131 parum
3243 3062 3601 3121 discretionis.

363 3148 708 3219 Evangelium
742 3145 1043 3208 didicistis;
1092 3143 1466 3197 dissensiones
1510 3156 1643 3195 vero
1690 3154 1931 3194 commo-

358 3258 487 3297 vere
518 3241 599 3294 vel
624 3239 899 3303 scandala,
947 3246 1147 3305 prieter
1181 3235 1490 3289 doctrinam
1528 3244 1800 3302 estquam
1836 3246 1934 3286 vos

360 3334 660 3399 didicistis;
715 3341 771 3387 et
817 3332 936 3385 ideo
962 3330 1175 3383 alienus
1217 3345 1246 3382 a
1278 3327 1429 3381 vobis
1455 3328 1548 3391 sit,
1583 3342 1684 3380 nec
1711 3326 1933 3380 omnino

360 3426 660 3496 recipiatur
704 3425 847 3477 inter
891 3436 985 3476 vos
1014 3422 1103 3489 qui
1138 3422 1434 3475 certamina
1471 3428 1795 3483 commovet,
1840 3418 1932 3485 qui

359 3518 494 3573 serit
514 3516 713 3586 iurgia,
749 3514 839 3583 qui
870 3514 990 3569 lites
1015 3513 1219 3568 excitat
1240 3553 1254 3573 ,
1282 3524 1336 3566 et
1362 3511 1540 3566 studia
1571 3508 1934 3564 contentionis

358 3620 603 3665 exercet.
639 3608 740 3675 Qtti
778 3609 920 3661 enim
971 3606 1104 3659 tales
1144 3614 1291 3669 sunt,
1342 3603 1549 3657 Christo
1579 3601 1803 3655 Domino
1840 3617 1936 3653 no-

360 3716 491 3771 stro,
520 3703 609 3773 qui
642 3711 728 3757 est
754 3716 857 3771 pax
885 3709 1093 3760 nostra,
1122 3715 1227 3751 non
1265 3698 1522 3759 serviunt,
1556 3695 1647 3748 sed
1687 3710 1783 3747 suo
1808 3710 1933 3745 ven-

360 3800 454 3853 tri.
488 3795 592 3850 Sed
636 3803 693 3848 et
734 3792 861 3861 quid
892 3804 1071 3844 causa:
1101 3790 1174 3843 sit
1218 3803 1323 3857 qua
1371 3786 1552 3855 jnrgia
1597 3784 1649 3837 in
1679 3782 1936 3838 Ecclesiis

360 3894 716 3954 suscitantur,
744 3898 798 3944 et
827 3888 971 3953 lites,
1000 3885 1163 3941 divini
1190 3884 1429 3955 Spiritus
1456 3882 1717 3936 instinctu
1740 3879 1933 3949 aperit.

365 3984 597 4049 Ventris,
633 3982 828 4050 inquit,
856 3978 1028 4049 gratia
1052 3962 1198 4041 ;Vhoc
1231 3984 1335 4039 est,
1364 3983 1605 4043 quaestus
1638 3980 1692 4025 et
1722 3969 1929 4037 cupidi-

360 4078 511 4133 tatis.
551 4076 680 4131 lude
706 4083 789 4129 est
823 4072 963 4125 unde
995 4067 1236 4124 nonnulli
1265 4070 1607 4122 circumeunt
1635 4066 1825 4119 domos
1850 4062 1933 4117 lo-

361 4179 589 4240 quentes
616 4167 682 4221 ad
715 4165 948 4237 gratiam
995 4178 1118 4216 cum
1159 4160 1307 4213 omni
1347 4157 1660 4212 adulatione
1688 4165 1740 4211 et
1773 4157 1935 4209 dece-

360 4260 565 4327 ptione,
604 4272 707 4312 non
763 4264 822 4310 ut
852 4254 904 4308 in
940 4254 1105 4307 verbo
1152 4250 1245 4305 Dei
1292 4249 1560 4304 aediﬁcent
1601 4248 1812 4301 animas
1867 4245 1934 4299 ad

360 4352 640 4412 virtutem,
682 4346 777 4402 sed
812 4354 870 4399 ut
902 4343 1221 4398 adulatoriis
1264 4340 1624 4408 dulcibusque
1666 4338 1935 4393 sermoni-

2036 3150 2127 3202 sed
2170 3150 2469 3219 probabilis
2515 3160 2570 3206 et
2614 3152 3059 3208 exercitatissimi
3096 3154 3313 3224 judicii,
3352 3159 3499 3212 scire
3522 3157 3600 3211 cui

2034 3242 2225 3305 verbo,
2251 3243 2407 3296 cuive
2435 3244 2583 3311 operi
2625 3242 2990 3299 obediendum
3041 3247 3131 3312 sit,
3165 3256 3221 3302 et
3249 3249 3341 3303 cui
3372 3251 3603 3305 reniten-

2035 3334 2183 3387 dum.
2215 3335 2454 3404 Denique
2482 3337 2597 3405 ipse
2647 3336 2904 3391 Dominus
2934 3338 2988 3392 in
3032 3339 3330 3410 Evangelia
3357 3343 3493 3399 dicit
3519 3342 3562 3375 ⁸⁷
3588 3362 3602 3398 :

2033 3426 2300 3478 Attendite
2343 3427 2486 3479 vobis
2528 3426 2593 3479 ab
2627 3426 2708 3481 his
2749 3429 2839 3497 qui
2880 3430 3092 3482 veniunt
3136 3431 3205 3484 ad
3239 3446 3330 3485 vos
3377 3433 3435 3487 in
3458 3434 3606 3487 vesti-

2034 3518 2220 3570 mentis
2267 3518 2461 3582 ovium,
2504 3517 2650 3571 intus
2675 3527 2851 3571 autem
2899 3531 3026 3573 sunt
3076 3521 3187 3590 lupi
3235 3502 3478 3587 rapaces.
3546 3526 3605 3577 Et

2036 3603 2159 3658 ideo
2184 3604 2412 3673 vigilans
2438 3619 2631 3661 sensus
2655 3616 2711 3661 et
2734 3607 2936 3662 intenta
2969 3624 3120 3664 meus
3146 3612 3469 3682 requiritur,
3493 3629 3605 3678 qua:

2035 3697 2270 3766 probare
2304 3697 2517 3751 noverit
2541 3698 2626 3752 vel
2657 3698 2777 3753 ovis
2801 3699 2853 3753 in
2879 3701 3159 3769 propatulo
3181 3703 3603 3773 simplicitatem,

2034 3789 2119 3845 vel
2164 3789 2272 3859 lupi
2329 3790 2582 3845 latentem
2635 3793 3014 3860 rapacitatem.
3078 3794 3231 3851 Unde
3278 3798 3406 3853 vide
3449 3816 3601 3868 quam

2036 3882 2267 3951 proximi
2296 3882 2535 3951 periculo
2564 3883 2675 3954 (54)
2716 3885 2849 3938 tlaut
2884 3886 2935 3940 bi
2975 3886 3067 3956 qui
3108 3892 3357 3944 exerceri
3393 3891 3449 3945 in
3477 3891 3605 3946 divi-

2035 3973 2121 4028 nis
2172 3973 2368 4028 litteris
2416 3975 2715 4046 negligunt,
2765 3990 2835 4030 ex
2876 3979 3073 4047 quibus
3116 3979 3247 4034 solis
3298 3980 3601 4052 hujusmodi

2037 4066 2453 4122 examinationis
2501 4069 2842 4138 agnoscenda
2879 4069 3137 4125 discretio
3175 4082 3281 4127 est.
3336 4073 3600 4129 Continuo

2035 4170 2165 4227 ergo
2192 4156 2245 4210 in
2282 4156 2435 4211 brevi
2465 4158 2697 4222 speciem
2729 4159 3016 4228 propositae
3039 4161 3404 4218 distinctionis
3429 4173 3601 4217 osten-

2037 4249 2137 4310 dit,
2174 4255 2227 4301 et
2257 4246 2391 4302 dicit
2419 4262 2434 4300 :
2462 4246 2730 4313 Quoniam
2763 4249 2982 4317 quidem
3016 4248 3190 4306 facilis
3216 4263 3271 4307 et
3305 4253 3595 4310 indiscreta

2037 4348 2122 4393 est
2148 4350 2327 4393 vestra
2371 4339 2700 4405 obedientia.
2747 4341 2980 4411 accipite
3028 4344 3155 4412 quid
3194 4359 3442 4413 servare,
3481 4347 3599 4417 quid

360 4442 467 4497 bus
510 4452 847 4508 permanere,
887 4434 971 4489 vel
1001 4434 1168 4488 etiam
1221 4432 1488 4502 prolicere
1517 4444 1613 4483 eas
1643 4430 1933 4483 hortentur
1965 4442 2010 4497 ι)
2034 4443 2229 4483 cavere
2262 4428 2524 4484 debeatis.

364 4535 417 4588 in
449 4532 615 4595 vitiis,
662 4530 944 4584 laudantes
975 4535 1030 4579 et
1065 4527 1200 4579 bona
1250 4523 1496 4577 dicentes
1544 4536 1607 4575 ea
1654 4535 1775 4591 qua:
1807 4533 1929 4574 cor-

362 4628 605 4699 reptione
632 4625 789 4694 digna
815 4631 976 4686 sunt;
1008 4626 1255 4688 ponentes
1282 4615 1447 4669 lucem
1482 4615 1739 4681 tenebras,
1775 4623 1822 4667 et
1852 4625 1931 4667 te-

431 4748 477 4779 "
527 4746 682 4799 Rom.
714 4757 825 4804 xvi,
851 4739 939 4796 16.
990 4737 1037 4769 ⁸³
1069 4737 1223 4792 Rom.
1254 4752 1365 4795 xw.
1402 4734 1591 4789 17-19.
1667 4733 1711 4766 ⁸⁵
1746 4732 1909 4788 Matth

2071 4733 2113 4789 Θ.
2189 4733 2238 4766 ⁸⁸
2261 4732 2365 4788 lsa.
2393 4748 2447 4800 v,
2468 4733 2560 4789 20.
2637 4734 2685 4767 ⁸⁸
2714 4736 2835 4791 Act.
2864 4751 2917 4802 v,
2938 4736 3031 4793 29.

361 4818 408 4851 ⁸⁸
445 4819 604 4873 Rom.
638 4829 747 4877 xw,
788 4810 874 4867 l9.

434 4960 547 5047 (Ξῖ)
580 4958 858 5047 llabanus,
883 4952 1140 5047 dicithbzls
1161 4950 1375 5047 Jllegius
1406 4962 1556 5002 num.
1592 4944 1750 5012 16³59,
1780 4948 1937 5002 doce-

364 5022 470 5088 tur‘.
503 5022 694 5086 Caneri
723 5041 852 5081 mss.
892 5037 948 5079 et
973 5023 1127 5088 editi,
1157 5022 1327 5075 docet.

435 5086 547 5173 (ΞΒ)
580 5102 673 5173 Sic
710 5112 841 5153 mss.
887 5093 1032 5151 Editi
1073 5086 1206 5146 vcro
1248 5100 1304 5144 et
1345 5087 1637 5155 Rabanus,
1684 5086 1938 5143 Osculum

364 5172 480 5230 vero
509 5172 684 5241 ﬁdele,
702 5177 808 5222 etc.

432 5226 544 5315 ('29)
574 5242 652 5294 lta
673 5226 787 5294 ’tns.
815 5233 1026 5315 Regius
1046 5248 1195 5315 nutu.
1239 5230 1378 5315 lli§9
1413 5241 1467 5284 et
1495 5231 1789 5315 .Rabanusz
1816 5226 1935 5283 Cze-

365 5300 464 5370 teri
498 5300 625 5367 vero
652 5325 783 5364 mss.
818 5319 873 5361 et
899 5300 1052 5365 cditi,
1080 5301 1335 5368 Nunquid
1362 5318 1464 5353 non
1489 5303 1544 5354 in
1571 5318 1676 5354 una
1707 5300 1819 5370 atde
1847 5316 1934 5370 pos

363 5369 493 5439 situs
517 5392 629 5436 erat
675 5379 848 5452 (editi,
877 5385 984 5452 stat
1005 5373 1230 5452 positus)
1276 5370 1624 5452 Paulushhau:
1655 5369 1934 5452 scribens?

368 5454 565 5508 Deinde
595 5441 725 5505 mss.
758 5441 979 5519 quidam
1006 5441 1064 5519 et
1093 5444 1248 5505 editi,
1279 5442 1437 5519 mittit
1471 5441 1749 5519 Ecclesiat.

435 5524 543 5594 (50)
568 5510 821 5594 [labantis
845 5515 1068 5583 omittit,
1093 5520 1292 5566 nostro.
1320 5510 1519 5566 Deinde
1541 5511 1692 5572 editi,
1715 5512 1768 5563 in
1789 5510 1933 5564 omni

365 5592 477 5647 loco
508 5592 775 5658 divulgata
799 5599 897 5642 est.
1127 5654 1138 5660 _
1266 5651 1310 5660 __
1442 5653 1453 5660 _
1666 5652 1677 5660 _
1798 5651 1831 5660 η
1865 5650 1876 5660 ,

438 5665 520 5733 (ει
536 5681 551 5729 )
580 5651 817 5714 ιηὐοὸὶε
846 5674 966 5728 ergo
997 5654 1222 5725 gaudeo.
1266 5651 1392 5710 Hrec
1424 5653 1617 5709 desunt
1666 5652 1718 5707 in
1748 5651 1931 5719 editis,

366 5744 418 5786 et
445 5734 800 5787 restituuntur
834 5744 898 5785 ex
928 5744 1058 5782 mss.

2109 4519 2199 4575 56.
2251 4518 2407 4586 Volo,
2447 4522 2645 4591 inquit,
2680 4539 2767 4578 vos
2804 4524 3061 4591 sapientes
3102 4542 3214 4580 esse
3263 4528 3319 4583 in
3366 4530 3519 4594 bono,
3553 4539 3598 4584 et

2039 4612 2300 4682 simplices
2346 4612 2403 4667 in
2440 4614 2580 4668 malo
2614 4613 2681 4668 ⁸⁸.
2729 4615 2915 4670 Simile
2943 4627 3028 4672 est
3056 4617 3159 4673 boc
3195 4618 3270 4673 illi
3296 4620 3440 4677 dicto
3466 4623 3596 4692 quod

3104 4738 3150 4771 ³⁷
3188 4738 3379 4794 Matth.
3406 4756 3499 4805 vn,
3516 4741 3593 4796 15.

2108 4950 2222 5021 (52)
2248 4948 2342 5006 Sic
2366 4965 2467 5022 ms.
2493 4948 2692 5021 Regius
2718 4968 2869 5008 num.
2898 4952 3056 5008 1659.
3081 4953 3271 5010 Caneri
3299 4968 3428 5011 vero
3454 4971 3592 5022 mss,

2036 5021 2298 5096 Rabanus
2328 5030 2380 5096 et
2404 5021 2557 5096 editi,
2582 5039 2745 5096 quam
2773 5022 2922 5096 ADﬁeus
2973 5027 3266 5091 repromisit
3302 5026 3589 5096 (Barbatus,

2036 5091 2412 5161 promiserat):
2443 5091 2594 5145 Beati
2628 5093 2858 5161 paciﬁci.
2903 5097 3154 5162 quoniam
3185 5096 3287 5163 [iiii
3311 5091 3410 5152 Dei
3447 5112 3588 5151 voca-

2038 5164 2252 5221 buntur,
2282 5164 2506 5217 omissis
2533 5164 2753 5235 vocibus
2777 5164 3051 5235 dicens,_et
3073 5165 3211 5232 ipsi;
3242 5182 3404 5235 quam
3427 5177 3588 5222 tamen

2037 5243 2365 5301 postremam
2396 5245 2578 5301 vocem
2613 5233 2760 5287 addit
2781 5236 2943 5288 etiam
2974 5233 3253 5290 Rabanus.

2107 5300 2218 5372 (55)
2260 5301 2352 5357 Sic
2383 5317 2483 5356 ms.
2524 5300 2723 5371 Regius
2756 5320 2903 5358 nmn.
2939 5304 3095 5362 1659.
3131 5306 3203 5359 lta
3228 5308 3392 5362 etiam
3423 5307 3587 5362 Raba-

2035 5389 2138 5428 nus
2184 5373 2285 5427 nisi
2343 5374 2486 5442 quod
2544 5374 2595 5427 in
2649 5374 2752 5427 line
2800 5374 3017 5439 habeat,
3065 5376 3180 5440 ipsa
3227 5380 3343 5431 sola
3368 5390 3583 5432 utantur.

2034 5443 2176 5519 Editi
2204 5457 2335 5497 vero
2356 5452 2417 5519 et
2440 5459 2568 5519 mss.
2610 5443 2873 5519 plerique,
2922 5447 3000 5519 uti
3034 5462 3120 5499 eos
3156 5450 3342 5503 debere
3371 5463 3473 5519 pra:
3501 5446 3586 5499 illa

2034 5513 2215 5567 sola...
2242 5523 2297 5567 ut
2324 5513 2517 5567 relictis
2547 5516 2753 5568 caateris
2780 5516 2889 5583 ipsa
2914 5516 3179 5571 laudetur.

2108 5582 2219 5656 (54)
2248 5584 2739 5658 Alias,__periculis;
2773 5586 2927 5651 alias,
2957 5587 3216 5658 periculi;
3247 5590 3340 5646 sed
3369 5604 3450 5645 ms
3496 5586 3586 5643 Re-

2038 5656 2156 5726 gius
2184 5654 2332 5709 nutu.
2369 5654 2508 5709 1659
2555 5657 2809 5722 periculo.
