3744 6146
82 297 212 351 1285

1045 301 1402 358 (ΞΟΜΜΕΝΤ.
1446 302 1512 357 ΙΝ
1547 303 1767 360 EPIST.
1806 303 1898 358 AD
1934 304 2100 362 BOM.
2136 306 2261 363 LIB.
2300 307 2369 362 Χ.

3211 323 3357 379 1286

75 414 136 466 ad
157 412 490 470 Corinthios
521 415 712 470 scribit
739 417 1212 474 dicenszMalitia
1253 421 1458 488 parvuli
1485 433 1666 486 estote,
1697 431 1742 484 Α
1776 436 1940 488 nent,
1985 440 2106 480 esse
2159 427 2518 494 insipientem.
2566 429 2853 486 Sciendum
2906 450 3036 491 sane
3078 449 3162 492 est
3205 444 3348 510 quod

73 514 125 558 ut
151 505 403 558 sensibus
436 505 657 573 perfecti
679 509 795 560 sitis
817 507 886 561 ³⁸⁸.
931 508 1038 562 Sed
1071 519 1124 561 et
1169 509 1296 563 illud
1321 512 1461 580 quod
1496 513 1670 566 Domi-

75 613 171 650 nus
203 598 322 649 ait:
363 598 514 662 Quia
549 599 652 667 ﬁlii
681 599 863 653 saeculi
912 599 1072 670 hujus
1120 605 1488 670 prudentiores
1546 615 1667 658 sunt

72 707 224 759 quam
248 689 353 753 lilii
389 690 530 744 lucis
557 693 612 745 in
633 695 968 762 generatione
1013 711 1108 748 sua
1143 694 1210 756 ’°,
1259 695 1382 750 huic
1415 698 1670 751 convenit

74 782 235 837 dicto.
267 781 398 836 Filii
437 784 583 838 enim
631 785 812 839 saeculi
845 786 1006 855 hujus
1058 787 1434 854 prudentiores
1459 797 1583 842 sum
1613 790 1664 841 in

74 874 301 937 malitia,
344 890 452 943 pro
483 891 548 929 eo
581 879 725 946 quod
775 892 990 946 semper
1031 878 1235 945 aliquid
1268 879 1587 949 profundius
1612 892 1668 934 et

73 966 324 1020 subtilius
350 968 638 1023 inveniant
670 969 721 1023 in
756 986 817 1023 ea
857 973 1003 1026 unde
1041 970 1160 1040 plus
1192 984 1440 1040 noceant,
1491 984 1545 1026 et
1577 990 1667 1028 ve-

75 1059 387 1112 hementius
423 1059 642 1118 laedant.
689 1061 742 1115 In
777 1061 920 1118 bono
957 1075 1137 1119 autem
1183 1065 1334 1118 stulti
1383 1076 1504 1120 sunt
1533 1083 1546 1120 :
1575 1070 1664 1121 vix

72 1151 212 1203 enim
256 1151 558 1208 inveniunt
597 1155 726 1222 quid
777 1154 984 1210 faciant
1010 1156 1137 1211 boni
1169 1156 1301 1227 (55).
1342 1158 1665 1214 Econtrario

72 1259 196 1298 vero
217 1243 434 1299 Paulus
455 1248 574 1300 vult
601 1263 698 1301 nos
721 1248 995 1318 sapientes
1021 1263 1144 1302 esse
1177 1250 1227 1302 in
1250 1248 1410 1312 bono,
1439 1249 1540 1303 hoc
1581 1258 1664 1303 est

71 1353 286 1408 semper
317 1341 526 1409 aliquid
551 1341 671 1411 plus
692 1341 959 1406 invenire,
992 1344 1113 1412 plus
1132 1345 1438 1414 exquirere,
1461 1356 1512 1398 et
1537 1360 1663 1414 pro-

72 1429 290 1484 lundius
325 1434 578 1502 cogitare
597 1433 724 1502 quid
754 1433 1022 1490 faciamus
1059 1437 1184 1490 boni
1213 1453 1225 1487 :
1259 1437 1330 1490 ita
1368 1445 1424 1488 nt
1447 1437 1660 1490 etiamsi

69 1522 438 1589 impediantur
491 1541 588 1597 per
616 1526 848 1594 alicujus
900 1528 1162 1583 malitiam
1203 1531 1269 1584 ab
1299 1546 1464 1599 opere
1496 1531 1659 1591 bono,

66 1614 226 1685 685
284 1633 425 1681 nos,
469 1619 513 1673 si
563 1621 834 1688 sapientes
879 1635 1096 1686 sumus,
1127 1623 1493 1691 excogitemus
1527 1621 1656 1690 (55)

67 1709 341 1775 quomodo
391 1711 438 1764 si
485 1727 620 1781 opus
653 1712 850 1765 bonum
902 1728 1006 1766 non
1057 1730 1370 1781 possumus,
1410 1715 1490 1770 vel
1544 1732 1658 1769 ser-

68 1817 280 1856 monem
318 1803 526 1857 bonmn
579 1805 919 1873 proferamus
950 1824 963 1859 :
996 1811 1138 1876 quod
1170 1809 1212 1862 si
1250 1825 1348 1862 nec
1382 1809 1480 1863 hoc
1515 1810 1656 1874 licet,

67 1902 247 1945 votum
306 1893 506 1948 saltem
563 1895 764 1951 bonum
814 1908 868 1952 et
915 1898 1154 1952 animmn
1206 1901 1657 1956 demonstremus.

68 1983 153 2038 Sic
180 2001 316 2056 ergo
354 1989 636 2058 sapientes
665 2006 784 2048 esse
819 1993 1078 2048 debemus
1103 1995 1153 2047 in
1190 1995 1350 2062 bono,
1388 1997 1659 2066 simplices

65 2092 191 2132 vero
224 2078 280 2132 in
333 2081 518 2144 malo,
565 2094 624 2136 ut
674 2085 718 2138 si
769 2085 1044 2152 pulsamur
1092 2086 1330 2149 malitia,
1382 2088 1660 2157 pulsamur

66 2166 286 2233 injuria,
320 2187 434 2226 non
481 2172 650 2227 simus
692 2174 872 2228 callidi
905 2185 952 2229 et
989 2177 1194 2230 versuti
1244 2174 1376 2247 (56),
1411 2189 1557 2232 artes
1607 2186 1661 2232 et

67 2273 398 2325 argumenta
443 2276 768 2332 quaerentes,
813 2267 1011 2336 quibus
1044 2268 1271 2324 reddere
1317 2269 1514 2323 malum
1563 2287 1659 2340 pro

66 2352 226 2417 malo,
261 2363 320 2408 et
366 2356 666 2426 nequitiam
711 2373 811 2427 pro
845 2359 1081 2428 nequitia
1123 2359 1435 2414 debeamus.
1467 2363 1571 2415 Sed
1605 2361 1655 2415 in

64 2445 152 2499 tali
186 2446 312 2500 loco
351 2449 670 2503 meminisse
716 2451 977 2508 debemus
1025 2451 1166 2506 illius
1207 2454 1490 2509 sententia:
1534 2470 1657 2522 quae

66 2536 232 2590 dicit:
269 2537 332 2592 Si
370 2539 492 2608 quis
525 2541 630 2593 vult
661 2543 866 2608 sapiens
904 2560 1016 2598 esse
1057 2547 1198 2611 apud
1230 2545 1427 2609 Deum,
1463 2545 1656 2600 stultus

63 2629 152 2695 ﬁat
185 2631 240 2684 in
293 2634 398 2685 hoc
430 2637 628 2688 mundo
647 2635 716 2691 ".
753 2635 934 2692 Simus
981 2654 1112 2708 ergo
1143 2639 1289 2706 stulti
1331 2642 1657 2710 accipientes

66 2720 323 2789 injuriam
353 2737 412 2779 et
451 2741 556 2780 non
586 2729 888 2793 reddentes,
918 2741 976 2784 ut
1007 2734 1278 2801 sapientes
1314 2727 1484 2787 simus
1513 2735 1654 2802 apud

67 2820 231 2875 Deum
279 2825 376 2893 qui
421 2821 560 2876 dixit
600 2841 613 2876 :
655 2823 782 2878 Mihi
831 2826 1136 2888 vindictam,
1184 2842 1276 2894 ego
1322 2827 1652 2894 retribuam,

67 2916 186 2968 dicit
228 2915 490 2970 Dominus
516 2919 562 2950 θ’
596 2915 728 2986 (57).
781 2915 912 2971 Nam
957 2919 1022 2971 de
1071 2918 1251 2986 impiis
1299 2928 1353 2972 et
1396 2917 1656 2973 Jeremias

67 3007 235 3062 dicit:
271 3007 552 3077 Sapientes
596 3022 714 3062 sunt
763 3011 831 3061 ad
868 3009 1340 3078 malefaciendum;
1387 3011 1510 3064 bene
1553 3028 1653 3064 au-

1772 516 1844 569 ibi
1875 517 1950 571 ait
1975 535 1989 571 :
2017 517 2342 587 Hujusmodi
2375 522 2511 575 enim
2537 520 2750 578 Christo
2775 525 2998 581 Domino
3031 542 3207 584 nostro
3234 532 3348 601 (59)

1774 625 1878 662 non
1903 613 2169 676 serviunt;
2203 629 2306 666 non
2339 615 2483 682 quod
2517 615 2616 683 ipsi
2653 631 2710 670 se
2742 618 3100 676 proﬁteantur
3126 625 3350 680 Christo

1771 701 1997 756 Domino
2027 719 2133 757 non
2186 707 2394 760 servire
2415 747 2428 766 .
2459 707 2550 761 sed
2592 710 2736 776 quod
2771 711 3142 782 discrepantes
3171 732 3199 770 a
3232 735 3350 772 ser-

1771 796 1956 850 vitutis
1986 795 2105 864 ejus
2137 799 2340 866 regula,
2372 799 2530 855 rebus
2559 802 2689 870 ipsis
2727 806 3019 860 ostendant
3048 824 3105 862 se
3127 809 3348 866 Christo

1769 889 1996 943 Domino
2036 906 2143 944 non
2176 894 2400 946 servire.
2441 892 2555 947 Non
2600 896 2743 949 enim
2791 899 3002 953 videtur
3033 899 3193 954 simul
3225 904 3348 971 quis

1766 988 1822 1034 et
1868 982 2085 1038 Christo
2135 986 2342 1039 servire
2395 1001 2552 1053 posse
2601 999 2656 1042 et
2699 992 2906 1058 ventri;
2947 1007 3010 1046 ac
3056 993 3347 1062 voluptatis

1765 1074 1974 1138 pariter
2007 1089 2220 1128 amator
2259 1091 2412 1143 esse,
2453 1089 2506 1132 et
2560 1079 2696 1146 Dei;
2741 1083 2885 1136 sicut
2937 1084 3050 1154 (40)
3093 1102 3191 1140 nec
3233 1085 3347 1140 Deo

1765 1166 1889 1234 quis
1927 1166 2090 1220 simul
2121 1169 2327 1224 servire
2359 1181 2538 1240 potest
2566 1183 2617 1226 et
2651 1189 2971 1228 mammona:
2991 1175 3054 1228 ".

1837 1259 1926 1313 57.
1967 1260 2108 1313 Deus
2141 1273 2315 1314 autent
2346 1265 2492 1329 pacis
2519 1277 2746 1318 conteret
2778 1265 3034 1320 Satanam
3061 1270 3154 1322 sub
3191 1271 3348 1337 pedes

1763 1362 1958 1406 vestros
2013 1356 2260 1409 velociter
2296 1358 2361 1415 νο.
2414 1359 2687 1424 Quaeritur
2733 1363 2784 1416 in
2839 1363 2943 1417 hoc
3002 1364 3122 1417 loco
3183 1381 3345 1434 quem

1763 1446 1966 1500 dixerit
1994 1446 2248 1501 Satanam
2282 1451 2381 1504 sub
2421 1453 2583 1520 pedes
2612 1469 2798 1507 eorum
2832 1456 3027 1522 quibus
3072 1457 3283 1522 scribit,
3313 1472 3342 1510 a

1763 1537 1872 1591 Deo
1907 1542 2295 1594 conterendnm
2331 1542 2606 1598 velociter.
2644 1545 2699 1600 Si
2731 1547 2874 1600 enim
2913 1550 2980 1601 ad
3013 1565 3179 1602 unam
3221 1565 3341 1618 per-

1762 1645 1947 1684 sonam
1982 1631 2265 1692 referatur,
2294 1633 2434 1687 illam
2463 1636 2672 1690 scilicet
2706 1638 2771 1690 de
2801 1654 2903 1707 qua
2934 1643 2986 1694 in
3034 1641 3331 1712 Evangelio

1764 1722 1964 1776 dicitur
1998 1741 2010 1776 :
2051 1722 2188 1776 Ecce
2234 1726 2380 1779 video
2422 1726 2681 1782 Satanam
2721 1732 2855 1784 sicut
2907 1732 3088 1802 fulgur
3122 1734 3234 1805 (41)
3278 1736 3346 1790 de

1765 1813 1892 1867 caelo
1936 1817 2311 1881 cadentem",
2351 1820 2552 1888 quique
2598 1821 2827 1876 Satanas
2874 1824 3090 1878 humani
3130 1827 3344 1892 generis

1764 1905 2039 1959 indicatur
2071 1908 2414 1962 adversarius
2443 1911 2579 1980 (42),
2606 1912 2875 1966 videbitur
2901 1914 3109 1982 utique,
3134 1919 3177 1968 si
3214 1931 3340 1972 vere

1761 1999 1893 2051 dicit
1946 1998 2142 2053 Paulus
2189 2017 2309 2069 quae
2361 2002 2528 2067 dicit,
2579 2005 2720 2073 quod
2775 2007 2875 2060 sub
2931 2007 3095 2075 pedes
3151 2025 3339 2064 cerum

1760 2090 1957 2159 quibus
2006 2101 2136 2146 tunc
2186 2094 2462 2150 scribebat
2518 2098 2778 2153 velociter
2827 2111 3164 2168 conteratur,
3202 2104 3341 2159 ultra

1755 2181 1865 2249 jam
1910 2200 2014 2237 non
2045 2199 2168 2240 esse
2215 2187 2447 2241 Satanas
2479 2190 2571 2257 qui
2613 2203 2812 2258 agones
2844 2200 2898 2245 et
2942 2193 3240 2246 certamina
3287 2203 3342 2248 et

1760 2277 2162 2341 persecutiones
2189 2279 2533 2334 credentibus
2558 2281 2760 2334 excitet
2786 2299 2799 2336 :
2835 2282 2978 2349 quod
3010 2284 3196 2354 utique
3229 2299 3333 2338 n0n

1761 2370 1996 2424 admittit
2035 2371 2168 2426 fides
2198 2387 2398 2427 rerum.
2441 2373 2546 2427 Sed
2575 2373 2790 2427 videtur
2820 2374 2949 2428 mihi
2983 2375 3034 2428 in
3077 2377 3178 2430 hoc
3219 2375 3340 2430 loco

1761 2459 2020 2515 Satanam
2063 2463 2264 2518 dixisse
2305 2480 2519 2518 omnem
2561 2465 2810 2533 spiritum
2854 2465 2947 2533 qui
2993 2467 3338 2521 credentibus

1759 2555 2092 2608 adversatur.
2142 2554 2373 2610 Satanas
2405 2557 2548 2609 enim
2595 2559 2647 2610 in
2685 2557 2865 2628 lingua
2917 2567 3100 2611 nostra
3148 2557 3340 2611 adver-

1758 2645 1932 2697 sarius
1968 2647 2376 2713 interpretatur.
2404 2647 2678 2716 Quidquid
2712 2663 2841 2719 ergo
2875 2651 3067 2703 animae
3098 2649 3331 2704 tendenti

1759 2737 1824 2789 ad
1869 2737 2033 2791 Demn
2076 2739 2275 2793 resistit
2323 2749 2378 2794 et
2423 2741 2768 2805 adversatur,
2813 2752 2867 2797 et
2911 2741 3166 2811 quidquid
3213 2742 3332 2809 paci

1756 2827 1875 2894 ejus
1903 2828 2234 2880 contrarium
2283 2838 2385 2891 est,
2419 2829 2518 2883 hoc
2547 2832 2594 2883 ei
2644 2842 2869 2888 satanas
2911 2848 3032 2887 esse
3079 2833 3331 2885 nomina-

1759 2929 1845 2973 tttr
1876 2920 2010 2989 (45).
2045 2921 2166 2974 Ideo
2199 2924 2427 2995 denique
2462 2929 2744 2993 praemisit,
2783 2930 3006 2984 dicens:
3049 2928 3189 2981 Deus
3235 2944 3333 2998 pa-

1755 3013 1833 3066 cis
1855 3055 1871 3078 ,
1909 3015 2006 3066 hoc
2031 3024 2132 3077 est,
2159 3014 2300 3068 Deus
2330 3016 2412 3068 cui
2447 3032 2549 3086 pax
2584 3019 2780 3087 placet,
2811 3031 3056 3074 conteret
3083 3040 3206 3078 eum
3235 3025 3330 3092 qui

67 3105 162 3150 tem
222 3098 406 3164 facere
479 3103 714 3154 nesciunt
761 3101 826 3154 ”.
879 3103 958 3156 Ad
1001 3102 1102 3158 hoc
1155 3104 1372 3173 respicit
1420 3114 1475 3159 et
1526 3105 1650 3158 illud
1680 3121 1722 3177 ρ
1758 3103 2062 3155 contrarius
2111 3112 2192 3156 est
2242 3105 2356 3172 paci
2403 3116 2457 3159 et
2502 3109 2871 3164 dissensiones
2913 3125 3190 3178 operatur.
3241 3114 3332 3167 Sic

67 3191 200 3254 quod
249 3193 519 3247 Dominus
568 3195 743 3257 dixit,
792 3195 1066 3264 simplices
1126 3197 1322 3252 debere
1379 3215 1477 3253 nos
1534 3214 1654 3254 esse

67 3285 204 3334 sicut
254 3285 578 3350 columbas,
629 3298 684 3340 et
734 3285 1026 3355 prudentes
1073 3293 1213 3344 sicut
1268 3301 1549 3360 serpentes
1581 3292 1648 3347 ⁸⁵.

67 3375 213 3439 Quod
252 3377 297 3432 si
340 3379 538 3446 aliquis
574 3359 748 3434 nobis,
771 3395 833 3434 ex
877 3381 1183 3435 infidelibus
1229 3393 1418 3451 argute
1460 3398 1654 3436 occur-

70 3481 168 3536 rat,
194 3482 247 3526 et
278 3474 430 3527 dicat
459 3489 472 3526 :
506 3474 782 3539 Quomodo
817 3484 993 3544 potest
1035 3477 1172 3530 idem
1211 3477 1325 3544 ipse
1352 3485 1406 3529 et
1438 3479 1652 3546 sapiens

69 3580 181 3621 esse
208 3577 265 3621 et
310 3566 509 3620 stultus
543 3567 694 3635 (58)?
737 3569 977 3622 dicenms
1022 3575 1087 3621 ad
1120 3584 1240 3622 enm
1275 3588 1285 3622 :
1323 3569 1550 3638 Respice
1585 3569 1649 3621 ad

71 3666 207 3710 artes
263 3660 409 3713 istas
454 3674 573 3726 qua:
623 3660 674 3712 in
727 3675 826 3712 usu
877 3661 1151 3714 hominum
1191 3661 1475 3723 habentur,
1522 3677 1656 3730 quo-

71 3751 226 3806 modo
275 3752 368 3805 ille
428 3751 552 3820 qui,
601 3752 748 3805 verbi
811 3768 1012 3816 causa,
1068 3753 1502 3820 sapientissimus
1563 3763 1648 3808 est

71 3844 477 3910 grammaticus,
517 3845 570 3898 in
603 3855 717 3898 arte
753 3844 926 3898 fabrili
976 3846 1454 3915 insipientissitnus
1496 3845 1646 3899 inve-

73 3933 247 4000 nitur;
284 3938 368 3991 vel
406 3952 620 3990 rursum
653 3937 1094 4003 sapientissimus
1125 3940 1476 4006 gubernator,
1511 3953 1645 4007 quo-

73 4029 225 4083 modo
273 4030 329 4083 in
387 4039 500 4083 arte
546 4029 826 4083 medicinm
889 4030 1166 4083 invenitur
1216 4031 1497 4099 insipiens.
1554 4030 1645 4085 Sic

72 4135 192 4191 ergo
223 4123 482 4190 possibile
511 4133 595 4177 est
640 4122 691 4176 in
735 4122 816 4177 bis
861 4137 980 4192 quae
1022 4121 1085 4175 ad
1126 4120 1292 4174 Demn
1337 4122 1644 4188 pertinent,

71 4228 185 4268 esse
219 4216 554 4284 sapientem;
598 4223 653 4268 et
687 4215 740 4267 in
793 4214 876 4268 his
919 4227 1038 4283 qua:
1077 4213 1143 4266 ad
1189 4211 1444 4265 saeculum
1478 4210 1646 4280 perti-

137 4353 181 4384 "’
211 4353 228 4407 1
268 4355 396 4409 Cor.
431 4369 540 4417 ‘XIV,
565 4355 656 4410 ‘20.

74 4437 126 4484 Χ,
158 4425 244 4479 16.
324 4424 370 4456 ⁸⁸
411 4423 602 4481 Matth.
631 4441 703 4493 Vt,
738 4425 827 4478 24.

141 4540 250 4612 (55)
283 4540 374 4595 Sic
403 4554 593 4593 omnes
626 4555 762 4612 mss.
794 4548 848 4612 et
875 4539 1026 4612 editi.
1067 4539 1322 4612 [tabanus
1355 4549 1507 4612 vero,
1557 4535 1641 4612 uia}
1674 4539 1716 4593 D

77 4613 205 4662 enim
233 4605 497 4665 inveniunt
528 4611 663 4662 unde
690 4611 968 4679 proﬁciant
1001 4611 1055 4661 in
1090 4608 1242 4659 bona.
1284 4606 1484 4660 Deinde
1509 4605 1641 4659 editi

78 4682 331 4734 omittunt
364 4698 482 4735 vero
510 4690 631 4748 post
653 4681 969 4733 econtrario.

143 4751 285 4821 (55")
329 4751 492 4811 Editi,
514 4746 598 4804 sic
641 4750 759 4820 (al.,
789 4751 916 4822 sed)
947 4764 1040 4801 nos
1076 4747 1332 4816 sapientes
1369 4746 1560 4810 simus,
1594 4753 1642 4797 et

79 4825 442 4883 exeoyitemus,
469 4831 578 4875 etc.

146 4880 253 4968 (56)
275 4880 562 4968 Sicomnes
576 4907 704 4946 mss.
723 4893 919 4968 nostri.
937 4890 1010 4944 Ita
1025 4891 1186 4968 etiam
1200 4887 1362 4951 editi,
1384 4885 1484 4968 nisi
1505 4884 1645 4968 quod

80 4961 330 5035 habeant,
363 4980 466 5016 non
498 4963 659 5017 simus
703 4963 906 5023 callidi,
936 4978 1048 5035 non
1087 4963 1250 5013 simus
1285 4961 1498 5018 versuti,
1534 4965 1640 5035 etc.

83 5029 327 5087 Rabanns
359 5049 504 5100 vero,
538 5050 642 5086 non
674 5035 836 5086 simus
865 5031 1067 5098 cottidi,
1097 5041 1144 5084 et
1170 5037 1486 5099 perversum:
1514 5029 1645 5079 artis

83 5115 722 5177 urg-triticumAqutgrettles,
747 5115 852 5177 etc.
986 5173 1000 5177 _
1196 5172 1208 5177 _
1346 5167 1378 5177 η
1413 5166 1424 5177 ο
1533 5175 1539 5177 _
1583 5165 1594 5176 _

149 5167 254 5247 (δῖ)
301 5167 436 5247 Dicit
487 5167 757 5247 Dominus.
801 5173 924 5227 Haec
969 5172 1247 5247 desuntin
1295 5167 1456 5247 editis
1495 5175 1550 5219 et
1583 5167 1635 5217 in

85 5255 180 5297 ms.
207 5243 372 5314 Regio
407 5259 555 5296 num.
584 5242 743 5310 1639,
785 5247 878 5299 sed
919 5253 1138 5298 exstant
1169 5244 1222 5297 in
1263 5242 1476 5296 caeteris
1507 5251 1637 5291 mss.

85 5322 133 5364 et
160 5313 301 5380 apud
331 5313 632 5368 Rabanum.

67 5427 76 5462 ι
297 5385 465 5462 _l:ld_it_i,
493 5385 629 5436 idem
659 5399 768 5462 esse
799 5385 1004 5462 sapiens
1040 5395 1097 5462 et_
1117 5383 1330 5462 stultus.

171 5451 256 5524 59)
296 5454 460 5518 Editi,
485 5470 596 5506 esse
634 5454 914 5519 sapientem
931 5473 956 5524 _:
972 5457 1042 5509 -in
1078 5455 1158 5507 his
1203 5470 1319 5523 qua:
1359 5451 1429 5505 ad
1467 5467 1640 5524 stecuf

88 5520 183 5575 lum
223 5520 500 5593 pertinent.
533 5524 884 5590 insipientem.
916 5520 1360 5578 Sciendum'sane
1393 5533 1466 5575 est
1500 5521 1640 5591 quod

87 5596 166 5646 ubi
197 5599 265 5648 ait
294 5609 310 5645 .'
345 5594 663 5665 Hujusmodi
704 5595 837 5646 enim
872 5611 978 5646 non
1014 5601 1243 5648 serviunt
1288 5593 1496 5665 Christo
1528 5593 1637 5644 Do-

89 5664 440 5718 mino‘nostro.
476 5668 578 5717 Sed
610 5681 797 5717 omnes
830 5681 956 5718 mss.
989 5667 1178 5730 nostri,
1208 5677 1259 5717 et
1300 5664 1553 5717 [tabanus
1587 5670 1643 5714 ut

91 5734 136 5782 in
169 5744 334 5800 te-xlu,
365 5737 463 5788 nisi
499 5738 640 5801 quod
667 5736 881 5802 quidam
917 5734 1154 5788 habeant
1185 5735 1388 5800 itidem,
1418 5735 1501 5787 ubi
1534 5737 1637 5798 ait,

91 5812 136 5853 et
167 5808 411 5860 omittunt
431 5815 616 5861 nostra
646 5816 765 5871 post
798 5806 1044 5858 Domino.

731 4354 778 4385 ⁹⁰
807 4352 936 4406 Luc.
973 4369 1084 4416 xw,
1117 4351 1170 4405 8.
1231 4351 1275 4382 ⁹¹
1317 4351 1334 4403 Ι
1372 4350 1496 4403 Cor.
1529 4366 1610 4411 Ill,
1640 4349 1726 4404 18.

905 4424 952 4455 ⁸⁸
992 4422 1153 4478 Rom.
1185 4437 1293 4484 XVI,
1325 4420 1416 4474 20.
1459 4422 1503 4452 ⁰⁷
1543 4421 1676 4474 Luc.
1709 4438 1762 4484 ι,
1792 4421 1878 4475 16.

1757 3195 1988 3264 denique
2033 3204 2087 3248 et
2125 3196 2176 3247 in
2215 3196 2523 3265 Regnorum
2572 3199 2726 3253 libris
2764 3201 2876 3271 (41)
2913 3203 3161 3271 legimus,
3205 3207 3332 3274 quia

1754 3285 2022 3338 suscitavit
2095 3284 2237 3338 Deus
2319 3285 2592 3342 Salomoni
2663 3289 2920 3345 Satanam
2983 3297 3124 3348 Ader
3194 3294 3332 3350 Idu-

1754 3394 1944 3432 ma'um
1967 3378 2060 3432 9°:
2111 3380 2214 3433 hoc
2269 3390 2353 3433 est
2417 3380 2690 3439 Salomoui
2739 3386 2828 3453 qui
2871 3398 2991 3440 erat
3038 3388 3329 3458 paciﬁcus,

1755 3473 2039 3526 suscitavit
2090 3471 2349 3526 Satanam
2404 3474 2492 3540 qui
2540 3487 2623 3528 est
2671 3480 2980 3533 contrarius
3034 3481 3175 3548 paci.
3222 3482 3330 3534 Sed

1755 3566 1892 3619 sicut
1929 3565 2010 3618 bis
2055 3581 2192 3633 quos
2223 3567 2513 3635 Apostolus
2545 3569 2722 3630 docet,
2766 3572 2810 3624 si
2861 3572 2940 3626 sic
2971 3583 3138 3642 agant
3187 3575 3328 3642 (45),

1755 3668 1810 3711 et
1841 3658 1972 3711 tales
2004 3673 2064 3713 se
2094 3659 2415 3720 exhibeant,
2443 3663 2630 3728 quales
2661 3663 2778 3728 ejus
2810 3678 2991 3717 sermo
3021 3667 3328 3734 descripsit,
3368 3726 3376 3739 ί

1756 3763 1855 3816 pro
1893 3748 2276 3803 einendatione
2311 3751 2430 3803 vita:
2461 3753 2727 3818 promittit
2757 3755 2855 3806 sub
2887 3754 3112 3822 pedibus
3139 3769 3329 3808 eormn

1754 3855 1782 3890 a
1829 3838 1938 3891 Deo
1988 3841 2135 3908 pacis
2171 3839 2426 3894 Satanam
2475 3843 2735 3896 velociter
2776 3849 3170 3898 conterendum
3201 3863 3214 3899 :
3249 3847 3323 3899 ita

1753 3931 2103 3985 nihilominus
2137 3932 2277 3988 Deus
2324 3934 2473 4001 pacis
2503 3936 2550 3988 ei
2599 3936 2690 4005 qui
2733 3952 2916 4005 pacem
2949 3938 3080 4006 ejus-
3116 3955 3222 3991 non
3271 3938 3329 3993 in

1753 4027 1918 4081 corde
1953 4043 2088 4096 puro
2117 4042 2172 4082 et
2224 4030 2552 4083 conscientia
2599 4031 2791 4084 umnda
2833 4032 3160 4095 servaverit,
3207 4047 3334 4088 sns-

1753 4119 1886 4172 citat
1933 4117 2227 4181 Satanam,
2277 4121 2378 4174 hoc
2420 4129 2503 4174 est
2549 4121 2952 4185 adversarium;
2990 4133 3048 4174 ut
3092 4123 3183 4191 qui
3236 4123 3330 4176 bo-

1752 4226 1882 4264 nttm
1918 4211 2070 4280 pacis
2098 4211 2413 4281 neglexerit,
2444 4213 2912 4282 impugnationmn
2936 4215 3326 4271 amaritudine:

1803 4352 1847 4382 ⁹²
1891 4351 2044 4404 Deut.
2073 4367 2253 4413 xxxn,
2301 4350 2388 4404 55.
2477 4351 2526 4384 9⁸
2565 4351 2845 4414 δίη-ειη.ιῆ
2875 4350 2966 4406 22.
3045 4351 3092 4384 ’⁸
3130 4351 3321 4407 Matth.

1956 4421 2002 4452 9‘
2044 4421 2108 4474 Ill
2141 4421 2273 4492 Reg.
2303 4438 2377 4485 xl,
2413 4421 2501 4476 14.
2571 4456 2577 4461 -

1818 4533 1928 4606 (40)
1969 4533 2139 4589 Sicut.
2168 4533 2454 4590 Omittitur
2478 4535 2532 4589 in
2567 4533 2820 4590 omnibus
2849 4535 3028 4589 editis.
3060 4533 3190 4590 Mss.
3220 4534 3328 4590 Ite-

1753 4605 1874 4675 gius
1905 4621 2055 4659 num.
2085 4605 2242 4665 1659,
2272 4607 2338 4660 si.

1825 4675 1936 4745 (41)
1980 4675 2130 4730 Sicut
2165 4675 2364 4745 fulgur.
2389 4675 2513 4730 lltec
2535 4675 2641 4745 duo
2671 4676 2831 4728 verba
2856 4676 3052 4729 desunt
3080 4674 3134 4728 in
3158 4676 3329 4732 editis

1752 4757 1805 4800 et
1840 4748 2200 4799 restituuntur
2231 4762 2300 4799 ex
2335 4763 2463 4800 mss.
2491 4757 2544 4800 et
2576 4744 2826 4800 Rabano.

1828 4814 1940 4886 (42)
1982 4816 2071 4870 Sic
2122 4832 2251 4870 mss.
2308 4817 2549 4886 plerique
2597 4817 2696 4870 Ms.
2740 4832 2866 4869 vero
2914 4815 3119 4886 Regius
3170 4832 3320 4871 num.

1755 4885 1927 4948 1639,
1953 4888 2179 4958 humano
2223 4885 2396 4958 generi
2431 4888 2702 4940 indicatur
2740 4887 3030 4940 adversari.
3069 4885 3329 4941 Rabanus

1753 4966 1809 5010 et
1837 4957 2249 5026 editi,humano
2275 4960 2453 5026 generi
2488 4958 2758 5010 indicatur
2784 4958 3054 5010 adversus.

1825 5027 1938 5096 (45)
1975 5025 2137 5091 Editi,
2165 5025 2622 5080 commemoratur.

1827 5095 1941 5169 (44)
1983 5096 2145 5161 Editi,
2190 5098 2245 5150 in
2271 5095 2577 5169 _Regnorum
2609 5097 2761 5150 libro.
2797 5097 3000 5151 Deinde
3035 5111 3167 5169 mss.
3207 5097 3324 5166 ple-

1749 5165 1996 5238 rique'et
2028 5169 2193 5229 editi,
2259 5165 2515 5220 Satanam
2562 5171 2814 5221 adversus
2863 5185 3002 5221 eum.
3043 5165 3318 5227 Rabanns,

1750 5240 2007 5295 Satanam
2041 5239 2109 5290 ad
2160 5239 2504 5290 deridendum
2543 5254 2681 5292 eum.
2717 5239 2821 5294 Sed
2865 5251 3013 5292 recte
3062 5254 3161 5291 ms.
3211 5238 3319 5290 lte-

1747 5313 1868 5381 gius
1901 5326 2052 5381 num.
2081 5309 2221 5381 1659
2251 5318 2307 5360 ut
2343 5313 2395 5381 in
2441 5319 2613 5363 textu.

1817 5380 1932 5452 (45)
1971 5380 2137 5442 Editi,
2174 5378 2279 5452 Sed
2307 5380 2454 5452 _sicut
2487 5381 2567 5432 his
2599 5377 3115 5452 quoqueqdpostolus
3143 5377 3318 5452 docet,

1745 5453 1789 5505 si
1824 5447 2006 5520 agant,
2035 5460 2138 5503 etc.
2183 5448 2278 5503 Ms.
2307 5447 2506 5520 Regius
2543 5447 2719 5520 nu'ms'
2735 5449 2890 5511 1659,
2932 5448 3038 5502 Sed
3071 5450 3202 5500 sicut
3238 5447 3325 5499 his

1747 5519 2050 5590 Apostolus,
2093 5524 2139 5572 si
2182 5521 2257 5572 ita
2301 5519 2490 5588 agant,
2537 5532 2644 5575 etc.
2687 5519 2878 5574 Caeteri
2927 5534 3057 5572 vero
3082 5533 3231 5590 inss.
3253 5527 3324 5590 et

1752 5588 2012 5646 Rabanus
2046 5591 2209 5665 ut_in_
2247 5602 2432 5665 textu,
2475 5593 2584 5665 nisi
2629 5593 2770 5665 quod
2803 5605 2940 5641 unus
2986 5589 3207 5665 omittat
3247 5588 3322 5665 ita

1751 5664 1837 5716 vel
1879 5666 1983 5728 sic;
2016 5673 2069 5718 et
2114 5659 2370 5716 Rabanus
2403 5659 2714 5726 habeat,’si
2747 5670 2988 5729 satagunt
3033 5675 3130 5730 pro
3166 5661 3212 5712 si
3246 5662 3323 5713 sic

1751 5751 1932 5805 agunu
