3744 6146
385 255 528 310 1287

1817 254 2139 310 ORlele

3504 257 3633 315 1238

387 374 649 446 perferat,
676 381 729 428 et
760 374 830 428 ita
874 373 1087 428 demum
1121 371 1272 443 pacis
1296 388 1458 443 quam
1506 375 1813 438 temeravit,
1842 376 1959 430 dul-
1985 386 2035 441 Α
2065 375 2338 428 motheum
2384 372 2687 442 adiutorem
2736 389 2895 447 suum
2941 374 3108 441 dicit,
3146 385 3204 430 et
3246 390 3443 432 omnes
3487 380 3631 434 simul

388 469 631 524 cedinem
684 466 737 520 in
783 467 1182 536 oppugnatione
1233 465 1441 535 positus
1492 466 1832 521 recordetur.
1881 466 1958 521 Ex

386 570 617 629 utroque
657 559 820 629 igitur
865 559 1194 613 mdilicemur
1234 558 1534 629 Scripturae
1568 545 1765 614 divina:
1814 559 1956 625 loco,

382 670 491 725 quo
535 653 619 708 vel
671 653 939 708 suscitare
982 651 1094 722 (46)
1138 654 1276 708 Deus
1318 652 1581 707 Satanam
1614 653 1814 708 dicitur
1861 670 1956 707 nc-

383 745 731 816 gligentibus,
764 745 848 800 vel
888 754 1175 800 conterere
1205 761 1269 800 ac
1300 747 1530 801 subdere
1579 746 1865 813 studiosis,
1899 757 1960 801 ut

382 837 504 893 illos
539 838 606 890 ad
641 852 842 907 agones
886 837 1142 902 concitet,
1181 843 1300 892 istis
1345 839 1410 893 de
1444 848 1724 908 prostrato
1770 840 1961 891 adver-

383 928 529 983 sario
575 927 810 996 palmam
846 927 1089 982 victoria:
1128 928 1362 993 tribuat,
1399 938 1454 982 et
1488 929 1703 982 virtutis
1739 930 1960 997 praemia

381 1018 669 1088 largiatur.
718 1019 1018 1074 Possumus
1075 1026 1253 1074 autem
1306 1016 1418 1088 (Π)
1462 1031 1517 1073 et
1564 1035 1659 1088 per
1717 1019 1959 1089 singulos

382 1126 626 1180 quosque
664 1126 889 1182 agones,
929 1111 975 1165 si
1011 1111 1249 1181 legitime
1278 1122 1574 1175 certemus,
1610 1113 1790 1167 dicere
1830 1112 1958 1182 quia

385 1205 525 1258 Deus
563 1214 810 1259 conteret
856 1204 1117 1258 Satanam
1168 1208 1267 1260 sub
1309 1207 1469 1273 pedes
1509 1216 1728 1259 nostros
1760 1206 1959 1259 veloci-

383 1305 489 1351 ter.
520 1295 678 1351 Verbi
710 1312 897 1359 causa,
940 1297 982 1349 si
1017 1297 1137 1364 quis
1183 1312 1408 1364 agonem
1450 1298 1752 1366 susceperit
1794 1299 1959 1351 casti-

386 1392 533 1454 tatis,
578 1391 623 1444 si
667 1404 836 1459 usque
889 1390 958 1443 ad
999 1389 1158 1443 tinem
1215 1390 1560 1444 immaculata
1611 1392 1778 1463 686
1826 1406 1958 1446 con—

382 1483 610 1537 scientia
641 1481 968 1551 perdurarit,
997 1481 1105 1535 dici
1134 1472 1199 1534 de
1223 1496 1287 1536 eo
1316 1489 1494 1550 potest
1519 1482 1646 1551 quia
1682 1482 1820 1535 Deus
1844 1481 1957 1552 (48)

382 1576 638 1630 contrivit
677 1574 933 1627 Satanam
977 1573 1078 1627 sub
1116 1574 1278 1641 pedes
1317 1573 1456 1641 ejus,
1495 1574 1545 1626 id
1591 1583 1674 1628 est
1707 1574 1958 1643 spiritum

382 1668 475 1737 qui
506 1676 624 1722 erat
658 1667 969 1720 contrarius
999 1667 1272 1720 castitati.
1302 1665 1567 1722 Similiter
1604 1677 1659 1722 et
1696 1668 1789 1737 qui
1835 1684 1962 1738 ago-

2066 471 2320 532 cognatos
2353 478 2499 520 suos.
2531 466 2600 520 Et
2641 467 2859 537 quidem
2895 467 2964 523 de
3001 466 3291 523 Timotheo
3330 468 3631 538 plenissime

2067 556 2300 611 refertur
2368 559 2421 612 in
2487 560 2715 615 Actibus
2794 562 3163 630 apostolorum
3196 562 3219 592 ⁸
3270 564 3417 631 quod
3482 565 3630 620 fuerit

2066 649 2319 703 Derbzeus
2370 649 2537 715 civis,
2590 651 2733 707 ﬁlius
2803 653 3041 707 mulieris
3098 653 3275 708 vidua:
3321 654 3528 720 ﬁdelis,
3567 671 3627 713 ex

2067 749 2216 808 patre
2264 740 2449 810 gentili
2478 759 2493 795 :
2525 742 2592 795 de
2648 757 2757 812 quo
2802 754 2857 798 et
2897 745 3012 814 ipse
3053 744 3253 799 Paulus
3301 747 3469 808 dicit,
3520 750 3628 814 quis

2068 843 2350 902 pr0pterea
2411 836 2683 904 rogaverit
2731 835 2844 907 (51)
2882 851 3005 892 eum
3043 852 3363 906 permanere
3413 839 3630 908 Ephesi.

2067 935 2126 978 ut
2167 926 2449 980 denuntiet
2494 928 2815 997 quibusdam
2875 945 2942 984 ne
2979 931 3135 986 aliter
3177 933 3443 999 doceant,
3478 948 3635 1004 neque

2069 1018 2351 1071 attendant
2396 1017 2592 1072 fabulis
2633 1028 2688 1074 et
2743 1021 3075 1090 genealogiis
3117 1020 3346 1076 inﬁnitis
3374 1022 3417 1076 ‘.
3452 1020 3553 1077 Sed
3588 1034 3636 1078 et

2065 1107 2288 1163 Lucium
2330 1111 2546 1177 quidam
2602 1109 2777 1180 ipsum
2835 1111 2949 1183 (52)
3011 1114 3298 1181 perhibent
3356 1128 3483 1168 esse
3541 1111 3634 1165 Lu-

2067 1216 2186 1255 cam
2250 1203 2340 1271 qui
2398 1203 2746 1273 Evangeliuin
2816 1206 3070 1272 scripsit,
3133 1221 3230 1273 pro
3268 1207 3507 1275 eoquod
3551 1222 3633 1260 so.

2069 1293 2213 1347 leant
2257 1294 2476 1348 nomina
2531 1295 2800 1349 interdum
2855 1298 3152 1350 secundum
3186 1299 3425 1365 patriam
3484 1299 3634 1351 decli-

2067 1387 2376 1452 nationem,
2434 1387 2703 1442 interdum
2770 1387 2936 1442 etiam
3000 1390 3293 1444 secundum
3359 1389 3630 1455 Grtccam,

2066 1478 2477 1549 Romanamque
2517 1480 2770 1549 proferri.
2812 1480 2978 1538 Jason
3014 1499 3143 1535 vero
3179 1483 3269 1536 ille
3297 1493 3384 1537 est
3433 1484 3500 1537 de
3538 1499 3633 1551 quo

2065 1575 2230 1628 etiam
2287 1574 2341 1627 in
2410 1574 2635 1628 Actibus
2690 1577 3059 1641 apostolorum
3100 1575 3121 1606 ⁷
3180 1575 3458 1630 scribitur
3504 1577 3629 1642 quod

2066 1664 2507 1720 Thessalonicam
2543 1680 2642 1733 pro
2680 1662 2848 1717 Paulo
2878 1676 2933 1718 et
2974 1665 3084 1719 Sila
3129 1666 3457 1719 seditionem
3497 1681 3631 1720 com-

383 1777 506 1815 nem
541 1760 662 1813 lidei
696 1760 944 1826 suscipit,
987 1760 1030 1813 si
1069 1770 1222 1814 stans
1250 1771 1377 1815 ante
1424 1776 1581 1831 rcges
1610 1773 1663 1816 et
1705 1764 1960 1831 praesides
1993 1763 2035 1816 Β
2065 1757 2400 1809 moventibus
2429 1757 2619 1820 turbis,
2644 1757 2995 1823 semetipsum
3037 1758 3269 1821 dederit,
3294 1767 3358 1810 ut
3390 1757 3632 1825 apostolis

382 1868 502 1906 cum
534 1853 726 1906 liducia
756 1851 1077 1905 conﬁteatur
1114 1851 1400 1907 Dominum
1424 1852 1614 1908 .Jesum
1659 1853 1957 1919 Christum,

381 1953 437 1998 et
472 1959 641 2012 usque
683 1945 748 1996 ad
782 1944 943 1996 linem
976 1943 1029 1995 in
1064 1943 1409 1998 confessione
1441 1956 1785 2013 permaneat,
1823 1947 1962 2000 Deus

383 2034 644 2088 contrivit
688 2032 942 2086 Satanam
978 2034 1078 2087 sub
1110 2036 1273 2101 pedes
1306 2035 1443 2103 ejus,
1495 2052 1617 2089 cum
1670 2050 1764 2104 per
1800 2036 1959 2089 tidem

382 2136 722 2181 constantem
752 2125 864 2198 (49)
916 2126 1252 2180 inlideiitalis
1299 2127 1547 2193 spiritum
1600 2129 1746 2181 vicit.
1785 2128 1875 2183 Sic
1908 2139 1961 2182 et

383 2221 472 2288 qui
531 2219 877 2274 concordiam
933 2228 1351 2287 perseveranter
1399 2220 1558 2284 Colit,
1607 2221 1961 2275 dissensionis

383 2314 682 2367 (lminonem
730 2313 831 2366 sub
865 2312 1091 2377 pedibus
1131 2314 1405 2366 conterit:
1442 2313 1534 2383 qui
1591 2315 1961 2369 mansuetudi-

386 2420 507 2459 nem
542 2414 742 2467 servat,
779 2403 1075 2459 iracundia:
1113 2402 1371 2457 Satanam
1419 2405 1694 2471 patientiae
1723 2406 1962 2474 vestigiis

383 2499 577 2554 calcat.
629 2498 737 2552 lloc
783 2508 865 2552 est
900 2498 1155 2551 nimirum
1204 2499 1346 2567 quod
1392 2498 1651 2553 Dominus
1693 2499 1748 2552 in
1788 2500 1964 2554 Evan-

384 2591 524 2662 gelio
565 2591 692 2644 dicit
717 2591 796 2642 ’νε
839 2589 977 2645 Ecce
1020 2592 1141 2645 dedi
1190 2591 1334 2644 vobis
1369 2600 1678 2659 potestatem
1715 2592 1963 2646 calcandi

385 2700 541 2751 super
577 2694 838 2750 serpentes
863 2693 909 2737 et
945 2686 1265 2752 scorpiones,
1295 2694 1342 2736 et
1374 2699 1530 2750 super
1560 2700 1762 2738 onmem
1802 2686 1964 2738 virtu-

386 2788 484 2829 tem
520 2776 743 2829 inimici.

457 2866 545 2921 58.
589 2864 773 2920 Gratia
807 2866 1017 2921 Domini
1050 2867 1217 2921 nostri
1239 2865 1365 2920 Jesu
1392 2866 1588 2921 Christi
1624 2866 1884 2921 vobiscum
1920 2867 1958 2919 ί.

383 2959 571 3015 Gratia
629 2959 761 3024 Dei,
807 2971 861 3014 et
897 2959 1071 3030 gratia
1119 2959 1331 3015 Domini
1383 2960 1552 3033 nostri
1601 2957 1726 3013 Jesu
1760 2959 1961 3013 Christi

385 3065 489 3103 una
524 3061 683 3119 atque
716 3050 903 3104 eadem
936 3050 1108 3120 gratia
1145 3050 1462 3118 accipienda
1497 3059 1600 3105 est.
1639 3050 1791 3105 Sicut
1824 3053 1961 3106 enim

391 3140 551 3196 Pater
586 3157 720 3209 quos
749 3141 861 3194 vult
904 3141 1153 3209 viviﬁcat,
1181 3151 1230 3194 et
1264 3140 1437 3196 Filius
1467 3159 1600 3213 quos
1640 3142 1746 3196 vult
1792 3143 1960 3210 viviﬁ-

386 3242 508 3296 cat;
536 3247 583 3286 et
631 3234 762 3285 sicut
810 3230 974 3285 Pater
1002 3234 1153 3285 habet
1189 3249 1244 3286 tu
1275 3250 1329 3285 se
1361 3234 1542 3300 vitam,
1568 3245 1618 3288 et
1667 3233 1810 3287 Filio
1849 3235 1956 3305 (50)

385 3323 530 3374 dedit
580 3323 770 3373 habere
816 3323 870 3373 in
912 3322 1185 3388 semetipso
1236 3323 1465 3385 vitam”,
1516 3322 1589 3373 ita
1631 3331 1684 3375 et
1728 3323 1958 3390 gratiam

385 3428 550 3483 quam
577 3413 668 3467 dat
701 3412 877 3477 Pater,
911 3415 1051 3467 hanc
1082 3422 1137 3465 et
1162 3410 1330 3465 Filius
1367 3416 1476 3465 dat.
1508 3411 1797 3467 Sciendum
1831 3429 1961 3466 sane

385 3519 487 3567 cst,
512 3506 654 3574 quod
682 3521 844 3559 omne
883 3507 1023 3573 quod
1067 3503 1266 3557 habent
1298 3506 1541 3557 homines
1569 3522 1598 3557 a
1634 3504 1760 3569 Deo,
1788 3504 1961 3574 gratia

388 3608 467 3651 εει
491 3598 534 3654 ³.
563 3597 705 3651 i‘iihil
738 3598 880 3650 enim
908 3611 973 3649 ex
1005 3594 1184 3647 debito
1217 3596 1435 3650 habent.
1474 3594 1606 3660 Quis
1639 3597 1778 3649 enim
1820 3599 1966 3666 prior

386 3687 530 3739 dedit
581 3686 685 3751 illi,
726 3695 774 3739 et
824 3686 1142 3738 retribuetur
1174 3686 1262 3739 ei?
1295 3686 1479 3741 Gratia
1513 3703 1644 3755 ergo
1688 3699 1771 3741 est
1810 3690 1960 3756 quid-

387 3779 516 3849 quid
555 3780 715 3834 habet
749 3780 793 3832 is
820 3779 910 3848 qui
957 3795 1064 3831 non
1102 3778 1221 3845 fuit,
1250 3788 1304 3832 et
1346 3789 1447 3845 est,
1481 3780 1757 3849 accipiens
1801 3784 1867 3835 ab
1901 3798 1966 3837 eo

389 3870 479 3939 qui
513 3885 730 3937 semper
757 3869 876 3933 fuit,
901 3880 954 3922 et
985 3880 1087 3932 est,
1116 3878 1169 3922 et
1200 3870 1306 3924 erit
1337 3878 1388 3926 in
1421 3883 1709 3926 aeternum.
1816 3933 1825 3941 ,

461 3960 549 4015 59.
589 3960 798 4015 Saiutat
844 3978 930 4014 vos
978 3960 1279 4015 Timotheus
1324 3962 1540 4032 adjutor
1573 3980 1739 4031 meus,
1771 3975 1818 4017 et
1865 3964 1968 4017 Lu-

390 4054 528 4115 cius,
568 4062 616 4107 et
647 4052 837 4115 lason,
882 4062 930 4106 et
977 4053 1252 4123 Sosipater
1295 4057 1505 4124 cognati
1537 4057 1636 4110 mei
1661 4056 1703 4111 ⁸.
1742 4057 1970 4112 Videtur

392 4147 521 4200 mihi
573 4148 637 4200 de
683 4147 802 4200 istis
850 4162 986 4216 quos
1019 4150 1380 4215 sequestravit
1422 4149 1491 4203 ab
1533 4151 1678 4203 omni
1723 4152 1968 4220 catalogo

392 4237 764 4302 salutantium,
795 4237 914 4308 plus
950 4237 1154 4308 aliquid
1201 4241 1457 4295 sensisse.
1504 4239 1750 4312 Denique
1788 4254 1843 4298 et
1872 4245 1968 4297 Ti-

461 4369 507 4402 ”
545 4369 676 4425 Luc.
704 4385 767 4435 Χ,
803 4370 887 4425 19.
969 4371 985 4402 ¹
1028 4370 1186 4425 Rom.
1232 4388 1353 4437 xvr,
1383 4372 1473 4427 20.

467 4441 490 4470 ⁸
530 4442 546 4492 l
577 4441 714 4494 'I‘itn.
741 4457 776 4503 ι,
807 4441 863 4505 '5,
893 4441 945 4495 4.
1024 4444 1044 4474 ⁷
1086 4445 1208 4497 Act.
1237 4459 1379 4510 xvtl,
1412 4442 1445 4497 5
1468 4459 1550 4513 sq.

466 4558 578 4700 ΞΜ)
619 4558 778 4623 Edili,
804 4560 943 4629 quod
971 4562 1245 4614 suscitare.

488 4630 578 4697 ΛΠ)
620 4630 826 4682 Autem.
874 4632 1154 4683 Utnittitur
1193 4634 1244 4683 in

488 4630 578 4697 ΛΠ)
620 4630 826 4682 Autem.
874 4632 1154 4702 Utnittitur
1193 4634 1244 4683 in
1283 4631 1463 4694 editis,
1508 4634 1602 4700 qui
1637 4643 1825 4702 postea
1872 4635 1973 4689 ha-

393 4701 485 4755 bet
515 4716 635 4752 cnm
679 4715 810 4754 mss.
840 4701 1161 4765 quibusdam
1184 4703 1353 4755 videre
1376 4718 1474 4768 pro
1503 4701 1692 4758 dicere.
1728 4704 1834 4759 Sed
1865 4722 1966 4760 ms.

400 4769 600 4837 Regius
625 4784 771 4820 num.
798 4769 935 4823 1659
957 4781 1011 4823 et
1064 4768 1321 4826 Rabauus
1355 4775 1555 4827 rectius
1604 4785 1662 4827 ut
1701 4777 1754 4829 in
1794 4786 1968 4830 textu.

429 4876 435 4882 ο
468 4838 579 4911 (48)
624 4839 785 4894 Deus.
834 4841 1117 4913 Omittitur
1158 4842 1208 4894 in
1256 4843 1529 4912 plerisque
1565 4860 1694 4897 mss.
1735 4854 1788 4900 et
1830 4847 1970 4913 apud

395 4913 700 5037 ιιὲιὲιὲιιιυιιι,
728 4912 821 4965 sed
848 4921 1026 4965 exstat
1052 4912 1107 4965 in
1132 4913 1295 4967 editis
1322 4925 1378 4966 et
1412 4915 1465 4969 in
1494 4930 1596 4969 ms.
1620 4913 1789 4986 Regio
1818 4912 1968 4970 num.

395 4991 422 5037 1
451 4986 461 4997 ⁸
544 5019 558 5034 .

468 5053 579 5126 (49)
620 5054 695 5108 lta
721 5053 877 5126 editi.
895 5050 1152 5106 Rabanus
1178 5068 1308 5108 vero
1334 5062 1392 5126 et.
1422 5070 1554 5126 mss.
1580 5057 1749 5111 nostri
1777 5070 1970 5110 omnes

395 5124 657 5179 omittunt
685 5140 776 5189 per
804 5124 961 5191 fidem
996 5134 1336 5177 constantem.
1370 5125 1573 5179 Deinde
1609 5143 1738 5181 mss.
1775 5128 1886 5180 duo
1915 5135 1969 5180 et

395 5195 546 5257 editi,
590 5196 696 5251 Sed
737 5204 786 5248 et
818 5194 927 5265 qui,
964 5203 1070 5247 etc.
1101 5195 1290 5249 ueteri
1333 5210 1464 5250 mss.
1511 5205 1567 5250 et
1600 5198 1753 5262 editi,
1787 5196 1875 5251 Sic
1919 5209 1967 5252 et

396 5277 752 5407 ᾳἽὲςδῨΜω.
783 5335 888 5407 ὀρθ
923 5333 1099 5406 Regii,
1139 5335 1216 5407 sic
1244 5346 1291 5389 et
1326 5333 1570 5407 Filius...
1603 5346 1653 5392 et
1683 5340 1816 5393 sicut
1859 5336 1970 5391 Pa-

400 5404 694 5478 ter....'.ita
721 5417 767 5459 et
798 5404 965 5471 Filio,
993 5404 1097 5460 etc.
1131 5406 1236 5461 Sed
1266 5423 1368 5460 nis.
1398 5406 1603 5478 Regius
1649 5425 1799 5464 num.
1832 5409 1969 5467 1639

401 5484 455 5529 et
478 5477 609 5530 editi
638 5478 839 5531 rectius
870 5487 929 5528 ut
960 5480 1010 5529 in
1050 5487 1233 5531 nostro
1266 5487 1438 5531 textu.

474 5543 584 5616 (51)
627 5548 716 5601 Sic
756 5561 854 5601 ms.
879 5545 1082 5614 Regius
1112 5562 1263 5601 num.
1292 5546 1429 5603 1659
1467 5558 1520 5605 et
1549 5548 1827 5607 Rabanus.
1854 5551 1969 5607 Ca:-

404 5618 661 5687 ter_i__vero
689 5633 819 5670 mss.
845 5627 899 5670 et
927 5618 1078 5683 editi,
1112 5629 1405 5687 rogaverat.

473 5685 587 5757 (5'2)
629 5686 831 5754 Ipsum.
878 5685 1226 5742 Desideratur
1277 5690 1329 5742 in
1379 5690 1559 5747 editis.
1609 5690 1811 5746 Deinde
1864 5708 1964 5745 ms.

402 5751 607 5827 Regius
636 5751 784 5810 num.
811 5757 968 5825 1659,
988 5774 1083 5827 pro
1109 5775 1168 5815 eo
1196 5760 1333 5827 quod
1356 5759 1521 5816 soleat
1552 5764 1833 5826 nominari,
1860 5776 1966 5817 etc.

1549 4375 1570 4404 ³
1607 4372 1837 4438 Joan.v,
1875 4377 1969 4438 2|,
2008 4376 2098 4431 ‘26.

1626 4445 1649 4476 ⁸
1686 4454 1813 4501 Act.
1841 4449 1994 4511 ΗΑ.

2062 1847 2369 1901 discedendi
2403 1847 2513 1917 (55)
2558 1847 2765 1900 faceret
2813 1845 3140 1901 libertatem.
3192 1848 3483 1916 Sosipater
3509 1863 3631 1917 quo-

2062 1955 2166 2009 que
2203 1940 2293 2009 qui
2325 1941 2408 1993 his
2432 1939 2701 2009 jungitur,
2739 1939 2988 2008 suspicor
3019 1941 3160 2008 quod
3193 1940 3309 2007 ipse
3346 1939 3423 1994 sit
3465 1942 3553 2007 qui
3581 1940 3629 1995 in

2061 2032 2286 2087 Actibus
2346 2032 2714 2101 apostolorum
2756 2032 2779 2063 ⁸
2817 2031 3069 2086 scribitur
3123 2032 3404 2097 Sosipater
3453 2029 3630 2100 Pyrrhi

2063 2123 2359 2178 Beroeusis.
2387 2123 2491 2177 Sed
2518 2124 2611 2191 qui
2646 2123 2799 2178 Pauli
2830 2123 3066 2177 Litteras
3087 2125 3358 2178 curiosius
3390 2132 3629 2192 tanquam

2063 2218 2281 2272 Christo
2318 2218 2369 2270 in
2405 2232 2471 2270 eo
2520 2216 2772 2285 loquente
2816 2219 3144 2281 considerat,
3178 2217 3493 2271 movebitur
3528 2218 3632 2271 sine

2063 2308 2227 2361 dubio
2255 2307 2527 2376 quomodo
2559 2307 2757 2361 Paulus
2801 2308 2892 2376 qui
2940 2323 2999 2361 se
3048 2307 3262 2362 Tharso
3300 2307 3512 2362 Ciliciae
3544 2325 3629 2360 ua-

2066 2407 2175 2452 tum
2211 2399 2483 2467 professus
2512 2410 2597 2453 est
2622 2400 2642 2430 °
2672 2398 2956 2454 Hebraeum
2982 2416 3052 2456 ex
3088 2400 3357 2465 Hebraeis,
3391 2416 3536 2455 nunc
3560 2402 3630 2454 νει

2066 2490 2331 2545 Timothei
2370 2489 2657 2547 Derbeusis
2690 2494 2825 2547 civis
2861 2509 2926 2546 ex
2965 2478 3116 2561 patre
3151 2494 3343 2561 gentili
3384 2504 3633 2564 cognatus

2066 2586 2143 2636 vel
2178 2583 2614 2653 consanguineus
2657 2598 2778 2637 esse
2817 2585 3049 2647 dicatur,
3091 2586 3172 2637 vel
3204 2582 3427 2638 Jasonis
3477 2585 3631 2639 Thcs-

2064 2674 2436 2738 salonicensis,
2466 2665 2548 2729 vei
2586 2675 2882 2743 Sosipatris
2916 2675 3106 2747 Pyrrhi
3143 2677 3457 2733 Beroensis.
3490 2679 3628 2743 Quod

2064 2768 2111 2821 si
2142 2783 2238 2837 pro
2265 2783 2331 2821 eo
2373 2767 2569 2837 aliquis
2597 2768 2746 2822 dicat
2774 2770 2899 2838 quia
2947 2771 3108 2823 etiam
3144 2770 3250 2836 ipsi
3291 2771 3539 2838 qualibet
3576 2784 3631 2821 ex

2067 2872 2220 2927 parte
2247 2876 2314 2912 ex
2349 2862 2772 2915 circumcisione
2817 2861 3107 2915 veniebant
3135 2879 3149 2915 :
3185 2876 3291 2915 non
3325 2878 3462 2931 ergo
3490 2877 3634 2929 opor-

2069 2953 2167 3006 tuit
2195 2952 2261 3006 dc
2296 2954 2378 3007 his
2408 2954 2717 3021 specialiter
2744 2955 2946 3016 dicere,
2975 2956 3067 3009 sed
3098 2966 3154 3008 et
3182 2957 3248 3009 de
3272 2955 3531 3009 omnibus
3556 2956 3631 3025 qui

2066 3059 2127 3098 ex
2154 3043 2353 3099 Judacis
2385 3055 2561 3110 erant,
2589 3048 2731 3115 quod
2782 3055 2964 3101 essent
3007 3048 3221 3114 cognati
3271 3046 3468 3101 Paulo.
3503 3047 3634 3100 Nunc

2072 3153 2194 3190 vero
2216 3154 2337 3190 cum
2370 3139 2581 3191 caeteris
2609 3153 2950 3206 nequaquam
2982 3138 3085 3196 hoc
3119 3154 3319 3191 nomen
3350 3140 3631 3208 indulgeat,

2068 3230 2151 3282 his
2186 3244 2312 3281 vero
2339 3241 2392 3282 et
2427 3230 2547 3283 aliis
2577 3231 2846 3285 nonnullis
2878 3232 3141 3295 ascribat.
3168 3244 3376 3285 certum
3412 3243 3503 3288 est
3525 3251 3632 3302 enim

2067 3321 2224 3374 aliam
2269 3321 2559 3390 quamdam
2607 3324 2985 3390 cognationem
3031 3325 3335 3387 nominare,
3369 3340 3497 3393 quae
3542 3326 3633 3379 sibi

2066 3427 2191 3464 cum
2222 3411 2529 3477 Timotheo,
2553 3422 2607 3466 et
2637 3412 2779 3468 Luca
2807 3412 2944 3482 (54),
2970 3414 3197 3481 aliisque
3229 3418 3424 3482 paucis
3459 3418 3632 3469 horum

2067 3504 2340 3558 similibus
2381 3505 2685 3558 communis
2736 3505 3038 3559 habeatur:
3072 3522 3235 3574 quam
3270 3510 3631 3576 cognationem

2074 3596 2157 3648 vel
2194 3598 2720 3666 consanguinitatem
2769 3614 2836 3653 ex
2880 3599 2966 3651 illa
2999 3599 3118 3652 sine
3165 3599 3329 3652 dubio
3363 3602 3505 3653 st-iat
3545 3601 3631 3652 sibi

2073 3705 2195 3742 cum
2230 3691 2315 3743 his
2349 3691 2670 3758 paternitate
2699 3691 3049 3755 descendere,
3074 3693 3139 3746 de
3168 3707 3272 3760 qua
3307 3693 3358 3744 iu
3390 3693 3500 3744 alio
3531 3693 3632 3743 loco

2074 3786 2201 3839 dicit
2237 3803 2251 3838 :
2294 3784 2409 3839 Huc
2454 3788 2595 3839 enim
2641 3803 2802 3840 causa
2848 3804 3005 3841 curvo
3054 3805 3223 3858 genua
3268 3805 3383 3841 mea
3438 3787 3505 3841 ad
3541 3785 3630 3839 Pa-

2075 3887 2206 3930 trem
2233 3877 2346 3946 (55)
2376 3879 2590 3931 Domini
2634 3881 2798 3933 nostri
2827 3878 2954 3933 Jesu
2984 3877 3201 3945 Christi,
3236 3894 3300 3932 ex
3333 3896 3440 3948 quo
3482 3880 3629 3932 omnis

2074 3972 2368 4038 paternitas
2403 3971 2455 4023 in
2488 3970 2614 4024 cazlo
2658 3981 2705 4024 et
2747 3971 2803 4024 in
2844 3981 2986 4024 terra
3022 3974 3321 4024 nominatur
3345 3971 3412 4023 ¹⁸.
3464 3969 3629 4024 Sciens

2069 4063 2234 4131 igitur
2263 4077 2385 4116 esse
2427 4063 2660 4132 aliquam
2699 4065 3078 4132 paternitatem
3120 4064 3173 4116 in
3220 4064 3360 4119 cmlo
3398 4065 3537 4118 sicut
3560 4071 3629 4114 est

2064 4163 2122 4207 et
2155 4153 2206 4206 in
2251 4163 2419 4217 terra,
2450 4165 2660 4208 certum
2695 4165 2779 4208 est
2819 4154 2961 4223 quod
3006 4155 3139 4208 istos
3173 4156 3264 4223 qui
3310 4156 3413 4209 sibi
3451 4169 3629 4222 nequa-

2066 4261 2227 4315 quam
2274 4245 2570 4301 secundum
2616 4245 2992 4314 cognationem
3030 4247 3379 4315 paternitatis
3420 4258 3625 4302 terrena:

2177 4379 2196 4409 ³
2238 4379 2395 4432 Rom.
2423 4378 2607 4444 xr,‘55.
2683 4378 2706 4410 ⁸
2743 4378 2901 4432 Rom.
2928 4395 3042 4443 xw,
3071 4379 3161 4433 21.

2066 4448 2087 4478 ⁹
2117 4451 2240 4503 Act.
2272 4464 2407 4514 χχιι,
2440 4451 2494 4502 5.
2573 4450 2616 4480 ¹⁰
2646 4449 2842 4519 Ephes.
2869 4466 2953 4516 tu,
2983 4450 3071 4515 N,
3102 4450 3191 4506 15.

3243 4380 3265 4412 ⁵
3297 4383 3424 4438 Act.
3455 4400 3554 4445 xvr,
3583 4382 3623 4434 1.

2004 4548 2047 4602 Ῑ)
2079 4563 2183 4618 Sed
2215 4565 2396 4619 caeteri
2429 4581 2586 4629 mss.,
2615 4563 2873 4620 Rabanns
2902 4577 2956 4620 et
2986 4568 3115 4621 editi
3154 4579 3211 4621 ut
3248 4570 3300 4621 iu
3342 4579 3507 4626 textu.

2147 4634 2259 4706 (55)
2303 4636 2393 4688 Sic
2427 4652 2556 4690 tnss.
2584 4645 2640 4691 et
2679 4634 2954 4691 Rabanus.
3001 4636 3139 4693 Editi
3184 4652 3401 4706 autem,
3434 4652 3487 4695 ut
3512 4644 3622 4706 Apo-

2076 4708 2209 4758 stolo
2238 4706 2467 4768 dicendi,
2496 4718 2604 4760 etc.

2149 4774 2259 4847 (54)
2301 4777 2375 4829 lta
2407 4793 2507 4830 ms.
2536 4775 2736 4845 Regius
2769 4794 2917 4831 num.
2954 4778 3104 4834 1659.
3130 4780 3327 4834 Caeteri
3360 4799 3486 4837 vero
3518 4798 3620 4836 mss.

2075 4856 2129 4899 et
2154 4848 2307 4921 editi,
2335 4863 2450 4921 quae
2475 4848 2560 4900 isti
2586 4849 2884 4916 Sosipatro,
2915 4848 3180 4903 Timotheo
3214 4854 3393 4921 (editi,
3423 4872 3532 4907 cum
3557 4852 3620 4904 Ti-

2076 4916 2306 4984 morheo)
2338 4926 2385 4969 et
2420 4916 2580 4984 Luca,
2606 4926 2713 4973 etc.

2150 4985 2259 5058 (55)
2303 4987 2394 5040 Sic
2431 4998 2574 5041 recte
2616 5004 2717 5043 ms.
2768 4986 2968 5057 Regius
3019 5008 3167 5046 num.
3225 4992 3366 5046 1659
3420 4991 3620 5058 restituit

2079 5057 2225 5111 hunc
2256 5058 2429 5111 locum
2462 5060 2529 5111 ab
2560 5059 2643 5112 his
2675 5062 2878 5122 verbis,
2905 5076 2970 5114 ea:
3018 5061 3111 5114 illa
3141 5063 3254 5115 sine
3282 5064 3443 5115 dubio
3480 5057 3620 5119 sciat.

2074 5128 2195 5193 sibi,
2226 5138 2356 5192 etc.,
2397 5142 2567 5197 usque
2611 5128 2677 5182 ad
2723 5128 2937 5184 Gratias
2983 5149 3081 5201 ago
3127 5133 3252 5195 Deo,
3299 5144 3412 5186 etc.
3458 5129 3619 5186 Ca-tcri

2079 5213 2209 5275 vero
2243 5214 2374 5275 mss.
2409 5201 2583 5275 nostri
2617 5200 2817 5253 habent
2846 5200 3240 5275 tantummodo,
3265 5221 3431 5275 quam,
3459 5218 3621 5271 cogna-

2077 5269 2272 5341 tionem
2304 5268 2415 5341 ejus
2449 5269 2525 5322 vel
2571 5273 3085 5341 consanguinitatem
3118 5273 3234 5341 ejus
3277 5268 3353 5328 ἐκ
3396 5274 3485 5325 illa
3517 5268 3621 5324 sine

2076 5339 2235 5392 dubio
2289 5339 2456 5391 sociat
2503 5339 2882 5411 sibisb'rutias
2922 5360 3021 5411 ago
3081 5339 3216 5405 Deo,
3269 5356 3398 5407 etc.,
3436 5341 3619 5411 omissis

2077 5411 2334 5464 omnibus
2356 5410 2906 5484 _Intertnetliis._Editi
2927 5408 3129 5483 [quam
3169 5428 3521 5484 cognationem
3557 5408 3618 5463 rei

2076 5481 2588 5553 consanguinitatem
2641 5482 2870 5553 arbitror
2893 5481 3005 5537 esse
3035 5499 3099 5537 ea:
3142 5481 3399 5553 baptismo
3442 5495 3619 5553 caetrae

2076 5561 2235 5624 ctam.
2267 5550 2577 5624 Saluto_vos
2617 5567 2708 5620 ego
2748 5550 2957 5624 Tertius
2998 5554 3089 5623 qui
3131 5550 3320 5621 scripsi
3357 5552 3616 5624 Epistulam

2075 5623 2133 5693 i_t_t
2157 5618 2672 5693 Doiuiuo._Salutat_
2692 5640 2778 5675 vos
2810 5621 2972 5676 Caius
3004 5618 3188 5693 hospes
3221 5618 3365 5678 meus
3401 5618 3615 5693 universe

2079 5688 2349 5745 Ecclesiw.
2384 5689 2491 5743 llic
2529 5705 2603 5744 est
2634 5690 2795 5745 Cuius
2828 5700 2892 5745 de
2933 5712 3035 5760 quo
3065 5688 3192 5747 αἶρὺί
3233 5696 3405 5748 dicit:
3435 5691 3613 5748 Gratias

2077 5776 2175 5828 ago
2213 5760 2324 5815 Deo
2360 5779 2498 5827 utea,
2524 5771 2654 5824 etc.,
2688 5765 2901 5818 caneris
2934 5767 3333 5834 practci'ittissis.
