3744 6146
106 207 223 268 1289

1020 209 1377 266 COMMENT.
1417 209 1485 264 1N
1525 207 1747 265 EPIST.
1781 207 1873 263 AD
1909 206 2077 264 ROM.
2117 209 2246 265 LIB.
2291 210 2358 265 Χ.

3177 217 3315 272 1290

97 332 389 402 junguntur,
415 325 567 399 iungi
617 327 718 385 sibi
754 341 984 388 noverat
1025 335 1322 390 scentulum
1359 333 1636 398 cognatio-
1668 338 1715 395 Α
1746 339 1803 387 et
1845 331 1970 389 ideo
2005 345 2108 388 uec
2159 345 2358 390 nomen
2412 333 2656 404 posuerit
2709 333 2864 405 cujus
2923 333 3178 400 civitatis,
3223 334 3316 390 sed

99 441 205 482 nem
245 422 580 494 paternitatis
623 424 892 479 ccclesiis.
937 427 1001 480 Et
1034 427 1159 482 ideo
1207 443 1301 482 eos
1353 435 1635 497 cognatos,

99 530 144 576 et
187 518 522 588 concaptivos
579 529 770 584 vocat,
815 530 869 572 et
915 519 1228 586 adjutores;
1279 531 1463 588 utpote
1513 535 1636 575 cum

99 611 275 680 quibus
299 624 454 662 unam
496 609 562 663 ad
599 611 1076 678 evangelizandum
1111 612 1490 680 cognationem
1541 627 1640 665 na-

99 701 259 757 scendi
325 709 473 755 sorte
528 705 865 771 susceperit,
909 716 964 759 et
1013 705 1380 775 captivitatem
1453 702 1636 759 mundi

99 792 236 859 hujus
278 790 579 860 Dahylouize
612 794 940 864 perferendi.
971 796 1083 850 Aut
1124 796 1168 850 si
1219 796 1340 866 quis
1375 797 1487 850 haec
1532 811 1634 850 non

97 885 175 938 tali
217 885 438 954 quadam
478 887 775 955 trapologia
823 889 1026 956 patitur
1058 889 1367 957 explanari,
1399 898 1639 957 exponat

98 976 234 1030 nobis
276 977 544 1044 quomodo
585 977 1003 1042 Timotheus,.et
1031 978 1251 1044 Lucius,
1280 990 1334 1035 et
1361 979 1552 1045 lason,
1583 989 1640 1035 et

97 1064 348 1133 Sosipater
372 1066 532 1136 longe
567 1068 902 1123 diversarum
934 1085 1040 1123 non
1068 1070 1240 1123 solum
1270 1070 1510 1134 urbium,
1539 1072 1633 1126 sed

94 1166 139 1210 et
182 1157 572 1224 provinciarum
620 1159 801 1224 cives,
853 1159 1017 1213 Paulo
1065 1159 1358 1214 secundum
1416 1173 1634 1214 carnem

94 1249 283 1317 cognati
325 1256 380 1301 et
424 1251 814 1320 consanguinei
867 1265 987 1304 esse
1033 1257 1328 1319 potuerunt
1367 1267 1382 1304 :
1428 1260 1483 1305 et
1529 1267 1634 1305 non

93 1338 245 1393 solum
277 1340 382 1405 isti,
427 1342 520 1396 sed
562 1354 614 1394 et
642 1343 1011 1405 Andronicus,
1040 1353 1092 1396 et
1124 1341 1334 1407 Junias,
1363 1351 1418 1396 et
1465 1341 1636 1396 Hero-

93 1433 219 1498 dion,
245 1447 378 1502 quos
421 1448 613 1489 omnes
641 1443 694 1490 et
735 1435 900 1507 637
937 1443 1202 1506 cognatos
1244 1449 1394 1500 suos,
1421 1446 1475 1488 et
1506 1449 1638 1490 con-

92 1525 309 1592 captivos
335 1524 593 1592 appellat.

155 1614 232 1668 40.
266 1613 451 1669 Saluto
477 1631 565 1669 vos
593 1632 686 1684 ego
715 1614 949 1678 Tertius,
985 1619 1076 1687 qui
1109 1618 1294 1686 scripsi
1327 1614 1624 1685 Epistolam

1748 424 2125 481 tantummodo
2175 441 2301 483 eum
2354 426 2628 482 arcarium
2690 427 3056 483 nominaverit
3119 427 3313 483 civita-

1745 516 1815 571 tis
1846 513 1980 587 (60).
2012 516 2239 574 Utrum
2275 532 2405 588 ergo
2460 517 2553 573 tali
2607 517 2766 574 modo
2813 518 3031 590 aliquo,
3070 535 3136 573 an
3187 535 3316 576 vero

1740 609 2064 679 simpliciter
2093 611 2264 681 magis
2295 610 2671 681 accipiendum
2709 611 2802 678 sit,
2835 623 2889 666 et
2921 613 3058 667 nihil
3088 613 3314 681 prol’un-

1739 702 1860 755 dius
1893 701 1944 756 in
1973 700 2124 756 Pauli
2156 701 2381 758 Litteris
2401 703 2811 774 requirendum,
2848 705 3190 760 considerato
3221 706 3315 776 qui

1740 792 1889 862 legis.

1809 885 1898 937 45.
1946 883 2010 938 Ei
2042 893 2212 937 autem
2242 883 2334 950 qui
2355 893 2536 948 potens
2565 893 2642 938 est
2674 900 2761 938 vos
2784 885 3099 956 conﬁrmare
3126 903 3314 941 secun-

1738 973 1860 1025 dum
1890 972 2236 1040 Evangelium
2257 991 2446 1036 meum,
2480 983 2529 1028 et
2551 976 2984 1042 prazdicationem
3009 976 3138 1031 Jesu
3164 979 3314 1031 Chri-

1736 1066 1826 1132 sti,
1871 1069 2156 1120 secundum
2201 1067 2566 1120 reuelationem
2619 1069 2940 1121 sacramenti
2991 1070 3311 1136 temporibus

1737 1160 2052 1214 oraculorum
2085 1161 2139 1212 in
2165 1161 2372 1214 silentio
2390 1161 2578 1225 habiti,
2597 1161 2925 1230 manifestati
2953 1172 3126 1216 autent
3155 1167 3309 1217 ntodo

1735 1267 1830 1319 per
1892 1250 2197 1318 Scripturas
2246 1252 2573 1318 propheticus
2634 1252 2919 1305 secundum
2992 1264 3309 1323 prtcceptum

1724 1340 1917 1394 teterni
1951 1339 2044 1394 Dei
2070 1341 2139 1392 ad
2167 1341 2516 1392 obedientiam
2555 1338 2679 1406 ﬁdei
2709 1339 2765 1392 in
2791 1354 2972 1392 omnes
3003 1353 3182 1408 gentes
3203 1359 3312 1396 nta-

1739 1431 1991 1500 nifestati,
2016 1432 2115 1484 soli
2153 1433 2376 1500 sapienti
2411 1431 2519 1484 Deo
2548 1447 2640 1497 per
2672 1429 2858 1484 Jesum
2903 1431 3174 1486 Christum
3204 1435 3311 1488 cla-

1738 1524 1870 1576 ritas
1909 1523 1962 1575 in
1991 1523 2188 1576 strcula
2216 1522 2550 1577 sa'cularttm.
2586 1523 2749 1576 Amen
2771 1524 2812 1555 ¹⁷
2838 1523 2969 1593 (61).
3003 1525 3173 1595 Caput
3207 1529 3309 1583 hoc

1736 1613 1999 1677 Marcion,
2025 1630 2053 1667 a
2088 1630 2194 1680 quo
2223 1613 2520 1683 Scriptura-
2546 1613 2872 1685 evangelica:
2899 1626 3061 1685 atque
3087 1628 3308 1686 aposto-

90 1703 135 1758 in
161 1704 460 1760 Domino“.
495 1706 776 1776 Tanquam
815 1708 909 1777 qui
937 1709 1136 1776 dignus
1169 1707 1390 1762 habitus
1413 1708 1484 1763 sit
1505 1706 1634 1776 Epi-
1667 1698 1709 1752 Β
1738 1703 1858 1758 licte
1881 1702 2221 1773 interpolata:
2253 1710 2403 1770 sunt,
2435 1707 2501 1757 de
2535 1705 2637 1759 hac
2666 1702 2902 1773 Epistola
2933 1706 3145 1774 penitus
3174 1711 3306 1764 abs—

88 1794 261 1848 stolatn
289 1794 550 1852 Romanis
588 1796 758 1853 Paulo
793 1799 1037 1854 dictante
1082 1799 1446 1868 perscribere,
1489 1798 1634 1851 inse-

89 1888 151 1940 rit
177 1887 222 1940 ei
263 1887 424 1942 etiam
465 1903 620 1943 sumn
649 1903 873 1954 nomen,
902 1905 1009 1945 non
1043 1891 1352 1945 temeritate
1381 1903 1510 1943 usus
1542 1896 1635 1941 aut

58 2008 64 2012 -
81 1973 342 2042 iactantia,
375 1977 471 2032 sed
501 1977 626 2047 quia
656 1980 867 2034 sciebat
900 1994 1088 2035 senon
1116 1981 1293 2036 solum
1320 1976 1636 2049 praestitisse

83 2066 347 2136 scriptoris
371 2065 634 2134 ol‘ﬁcium,
666 2067 762 2125 sed
797 2069 1084 2140 scripsisse
1122 2069 1176 2123 in
1210 2068 1440 2124 Domino
1469 2082 1636 2138 :quo-

83 2157 213 2212 niam
237 2161 458 2228 quidem
483 2159 664 2230 justus
707 2163 892 2216 omnia
938 2176 1060 2232 qua:
1094 2161 1247 2227 facit,
1285 2159 1352 2215 ad
1404 2161 1630 2232 gloriam

81 2249 162 2304 Dei
190 2249 313 2306 facit
330 2253 396 2305 “.
421 2252 488 2306 Et
508 2253 552 2307 si
579 2252 765 2308 scribit
783 2267 934 2325 ergo,
963 2254 1029 2307 ad
1051 2253 1280 2325 gloriam
1307 2253 1401 2309 Dei
1417 2253 1633 2319 scribit,

79 2352 128 2396 et
154 2342 266 2398 ideo
293 2343 346 2400 in
378 2343 608 2400 Domino
639 2346 832 2401 scribit
858 2361 876 2402 :
899 2358 1122 2418 pr0pter
1148 2347 1290 2418 quod
1312 2347 1630 2418 estdignum

78 2445 131 2487 ut
151 2431 399 2504 Epistolas
427 2438 512 2492 sui
543 2451 760 2508 quoque
786 2439 1024 2493 nominis
1042 2440 1252 2495 inderet
1277 2441 1627 2495 mentionem.

85 2524 165 2579 Vel
204 2536 354 2584 certe
393 2530 648 2598 quoniam
694 2530 802 2583 vim
849 2544 1103 2585 sensuum
1167 2529 1315 2585 Pauli
1374 2531 1631 2586 dictantis

75 2625 371 2684 exceperat,
395 2623 451 2671 et
479 2617 826 2672 inteliexerat
863 2634 970 2673 non
1003 2619 1260 2686 hominis,
1286 2620 1381 2675 sed
1417 2621 1628 2674 Domini

76 2719 182 2772 qute
212 2709 508 2776 scribebat,
560 2710 764 2768 idcirco
800 2727 924 2767 eum
965 2714 1018 2766 in
1061 2712 1290 2767 Domino
1341 2714 1631 2784 scripsisse

75 2809 476 2856 commemorat.

138 2891 221 2944 41.
248 2891 461 2946 Salutat
493 2909 582 2948 vos
612 2890 774 2948 Gaius
805 2893 920 2962 (56)
952 2893 1136 2963 hospes
1173 2911 1342 2960 meus,
1384 2905 1432 2950 et
1470 2897 1628 2952 totius

77 2982 403 3040 Ecclesia".
439 2987 764 3059 intelligitur
795 2987 962 3044 Gaius
1008 2988 1097 3044 hic
1139 3003 1260 3044 esse
1298 2989 1364 3044 de
1405 3004 1513 3059 quo
1561 2991 1625 3044 ad

76 3075 372 3132 Corinthios
417 3080 664 3134 scribens
701 3089 1112 3146 commemorat,
1161 3081 1386 3136 dicens:
1415 3081 1627 3136 Gratias

75 3181 163 3238 ego
192 3166 323 3229 Deo,
355 3169 604 3238 quoniam
647 3171 900 3224 neminem
939 3178 1168 3225 uestrum
1202 3172 1488 3239 baptizaui,
1529 3173 1629 3226 nisi

75 3245 302 3325 Crispum
340 3267 391 3312 et
442 3257 634 3313 Caium
665 3261 730 3316 ιδ.
760 3259 984 3317 Videtur
1012 3278 1144 3334 ergo
1181 3263 1426 3319 indicare
1458 3267 1523 3319 de
1563 3279 1628 3319 eo

73 3355 200 3417 quod
237 3351 324 3404 vir
360 3351 526 3408 fuerit
568 3354 872 3423 hospitalis,
907 3355 998 3424 qui
1050 3370 1156 3410 non
1191 3357 1365 3410 solum
1406 3356 1626 3411 Paulum

75 3455 130 3496 ac
171 3442 419 3511 singulos
465 3457 706 3513 quosque
753 3447 1110 3501 adventantes
1158 3447 1477 3502 Corinthum
1513 3449 1626 3518 (57)

74 3533 295 3603 hospitio
324 3535 611 3603 receperit,
653 3536 744 3590 sed
779 3537 1034 3593 Ecclesiae
1071 3538 1338 3594 universae
1379 3540 1432 3594 in
1468 3541 1628 3595 domo

72 3636 158 3676 sua
204 3623 649 3678 conventiculum
715 3625 830 3694 ipse
885 3627 1203 3696 praebuerit.
1253 3627 1450 3684 Fertur
1496 3643 1628 3683 sane

72 3716 351 3770 traditione
389 3715 674 3785 majorum,
703 3719 846 3785 quod
878 3718 965 3771 hic
995 3717 1165 3774 Gaius
1189 3720 1397 3790 primus
1420 3721 1627 3791 episco-

69 3819 159 3874 pus
194 3795 353 3861 luerit
381 3807 886 3866 Thessalonicensis
909 3811 1185 3868 Ecclesire.

127 3895 214 3950 4‘2.
259 3897 472 3952 Salutat
522 3915 608 3954 vos
663 3897 912 3968 Erastus,
971 3905 1212 3957 arcarius
1265 3905 1516 3974 ciuitatis,
1575 3917 1624 3961 et

70 3985 292 4050 Quartus
339 3990 450 4062 (58)
492 3992 744 4060 frater".
787 3991 966 4062 Ipsum
1013 4004 1144 4064 puto
1197 4010 1316 4052 esse
1371 3997 1622 4052 Erastum

67 4090 212 4144 quem
248 4081 382 4137 dicit
403 4083 448 4114 ³⁸
477 4083 601 4154 quia
633 4086 1394 4158 remansitCorintbi,quique
1415 4089 1627 4144 videtur

67 4168 399 4241 dispensator
422 4177 659 4234 civitatis
683 4181 892 4235 ostendi
913 4179 1048 4252 (59).
1075 4179 1180 4234 Sed
1209 4194 1314 4234 non
1336 4189 1466 4251 puto
1481 4181 1623 4251 quod

66 4273 125 4313 ex
163 4263 270 4320 hoc
308 4265 489 4324 ollicio
531 4285 860 4343 magnopere
908 4271 1109 4328 Paulus
1173 4275 1500 4330 mentionem
1570 4274 1622 4329 in

1734 1795 1892 1857 tulit;
1929 1803 1986 1850 et
2036 1809 2144 1848 non
2201 1793 2371 1848 solum
2408 1796 2532 1858 hoc,
2576 1797 2669 1849 sed
2706 1803 2762 1850 et
2804 1796 2872 1850 ab
2915 1811 2981 1852 eo
3030 1797 3148 1853 loco
3189 1799 3302 1871 (62)

1735 1885 1825 1942 ubi
1855 1887 2122 1955 scriptum
2156 1896 2260 1950 εει,
2294 1902 2445 1940 omne
2475 1896 2650 1940 autem
2677 1888 2818 1956 quod
2841 1904 2941 1942 non
2965 1898 3041 1942 est
3079 1906 3146 1943 ea:
3175 1891 3301 1960 ﬁde,

1733 1987 2006 2045 peccatum
2034 1986 2110 2032 est
2133 1977 2199 2042 ιθ,
2235 1991 2404 2048 usque
2431 1979 2496 2032 ad
2525 1978 2684 2034 tinem
2714 1989 2907 2034 cuncta
2935 1982 3218 2038 dissecuit.
3243 1983 3300 2040 In

1734 2070 1858 2124 aliis
1903 2084 2036 2125 vero
2081 2068 2504 2138 exemplaribus,
2540 2071 2592 2124 id
2644 2079 2728 2125 est
2775 2071 2832 2125 in
2885 2071 2972 2127 his
3011 2088 3129 2142 qua!
3186 2090 3294 2129 non

1733 2170 1861 2217 sunt
1881 2177 1912 2216 a
1940 2160 2212 2216 Marcione
2242 2168 2526 2225 temerata,
2557 2161 2659 2216 hoc
2688 2163 2862 2230 ipsum
2903 2173 3065 2233 caput
3091 2163 3306 2219 diverse

1735 2253 1966 2324 positum
2003 2252 2328 2307 invenimus.
2370 2250 2425 2304 In
2460 2250 2731 2304 nonnullis
2791 2251 2992 2306 etenim
3025 2252 3306 2308 codicibus

1735 2353 1857 2413 post
1880 2358 2004 2399 eum
2033 2343 2209 2397 locum
2240 2357 2398 2412 quem
2431 2356 2590 2410 supra
2623 2342 2881 2406 diximus,
2918 2343 3024 2398 hoc
3048 2352 3154 2410 est,
3187 2360 3304 2398 ons-

1734 2451 1798 2491 ne
1830 2445 2003 2490 autem
2025 2434 2164 2506 quod
2189 2451 2292 2488 non
2320 2445 2394 2488 est
2425 2450 2491 2488 ea:
2533 2433 2657 2502 ﬁde,
2683 2445 2953 2503 peccatum
2987 2446 3087 2502 est,
3120 2440 3301 2494 statim

1732 2524 2015 2580 cohaerens
2043 2524 2296 2588 habetur,
2330 2525 2376 2578 ei
2399 2534 2573 2576 autem
2615 2527 2705 2594 qui
2730 2533 2911 2590 potens
2944 2536 3019 2580 est
3054 2543 3141 2581 uos
3171 2545 3300 2582 con-

1730 2615 1967 2682 ﬁrmare.
2021 2615 2128 2670 Alii
2161 2631 2290 2671 vero
2327 2616 2546 2670 codices
2581 2615 2634 2670 in
2675 2615 2786 2671 line
2836 2616 2914 2681 id,
2946 2627 3005 2673 ut
3039 2634 3182 2674 nunc
3219 2629 3304 2676 est

1711 2708 1989 2776 positum,
2029 2707 2310 2762 continent
2338 2707 2472 2776 (65).
2507 2707 2611 2762 Sed
2649 2707 2762 2778 jam
2797 2713 3076 2766 veniamus
3105 2712 3172 2765 ad
3200 2727 3298 2766 ca-

1731 2797 1885 2867 pituli
1922 2796 2081 2868 hujus
2106 2797 2563 2866 explanationem.
2593 2799 2736 2854 Duas
2781 2799 2912 2854 mihi
2946 2816 3136 2856 causas
3161 2802 3301 2857 Pau-

1732 2889 1819 2942 lus
1861 2889 2074 2944 videtur
2103 2891 2412 2958 ostendere,
2437 2891 2635 2960 quibus
2668 2893 2995 2948 roborantur
3027 2895 3078 2950 hi
3117 2896 3207 2964 qui
3239 2897 3298 2951 in

1734 2981 1836 3037 lide
1873 2982 2150 3054 Evangelii
2187 2985 2620 3040 conﬁrmantur:
2651 3003 2810 3041 unam
2841 3003 2947 3056 qua
2982 2988 3062 3044 eis
3103 2989 3300 3058 praedi-

1731 3073 1876 3128 catio
1904 3072 2078 3138 Pauli,
2127 3089 2248 3144 qua:
2275 3086 2362 3131 est
2391 3087 2448 3131 et
2475 3077 2676 3134 Christi
2720 3080 3053 3150 praedicatio,
3077 3080 3299 3135 innote-

1730 3166 1834 3220 scit
1861 3165 2005 3237 (64);
2037 3176 2094 3222 et
2121 3165 2282 3222 aliam
2306 3183 2412 3239 qua
2460 3172 2732 3226 revelatur
2776 3173 2856 3226 eis
2895 3184 3293 3227 sacramentum

1728 3260 1870 3328 quod
1923 3252 2163 3314 omnium
2217 3263 2552 3330 temporibus
2594 3268 2917 3320 saeculorum
2968 3265 3019 3319 in
3076 3264 3296 3324 silentio

1731 3352 1972 3404 habitum
2006 3361 2109 3416 est,
2139 3367 2281 3407 nunc
2319 3369 2470 3417 vero,
2513 3355 2618 3409 hoc
2653 3365 2736 3410 est
2784 3357 2836 3408 in
2872 3355 3105 3410 advequ
3139 3354 3298 3410 Citri-

1729 3443 1797 3496 sti
1845 3443 2132 3512 praesentia
2170 3444 2440 3513 corporali
2482 3446 2885 3500 manifestatum
2915 3453 3000 3500 est
3032 3455 3089 3500 et
3139 3460 3297 3515 aper-

1731 3543 1862 3594 tum,
1893 3542 1947 3588 et
1975 3543 2237 3603 quantum
2266 3544 2499 3604 spectat,
2530 3551 2634 3592 non
2665 3537 2783 3592 sine
2809 3537 3014 3593 idoneis
3045 3536 3296 3606 testibus,

1728 3625 1820 3679 sed
1865 3625 2169 3696 Scripturis
2205 3627 2538 3696 propheticis
2577 3628 2994 3699 asﬁpulantibus
3046 3629 3292 3683 declara-

1729 3729 1862 3770 tum.
1905 3717 1982 3772 lta
2018 3717 2164 3773 enim
2217 3729 2545 3789 praeceptum
2591 3721 2804 3776 exstitit
2839 3720 3029 3776 aeterni
3073 3721 3191 3788 Dei,
3235 3729 3297 3778 ut

1726 3823 1823 3878 per
1846 3809 2280 3880 praedicationem
2324 3812 2538 3880 quidem
2564 3810 2676 3882 (65)
2702 3812 2972 3884 Evangelii
3012 3823 3200 3884 gentes
3222 3812 3291 3868 ad

1725 3901 2086 3955 obedientiam
2121 3901 2248 3955 lidei
2289 3913 2617 3957 vocarentur
2646 3918 2660 3955 :
2687 3918 2750 3957 ex
2784 3904 3113 3959 revelatione
3158 3919 3292 3960 vero

1726 3993 2051 4047 sacramenti
2091 3993 2274 4063 agnita
2309 3994 2404 4048 Dei
2440 3994 2725 4064 sapientia,
2752 3996 2924 4067 gloria
2971 4008 3028 4051 et
3068 3995 3292 4051 claritas

1725 4085 1825 4140 soli
1863 4085 2092 4156 Sapienti
2131 4087 2236 4140 Deo
2269 4089 2589 4142 redderetur
2615 4087 2670 4142 in
2710 4088 2905 4144 saecula
2946 4089 3286 4144 saeculorum.

1728 4177 1834 4232 Sed
1871 4177 2064 4230 iterum
2098 4192 2465 4244 recurramus,
2493 4187 2551 4234 et
2579 4180 2988 4236 consideremus
3020 4180 3291 4251 quomodo

1726 4269 1926 4323 dictttm
1965 4279 2049 4322 est
2083 4285 2097 4321 :
2123 4267 2192 4321 Ei
2219 4281 2393 4322 autem
2419 4271 2510 4340 qui
2536 4281 2718 4340 potens
2745 4282 2820 4325 est
2859 4289 2946 4327 vos
2977 4271 3292 4340 conﬁrmare

65 4346 294 4418 Epistola
323 4372 419 4412 sua
455 4359 666 4426 fecerit,
696 4363 800 4419 nisi
834 4362 975 4419 forte
1004 4363 1204 4433 aliquid
1230 4365 1283 4419 in
1306 4379 1372 4420 eo
1390 4363 1621 4434 amplius
1652 4377 1695 4432 ι)
1725 4361 2011 4415 secundum
2038 4359 2384 4431 Evangetiunt
2408 4379 2600 4429 meum,
2627 4371 2678 4416 et
2701 4361 3128 4432 prcedicatiouem
3159 4359 3292 4416 Jcsu

66 4449 310 4513 senserit,
352 4457 408 4503 et
451 4455 724 4508 arcarium
765 4467 912 4522 eum,
958 4456 1010 4511 id
1061 4465 1148 4511 est
1188 4456 1619 4526 dispensatorem

66 4531 200 4592 illius
215 4539 455 4596 civitatis
476 4543 674 4599 dixerit
697 4545 852 4614 cujus
882 4547 1079 4602 artifex
1094 4557 1148 4602 et
1169 4548 1420 4603 conditor
1441 4546 1617 4612 Deus;

127 4632 166 4705 ξξ
195 4633 355 4705 Rom.
380 4653 490 4700 xvt,
512 4639 605 4696 2'2.
682 4643 725 4674 "
751 4640 924 4698 lCor.
958 4658 1012 4705 ι.
1044 4643 1106 4696 51
1133 4659 1148 4704 ;
1185 4642 1394 4697 Coloss.
1419 4658 1498 4704 lli,
1537 4642 1628 4698 17.

1705 4644 1748 4675 ¹²
1786 4642 1941 4696 Rom.
1978 4655 2089 4703 xvt,
2112 4639 2205 4694 9.5.

1723 4452 1947 4516 Christi,
1980 4454 2270 4506 secundum
2299 4453 2665 4509 reuelationem
2696 4454 3014 4509 sacramenti
3041 4455 3293 4522 temporis

1721 4547 1816 4599 bus
1852 4543 2167 4598 sazculorum
2202 4545 2260 4598 in
2299 4546 2507 4599 silentio
2549 4547 2735 4600 habiti.
2766 4545 2882 4600 Non
2915 4545 3044 4599 mihi
3075 4544 3286 4598 videtur

2281 4639 2326 4671 “
2354 4637 2374 4692 l
2405 4640 2530 4696 Cor.
2563 4657 2601 4706 ι,
2635 4639 2721 4696 ﬂ.
2801 4641 2843 4680 ³³
2869 4640 3023 4694 Rom.
3059 4653 3172 4705 xvr,
3195 4636 3289 4691 25.

66 4697 108 4730 “
132 4701 168 4756 ll
191 4703 332 4759 Tim.
365 4722 437 4773 tv,
465 4697 555 4764 ΞΟ.
633 4711 676 4744 ⁸⁷
706 4697 862 4768 Rom.
895 4697 1012 4780 xvr,
1038 4697 1228 4767 25-97.
1304 4713 1347 4744 “
1373 4697 1530 4767 Rom.
1564 4697 1678 4781 xiv,
1699 4713 1789 4769 23.
2075 4697 2086 4703 ’
2205 4751 2208 4754 ~

127 4797 235 4881 (56)
256 4799 454 4881 _G_aius.
488 4803 580 4881 Sic
615 4809 816 4881 ubique
853 4823 988 4881 mss.
1035 4807 1225 4874 nostri,
1270 4807 1533 4863 Rabanus
1560 4817 1618 4864 et

64 4867 225 4922 editio
256 4872 484 4928 Veneta.
508 4875 700 4931 Caneri
727 4867 889 4938 editi,
923 4877 1112 4934 Caius.

265 4942 445 5019 lfjditio
473 4943 1042 5019 Venet_a,aduersantes
1062 4946 1394 5006 Corinthum.
1421 4947 1615 5003 Ctetet'i

63 5007 556 5076 editi,'diversantes
611 5007 875 5072 Corinthi.
929 5019 1136 5073 Deinde
1180 5019 1342 5072 iidem
1391 5019 1522 5072 editi
1567 5027 1622 5073 et

65 5090 187 5157 mss.
209 5081 478 5157 plerique,
501 5086 730 5157 hospitio
763 5087 1037 5155 reciperet,
1059 5097 1111 5142 et
1136 5089 1292 5154 paulo
1321 5099 1442 5157 post
1461 5089 1623 5143 omit-

191 5153 413 5218 primus.
443 5155 549 5210 Sed
579 5171 683 5212 tns.
703 5153 902 5226 Regius
929 5174 1078 5212 num.
1112 5153 1246 5214 1659
1263 5153 1401 5214 ιη’ἱιι
1429 5169 1619 5214 nostro

171 5238 222 5270 ll.

85 5230 222 5276 extu.

127 5289 233 5365 (58)
263 5291 392 5348 Mss.
428 5304 484 5350 et
531 5295 659 5350 editi
696 5294 940 5364 plerique
990 5297 1195 5353 habent
1239 5297 1494 5365 Marcus;
1521 5298 1616 5352 sed

198 5363 404 5484 Regius
435 5381 586 5421 num.
625 5366 785 5433 1659,
813 5363 1072 5422 Rabanus
1115 5379 1170 5423 et
1208 5363 1616 5433 Genebrardus,

144 5449 202 5482 ar
228 5450 309 5487 us.

144 5449 309 5487 artus.

125 5501 234 5578 (59)
267 5505 360 5561 Sic
384 5521 489 5562 ms.
521 5505 727 5578 Regius
748 5523 896 5578 num.
927 5506 1068 5562 1659
1104 5517 1161 5562 et
1191 5505 1466 5578 Rabanus.
1498 5507 1618 5563 Cte-

66 5573 154 5625 teri
183 5573 315 5649 vero
339 5588 552 5649 mss.et
575 5573 706 5632 editi
730 5617 746 5644 ,
769 5577 1020 5649 Corintho
1052 5577 1171 5649 (aL,
1202 5577 1465 5649 Corinthi)
1497 5579 1618 5649 qui-

64 5655 150 5707 que
172 5645 434 5701 evidenter
453 5648 724 5718 designato
749 5648 973 5703 ciuitatis
1003 5648 1170 5704 adicio
1203 5645 1522 5705 ostenditur.

487 5785 760 5852 Panos.
798 5786 916 5851 Gn.
960 5785 1132 5849 XIV.

1792 4808 1906 4880 (60)
1969 4811 2228 4865 Civitatis.
2265 4808 2594 4880 Restituitur
2639 4821 2707 4861 ex
2743 4822 2879 4880 _t_ns._
2921 4806 3092 4880 Regio
3137 4829 3288 4868 num.

1723 4876 1896 4936 1659.⁷
1932 4881 2134 4935 Deimle
2183 4895 2318 4934 mss.
2350 4879 2568 4949 quidam
2602 4887 2656 4930 et
2695 4876 2822 4949 editi
2869 4876 3070 4930 habent
3110 4883 3288 4935 viden-

1721 4952 1849 5004 dum
1875 4967 1972 5019 pro
2006 4945 2392 5016 accipiendum,
2431 4949 2571 5018 quod
2605 4945 2899 5017 praeferunt
2939 4963 3041 5002 ms.
3087 4949 3288 5019 Regius

1725 5036 1876 5074 Itum.
1911 5019 2047 5074 1659
2077 5029 2132 5074 et
2156 5019 2432 5073 Raltauus.

1797 5091 1910 5163 (61)
1940 5090 2006 5144 In
2031 5091 2237 5163 siccata
2271 5088 2605 5163 swculorum.
2635 5086 2820 5141 Amen.
2847 5084 2973 5142 “th
3003 5089 3162 5163 verba
3186 5090 3284 5144 de-

1726 5160 1858 5216 sunt
1895 5162 1946 5214 in
1975 5162 2160 5224 editis,
2192 5168 2239 5213 et
2280 5160 2640 5212 restituuntur
2676 5173 2742 5211 ex
2780 5173 2909 5211 mss.
2943 5160 3245 5214 codicibus.

1939 5231 2040 5313 his.
2069 5231 2270 5313 Regius
2294 5243 2444 5282 num.
2474 5227 2632 5294 1659,
2656 5230 2746 5281 sed
2769 5235 2818 5281 et
2844 5228 2898 5281 in
2921 5245 2980 5283 eo
3005 5229 3141 5294 loco,
3168 5241 3278 5286 etc.

1724 5299 2318 5355 Editiomittunt’loco.
2391 5334 2404 5345 .

1795 5371 1906 5439 (65)
1933 5371 2092 5434 Editi,
2114 5371 2168 5422 in
2195 5368 2392 5439 ﬁne,id
2411 5376 2507 5434 est,
2537 5377 2596 5422 ut
2624 5384 2761 5423 nunc
2779 5378 2852 5421 est
2881 5371 3126 5437 positum,
3154 5385 3283 5422 con~

1721 5437 1902 5494 tinent.
1944 5441 2276 5511 Deindems.
2315 5437 2515 5511 Regius
2549 5455 2701 5494 num.
2748 5439 2904 5503 1659,
2945 5439 3014 5492 ad
3062 5439 3284 5511 capituli

1719 5511 1887 5579 ipsius
1905 5509 2344 5579 explanationem.

1786 5578 1900 5648 (64)
1927 5578 2092 5644 Editi,
2130 5581 2441 5636 innotescat.

1789 5649 1906 5722 (65)
1949 5650 2116 5718 Editi,
2140 5661 2196 5705 ut
2216 5649 2594 5724 praedicatione
2621 5649 2853 5724 quidem.
2886 5659 2994 5706 etc.

2877 5781 2942 5844 Μ
