3744 6146
461 200 594 253 ἱίοὶέὶί

1588 215 1592 225 “
1691 197 2013 258 ORIGENIS
2052 196 2475 257 FRAGMENTA

3554 200 3666 260 5W

398 382 400 384 ν
459 325 601 390 quod
625 321 692 375 ad
721 332 909 375 omnes
929 319 1321 391 pertineatista
1347 321 1629 392 utriusque
1657 321 1874 392 generis
1895 334 2028 376 cons
2057 324 2101 377 Δ
2133 328 2236 373 test
2277 328 2332 372 et
2378 318 2432 372 in
2487 317 2588 372 hoc
2642 315 3007 372 locodictum
3056 315 3229 373 videri
3291 319 3667 373 'sacrameutum

460 415 729 480 llrmatio;
760 415 854 467 sed
888 416 955 466 ad
983 426 1171 466 omnes
1204 414 1421 482 quidem
1460 415 1700 482 pertinet
1742 414 2030 468 credentes

402 551 404 553 μ
460 512 725 563 duntaxat
762 507 1114 575 Evangelium
1153 505 1325 569 Pauli,
1359 515 1415 560 et
1444 506 1753 576 praedicatio
1782 507 2024 562 Christi:

461 597 718 656 revelatio
750 614 878 654 vero
907 599 1231 654 sacramenti
1263 598 1594 669 temporibus
1623 600 1944 654 saeculorum
1973 601 2027 655 in

464 691 679 747 silentio
704 692 899 756 habiti,
931 706 1036 745 non
1062 691 1126 744 ad
1158 692 1368 761 plures,
1387 691 1490 759 sed
1513 692 1578 746 ad
1608 707 1808 762 paucos
1829 703 1881 746 et
1919 693 2030 747 ele-

462 796 579 839 ctos
606 785 696 854 qui
729 798 957 850 capaces
996 797 1119 837 esse
1148 783 1359 852 possint
1390 783 1670 851 sapientiae
1699 794 1754 838 et
1786 783 2030 838 scientiae

416 927 418 929 .
464 879 584 942 Dei,
612 877 679 932 de
705 875 902 942 quibus
941 876 1144 931 dicitur
1163 876 1205 907 ¹⁹
1237 895 1250 929 :
1282 874 1442 929 Multi
1468 875 1636 946 688
1659 878 1849 940 vocati,
1871 876 2030 944 pauci

408 1013 414 1017 .
459 985 582 1022 vero
605 966 778 1022 electi.
815 967 920 1043 Sed
946 975 1000 1019 et
1031 967 1097 1020 de
1127 981 1191 1020 eo
1221 966 1365 1036 quod
1399 965 1494 1030 ait,
1521 966 1839 1020 sacramenti
1872 967 1927 1019 in
1957 967 2031 1020 si-

411 1091 418 1096 -
462 1062 622 1118 lentio
647 1060 836 1124 habiti,
868 1060 1250 1128 requirendum
1301 1067 1383 1112 est
1408 1066 1586 1112 utrum
1617 1059 1688 1113 ita
1721 1058 1834 1130 (66)
1864 1059 1916 1114 id
1945 1061 2030 1114 di-

463 1162 552 1207 cat
581 1153 633 1207 in
665 1151 881 1206 silentio
915 1152 1157 1206 habitum
1185 1191 1198 1215 ,
1237 1159 1295 1203 ut
1315 1150 1536 1204 omnino
1577 1149 1757 1204 nullus
1789 1165 2027 1221 agnove-

465 1246 557 1310 rit,
591 1259 657 1299 ne
682 1244 780 1312 ipsi
813 1243 1027 1312 quidem
1066 1243 1156 1310 qui
1181 1240 1580 1294 annuntiabaut
1602 1241 1880 1311 prophetae
1912 1259 1926 1298 :
1957 1258 2026 1298 an

463 1336 626 1389 altior
670 1334 850 1404 aliqua
887 1332 1085 1387 silentii
1140 1329 1486 1400 intelligenda
1529 1343 1617 1386 est
1676 1333 1837 1387 ratio.
1893 1333 2025 1388 Mihi

465 1429 680 1496 quidem
718 1427 878 1482 valde
917 1427 1206 1479 absurdum
1265 1425 1481 1480 videtur
1510 1433 1571 1478 ut
1619 1426 1864 1482 dicamus
1904 1441 2031 1495 pro-

463 1522 656 1590 phetas
694 1521 766 1572 ita
793 1518 1079 1588 scripsisse
1103 1518 1168 1570 de
1196 1518 1555 1572 sacramentis
1586 1517 1785 1575 divinis
1807 1518 1941 1590 (67),
1973 1527 2032 1575 ut

463 1627 571 1666 non
605 1611 971 1666 intellexerint
1001 1625 1066 1663 ea
1102 1609 1218 1678 ipsa
1257 1624 1375 1679 quas
1403 1610 1674 1678 dicebant,
1711 1627 1833 1665 cum
1876 1611 2029 1666 Scri-

2134 409 2462 477 tnmporibus
2494 408 2811 462 saeculorum
2874 408 2931 462 in
2985 406 3206 462 silentio
3252 407 3516 474 habitum,
3551 414 3671 478 quod

2133 502 2358 556 scierint
2389 500 2604 568 quidem
2630 501 2909 569 propheta:
2933 497 3021 566 (ex
3057 497 3360 568 Scripturis
3381 502 3524 556 enim
3563 517 3671 568 pro-

2132 592 2362 661 pheticis
2403 585 2978 659 n1anil'estatur[7l]),
3027 590 3120 643 sed
3172 589 3503 655 hominibus,
3529 593 3576 645 id
3601 604 3674 646 est

2131 684 2289 753 vulgo
2333 700 2438 737 non
2493 682 2963 736 manifestaverint
2997 669 3114 736 nec
3162 680 3540 749 patefecerint,
3592 686 3671 738 sed

2133 772 2348 827 silentio
2379 772 2612 826 texerint
2637 773 2934 826 secundum
2971 779 3302 840 praeceptum
3339 773 3527 825 aeterni
3575 772 3676 838 Dei,

2135 880 2414 934 usquequo
2445 873 2654 931 tempus
2675 863 2893 917 adesset
2915 872 2974 916 ut
3001 862 3235 916 Verbum
3267 878 3400 916 caro
3431 861 3597 926 ﬁeret,
3631 874 3678 918 et

2132 957 2402 1013 habitaret
2456 955 2509 1010 in
2559 956 2794 1018 nobis“,
2833 964 2888 1010 et
2937 955 3386 1009 manifestaretur
3434 955 3672 1008 omnibus

2131 1047 2382 1117 gentibus
2413 1046 2478 1098 ad
2517 1046 2884 1099 obedientiam
2933 1046 3079 1103 ﬁdei.
3129 1045 3282 1112 Quod
3307 1061 3440 1100 vero
3471 1046 3564 1109 ait,
3589 1046 3677 1098 solt

2130 1139 2354 1208 sapienti
2390 1137 2520 1199 Deo,
2572 1138 2870 1205 sapientem
2926 1137 3096 1192 Deum
3151 1154 3254 1190 non
3316 1139 3392 1190 ita
3443 1137 3678 1205 accipias,

2131 1231 2284 1299 quasi
2331 1245 2489 1298 quem
2541 1229 2808 1298 sapientia
2864 1228 3056 1283 fecerit
3103 1229 3434 1298 sapientem,
3462 1238 3519 1281 ut
3551 1228 3678 1283 inter

2131 1322 2380 1378 homines
2405 1323 2655 1376 habetur.
2687 1319 2916 1389 Sapiens
2933 1321 3076 1375 enim
3109 1320 3252 1374 inter
3279 1321 3530 1374 homines
3557 1320 3675 1374 dici-

2133 1425 2220 1468 tur
2247 1412 2616 1479 unusquisque
2643 1425 2712 1464 ex
2743 1409 3158 1479 participatione
3209 1409 3525 1477 sapientiae;
3558 1407 3677 1461 Deus

2133 1521 2264 1559 vero
2299 1519 2403 1558 non
2431 1503 2586 1572 quasi
2621 1503 2712 1571 qui
2759 1515 2828 1554 ex
2853 1485 3116 1570 sapientia
3147 1501 3367 1568 sapiens
3399 1499 3572 1554 factus
3599 1500 3674 1562 sit,

2133 1600 2228 1654 sed
2267 1598 2420 1666 quasi
2453 1597 2543 1664 qui
2572 1595 2688 1663 ipse
2721 1603 2913 1647 auctor
2945 1597 3017 1648 sit
3047 1602 3104 1647 et
3141 1593 3359 1662 genitor
3381 1592 3672 1660 sapientiae,

461 1713 618 1773 plura
658 1703 803 1758 dicat
826 1719 838 1753 :
867 1702 1088 1768 Sapiens
1112 1675 1350 1772 intelligit
1378 1720 1497 1770 quae
1516 1705 1580 1758 de
1599 1675 1687 1759 ore
1711 1705 1824 1774 ejus
1842 1720 2015 1774 proce-

2133 1691 2362 1761 Supiens
2414 1688 2735 1759 appellatur.
2780 1685 2895 1742 Non
2944 1688 3108 1752 enim,
3137 1697 3195 1740 ut
3233 1686 3496 1746 diximus,
3522 1698 3581 1736 ex
3609 1699 3677 1737 sa-

461 1799 614 1862 dunt,
653 1807 702 1852 et
759 1798 816 1850 in
872 1797 1025 1850 labiis
1075 1807 1250 1863 portat
1293 1799 1614 1853 intellectum
1637 1798 1705 1852 '°.
1765 1797 1823 1851 Si
1888 1812 2021 1867 ergo

462 1889 740 1957 prophetae
763 1902 868 1942 non
898 1887 1277 1942 intellexerunt
1301 1905 1422 1958 quas
1444 1890 1511 1944 de
1532 1904 1629 1944 ore
1654 1889 1877 1959 proprio
1902 1902 2026 1956 pro-

464 1979 730 2046 ferebant,
773 1995 879 2032 non
920 1987 1077 2033 erant
1127 1980 1421 2047 sapientes.
1468 1981 1666 2034 Verum
1711 1979 1755 2034 si
1803 1979 2023 2034 stultum

462 2083 549 2127 est
604 2073 895 2142 prophetas
943 2071 1211 2137 conditori,
1244 2081 1298 2126 et
1357 2087 1557 2142 negare
1603 2087 1699 2126 eos
1756 2073 2026 2140 sapientes

463 2164 652 2230 fuisSe,
673 2172 837 2219 restat
853 2172 911 2218 ut
930 2163 1199 2230 sapientes
1222 2162 1439 2229 fuerint,
1462 2163 1891 2232 etlintellexerint
1912 2161 2024 2233 (68)

461 2271 584 2323 quae
624 2270 688 2310 ex
729 2269 826 2310 ore
875 2255 1097 2323 proprio
1139 2252 1509 2324 proferebant,
1537 2264 1592 2308 et
1621 2254 1912 2308 habuerint
1951 2255 2027 2306 in-

465 2349 738 2403 tellectum
775 2349 826 2404 in
871 2348 1030 2403 labiis
1082 2349 1215 2403 suis.
1259 2347 1391 2415 Quze
1430 2361 1562 2416 ergo
1611 2346 1811 2400 silentii
1845 2346 2021 2400 ratio?

464 2440 756 2497 Videamus
793 2454 862 2495 ne
891 2441 978 2494 illa
1014 2441 1086 2496 sit
1125 2455 1284 2510 quam
1315 2449 1371 2494 et
1398 2441 1511 2508 ipse
1540 2438 1739 2493 Paulus
1766 2437 1871 2492 sibi
1910 2448 2021 2492 tra-

462 2533 630 2586 ditam
674 2547 772 2602 pro
809 2538 1273 2586 sacramentorum
1319 2531 1720 2599 dispensatione
1754 2528 1867 2601 (69)
1912 2543 2029 2596 per-

462 2625 671 2689 docuit,
717 2624 809 2678 ubi
846 2623 979 2678 dicit
1013 2623 1302 2677 abductum
1332 2637 1391 2677 se
1419 2637 1539 2675 esse
1579 2622 1632 2675 in
1668 2622 1885 2676 tertium
1911 2635 2026 2676 cas-

465 2717 599 2780 lum,
642 2725 697 2770 et
726 2715 851 2770 inde
889 2715 944 2768 in
982 2716 1315 2785 paradisum,
1343 2715 1634 2767 etandisse
1671 2729 1774 2766 non
1806 2714 2022 2767 edicen-

463 2811 530 2862 da
575 2807 760 2872 verba,
795 2821 917 2876 qua:
966 2821 1072 2860 non
1118 2805 1245 2860 licet
1293 2807 1496 2860 homini
1546 2806 1772 2875 loqui“.
1824 2805 1878 2859 In
1921 2818 2028 2873 quo

465 2901 652 2969 utique
679 2899 917 2954 ostendit
949 2914 1054 2952 non
1101 2899 1243 2968 quod
1291 2898 1404 2966 ipse
1436 2897 1649 2967 ignoret
1675 2897 1817 2966 quod
1873 2896 2025 2949 audi-

2129 1785 2334 1856 pientia
2366 1782 2582 1851 sapiens
2603 1779 2767 1844 Deus,
2799 1777 2891 1832 sed
2931 1793 2998 1832 ex
3027 1778 3270 1847 sapiente
3297 1776 3407 1830 Deo
3433 1775 3674 1844 sapientia

2129 1877 2390 1947 procedit.
2443 1872 2640 1927 Merito
2674 1885 2804 1940 ergo
2847 1869 3080 1923 dicitur:
3121 1868 3235 1923 Soli
3297 1867 3409 1939 (72)
3475 1867 3678 1934 sapienti

2129 1969 2258 2022 Deo.
2291 1966 2452 2020 Solus
2484 1975 2566 2017 est
2606 1964 2751 2018 enim
2802 1964 2875 2017 ita
2921 1959 3136 2029 sapiens
3187 1960 3354 2023 Deus,
3387 1969 3449 2013 ut
3486 1960 3678 2028 sapien-

2130 2063 2256 2114 tiant
2287 2059 2401 2127 ipse
2432 2056 2600 2124 magis
2631 2052 2879 2123 genuerit
2902 2051 2967 2115 ³³,
3007 2064 3169 2120 quam
3210 2063 3275 2102 ex
3309 2048 3575 2115 sapientia
3605 2059 3675 2100 ss-

2127 2153 2282 2223 piens
2335 2149 2509 2203 factus
2563 2148 2673 2202 sit.
2717 2146 2784 2200 Et
2823 2152 2969 2199 recte
3019 2142 3066 2195 ei
3113 2140 3333 2194 claritas
3381 2155 3480 2207 per
3513 2135 3672 2190 Iesum

2129 2244 2397 2298 Christum
2426 2240 2681 2303 refertur,
2706 2239 2832 2306 quia
2883 2235 2957 2288 ita
2998 2234 3295 2300 sapientem
3347 2245 3476 2283 esse
3526 2230 3674 2283 solum

2131 2338 2320 2402 Deum,
2347 2346 2404 2388 ut
2437 2335 2549 2402 ipse
2575 2332 2898 2402 sapientiam
2929 2325 3178 2396 genuerit
3198 2323 3244 2354 "
3269 2323 3404 2393 (75),
3444 2321 3672 2376 Christus

2126 2429 2303 2495 Jesus,
2337 2427 2427 2496 Qui
2464 2435 2546 2482 est
2579 2425 2671 2481 Dei
2703 2425 2874 2476 virtus
2915 2429 2970 2473 et
3007 2417 3096 2472 Dei
3133 2417 3400 2485 sapientia
3422 2415 3497 2480 “,
3522 2414 3678 2467 decla.

2129 2523 2289 2576 ravit.
2321 2520 2390 2575 In
2419 2519 2614 2574 strcula
2658 2531 2792 2572 vero
2845 2515 3162 2575 swculorum
3200 2509 3346 2579 quod
3386 2507 3490 2573 ait,
3532 2506 3675 2560 moris

2127 2625 2213 2670 est
2244 2615 2542 2683 Scriptura:
2591 2611 2788 2665 divinae
2819 2605 3239 2662 immensitatem
3275 2616 3377 2671 per
3420 2601 3532 2654 hoc
3565 2609 3675 2653 tem-

2125 2721 2319 2778 porum
2350 2704 2657 2774 designare.
2686 2702 2849 2755 Amen
2904 2710 3083 2753 autem
3108 2695 3262 2764 quasi
3297 2692 3364 2747 ad
3402 2689 3675 2746 conﬁrma-

2129 2803 2331 2856 tionem
2365 2797 2605 2854 omnium
2638 2810 2757 2863 qua:
2783 2793 3034 2864 superius
3065 2790 3264 2858 scripta
3315 2793 3472 2852 sunt,
3512 2783 3564 2836 in
3589 2780 3675 2835 line

2128 2894 2331 2965 posuit,
2383 2907 2480 2961 per
2531 2889 2674 2958 quod
2723 2886 3013 2942 vernaculo
3043 2884 3395 2956 Hebraeorum
3447 2888 3675 2932 sermone

464 2995 596 3060 erit,
631 2993 722 3048 sed
750 2995 894 3062 quod
925 2990 1190 3061 proferre,
1219 3003 1273 3045 et
1302 2991 1422 3044 aliis
1453 2989 1762 3044 hominibus
1790 2989 2025 3057 pandere
2056 2985 2100 3041 C
2135 3001 2256 3040 vera
2280 2996 2335 3039 et
2375 2982 2554 3038 lidelia
2579 2995 2697 3036 esse
2732 2996 2855 3051 qua:
2880 2986 3004 3035 sunt
3025 2977 3226 3044 scripta
3256 2973 3526 3043 signaret.

463 3100 584 3154 qua-
609 3085 711 3141 sibi
738 3094 863 3142 sunt
899 3085 1134 3140 indicata
1163 3100 1265 3138 non
1307 3084 1468 3138 liceat
1496 3082 1630 3153 (70).
1658 3079 1733 3135 Ita
1761 3096 1892 3152 ergo
1927 3096 2026 3151 po-

471 3216 3657 3270 W

1449 3404 1873 3494 RUFINI
1951 3398 2699 3491 PRESBYTERI

1810 3595 1899 3650 AD
1935 3590 2334 3647 HERACLIUM

744 3761 1064 3828 Peroratio
1087 3761 1154 3822 in
1185 3755 1720 3839 Explanntionem
1754 3750 2054 3830 Origenis
2093 3765 2288 3826 super
2323 3741 2675 3823 Epistolam
2709 3739 2891 3804 Pauli
2925 3739 3003 3800 ad
3036 3737 3384 3799 Romanos.

531 4093 800 4148 Hactenus
845 4091 990 4144 nobis
1020 4094 1074 4144 in
1113 4085 1408 4158 Epistulam
1429 4080 1540 4156 (74)
1564 4081 1956 4144 ad.Romanos,
1990 4089 2145 4147 prout
2178 4077 2468 4149 potuimus,
2512 4069 2856 4140 dictantibus,
2890 4065 3122 4158 plurimo
3162 4069 3211 4114 et
3239 4058 3425 4158 latiore
3463 4065 3513 4110 et

459 4202 584 4256 pore
611 4183 926 4239 desudatum
959 4182 1054 4236 sit.
1101 4149 1297 4234 Fateor
1315 4149 1562 4245 namque,
1589 4173 1811 4229 Heracli
1841 4175 2003 4242 frater
2034 4170 2414 4234 amantissime,
2437 4167 2573 4236 quod
2597 4165 2718 4216 dum
2743 4163 2846 4214 tuis
2877 4153 3148 4211 desideriis
3173 4149 3484 4256 satisfacere
3504 4151 3662 4252 cupis.

459 4245 652 4331 oblitus
682 4291 797 4329 sum
835 4288 960 4341 pene
993 4270 1233 4324 mandati
1278 4286 1379 4339 quo
1416 4267 1762 4336 praecipitur:
1797 4287 1812 4311 ι
1841 4265 1988 4319 Onus
2032 4280 2194 4332 supra
2223 4264 2356 4316 uires
2389 4269 2508 4313 tuas
2537 4275 2598 4312 ne
2634 4253 2882 4312 leuaueris
2907 4251 2987 4311 ";
3020 4267 3039 4300 ι
3066 4247 3297 4318 quamvis
3331 4245 3481 4297 nobis
3505 4260 3591 4296 nec
3619 4245 3663 4293 in

459 4371 662 4425 cwteris
691 4383 808 4437 qua:
835 4337 890 4421 te
923 4368 1211 4429 insistente,
1239 4337 1343 4418 imo
1373 4363 1548 4430 potius
1580 4376 1799 4430 pensum
1833 4360 2012 4411 diurni
2040 4358 2211 4424 operis
2237 4355 2491 4422 exigente,
2516 4352 2570 4404 in
2610 4347 2858 4402 Latinum
2882 4344 3144 4399 vertimus,
3169 4338 3395 4403 defuerit
3420 4337 3664 4403 plurimus

456 4462 631 4525 iabor,
660 4430 783 4512 dum
815 4456 1051 4522 supplere
1081 4455 1318 4522 cupimus
1347 4469 1409 4507 ea
1439 4467 1554 4520 quae
1583 4451 1646 4503 ab
1677 4450 1902 4516 Origene
1935 4450 1988 4501 in
2025 4447 2290 4499 auditorio
2335 4443 2580 4497 Ecclesitr
2626 4456 2691 4493 ex
2717 4450 2958 4503 tempore.
2992 4451 3092 4485 nan
3132 4443 3238 4525 tam
3268 4430 3662 4525 expliunt-iouia

533 4555 576 4586 ‘9
605 4515 796 4604 blattis.
831 4515 965 4607 xxiii,
1001 4545 1084 4598 Μ.
1151 4515 1205 4575 ’³ο
1239 4543 1396 4594 Prov.
1429 4515 1538 4597 X-Vl.
1561 4539 1653 4599 25,
1727 4515 1839 4595 “in
1867 4540 1994 4594 Cor.

2147 4535 2267 4588 2-4.
2339 4535 2384 4564 ²¹
2411 4531 2566 4586 Joan.
2596 4527 2751 4593 1,14.
2828 4525 2873 4555 ³³
2909 4521 3073 4577 Eccli.
3109 4535 3150 4581 ι,
3179 4517 3229 4570 1.
3316 4517 3364 4547 ’⁵
3393 4515 3554 4570 Eccli.
3588 4531 3659 4574 sv,

455 4623 549 4684 1-0.
624 4622 669 4653 ³⁵
697 4619 714 4672 l
739 4619 862 4674 Cor.
892 4634 931 4680 t,
954 4617 1044 4670 24.
1119 4615 1165 4647 ’°
1192 4613 1356 4668 Eccli.
1391 4610 1581 4674 xnt,2.

530 4709 643 4777 (66)
672 4709 778 4762 lta.
810 4707 1249 4777 Prmtertuittitur
1277 4701 1536 4777 ineditis.

530 4773 642 4846 (67)
679 4773 1521 4848 Ειιίιὶ,άᾳιεειαηιεηιὶξῇιίὶρὶηὶε.
1619 4847 1625 4848 γ
1724 4845 1732 4848 _
1850 4835 1864 4848 ι

536 4841 646 4921 (68)
679 4851 775 4921 itis.
811 4846 1011 4921 Regius
1039 4862 1209 4921 .tlllllls
1254 4841 1414 4921 i659,
1463 4847 1627 4921 restat
1675 4845 1734 4891 ut
1774 4841 2018 4921 quintad-

497 4903 651 4975 ie‘nles
679 4903 1513 4988 fueruutvintellexerinl,Deinde
1538 4912 1678 4988 idem
1707 4903 1808 4961 ms'.
1836 4914 1890 4959 et
1914 4903 2021 4988 {{3-

477 4942 651 4975 nentes
679 4942 888 4988 lucrum
924 4942 1288 4968 ιιηειιεςιεηιυ.
1317 4942 1513 4966 ucmuc
1539 4942 1678 4963 lucul
1708 4942 1808 4961 ιιιο.
1837 4942 1890 4959 υ.
1915 4942 1990 4984 τε..
2119 4942 2152 4954 ι.

454 4942 659 5051 itanus,
693 4987 823 5059 Qua:
854 5001 978 5054 ergo
1002 4986 1072 5039 sit
1112 4985 1303 5038 silentii
1332 4984 1470 5035 ratio
1501 4982 1794 5042 videamus,
1821 4991 1885 5029 nc
1922 4974 2020 5027 illa
2119 4989 2152 5041 p

458 5065 548 5124 sit,
575 5069 680 5113 etc.

533 5114 642 5202 (69)
667 5127 741 5180 lta
770 5140 899 5178 mss.
917 5123 1098 5202 nostri.
1115 5137 1303 5177 omnes
1319 5132 1372 5175 et
1398 5121 1674 5175 Rabanus.
1697 5114 1840 5172 Editi
1865 5127 2018 5182 vero,

458 5194 1022 5272 persacramentorunt
1046 5194 1502 5272 dispensationem.

533 5267 646 5338 (70)
677 5266 836 5338 Editi,
868 5281 968 5338 non
1008 5253 1143 5338 quod
1174 5264 1376 5338 ignoret
1413 5265 1520 5338 ipse
1550 5258 1689 5329 quod
1712 5259 1868 5338 (mss.
1895 5253 2019 5338 qui-

461 5325 605 5399 dam.
631 5325 778 5407 quid)
819 5325 1066 5398 audierit,
1095 5325 1354 5402 sed'quod
1387 5325 1622 5401 proferre
1664 5325 1768 5381 non
1802 5325 2017 5389 licebat,

459 5423 506 5462 et
542 5409 682 5470 aliis,
719 5419 825 5460 etc.

462 5471 463 5474 “
538 5478 646 5547 (71)
671 5463 766 5530 ’8ἱο
795 5474 1046 5547 [tabanus
1074 5484 1127 5528 et
1152 5471 1246 5526 Ms.
1273 5469 1472 5547 Regius
1507 5483 1655 5547 nutu:
1690 5463 2010 5547 ςῇὖθλιψιὶ-

460 5534 563 5603 bus
584 5534 718 5601 satis
748 5545 1056 5600 consentire
1075 5547 1285 5596 videtur
1305 5534 1472 5595 co'dex
1494 5556 1592 5592 ms.
1617 5537 1783 5590 Vallis
1817 5534 2009 5588 Clara».

461 5618 650 5674 Cameri
680 5631 802 5679 vero
839 5630 993 5682 mss.,
1015 5615 1151 5686 quod
1185 5621 1241 5666 ut
1280 5612 1468 5666 scirent
1510 5609 1716 5681 quidem
1755 5606 2011 5686 proph't't‘

2047 4700 2094 4756 D
2121 4706 2185 4746 ea:
2215 4686 2541 4756 ScripturisA
2555 4683 2761 4756 quidem
2790 4677 3101 4756 propheticis
3130 4677 3518 4756 manifestatur,
3545 4683 3658 4731 εις..

2121 4770 2184 4815 ut
2214 4761 2267 4814 in
2303 4746 2473 4813 textu.
2505 4746 2644 4808 Editi
2679 4746 2834 4812 vero,
2865 4746 3003 4818 quod
3034 4760 3088 4801 ut
3117 4749 3318 4818 scirent
3335 4746 3537 4817 quidem
3561 4761 3654 4808 per-

2120 4830 2266 4900 fecti,
2300 4844 2364 4882 επ
2407 4824 2697 4900 Scripturis
2767 4817 3085 4900 propheticis
3147 4817 3659 4900 ntapifestaturned

2119 4887 2436 4960 'hominibus,
2472 4887 2537 4950 id
2573 4904 2647 4948 est
2706 4889 2858 4957 vulgo
2893 4904 2997 4940 non
3047 4887 3536 4954 manisfestauerunt
3582 4898 3658 4935 nec

2157 4969 2494 5037 atefeceruut,
2522 4965 2612 5037 sed
2637 4963 3126 5037 silerttio_te§£ruiit,
3147 4967 3252 5037 etc.
3312 5033 3324 5037 _
3488 5022 3518 5037 ν

2192 5022 2304 5108 (Ἡ)
2337 5038 2434 5091 Ms.
2456 5022 2655 5104 Regius
2671 5027 2998 5108 num:_i_65$_)_.
3022 5026 3212 5108 Merito
3231 5033 3406 5108 autem
3423 5022 3539 5108 soli,
3561 5031 3654 5108 etc.

2118 5092 2315 5163 ‘Czeteri
2352 5121 2477 5159 vero
2518 5092 2646 5157 mss.
2675 5112 2726 5155 et
2756 5101 2907 5165 editi,
2942 5097 3131 5152 Merito
3155 5112 3275 5166 ergo
3295 5093 3541 5163 'soli,etc.
3561 5092 3654 5145 Ra-

2123 5181 2314 5236 batms,
2352 5175 2541 5228 Merito
2569 5173 2690 5234 soli,
2720 5180 2830 5224 etc.

2197 5232 2307 5318 (75)
2339 5246 2518 5318 Editi,_
2535 5245 2625 5313 qui
2674 5232 2749 5318 ita
2793 5240 3078 5318 sapientem
3127 5234 3474 5318 esse_solunt'
3504 5232 3654 5318 Deut!

2129 5302 2374 5376 osiendit,
2407 5325 2466 5368 ut
2491 5302 2608 5384 ipse
2638 5302 2948 5384 sapientiam
2980 5304 3393 5384 genueritlesus
3416 5302 3652 5360 Christus,

2127 5390 2215 5456 qui
2245 5395 2320 5440 est
2347 5386 2440 5438 Dei
2483 5376 2646 5456 virtus
2672 5376 2718 5434 et
2761 5380 2858 5433 Dei
2878 5379 3156 5446 sapientia.
3189 5376 3295 5431 Sed
3323 5388 3504 5430 omnes
3534 5386 3650 5426 mss.

2113 5453 2166 5513 et
2194 5457 2445 5510 [tabanus
2477 5462 2535 5508 ut
2563 5453 2617 5506 in
2649 5460 2832 5505 nostro
2870 5458 3041 5502 textu.

2187 5525 2298 5598 (74)
2333 5524 2537 5580 Omnes
2565 5537 2692 5578 mss.
2719 5520 2911 5584 nostri,
2942 5519 2998 5572 in
3029 5514 3287 5586 Epistola.

2689 5774 2770 5801 “ﬂ

2621 5823 2624 5828 ι
2659 5821 2664 5828 ι

2427 5849 2564 5862 ουκ-’.⁵
2605 5841 2658 5858 οι.
