3744 6146
68 202 190 260 1233
761 219 764 222 '
1183 201 1252 256 ιΝ
1289 197 1594 256 ΕΡΙεΤΟῙΑ

1770 197 1808 250 D
1840 195 2182 250 GALATAS.
3171 193 3312 250 1294

61 333 209 390 quam
252 313 630 386 ludiﬁcationis
663 313 957 370 intentione
991 325 1244 384 perorata
1301 326 1428 370 sunt
1464 330 1483 368 :
1512 313 1648 367 sicut
1675 313 1745 388 in
1775 311 2009 365 homiliis
2045 311 2151 364 sive
2194 310 2250 363 in
2285 309 2634 364 oratiunculis
2665 307 2777 380 (75)
2815 308 2869 363 in
2901 307 3140 364 Genesim
3172 318 3220 363 et
3252 314 3309 363 in

63 411 298 469 Exodum
318 411 566 480 fecimus,
593 418 640 463 et
667 409 934 478 prazcipue
956 407 1012 462 in
1033 410 1114 463 his
1139 424 1256 480 quce
1277 409 1334 463 in
1364 408 1560 462 librum
1590 405 1812 461 Levitici
1840 407 1907 460 ab
1943 404 2036 459 illo
2059 404 2268 474 quidem
2293 402 2404 476 (76)
2437 403 2720 470 perorandi
2747 403 2882 474 stylo
2904 404 3070 469 dicta,
3098 421 3130 458 a
3158 406 3308 460 nobis
3373 444 3379 499 ζ

63 521 169 560 νει-ο
192 504 519 572 explanandi
550 505 722 572 specie
749 502 1007 557 translata
1035 514 1177 557 sunt.
1205 503 1373 568 Quem
1405 501 1638 555 laborem
1662 499 1991 567 adimplendi
2011 515 2133 568 qua:
2155 499 2370 552 deerant
2401 499 2602 552 idcirco
2629 500 2972 570 suscepimus,
2997 517 3060 554 ne
3081 500 3308 569 pulsatae
3368 560 3378 579 τ

62 599 368 668 qutestiones
393 607 440 653 et
475 599 697 664 relictte,
727 600 870 671 quod
899 601 954 652 in
977 597 1307 652 homiliatico
1335 595 1547 649 dicendi
1574 609 1760 662 genere
1790 593 1853 645 ab
1881 591 1973 645 illo
2005 590 2174 662 689
2207 607 2344 656 sa:pe
2372 591 2487 656 fieri
2513 591 2672 660 solet,
2702 591 2894 646 Latino
2925 593 3109 648 lectori
3141 595 3304 663 fasti-

62 695 198 748 diunt
226 703 560 762 generarent.
596 693 736 747 Nam
772 694 864 747 illa
894 711 1009 763 qua:
1035 697 1088 746 in
1120 692 1303 747 Jesum
1341 688 1514 752 Nave,
1545 699 1592 741 et
1620 689 1678 740 in
1715 686 1975 740 Iudicum
1997 685 2189 738 librum
2226 685 2360 754 (77),
2398 694 2450 739 et
2486 688 2541 738 in
2573 687 2891 740 tricesimum
2924 699 3151 748 sextum,
3177 695 3224 739 et
3247 689 3301 740 in

61 785 369 837 tricesimum
407 786 708 852 septimum,
741 796 788 838 et
815 785 1137 839 tricesimum
1175 793 1418 838 octauum
1466 781 1729 850 psalmum
1767 779 2097 844 scripsimus,
2137 779 2452 844 simpliciter
2503 789 2558 830 ut
2623 779 2917 832 invenimus
2947 776 3081 848 (78),
3116 787 3165 832 et
3196 795 3303 832 non

60 876 209 925 multo
237 891 358 926 cum
404 874 582 928 labore
618 877 1008 931 transtulimus.
1040 875 1294 940 Quamuis
1320 890 1442 943 ergo
1469 881 1518 926 et
1555 873 1610 925 in
1647 869 1854 923 ctrteris
1887 885 2005 938 qua:
2036 887 2198 937 supra
2233 870 2466 922 diximus
2495 870 2798 923 laboratum
2823 873 2970 924 nobis
2997 873 3061 924 sit
3091 873 3148 924 in
3179 888 3305 939 sup-

57 965 248 1033 plendis
280 965 366 1017 his
408 980 526 1033 qua:
576 966 844 1032 omiserat,
876 967 932 1019 in
976 966 1072 1018 hoc
1114 975 1284 1018 tamen
1318 979 1472 1030 apere
1529 958 1783 1021 Epistolas
1818 960 1889 1012 ad
1922 958 2191 1014 Romanos
2241 976 2337 1023 pro
2364 962 2448 1014 his
2483 963 2660 1014 causis
2703 978 2835 1030 quas
2867 964 2921 1015 in
2971 961 3300 1032 Pra'fatione

59 1059 556 1125 comprehendimus,
586 1061 870 1114 immensus
899 1061 1045 1112 nobis
1078 1069 1128 1113 et
1165 1055 1552 1112 inextricabilis
1587 1054 1701 1124 (79)
1737 1055 1972 1108 incubuit
2013 1052 2187 1107 labor.
2225 1052 2328 1108 Sed
2361 1053 2638 1108 delectavit
2676 1055 2961 1124 indulsisse
3001 1055 3308 1124 laboribus;

55 1155 93 1206 si
123 1154 270 1204 modo
306 1170 435 1220 non,
467 1163 522 1208 ut
554 1155 608 1207 in
636 1155 756 1208 aliis
785 1157 985 1223 experti
1017 1170 1226 1217 sumus,
1264 1151 1538 1205 malevola:
1574 1161 1772 1204 mentes
1805 1149 1998 1220 uigiliis
2030 1149 2222 1204 nostris
2250 1150 2596 1205 contumelias
2628 1152 2873 1217 reddant,
2906 1151 2952 1204 si
2979 1168 3083 1205 non
3116 1153 3300 1206 studia

56 1248 531 1311 obtrectationibus,
564 1255 616 1302 et
655 1248 861 1303 labores
902 1257 1302 1301 remunerentur
1341 1245 1575 1299 insidiis.
1607 1241 1818 1296 Novum
1854 1244 2049 1312 quippe
2085 1247 2226 1312 apud
2274 1259 2362 1297 eos
2411 1243 2581 1313 culpae
2624 1261 2787 1313 genus
2823 1245 3084 1300 subimus.
3134 1247 3299 1298 Aiunt

53 1337 174 1388 enim
226 1337 402 1391 mihi:
432 1337 497 1392 In
546 1339 628 1393 his
669 1357 788 1409 qua:
828 1340 1036 1404 scribis,
1082 1342 1332 1409 quoniam
1381 1339 1614 1407 plurima
1656 1337 1712 1390 in
1751 1337 1825 1390 eis
1855 1339 1933 1388 tui
1978 1337 2150 1405 operis
2202 1337 2486 1400 habentur,
2517 1339 2586 1390 da
2613 1338 2828 1392 titulum
2857 1339 3084 1392 nominis
3118 1339 3219 1404 tui,
3247 1352 3298 1391 et

53 1428 206 1480 scribe
238 1427 461 1496 :Ruﬁni
496 1430 633 1501 (80),
665 1433 806 1486 uerbi
837 1433 1034 1500 gratia,
1081 1433 1134 1486 in
1172 1431 1466 1500 Epistolam
1513 1430 1582 1482 ad
1618 1425 1887 1483 Romanos
1928 1428 2380 1497 Explanationum
2420 1431 2563 1496 libri,
2595 1430 2731 1483 sicut
2761 1441 2810 1483 et
2855 1431 2999 1500 apud
3030 1442 3297 1497 auctores,

52 1521 305 1588 inquiunt,
345 1525 628 1578 suculures
664 1541 766 1578 non
789 1525 936 1580 illius
960 1525 1050 1596 qui
1071 1541 1136 1579 ea:
1168 1523 1356 1579 Graco
1385 1525 1678 1578 translatus
1707 1533 1806 1591 est,
1835 1525 1927 1576 sed
1955 1524 2100 1576 illius
2134 1525 2224 1592 qui
2266 1524 2537 1578 transtulit
2561 1540 2748 1577 nomen
2779 1525 2967 1578 titulus
2998 1535 3154 1580 tenet.
3181 1525 3298 1580 Iloc

51 1627 210 1668 autem
237 1627 405 1670 totum
437 1619 564 1672 mihi
600 1620 800 1673 donant
831 1636 936 1672 non
966 1635 1148 1672 amore
1196 1619 1322 1683 ntei,
1355 1619 1447 1672 sed
1503 1618 1623 1671 odio
1677 1618 1911 1671 auctoris
1937 1616 2070 1688 (8|).
2118 1615 2307 1671 Verum
2337 1634 2433 1687 ego
2481 1619 2573 1686 qui
2603 1617 2723 1687 plus
2773 1619 3112 1672 conscientia:
3144 1635 3294 1684 metr,

50 1724 191 1776 quant
239 1711 444 1763 nomini
489 1711 670 1779 defero
711 1712 870 1765 etiam
907 1711 954 1764 si
991 1711 1186 1765 addere
1232 1711 1412 1782 aliqua
1443 1711 1624 1765 videor
1656 1718 1704 1763 et
1745 1707 1956 1774 explere
1989 1725 2110 1779 qua:
2157 1709 2368 1776 desunt,
2407 1717 2500 1762 aut
2533 1709 2768 1763 breuiare
2800 1727 2918 1780 qua:
2959 1710 3117 1780 longa
3146 1720 3294 1775 sunt,

50 1798 206 1864 furari
233 1809 412 1853 tamen
445 1801 660 1855 titulum
696 1803 813 1872 ejus
848 1801 938 1872 qui
979 1801 1334 1871 fundamenta
1377 1803 1548 1871 operis
1576 1802 1733 1870 jecit,
1771 1812 1818 1856 et
1864 1802 2205 1854 construendi
2244 1801 2460 1871 aediﬁcii
2491 1802 2769 1856 materiam
2812 1803 3062 1871 prtebuit,
3095 1813 3297 1858 rectum

49 1909 140 1945 non
163 1907 312 1960 puto.
334 1894 420 1950 Sit
441 1913 570 1951 sane
591 1897 647 1952 in
669 1900 893 1952 arbitrio
919 1898 1140 1968 legentis
1167 1914 1285 1951 cum
1311 1913 1442 1966 opus
1466 1896 1779 1964 probaverit,
1801 1896 1973 1963 aperis
1996 1896 2237 1950 meritum
2261 1896 2345 1948 cui
2369 1894 2494 1950 velit
2519 1896 2801 1951 ascribere.
2823 1895 2992 1951 Nobis
3020 1897 3157 1951 enim
3177 1895 3295 1967 (82)

48 1986 363 2050 propositum
400 1996 474 2040 est
513 2004 616 2042 non
653 1990 901 2053 plausum
935 1990 1240 2059 legentium,
1272 1991 1361 2042 sed
1397 1988 1630 2058 fructum
1677 1989 2070 2058 proﬁcientium
2111 2003 2363 2059 qurerere.
2396 1986 2524 2042 Post
2545 1987 2642 2041 hoc
2676 2005 2804 2042 sane
2842 1998 2989 2042 vocat
3025 2005 3120 2042 nos
3161 2003 3295 2055 Opus

46 2077 172 2144 quod
203 2078 331 2132 olim
362 2081 574 2149 quidem
607 2082 902 2149 injunctum
950 2093 1048 2147 est,
1081 2087 1170 2136 sed
1201 2099 1339 2136 nunc
1369 2099 1400 2134 a
1441 2082 1589 2136 beato
1618 2079 1916 2135 Gaudentio
1955 2082 2192 2149 episcopo
2230 2079 2584 2134 uehementius
2630 2091 2964 2149 perurgetur,
3008 2079 3293 2136 Clementis

44 2168 230 2223 scilicet
282 2169 518 2226 Romani
555 2174 787 2245 episcopi
839 2174 1202 2244 apostolorum
1269 2175 1476 2230 comitis
1504 2191 1566 2227 ac
1599 2176 1915 2228 successoris
1955 2177 2019 2231 de
2051 2175 2420 2247 Ret-agnitione
2450 2176 2572 2230 libri
2602 2187 2659 2228 ut
2697 2178 2751 2230 in
2777 2175 3027 2231 Latinum
3078 2190 3293 2235 uertan-

43 2270 122 2316 tur
149 2264 282 2336 (85).
317 2263 390 2319 In
419 2281 521 2336 quo
561 2283 713 2336 opere
743 2269 869 2322 bene
901 2269 1019 2323 novi
1050 2269 1191 2339 quod
1222 2269 1456 2322 laborem
1486 2266 1636 2320 labor
1670 2267 2008 2336 multiplicat,
2033 2268 2079 2322 si
2111 2284 2303 2322 sortem
2349 2269 2602 2338 suscipiat
2625 2267 2761 2340 (ει).
2789 2268 3135 2340 Satisfeciam
3162 2289 3291 2326 sane

43 2357 91 2412 in
119 2373 176 2412 eo
203 2361 393 2414 amicis
427 2361 554 2414 meis
585 2377 604 2414 :
633 2361 769 2415 dabo
809 2363 962 2416 titulo
997 2379 1185 2416 nomen
1225 2379 1419 2426 meum,
1469 2362 1704 2415 auctoris
1762 2361 2106 2415 nihilominus
2133 2362 2380 2416 uocabulo
2404 2371 2759 2430 permanente.
2787 2360 2932 2415 Nam
2955 2360 3134 2430 Rufini
3164 2361 3289 2416 Cle-

25 2439 173 2504 'mens
200 2453 467 2507 scribetur
490 2453 625 2524 (85).
661 2452 816 2519 Quod
843 2458 888 2508 si
919 2469 1001 2507 me
1041 2453 1302 2508 Dominus
1347 2451 1565 2520 implere
1612 2450 1933 2519 permiserit,
1961 2452 2141 2504 redibo
2166 2467 2356 2504 rursus
2387 2459 2436 2504 et
2467 2450 2536 2502 ad
2569 2462 2662 2502 tua
2702 2449 2988 2514 desideria,
3021 2463 3075 2502 ut
3118 2451 3196 2504 vel
3235 2452 3292 2505 in

56 2543 432 2610 Numerorum,
463 2546 538 2600 vel
568 2550 624 2600 in
654 2545 1050 2600 Deuteronomii
1074 2547 1262 2610 libros,
1298 2544 1406 2598 Deo
1436 2543 1790 2613 permittente,
1814 2543 1996 2611 aliqua
2028 2543 2266 2596 dicamus
2291 2541 2409 2613 (hoc
2456 2543 2596 2596 enim
2627 2539 2802 2594 solum
2846 2542 2993 2594 nobis
3035 2542 3099 2596 de
3125 2539 3295 2610 Epta-

40 2644 213 2695 teucho
241 2641 410 2714 deest)
436 2641 513 2696 vel
541 2641 606 2696 de
635 2642 847 2711 reliquis
879 2641 1106 2711 apostoli
1141 2639 1298 2694 Pauli
1325 2637 1583 2710 Epistolis
1608 2656 1725 2709 qua:
1748 2653 2048 2708 possumus,
2071 2636 2296 2691 Domino
2327 2636 2604 2706 dirigente,
2626 2636 2884 2690 dictemus
2909 2633 3043 2704 (86).

583 2965 706 3046 (87)
741 2965 853 3027 EX
885 2964 1146 3026 LIBRIS
1176 2961 1554 3024 ORIGENIS
1585 2961 1666 3023 IN
1701 2961 2164 3024 EPISTOLAM
2191 2961 2300 3023 AD
2329 2961 2706 3023 GALATAS

2970 3241 2982 3268 ι
3031 3227 3052 3250 \

483 3293 570 3350 Ea:
610 3295 764 3350 initio
805 3295 928 3350 libri
970 3298 1152 3364 primi.

98 3383 260 3457 690
301 3381 383 3442 Ex
425 3402 491 3444 eo
523 3389 667 3459 quod
697 3389 837 3444 dixit
861 3390 1157 3458 Apostolus
1193 3411 1207 3446 :
1246 3390 1452 3446 Paulus
1481 3409 1609 3462 apo-

39 3479 189 3534 stolus
222 3498 331 3536 non
363 3481 428 3535 ab
459 3482 794 3546 hominibus,
832 3499 1001 3552 neque
1041 3502 1135 3553 per
1175 3487 1437 3542 hominem
1466 3527 1482 3552 ,
1516 3487 1611 3542 sed

39 3587 119 3638 per
167 3572 358 3628 .lesum
409 3573 680 3628 Christum
719 3577 788 3640 ’⁷,
831 3578 1119 3632 manifeste
1173 3577 1338 3633 datur
1386 3581 1608 3651 intelligi

40 3665 150 3731 quia
181 3682 290 3723 non
323 3674 443 3722 erat
477 3666 640 3721 homo
663 3667 917 3724 Christus
942 3667 1122 3737 Jesus,
1161 3671 1255 3726 sed
1277 3680 1399 3726 erat
1423 3671 1607 3728 divina

40 3766 236 3812 natura.
287 3757 406 3814 Non
442 3759 588 3814 enim
631 3761 676 3814 si
711 3762 875 3816 homo
923 3771 1101 3828 esset,
1135 3762 1370 3821 dixisset
1407 3762 1608 3818 Paulus

42 3843 134 3901 hoc
167 3851 311 3918 quod
344 3851 420 3904 ait
452 3871 465 3904 :
496 3848 706 3907 Paulus
743 3853 1013 3922 apostolus
1045 3870 1149 3908 non
1178 3856 1242 3908 ab
1286 3855 1608 3920 hominibus,

97 3942 138 3973 ³⁷
165 3941 347 3999 Galnt.
377 3960 419 4008 1.
454 3945 506 4000 1.

99 4036 206 4179 (75)
235 4039 365 4094 Mss.
391 4041 520 4106 duo,
550 4041 628 4096 vel
655 4042 1026 4110 oratiunculis,
1055 4051 1160 4099 etc.

119 4109 184 4162 76
243 4111 377 4170 Mss.
426 4113 534 4167 duo
574 4114 834 4168 omittunt
861 4116 1108 4179 quidem;
1147 4131 1160 4170 ι

119 4109 206 4184 76)
243 4111 377 4170 Mss.
426 4113 534 4167 duo
574 4114 834 4168 omittunt
861 4116 1108 4184 quidem;
1147 4124 1203 4171 et
1237 4115 1439 4171 habent
1470 4130 1595 4171 cum

38 4175 201 4244 editis,
238 4183 459 4236 dictata.

101 4247 208 4322 (77)
240 4251 482 4306 Librum.
522 4251 802 4309 Omittitur
830 4255 882 4310 in
923 4255 1178 4312 omnibus
1206 4271 1339 4312 mss.
1371 4257 1594 4321 nostris,

40 4323 120 4368 sed
153 4333 329 4375 exstat
355 4323 406 4374 in
437 4324 615 4377 editis.

1638 3306 1683 3361 Α
1711 3318 1874 3370 neque
1915 3318 2008 3370 per
2045 3301 2328 3356 hominem.
2376 3299 2435 3356 Si
2479 3300 2626 3356 enim
2661 3300 2826 3356 homo
2869 3299 2970 3355 fuit
2997 3298 3189 3366 Jesus,
3234 3307 3291 3357 et

1711 3409 1807 3462 per
1852 3393 2028 3464 ipsum
2072 3403 2382 3463 assumptus
2431 3403 2517 3448 est
2557 3393 2610 3447 in
2659 3392 3018 3462 apostolatum
3060 3393 3286 3461 Paulus,

1709 3486 1899 3555 utique
1929 3501 2028 3555 per
2047 3486 2322 3540 hominem
2347 3485 2522 3540 lactus
2547 3493 2666 3538 erat
2687 3485 2985 3554 apostolus.
3021 3484 3076 3540 Si
3101 3497 3285 3542 autem

1706 3594 1804 3648 per
1847 3580 2121 3634 hominem
2179 3589 2298 3633 erat
2341 3577 2650 3646 apostolus,
2703 3593 2979 3648 nunquam
3033 3579 3284 3644 dixisset,

1706 3671 1833 3739 quia
1863 3687 2026 3742 neque
2055 3686 2148 3740 per
2178 3670 2441 3724 hominem
2468 3687 2490 3726 :
2521 3671 2613 3725 sed
2655 3671 2940 3727 manifeste
2967 3682 3187 3740 separat
3217 3671 3287 3727 ab

1707 3767 1943 3819 humana
1978 3773 2172 3819 natura
2199 3761 2383 3818 lesum
2413 3763 2616 3819 Paulus
2652 3779 2749 3834 per
2775 3764 2894 3819 haec
2933 3765 3117 3820 verba.
3163 3764 3282 3820 Non

1704 3858 1848 3912 enim
1897 3855 2174 3912 suilicitei
2217 3856 2424 3911 dixisse
2461 3873 2474 3907 :
2514 3873 2675 3926 neque
2707 3872 2798 3926 per
2833 3857 3141 3923 hominem;
3185 3859 3282 3914 sed

1705 4045 2093 4117 Recognitione.
2119 4047 2563 4119 Recognitionum
2589 4048 2710 4104 libri
2735 4049 3035 4104 etiamnum
3058 4058 3279 4110 exstant

1705 4131 1772 4170 ex
1805 4119 2246 4185 interpretatione
2273 4120 2480 4185 Ruﬁni;
2509 4121 2604 4175 sed
2625 4121 2884 4175 Clementi
2910 4119 3155 4180 Romano
3181 4124 3276 4180 ab-

1698 4185 2034 4255 judicantur.

1772 4222 2248 4329 (ὲῖ)’ᾘ’έ.’ῐίθείιιε
2291 4275 2438 4313 num.
2473 4258 2644 4325 1639,
2673 4261 2813 4329 quod
2863 4222 3096 4316 laborem.
3123 4263 3276 4317 labor

1703 4327 2060 4402 multiplicata
2085 4341 2223 4383 sorte
2249 4332 2519 4402 suscipiet.
2557 4332 2666 4385 Sed
2685 4327 2873 4386 caeteri
2903 4348 3033 4388 mss.
3057 4343 3113 4388 et
3139 4335 3272 4389 editi

103 4390 208 4462 (78)
246 4391 388 4445 Editi
413 4431 429 4456 ,
469 4394 777 4462 simpliciter
801 4397 1149 4460 expressimus
1189 4405 1248 4451 ut
1285 4396 1593 4452 invenimus.
1627 4403 1670 4458 Β
1702 4408 1762 4452 ut
1788 4399 1839 4449 in
1861 4390 2042 4452 textu.

43 4453 137 4532 Sed
162 4453 354 4516 omnes
381 4453 507 4516 mss.
537 4453 794 4518 omittunt
820 4453 1193 4532 eipressimus.

95 4530 200 4609 (7A9)
227 4533 366 4609 Editi
394 4574 409 4598 ,
435 4533 842 4590 ina’slimabilis.
869 4530 1070 4591 Deinde
1092 4553 1190 4593 ms.
1215 4537 1416 4609 Regius
1443 4555 1590 4595 ιιιιιιι.

42 4596 192 4660 1639.
216 4615 261 4654 et
293 4596 527 4657 laborem
554 4617 883 4661 remanerent
913 4609 1146 4663 insidiis.

105 4673 210 4745 (80)
238 4671 330 4745 Sic
374 4689 566 4729 omnes
605 4691 734 4730 mss.
772 4678 906 4732 Ealiti
948 4693 1095 4745 vero,
1129 4688 1177 4732 et
1211 4679 1378 4734 scribe
1411 4679 1598 4736 Hiero-

42 4744 190 4818 nymi.
229 4744 432 4799 Deinde
463 4761 652 4800 omnes
695 4762 828 4804 mss.
861 4747 1094 4814 habent,
1146 4753 1202 4802 in
1234 4749 1478 4818 Epistola
1525 4754 1596 4806 ad

45 4805 312 4876 Romanos,
340 4821 446 4870 etc.

107 4881 209 4956 (8i)
246 4883 345 4956 his.
374 4901 516 4956 unus
555 4886 758 4956 habet,
787 4889 1156 4953 auctoritatis;
1187 4889 1345 4956 alter,
1376 4893 1592 4947 actoris.

104 4952 209 5026 (δῇ)
245 4953 342 5008 Ms.
371 4955 570 5023 Regius
596 4952 750 5012 num.
776 4958 934 5020 i659,
966 4958 1131 5012 Nobis
1162 4952 1359 5026 autem,
1389 4973 1494 5017 etc.

105 5025 210 5100 (8.3)
244 5027 334 5079 Sic
391 5037 537 5082 recte
568 5043 698 5100 Δτηε.
757 5031 928 5084 codex
978 5027 1182 5100 Regius
1227 5025 1376 5085 num.
1432 5033 1590 5090 1659.

46 5086 167 5174 Εξὴιί
193 5086 345 5157 'vero.
372 5097 728 5174 apostolorum
758 5101 987 5174 comitis,
1025 5086 1257 5174 qiiorum
1283 5102 1405 5172 (aL,
1429 5086 1593 5174 quod)

44 5169 90 5238 ut
123 5168 502 5238 successoribus
537 5170 719 5221 darem
761 5171 1103 5238 cognitionem
1139 5172 1259 5225 libri
1294 5168 1332 5226 ἀ
1364 5168 1512 5228 nobis
1540 5168 1596 5228 in

45 5225 275 5308 Latinum
336 5249 635 5308 (vertuntur.
688 5225 868 5293 Codex
925 5255 1026 5294 ms.
1095 5225 1506 5308 Ebroiconsis,‘

45 5311 170 5377 unus
217 5305 416 5377 Regius
465 5325 613 5363 num.
663 5309 836 5374 1640,
872 5310 1228 5376 apostolorum
1288 5305 1493 5368 comitis
1545 5326 1594 5369 et

47 5368 150 5450 (aL,
191 5368 688 5450 ut).s'uccessorum,
720 5368 847 5434 dare
874 5368 1222 5450 cognitionem
1251 5382 1373 5436 libri
1398 5425 1414 5449 ,
1448 5394 1505 5438 ut
1535 5368 1592 5440 in

45 5435 277 5522 {.atinun'i
307 5460 594 5522 uertuntur.
625 5435 727 5506 Ms.
759 5435 963 5520 Regius
993 5435 1303 5506 num.i6il
1381 5435 1595 5522 dposto;

44 5505 438 5593 l0_rum_comitis
478 5529 526 5575 et
565 5505 880 5593 successoris
917 5523 1047 5576 dare
1085 5505 1441 5592 cognitioiiemr
1464 5525 1592 5580 libri

47 5588 94 5649 θαι
123 5584 176 5636 in
202 5584 452 5644 Latinum
499 5601 756 5646 uertatur.
803 5592 902 5647 Ms.
934 5593 1101 5647 codex
1134 5584 1488 5649 Vallis-clara:
1534 5601 1596 5649 ut

45 5644 91 5702 in
113 5663 273 5723 textu,
300 5659 403 5718 nisi
427 5644 569 5733 quod
597 5644 1497 5740 istma‘...'s'.};.ia..is.;",;&.
1527 5644 1591 5721 ἇέ

1771 4467 1998 4543 (ἱξὸλξῖς
2016 4483 2116 4543 ms.
2135 4468 2686 4543 codexV'allis-clarae
2707 4479 2762 4525 et
2783 4485 2885 4534 ms,
2905 4473 3102 4543 Regius
3119 4490 3271 4530 num.

1702 4537 2029 4594 i659.‘-Editi
2059 4554 2219 4611 vero,
2260 4540 2401 4594 Nam
2432 4539 2744 4611 Hieronymi
2773 4559 2834 4596 ne
2867 4537 3078 4610 putelur
3099 4587 3112 4608 ,
3147 4545 3274 4599 Cle-

1699 4625 1841 4662 mens
1865 4611 2144 4664 scribetur.
2171 4610 2361 4665 Cteturi
2391 4627 2518 4664 vero
2543 4610 2700 4675 iussu
2727 4611 2870 4665 Nam
2899 4624 3142 4680 putamus
3163 4615 3276 4670 (ile-

1699 4696 1852 4754 mens
1901 4681 2419 4754 scribeturslleinde
2463 4682 2628 4754 editi,
2685 4692 2742 4736 et
2796 4699 2925 4754 mss.
2979 4686 3270 4754 plerique:

1700 4749 1852 4823 Quod
1879 4751 1924 4802 si
1953 4752 2063 4803 ha-c
2109 4752 2234 4823 mihi
2270 4751 2442 4823 (editi,
2487 4750 2638 4816 Quod
2673 4753 2721 4805 si
2749 4757 2851 4823 me)
2877 4749 3148 4809 Dominus
3170 4757 3273 4809 im-

1696 4822 1838 4886 plere
1876 4821 2187 4888 permiserit,
2228 4822 2512 4874 redibimus
2552 4825 2620 4874 atl
2669 4821 2834 4888 illos,
2873 4833 2920 4877 et
2955 4826 3023 4878 ad
3054 4835 3144 4879 tua
3177 4829 3274 4879 de-

1696 4891 1912 4949 sideria,
1953 4900 2009 4942 ut
2045 4891 2098 4944 in
2141 4891 2516 4954 Numerorum,
2556 4901 2606 4944 et
2653 4893 2726 4958 in,
2773 4907 2878 4948 etc.
2918 4894 3025 4950 Sed
3066 4900 3270 4954 rectius

1697 4975 1800 5014 tus.
1839 4959 2039 5027 Regius
2079 4978 2228 5014 num.
2260 4961 2396 5017 1659
2429 4973 2486 5014 ut
2516 4965 2566 5015 in
2598 4976 2784 5018 nostro
2813 4975 2982 5020 textu.

1771 5029 1879 5099 (86)
1917 5031 2006 5084 Sic
2055 5047 2157 5085 ms.
2206 5033 2406 5100 Regius
2451 5048 2599 5102 ηιιιη.
2650 5033 2804 5089 1659.
2860 5035 3004 5088 Editi
3055 5043 3265 5102 autem,

1697 5099 1792 5154 hoc
1827 5099 2432 5178 enimhsolum‘vobisude
2459 5101 2813 5158 Pentateucho
2853 5105 2931 5178 uel
2957 5099 3266 5178 dereliquis

1698 5172 1920 5235 apostoli
1949 5169 2111 5245 l’auli
2141 5171 2396 5245 Epistolis
2430 5189 2548 5242 qua:
2575 5190 2853 5242 possumus
2890 5175 3112 5230 Domino
3147 5169 3265 5245 pro-

1697 5251 1896 5309 tegente
1927 5243 2192 5296 debemus.
2211 5243 2404 5296 Czeteri
2442 5260 2604 5307 mss.,
2640 5245 2736 5297 hoc
2763 5246 2900 5298 enim
2926 5248 3093 5299 solum
3122 5243 3264 5300 vobis

1695 5313 1760 5385 de
1786 5310 2142 5385 Heptateucho
2179 5313 2319 5366 deest
2344 5352 2358 5375 ,
2393 5311 2466 5366 vel
2496 5316 2559 5365 de
2603 5314 2819 5384 reliquis
2851 5317 3078 5385 apostoli
3104 5315 3266 5372 Pauli

1696 5379 2102 5456 Epistolis-qua:
2135 5399 2410 5456 possumus
2445 5385 2538 5454 (al.
2559 5424 2575 5452 ,
2613 5379 2730 5455 qua}
2755 5386 2800 5438 si
2823 5379 3120 5456 possumus)
3153 5387 3264 5442 Da-

1694 5452 1840 5504 mino
1867 5453 2125 5521 dirigente
2149 5452 2490 5508 dictabimus.

1766 5521 1879 5601 (87)
1907 5523 2200 5601 ρεξειιπψιει
2223 5535 2370 5601 _sunt
2408 5525 2524 5601 hinc
2567 5522 2870 5596 fragmenta
2911 5541 2980 5584 ex
3003 5525 3266 5601 Apologia

1694 5589 1983 5664 Paiuphilii
2014 5589 2269 5665 martyris
2295 5607 2388 5663 pro
2423 5589 2672 5667 Origene;
