3744 6146
469 193 602 246 Hii!

1597 211 1601 220 '
1700 193 2021 254 ORIGENIS
2060 193 2484 254 FRAGMENTA

3563 199 3672 258 i3!

418 336 420 338 τ
467 318 609 383 quod
633 315 700 368 ad
729 327 917 369 omnes
941 313 1329 385 pertineatista
1357 316 1638 387 utriusque
1665 318 1883 388 generis
1903 331 2034 371 cons
2066 321 2109 374 A
2141 325 2244 370 test
2284 326 2340 370 et
2387 315 2439 369 in
2494 316 2595 370 hoc
2651 313 2768 371 loco
2813 313 3014 370 dictum
3062 315 3238 372 rideri
3291 312 3673 373 'Sacramentam

468 409 737 473 ﬁrmatio;
768 409 862 461 sed
895 411 963 460 ad
991 420 1180 462 omnes
1212 409 1429 476 quidem
1468 411 1709 478 pertinet
1751 410 2037 464 credentes

468 504 733 556 duntaxat
770 500 1121 568 Evangelium
1161 500 1333 565 Pauli,
1367 510 1423 555 et
1453 502 1760 572 praedicatio
1789 503 2032 559 Christi:

469 591 725 649 revelatio
758 608 885 648 vero
914 593 1238 648 sacramenti
1271 594 1602 664 temporibus
1631 596 1951 650 saeculorum
1981 597 2034 652 in

471 685 686 740 silentio
711 686 906 750 habiti,
939 700 1043 739 non
1069 685 1133 739 ad
1165 687 1375 756 plures,
1395 686 1498 754 .sed
1521 687 1586 741 ad
1616 702 1816 757 paucos
1836 699 1889 742 et
1926 689 2038 744 ele-

469 789 586 832 ctos
613 778 702 847 qui
737 792 964 844 capaces
1003 791 1126 831 esse
1155 778 1366 846 possint
1398 779 1676 846 sapientire
1707 773 1762 834 et
1793 780 2037 834 scientiae

470 872 590 935 Dei,
619 869 686 925 de
712 868 909 936 quibus
947 870 1151 925 dicitur
1171 871 1213 902 ¹⁹
1245 889 1257 924 :
1290 869 1450 924 Multi
1475 871 1644 942 688
1666 874 1856 936 vocati,
1878 873 2037 940 pauci

416 1005 424 1009 .
467 978 589 1015 vero
611 960 785 1016 electi.
822 960 926 1036 Sed
953 970 1007 1014 et
1038 961 1104 1015 de
1133 975 1198 1015 co
1228 962 1372 1030 quod
1407 960 1502 1025 ait,
1529 962 1846 1015 sacramenti
1879 963 1935 1016 in
1964 963 2038 1016 si-

418 1084 425 1089 -
469 1055 629 1110 lentio
654 1054 842 1118 habiti,
875 1054 1257 1122 requirendum
1308 1062 1390 1107 est
1415 1062 1593 1108 utrum
1625 1055 1696 1108 ita
1727 1054 1840 1125 (66)
1871 1056 1922 1110 id
1952 1057 2036 1111 di-

469 1155 558 1199 cat
587 1146 640 1200 in
671 1145 888 1200 silentio
921 1147 1164 1200 habitum
1192 1185 1206 1209 ,
1244 1154 1302 1198 ut
1322 1145 1544 1200 omnino
1585 1145 1764 1201 nullus
1795 1162 2033 1218 agnove-

471 1239 563 1304 rit,
597 1253 663 1292 ne
688 1237 786 1306 ipsi
819 1238 1034 1306 quidem
1073 1238 1162 1304 qui
1189 1235 1586 1290 annuntiabant
1608 1237 1886 1306 prophetae
1919 1256 1933 1294 :
1963 1254 2032 1294 an

469 1329 632 1382 altior
677 1328 856 1398 aliqua
893 1327 1090 1382 silentii
1147 1325 1493 1395 intelligenda
1536 1339 1624 1382 est
1682 1329 1844 1383 ratio.
1899 1329 2032 1385 Mihi

470 1423 686 1489 quidem
724 1421 884 1475 valde
924 1421 1213 1474 absurdum
1271 1421 1487 1474 videtur
1517 1429 1578 1475 ut
1626 1422 1871 1478 dicamus
1911 1439 2038 1492 pro-

470 1515 662 1584 phetas
700 1515 772 1566 ita
799 1513 1084 1582 scripsisse
1109 1513 1175 1566 de
1202 1514 1561 1568 sacramentis
1592 1513 1792 1572 divinis
1813 1515 1947 1587 (67),
1979 1524 2038 1571 ut

469 1620 576 1660 non
612 1605 976 1660 intellexerint
1007 1620 1072 1658 ea
1108 1604 1224 1673 ipsa
1263 1619 1382 1674 quae
1409 1606 1680 1674 dicebant,
1717 1623 1839 1662 cum
1883 1607 2034 1662 Scri-

2142 406 2469 475 tnmporibus
2502 406 2818 460 saeculorum
2882 407 2938 460 in
2993 405 3214 462 silentio
3261 407 3526 471 habitum,
3559 413 3677 478 quod

2140 499 2366 553 scierint
2396 499 2611 565 quidem
2637 499 2916 566 propheta:
2940 495 3029 564 (ex
3064 496 3368 567 Scripturis
3389 501 3534 554 enim
3573 517 3677 567 pro-

2139 589 2370 658 pheticis
2410 584 2985 658 manifestatttrﬁﬂ),
3033 589 3128 642 sed
3180 589 3513 653 hominibus,
3539 593 3584 644 id
3611 604 3680 646 est

2139 681 2297 750 vulgo
2340 697 2445 735 non
2501 680 2970 734 manifestaverint
3018 694 3121 735 nec
3169 679 3549 748 patelecerint,
3601 686 3678 737 sed

2140 769 2356 823 silentio
2385 769 2618 824 texerint
2643 772 2940 824 secundum
2978 779 3310 839 praeceptum
3346 772 3536 824 aeterni
3583 772 3682 837 Dei,

2143 877 2420 931 usquequo
2451 871 2660 929 tempus
2682 861 2900 916 adesset
2922 871 2980 915 ut
3007 861 3241 915 Verbum
3275 877 3408 916 caro
3441 861 3606 925 ﬁeret,
3638 875 3684 918 et

2139 954 2409 1010 habitaret
2462 953 2516 1007 in
2565 954 2800 1017 nobis",
2839 963 2894 1008 et
2943 954 3393 1008 manifestaretur
3443 954 3678 1008 omnibus

2138 1045 2388 1114 gentibus
2420 1044 2484 1096 ad
2524 1044 2891 1098 obedientiam
2940 1045 3086 1102 ﬁdei.
3135 1044 3288 1111 Quod
3314 1060 3448 1099 vero
3479 1045 3572 1107 ait,
3598 1046 3683 1098 solt

2136 1137 2360 1204 sapienti
2396 1135 2526 1198 Deo,
2578 1137 2876 1203 sapientem
2933 1136 3102 1190 Deum
3157 1153 3261 1189 non
3323 1139 3400 1190 ita
3450 1136 3686 1205 accipias,

2137 1229 2290 1296 quasi
2337 1243 2495 1295 quem
2547 1228 2814 1296 sapientia
2871 1227 3062 1282 fecerit
3109 1229 3441 1297 sapientem,
3471 1237 3527 1281 ut
3558 1227 3685 1283 inter

2137 1320 2386 1375 homines
2411 1320 2660 1374 habetur.
2693 1319 2922 1387 Sapiens
2939 1320 3082 1374 enim
3115 1319 3258 1373 inter
3284 1320 3538 1374 homines
3565 1320 3682 1373 dici-

2139 1422 2226 1464 tur
2253 1410 2621 1477 unusquisque
2649 1423 2717 1462 ex
2748 1409 3164 1478 participatione
3215 1408 3533 1477 sapientiae;
3565 1407 3685 1461 Deus

2139 1518 2268 1556 vero
2305 1517 2408 1555 non
2436 1501 2592 1570 quasi
2627 1501 2717 1568 qui
2764 1513 2832 1552 ex
2858 1483 3122 1569 sapientia
3151 1500 3373 1567 sapiens
3404 1500 3580 1554 factus
3607 1500 3682 1562 sit,

2139 1597 2233 1651 sed
2273 1595 2425 1663 quasi
2457 1594 2548 1662 qui
2577 1592 2694 1661 ipse
2726 1601 2918 1646 auctor
2950 1596 3022 1647 sit
3053 1602 3109 1646 et
3147 1593 3364 1660 genitor
3389 1591 3680 1660 sapientiae,

466 1706 624 1766 plura
663 1697 844 1751 dicat:
873 1697 1094 1762 Sapiens
1118 1671 1356 1767 intelligit
1385 1715 1502 1766 quia
1522 1701 1586 1754 de
1605 1671 1692 1755 ore
1716 1701 1829 1770 ejus
1847 1717 2030 1770 proce—
2062 1671 2106 1728 Β
2139 1689 2367 1758 SHW-ens
2419 1687 2740 1756 appenamr-
2786 1684 2901 1740 Νοη
2949 1687 3113 1752 enim.
3143 1697 3200 1739 ιιι
3238 1686 3501 1747 diximus,
3528 1699 3588 1736 εἰ
3615 1699 3684 1736 53-

466 1792 619 1855 dunt,
658 1801 706 1845 et
764 1792 821 1844 iu
877 1791 1031 1844 labiis
1080 1801 1256 1858 portat
1288 1794 1621 1848 intellectum
1643 1793 1710 1848 ὀ.
1770 1793 1829 1848 Si
1893 1809 2026 1864 ergo

468 1883 745 1950 prophetae
768 1896 873 1936 non
903 1882 1283 1937 intellexerunt
1306 1900 1428 1953 quae
1449 1886 1516 1939 de
1539 1899 1634 1940 ore
1659 1885 1882 1954 proprio
1907 1899 2032 1953 pre-

469 1972 735 2040 ferebanl,
777 1989 883 2027 non
925 1982 1082 2027 erant
1133 1975 1426 2042 sapientes.
1474 1976 1671 2030 Verum
1716 1975 1760 2029 si
1808 1975 2028 2030 stultum

466 2076 553 2120 est
609 2067 899 2136 prophetas
947 2066 1216 2132 conﬁteri,
1249 2077 1303 2121 et
1362 2083 1562 2137 negare
1609 2083 1704 2122 eos
1761 2068 2032 2136 sapientes

467 2157 656 2224 fuisse,
678 2166 841 2213 restat
858 2167 915 2212 ut
935 2157 1203 2224 sapientes
1228 2157 1444 2224 fuerint,
1467 2159 1896 2228 etintellexerint
1917 2157 2029 2229 (68)

466 2265 587 2316 quae
628 2264 694 2303 es
733 2263 831 2304 ore
879 2249 1101 2317 proprio
1143 2248 1514 2318 proferebant,
1542 2259 1597 2304 et
1625 2250 1916 2304 habuerint
1955 2251 2031 2302 in-

469 2343 741 2397 tellectum
780 2343 830 2397 in
875 2343 1034 2398 labiis
1087 2344 1220 2398 suis.
1264 2343 1396 2410 Quae
1434 2356 1567 2412 ergo
1615 2341 1815 2396 silentii
1849 2342 2024 2396 ratio?

468 2433 760 2491 Videamus
797 2449 866 2490 ne
895 2435 982 2489 illa
1019 2436 1090 2490 sit
1129 2450 1288 2504 quam
1320 2444 1375 2490 et
1402 2436 1516 2503 ipse
1544 2434 1742 2489 Paulus
1769 2433 1874 2488 sibi
1913 2444 2025 2488 tra-

466 2527 633 2580 ditam
677 2541 776 2597 pro
812 2533 1278 2581 sacramentorum
1323 2526 1724 2595 diSpensatione
1757 2524 1870 2597 (69)
1915 2539 2032 2593 per-

466 2619 686 2682 docuit,
720 2619 812 2672 ubi
850 2618 983 2673 dicit
1017 2618 1306 2672 abductum
1336 2633 1395 2672 se
1423 2633 1543 2671 esse
1582 2618 1636 2671 in
1672 2618 1888 2672 tertium
1915 2631 2030 2672 coe-

468 2710 603 2774 lum,
645 2719 701 2764 et
729 2709 854 2764 inde
894 2710 948 2762 in
985 2711 1318 2780 paradisum,
1347 2717 1400 2762 et
1421 2711 1638 2763 audisse
1675 2725 1777 2762 non
1810 2710 2026 2763 edicen-

467 2805 534 2856 da
579 2801 764 2866 verba,
798 2816 920 2870 quae
971 2816 1075 2855 non
1121 2800 1248 2855 licet
1297 2801 1500 2855 homini
1549 2801 1775 2870 loqui“.
1827 2801 1882 2855 In
1925 2814 2030 2870 quo

468 2895 655 2962 utique
682 2893 920 2948 ostendit
952 2909 1057 2947 non
1104 2893 1247 2963 quod
1295 2893 1407 2960 ipse
1440 2893 1652 2962 ignoret
1678 2893 1821 2961 quod
1877 2892 2027 2944 audi-

2133 1781 2339 1852 pientia
2371 1779 2586 1848 sapiens
2609 1777 2772 1842 Deus,
2803 1776 2896 1830 sed
2936 1791 3004 1831 ex
3033 1777 3275 1846 sapiente
3303 1776 3416 1830 Deo
3440 1775 3682 1844 sapientia

2134 1873 2394 1944 procedit.
2447 1869 2644 1925 Merito
2679 1883 2809 1938 ergo
2851 1869 3084 1922 dicitur:
3126 1867 3239 1922 Soli
3301 1866 3418 1938 (7Ξ)
3478 1867 3685 1934 sapienti

2133 1966 2263 2019 Deo.
2295 1963 2456 2018 Solus
2488 1973 2571 2014 est
2610 1962 2756 2016 enim
2807 1961 2880 2015 ita
2926 1958 3140 2028 sapiens
3191 1959 3358 2021 Deus,
3394 1968 3452 2013 ut
3489 1959 3685 2028 sapien-

2135 2061 2261 2110 tiam
2292 2056 2405 2124 ipse
2436 2053 2605 2122 magis
2636 2050 2882 2121 genuerit
2906 2049 2973 2114 ³³,
3012 2063 3173 2119 quam
3213 2063 3280 2102 ex
3314 2047 3580 2114 sapientia
3611 2059 3682 2099 ss-

2131 2149 2286 2220 piens
2339 2147 2512 2200 facttts
2567 2146 2678 2200 sit.-
2721 2145 2788 2198 Et
2827 2151 2983 2199 recte.
3023 2141 3071 2194 ei
3117 2139 3338 2193 claritas
3387 2154 3484 2206 per
3516 2135 3680 2189 Iesum

2132 2240 2401 2296 Christum
2429 2238 2685 2302 refertur,
2710 2237 2836 2304 quia
2887 2234 2961 2287 ita
3002 2232 3299 2299 sapientem
3351 2243 3476 2282 esse
3529 2229 3681 2282 solum

2136 2335 2324 2398 Deum,
2351 2343 2408 2386 ut
2440 2332 2554 2401 ipse
2579 2331 2902 2399 sapientiam
2933 2324 3181 2395 genuerit
3202 2323 3246 2353 "
3272 2322 3410 2392 (75),
3444 2321 3679 2375 Christus

2130 2426 2306 2492 Jesus,
2340 2425 2431 2493 qui
2468 2434 2550 2480 est
2583 2423 2675 2480 Dei
2707 2423 2877 2475 virtus
2919 2429 2974 2472 et
3010 2417 3099 2470 Dei
3137 2416 3405 2484 sapientia
3425 2415 3499 2480 ",
3525 2413 3685 2468 decla.

2133 2520 2292 2573 ravit.
2324 2517 2394 2572 In
2423 2517 2617 2572 saecula
2663 2530 2796 2569 vero
2847 2514 3161 2569 saeculorum
3203 2509 3349 2579 quod
3390 2507 3491 2573 ait,
3535 2507 3682 2560 moris

2130 2621 2217 2667 est
2247 2612 2546 2680 Scriptum
2595 2609 2792 2663 (livius:
2821 2605 3242 2662 immensitatem
3279 2616 3381 2671 per
3422 2600 3535 2654 hoc
3569 2609 3682 2653 tem-

2129 2719 2323 2775 porum
2353 2701 2661 2771 designare.
2691 2700 2852 2753 Amen
2907 2709 3086 2752 autem
3110 2694 3265 2764 quasi
3301 2691 3368 2746 ad
3405 2690 3682 2746 conﬁrma-

2132 2799 2334 2852 tionem
2368 2795 2608 2851 omnium
2641 2807 2759 2861 quae
2785 2791 3036 2862 superius
3067 2789 3268 2858 scripta
3319 2793 3470 2851 sunt,
3513 2783 3567 2836 in
3593 2781 3683 2835 ﬁne

2131 2891 2334 2962 posuit,
2386 2904 2482 2959 per
2534 2887 2676 2956 quod
2726 2885 3015 2940 vernaculo
3046 2883 3398 2957 Hebraeorum
3445 2889 3682 2932 sermone

465 2989 598 3053 erit,
633 2987 725 3042 sed
753 2989 896 3056 quod
928 2985 1193 3056 proferre,
1222 2997 1275 3040 et
1304 2985 1424 3040 aliis
1456 2985 1765 3040 hominibus
1792 2986 2028 3053 pandere
2059 2981 2102 3038 C
2138 2997 2258 3037 vera
2283 2993 2338 3036 et
2378 2980 2556 3035 ﬁdelia
2582 2993 2700 3034 esse
2735 2994 2858 3049 qua:
2883 2985 3007 3033 sunt
3027 2977 3229 3044 scripta
3259 2973 3526 3043 signaret.

465 3093 586 3148 quae
611 3079 714 3134 sibi
741 3089 866 3135 sunt
903 3079 1136 3134 indicata
1166 3095 1268 3134 non
1309 3079 1471 3133 liceat
1498 3078 1633 3149 (70).
1663 3075 1736 3131 lta
1764 3092 1894 3148 ergo
1929 3092 2028 3147 po-

473 3216 3664 3265 W

1451 3400 1875 3490 RUFINI
1952 3395 2701 3487 PBESBYTERI

1811 3591 1901 3646 AD
1937 3587 2336 3644 HERACLIUM

745 3755 1064 3823 Peroratio
1088 3756 1155 3816 in
1187 3751 1722 3834 Explanatio‘nem
1755 3747 2055 3826 Origenis
2095 3762 2289 3823 super
2324 3739 2675 3820 Epistolam
2709 3737 2892 3801 Pauli
2924 3737 3003 3799 ad
3037 3735 3387 3798 Romanos.

533 4087 801 4142 Hactenus
846 4085 990 4138 nobis
1021 4088 1074 4138 in
1113 4080 1408 4152 Epistulam
1430 4075 1541 4152 (74)
1565 4076 1958 4140 ad.Romanos,
1990 4086 2146 4144 prout
2179 4075 2469 4145 potuimus,
2513 4067 2856 4128 dictantibus,
2890 4064 3120 4133 plurimo
3161 4068 3211 4113 et
3239 4059 3427 4152 labore
3467 4065 3517 4109 et
3559 4067 3672 4110 tern-

458 4195 584 4250 pare
612 4177 927 4233 desudatam
960 4177 1055 4230 sit.
1100 4149 1297 4228 Fateor
1316 4149 1562 4241 namque,
1590 4169 1812 4225 Heracli
1840 4172 2004 4239 frater
2035 4167 2414 4232 amantissime,
2437 4164 2574 4234 quod
2596 4163 2718 4214 dum
2743 4161 2846 4212 tuis
2877 4151 3149 4209 desideriis
3173 4149 3486 4218 satisfacere
3508 4153 3668 4216 cupio.

459 4246 652 4325 oblitus
683 4285 797 4322 sum
835 4283 960 4335 pene
993 4265 1233 4319 mandati
1278 4281 1380 4334 quo
1416 4263 1721 4332 praecipitur
1745 4278 1763 4315 :
1797 4283 1813 4308 σ
1841 4261 1989 4316 Onus
2033 4277 2195 4330 supra
2223 4261 2355 4314 uires
2389 4267 2508 4311 tuas
2537 4273 2598 4310 ne
2634 4252 2882 4312 levaveris
2907 4249 2988 4310 ¹⁶;
3020 4266 3039 4298 ι
3066 4247 3298 4317 quamvis
3331 4246 3484 4298 ηοόίε
3509 4261 3595 4298 ηδε
3624 4246 3668 4294 δη

459 4365 661 4419 caeteris
690 4377 807 4431 qua:
843 4371 890 4414 te
923 4362 1212 4424 insistente,
1240 4360 1344 4413 imo
1372 4358 1548 4426 potius
1580 4372 1798 4425 pensum
1833 4357 2013 4408 diurni
2041 4355 2210 4421 operis
2237 4353 2490 4420 exigente,
2517 4350 2570 4402 in
2611 4345 2859 4401 Latinum
2882 4343 3145 4396 vertimus.
3170 4337 3397 4402 defuerit
3422 4338 3669 4404 plurimus

456 4456 631 4519 labor,
660 4430 784 4506 dum
814 4451 1051 4516 supplere
1081 4451 1318 4516 cupimus
1348 4465 1409 4502 ea
1439 4462 1554 4516 qua:
1583 4447 1646 4499 ab
1677 4446 1902 4512 Origene
1935 4447 1988 4498 in
2025 4445 2290 4496 auditorio
2335 4441 2580 4494 Ecclesiae
2625 4455 2690 4491 ex
2716 4448 2958 4502 tempore,
2991 4450 3092 4484 mm
3133 4442 3238 4519 tam
3267 4430 3666 4519 emplanmionis,

532 4549 576 4580 ¹⁹
605 4517 796 4598 Matth.
830 4559 965 4602 xx".
1001 4539 1084 4593 M-
1161 4539 1205 4570 ²⁰
1239 4538 1395 4590 Prov.
1429 4535 1652 4595 “1.25.
1727 4541 1769 4570 “
1798 4538 1838 4592 tl
1867 4537 1994 4591 Cor.
2026 4532 2266 4597 ruﬁ-4.
2339 4533 2382 4562 ²²
2410 4529 2565 4584 Joan.
2596 4525 2751 4592 1,14.
2827 4523 2872 4554 ’³
2907 4521 3072 4576 Eccli.
3108 4534 3149 4580 ι.
3179 4517 3230 4570 l.

457 4617 548 4678 5.0.
623 4616 669 4647 ⁸⁵
696 4613 714 4667 Ι
738 4614 861 4668 Cor.
891 4629 931 4675 ι,
954 4612 1044 4665 24.
1119 4610 1165 4642 ³⁵
1192 4609 1355 4663 Eccli.
1391 4605 1581 4670 qu,2.

530 4703 643 4771 (66)
673 4704 777 4757 Ita.
809 4701 1249 4756 Pratlertuittitur
1277 4697 1535 4771 inpeditis.

529 4769 642 4839 (67)
678 4769 1521 4844 Editi,detestanteutisdipinis.
1619 4843 1624 4844 γ
1723 4841 1731 4844 4
1849 4831 1863 4844 θ

535 4837 645 4914 (68)
679 4845 774 4914 itis.
810 4841 1010 4914 Regius
1038 4857 1208 4914 _nutu._
1254 4837 1414 4914 1659,
1462 4843 1627 4914 restat
1674 4841 1733 4887 ut
1773 4837 2018 4914 quia'sa-

455 4900 650 4982 pie‘nte's
677 4900 1300 4982 fuerunt'intellexerint.
1316 4907 1512 4982 Deinde
1537 4907 1676 4982 idem
1706 4900 1807 4958 ms.
1835 4911 1889 4955 et
1913 4900 2020 4982 lia-

455 4936 650 4972 .nemes
677 4936 887 4982 lucrum
923 4936 1288 4963 lrssettegwnm.
1316 4936 1512 4960 ucmuc
1537 4936 1676 4959 Iucu-
1707 4936 1807 4958 ιιιθ.
1835 4936 1889 4955 ῠι
1914 4936 2018 4954 uu—

453 4936 658 5044 intutis,
692 4981 821 5052 Qua:
853 4996 977 5048 ergo
1000 4980 1070 5033 sit
1111 4979 1302 5034 silentii
1331 4979 1468 5030 ratio
1500 4977 1794 5039 videamus,
1821 4987 1883 5026 ne
1921 4971 2018 5024 illa

456 5058 546 5118 sit,
574 5063 678 5107 etc.

531 5112 640 5196 (69)
666 5121 739 5174 lla
769 5134 897 5172 mss.
916 5118 1096 5196 nostri.
1113 5133 1302 5172 omnes
1318 5127 1370 5170 et
1396 5115 1673 5171 Babanus.
1697 5112 1839 5169 Editi
1863 5124 2016 5180 vero,

456 5189 1020 5266 persocrameutorum
1045 5189 1501 5266 dispensationem.

530 5262 644 5330 (70)
675 5261 834 5317 Editi,
866 5275 966 5330 non
1006 5251 1141 5330 quod
1172 5259 1374 5330 ignoret
1412 5260 1518 5330 ipse
1548 5255 1688 5326 quod
1710 5257 1866 5330 (mss.
1893 5251 2017 5330 qui-

459 5322 603 5394 dam,
629 5322 776 5402 quid)
817 5322 1064 5392 audierit,
1093 5322 1353 5397 sed—quod
1385 5322 1620 5396 proferre
1663 5322 1765 5378 non
1799 5322 2015 5386 licebat,

456 5417 503 5456 et
540 5404 680 5456 aliis.
716 5414 822 5454 etc.

535 5442 1044 5542 (il.)"Sicvﬁa'banus
1071 5479 1125 5522 et
1150 5466 1243 5520 Ms.
1271 5464 1470 5542 Regius
1505 5479 1652 5542 nunt.
1687 5460 2008 5542 (φὴ-(μή-

459 5532 560 5596 has
581 5532 715 5596 satis
745 5540 1053 5594 consentire
1073 5542 1283 5591 videtur
1302 5532 1468 5590 co'dex
1492 5551 1589 5587 ms.
1615 5532 1781 5586 Vallis
1815 5532 2007 5585 Clarm.

458 5613 646 5667 Cameri
677 5625 799 5673 vero
835 5610 1148 5682 utss.,quod
1182 5616 1238 5661 ut
1277 5607 1466 5661 scirent
1507 5605 1713 5677 quidem
1753 5604 2008 5688 prophetis

3316 4517 3363 4546 “
3395 4516 3561 4570 Eccli.
3595 4533 3665 4576 ιτ,

2046 4697 2093 4752 D
2119 4703 2184 4742 ea:
2215 4683 2506 4753 Scripturis
2527 4752 2530 4753 ν
2554 4681 2761 4751 quidem
2789 4677 3101 4753 propheticis
3129 4676 3525 4753 manifestatur,
3553 4685 3666 4734 etc...

2120 4767 2182 4811 ut
2213 4758 2266 4812 in
2302 4747 2472 4810 textu.
2505 4747 2644 4806 Editi
2679 4747 2833 4811 vero,
2863 4749 3002 4816 quod
3034 4759 3087 4799 ut
3116 4749 3308 4802 scirent
3333 4747 3546 4816 quidem
3571 4763 3663 4810 per-

2119 4827 2266 4897 fecti,
2300 4841 2363 4880 eo:
2406 4822 2696 4897 Scripturis
2766 4818 3083 4897 propheticis
3147 4817 3524 4897 mapifestatnr
3550 4818 3666 4890 ηεξ(

2118 4886 2435 4959 λοιπίηὶὸιιε,
2471 4886 2536 4946 id
2571 4902 2646 4946 est
2706 4888 2856 4956 vulgo
2891 4902 2995 4939 non
3046 4886 3545 4954 manisfestaverunt
3593 4887 3666 4937 nec"

2117 4967 2494 5038 patefecerunt,
2521 4963 2611 5038 sed
2636 4961 3126 5038 silentio_tf§frttiit,
3145 4967 3249 5038 etc.
3310 5031 3322 5038 Α
3495 5023 3526 5038 μ

2191 5023 2302 5106 (πἰε)
2336 5035 2433 5089 Ms.
2455 5023 2654 5102 Regius
2670 5025 2996 5106 ωαψς-16562
3020 5025 3212 5106 nemo
3230 5031 3406 5106 autem
3424 5023 3548 5085 soli,
3571 5033 3669 5106 εις.

2119 5093 2314 5160 Caneri
2351 5119 2476 5156 vero
2517 5093 2645 5156 mss.
2674 5111 2724 5154 et
2754 5100 2905 5164 editi,
2939 5095 3129 5150 Merito
3153 5112 3272 5165 ergo
3292 5093 3549 5163 'soli,etc.
3569 5095 3667 5147 Ra-

2122 5178 2313 5234 banus,
2351 5173 2540 5226 Merito
2568 5171 2688 5233 soli,
2718 5179 2828 5222 etc.

2195 5245 2306 5315 (75)
2338 5244 2516 5315 Editi,
2534 5243 2624 5311 qui
2673 5243 2748 5315 ita
2791 5239 3076 5315 sapientem
3125 5234 3478 5315 es_se_solunt_
3509 5233 3665 5315 penis

2127 5303 2386 5394 ostendit,
2407 5323 2464 5394 ut
2490 5303 2606 5394 ipse
2636 5303 2946 5394 sapientiam
2978 5303 3391 5394 genuerif'lesus
3414 5303 3658 5363 Christus,

2125 5388 2213 5454 qui
2243 5393 2318 5438 est
2345 5384 2438 5436 Dei
2482 5376 2644 5454 virtus
2670 5376 2716 5433 et
2758 5378 2856 5432 Dei
2876 5377 3154 5446 sapientia.
3186 5376 3293 5431 Sed
3320 5389 3507 5430 omnes
3537 5389 3652 5428 mss.

2111 5453 2164 5511 et
2192 5455 2443 5508 Rabath
2476 5462 2533 5506 ut
2561 5453 2614 5505 iu
2647 5458 2830 5503 nostro
2869 5457 3039 5501 textu.

2185 5524 2296 5596 (74)
2332 5523 2535 5579 Omnes
2563 5535 2688 5577 mss.
2716 5519 2908 5582 nostri,
2940 5519 2996 5571 in
3026 5515 3284 5585 Epistola.

2730 5776 2766 5800 υ

2425 5851 2483 5860 .._
2526 5821 2654 5856 .-.ὲ-
