3744 6146
40 199 176 256 1293
781 219 784 223 '
1201 202 1269 256 IN
1307 197 1698 257 EPISTOLAM
1734 197 1826 252 AD
1859 195 2200 250 GALATAS.
3189 193 3331 250 1294

34 329 196 386 quam
246 313 649 385 a’diﬁcationis
682 313 976 372 intentione
1009 325 1263 384 perorata
1320 326 1446 369 sunt
1483 330 1502 368 :
1531 313 1666 367 sicut
1694 313 1765 386 in
1795 311 2028 365 homiliis
2063 311 2169 364 sive
2212 310 2268 362 in
2303 309 2652 364 oratiunculis
2684 307 2796 380 (75)
2833 309 2887 362 in
2919 307 3159 364 Genesim
3190 318 3239 362 et
3271 314 3328 363 in

38 408 298 466 Exedunt
320 411 585 478 fecimus,
612 419 659 464 et
687 410 952 479 prwcipue
975 408 1031 462 in
1051 410 1133 463 his
1157 423 1274 480 qua:
1296 409 1352 463 in
1383 408 1579 462 librum
1608 404 1831 461 Levitici
1859 407 1926 460 ab
1961 403 2054 458 illo
2077 404 2287 474 quidem
2311 402 2422 476 (76)
2455 403 2739 470 perorandi
2765 403 2901 474 stylo
2923 403 3088 469 dicta,
3117 421 3149 457 a
3176 405 3326 460 nobis
3391 454 3397 499 ί

38 519 154 557 vero
180 503 538 570 explanandi
569 505 741 572 specie
767 503 1026 557 translata
1054 514 1196 557 sunt.
1223 503 1392 568 Quem
1424 501 1656 555 laborem
1681 498 2010 567 adimplendi
2030 515 2151 569 qua:
2173 499 2389 552 deerant
2420 499 2621 553 idcirco
2648 500 2990 570 suscepimus,
3015 517 3078 554 ue
3099 499 3326 568 pulsata:

37 597 376 664 quaestiones
403 609 460 652 et
495 600 716 664 relictis,
747 600 888 671 quod
918 601 972 652 in
996 597 1326 652 homiliatico
1353 595 1566 650 dicendi
1593 609 1779 661 genere
1809 593 1872 645 ab
1900 591 1992 645 illo
2023 590 2192 662 689
2226 607 2363 656 stupe
2391 591 2506 656 ﬁeri
2532 591 2690 659 solet,
2720 591 2913 646 Latino
2943 593 3127 646 lectori
3160 594 3323 663 [asti-

39 693 189 746 dium
220 703 579 761 generarent.
615 693 756 747 Nam
791 695 883 747 illa
913 711 1027 763 qua!
1054 698 1108 747 in
1138 691 1322 747 Iesum
1359 688 1533 752 Nave,
1564 699 1611 741 et
1639 689 1697 741 in
1733 686 1994 740 Iudicum
2017 684 2208 738 librum
2245 685 2379 754 (77),
2417 694 2468 739 et
2505 687 2560 738 in
2591 687 2909 739 tricesimum
2943 698 3169 747 sextum,
3195 695 3243 738 et
3266 689 3320 740 in

38 783 378 837 tricesimum
424 787 726 852 septimum,
759 796 807 838 et
833 786 1156 840 tricesimum
1194 794 1437 838 octavum
1485 781 1748 849 psalmum
1785 779 2116 844 scripsimus,
2155 778 2470 844 simpliciter
2523 789 2577 830 ut
2642 778 2936 831 invenimus
2965 775 3100 847 (78),
3135 787 3184 832 et
3215 794 3322 831 non

37 874 202 924 multo
232 890 367 926 cum
421 875 601 928 labore
637 877 1026 931 transtulimus.
1059 875 1312 940 Quamvis
1339 891 1462 942 ergo
1487 881 1538 926 et
1574 873 1629 926 in
1667 869 1874 924 ca'teris
1906 885 2024 938 qua:
2055 886 2217 938 supra
2252 870 2484 922 diximus
2513 869 2816 923 laboratum
2841 872 2988 924 nobis
3015 873 3080 924 sit
3110 873 3166 924 in
3198 879 3331 939 θυμέ

35 965 246 1031 plendis
281 965 376 1017 his
426 981 545 1033 qua:
595 967 862 1032 omiserat,
895 967 951 1019 in
995 967 1090 1018 hoc
1133 975 1304 1018 tamen
1337 979 1492 1031 apere
1547 959 1802 1021 Epistolas
1837 960 1908 1013 ad
1941 958 2210 1014 Romanos
2259 976 2355 1024 pro
2383 962 2466 1013 his
2502 963 2678 1014 causis
2722 978 2854 1030 quas
2885 963 2940 1014 in
2990 961 3320 1032 Pra'fatione

37 1059 574 1125 comprehendimus,
605 1061 889 1114 immensus
918 1061 1064 1113 nobis
1096 1069 1147 1113 et
1184 1055 1570 1112 inextricabilis
1607 1055 1720 1125 (79)
1757 1055 1991 1108 incubuit
2032 1053 2206 1107 labor.
2243 1052 2347 1108 Sed
2380 1053 2656 1108 delectavit
2695 1055 2980 1124 indulsisse
3019 1055 3320 1120 laboribus;

34 1154 77 1205 si
109 1154 272 1204 modo
311 1170 454 1220 non,
486 1163 541 1208 ut
573 1155 627 1207 in
655 1155 776 1209 aliis
805 1157 1004 1224 experti
1035 1170 1245 1218 sumus,
1283 1151 1558 1206 malevolta
1594 1161 1791 1204 mentes
1824 1149 2017 1220 vigiliis
2049 1149 2242 1204 nostris
2269 1150 2614 1205 contumelias
2646 1151 2892 1217 reddant,
2925 1151 2970 1204 si
2998 1167 3101 1204 non
3135 1152 3319 1205 studia

37 1247 550 1311 obtrectationibus,
583 1255 636 1302 et
674 1248 880 1303 labores
921 1257 1321 1302 remunerentur
1359 1245 1594 1299 insidiis.
1626 1241 1838 1297 Novum
1873 1244 2068 1312 quippe
2104 1247 2245 1312 apud
2292 1259 2380 1297 eos
2429 1243 2599 1313 culpa:
2643 1261 2805 1313 genus
2842 1245 3102 1300 subimus.
3153 1247 3319 1298 Aiunt

34 1337 167 1387 enim
225 1338 418 1392 mihi:
451 1337 516 1392 In
565 1340 648 1394 his
688 1357 807 1409 qua!
847 1341 1055 1404 scribis,
1101 1342 1352 1410 quoniam
1399 1339 1633 1408 plurima
1676 1337 1732 1390 in
1771 1338 1845 1390 eis
1875 1339 1952 1389 lui
1997 1337 2169 1405 operis
2221 1336 2505 1400 habentur,
2536 1338 2605 1390 da
2631 1337 2846 1392 titulum
2876 1339 3104 1392 nominis
3137 1339 3237 1404 tui,
3265 1351 3318 1390 et

36 1428 202 1480 scribe
237 1445 256 1481 :
284 1428 480 1497 Ruﬁni
515 1430 652 1502 (80),
684 1433 825 1486 verbi
856 1433 1053 1500 gratia,
1101 1433 1152 1486 in
1191 1432 1486 1501 Epistolam
1532 1430 1600 1482 ad
1638 1426 1906 1483 Romanos
1947 1428 2399 1498 Explanationum
2439 1431 2582 1494 libri,
2613 1430 2750 1483 sicut
2779 1441 2828 1483 et
2873 1432 3019 1500 apud
3050 1442 3316 1496 auctores,

35 1521 312 1588 inquiunt,
357 1525 648 1579 suettlares
683 1541 786 1579 non
809 1526 956 1580 illius
979 1526 1069 1596 qui
1090 1542 1156 1579 ea:
1187 1523 1376 1580 ϐητεο
1405 1524 1696 1578 translatus
1726 1533 1826 1591 est,
1855 1526 1945 1576 sed
1974 1524 2118 1576 illius
2153 1525 2243 1592 qui
2285 1524 2555 1577 transtulit
2579 1540 2767 1578 nomen
2799 1525 2985 1578 titulus
3017 1535 3174 1580 tenet.
3199 1524 3317 1580 Hoc

35 1627 210 1668 autem
240 1627 423 1670 latum
455 1619 584 1672 mihi
620 1620 820 1673 donant
851 1636 954 1672 non
985 1635 1167 1673 amore
1215 1621 1341 1684 mei,
1374 1619 1467 1672 sed
1522 1619 1643 1672 odio
1697 1618 1930 1671 auctoris
1956 1615 2088 1687 (8|).
2136 1616 2325 1671 Verum
2356 1634 2451 1687 ego
2500 1620 2591 1686 qui
2621 1617 2741 1687 plus
2792 1619 3131 1672 conscientia:
3163 1635 3313 1683 mete,

34 1724 189 1776 quam
241 1711 462 1763 nomini
508 1711 688 1780 defero
731 1712 890 1765 etiam
927 1712 974 1764 si
1011 1711 1205 1765 addere
1251 1712 1431 1782 aliqua
1463 1711 1643 1765 videor
1675 1718 1722 1763 et
1765 1707 1974 1774 explere
2008 1725 2129 1778 qua:
2175 1710 2387 1776 desunt,
2425 1717 2519 1762 aut
2552 1709 2786 1764 breviare
2819 1727 2937 1781 qua:
2978 1709 3136 1780 longa
3165 1719 3313 1774 sunt,

36 1798 206 1865 furari
237 1809 431 1854 tamen
464 1801 680 1856 titulum
715 1804 832 1872 ejus
867 1802 957 1873 qui
998 1802 1353 1871 fundamenta
1396 1804 1567 1871 operis
1596 1801 1753 1870 jecit,
1789 1812 1838 1856 et
1883 1803 2223 1854 construendi
2263 1802 2479 1871 wdiﬁcii
2511 1802 2788 1856 materiam
2831 1803 3082 1871 prtebuit,
3114 1812 3316 1857 rectum

36 1909 135 1946 non
160 1908 322 1961 puto.
347 1895 438 1950 Sit
461 1913 590 1952 sane
611 1898 666 1952 in
689 1901 912 1952 arbitrio
939 1899 1159 1969 legentis
1187 1915 1304 1951 cum
1331 1913 1462 1966 opus
1485 1897 1798 1965 probaverit,
1821 1897 1992 1964 aperis
2015 1897 2256 1950 meritum
2281 1897 2364 1949 cui
2388 1894 2512 1949 velit
2539 1896 2820 1951 ascribere.
2842 1895 3010 1950 Nobis
3039 1897 3177 1951 enim
3197 1895 3314 1967 (82)

36 1986 379 2052 propositum
419 1997 493 2042 est
533 2005 636 2042 non
673 1990 920 2054 plausum
955 1991 1260 2060 legentium,
1292 1992 1381 2043 sed
1416 1988 1649 2058 fructum
1697 1989 2090 2058 proﬁcientium
2129 2003 2383 2059 querere.
2415 1986 2543 2042 Post
2565 1987 2661 2042 hoc.
2695 2005 2822 2042 sane
2861 1997 3008 2042 vocat
3045 2005 3138 2042 nos
3180 2003 3314 2054 opus

34 2077 171 2146 quod
205 2079 344 2132 olim
378 2081 593 2150 quidem
627 2083 922 2150 injunctum
969 2094 1068 2147 est,
1101 2088 1190 2136 sed
1220 2099 1359 2136 nunc
1388 2099 1420 2135 a
1461 2082 1609 2136 beato
1638 2080 1935 2135 Gaudentio
1974 2083 2211 2150 episcopo
2249 2080 2603 2134 vehementius
2649 2091 2983 2149 perurgetur,
3027 2078 3313 2136 Clementis

33 2169 234 2224 scilicet
292 2170 537 2227 Romani
575 2175 807 2246 episcopi
859 2175 1221 2244 apostolorum
1289 2176 1495 2230 comitis
1524 2191 1586 2228 ac
1619 2177 1935 2228 successoris
1974 2177 2038 2231 de
2070 2175 2440 2247 Recognitione
2469 2176 2591 2230 libri
2621 2187 2677 2228 ut
2717 2178 2770 2230 in
2797 2175 3046 2232 Latinum
3097 2190 3312 2234 vertan-

33 2271 118 2317 tur
147 2265 292 2336 (85).
330 2265 408 2320 In
438 2282 541 2337 quo
581 2283 732 2336 opere
763 2269 888 2322 bene
920 2271 1038 2324 novi
1069 2269 1211 2340 quod
1241 2269 1476 2323 laborem
1505 2265 1656 2321 labor
1690 2267 2027 2336 multiplicat,
2053 2269 2098 2322 si
2131 2284 2323 2323 sortem
2368 2270 2621 2338 suscipiat
2645 2267 2780 2341 (84).
2808 2269 3154 2340 Satisfaciam
3181 2289 3310 2325 sane

34 2358 86 2412 in
115 2374 178 2412 eo
207 2362 411 2415 amicis
447 2362 573 2415 meis
605 2379 623 2416 :
653 2362 788 2416 dabo
828 2363 982 2416 titulo
1016 2379 1204 2417 nomen
1245 2379 1440 2427 meum,
1488 2362 1724 2415 auctoris
1782 2361 2126 2415 nihilominus
2153 2362 2400 2416 vocabulo
2423 2371 2778 2429 permanente.
2807 2360 2951 2415 Nam
2974 2360 3153 2430 Ruﬁni
3183 2361 3308 2417 Cie--

14 2439 176 2505 'mens
205 2454 487 2508 scribetur
510 2453 645 2525 (85).
681 2453 836 2520 Quod
863 2458 907 2509 si
939 2471 1020 2508 me
1061 2454 1321 2508 Dominus
1367 2451 1584 2520 implere
1631 2450 1952 2518 permiserit,
1981 2451 2160 2504 redibo
2187 2467 2375 2504 rursus
2407 2459 2455 2504 et
2485 2450 2556 2502 ad
2589 2461 2681 2502 tua
2721 2449 3007 2513 desideria,
3039 2463 3094 2502 ut
3137 2451 3215 2504 vel
3255 2452 3312 2506 in

50 2544 452 2610 Numerorum,
483 2546 558 2600 vel
587 2550 643 2600 in
674 2546 1070 2602 Deuteronomii
1093 2547 1282 2611 libros,
1317 2544 1426 2598 Deo
1456 2543 1810 2613 permittente,
1834 2543 2016 2610 aliqua
2047 2543 2286 2596 dicamus
2311 2541 2429 2613 (hoc
2475 2543 2616 2596 enim
2647 2538 2820 2594 solum
2865 2542 3012 2594 nobis
3053 2542 3119 2596 de
3144 2539 3314 2612 Epta-

33 2645 220 2696 teucho
251 2641 430 2714 deest)
455 2641 533 2698 vel
561 2641 626 2697 de
654 2643 866 2711 reliquis
900 2641 1126 2710 apostoli
1161 2639 1318 2694 Pauli
1345 2637 1603 2710 Epistolis
1627 2656 1745 2709 qua:
1767 2653 2068 2708 possumus,
2090 2636 2316 2690 Domino
2347 2635 2624 2706 dirigente,
2645 2636 2902 2690 dictemus
2929 2633 3062 2704 (86).

603 2965 726 3045 (87)
761 2965 873 3027 EX
905 2965 1166 3027 LlBRlS
1195 2961 1572 3024 ORIGENIS
1605 2961 1685 3023 ΙΝ
1720 2961 2184 3024 EPISTOLAM
2211 2961 2320 3023 AD
2350 2960 2726 3023 GALATAS

2989 3239 3000 3268 ι
3049 3226 3070 3252 κ

327 3357 332 3359 _
502 3294 590 3350 Ea:
630 3295 784 3350 initio
825 3295 949 3350 libri
990 3298 1172 3364 primi.
1658 3306 1703 3362 Α
1731 3319 1894 3371 neque
1935 3319 2027 3371 per
2065 3301 2349 3357 hominem.
2397 3299 2454 3356 Si
2499 3300 2645 3356 enim
2681 3300 2846 3356 homo
2888 3299 2990 3355 fuit
3015 3298 3208 3367 Jesus,
3253 3308 3310 3357 et

104 3385 275 3458 690
319 3381 403 3443 Ex
445 3403 512 3444 eo
543 3389 687 3459 quod
717 3389 856 3444 dixit
881 3390 1177 3459 Apostolus
1213 3412 1227 3448 :
1266 3390 1472 3447 Paulus
1501 3409 1629 3463 apo-
1730 3410 1827 3464 per
1871 3394 2048 3464 ipsum
2092 3403 2402 3464 assumptus
2451 3403 2538 3448 est
2578 3393 2630 3447 in
2679 3393 3037 3462 apostolatum
3079 3393 3306 3462 Paulus,

43 3480 201 3535 stolus
236 3499 350 3536 non
382 3482 448 3535 ab
478 3483 814 3546 hominibus,
852 3499 1020 3553 neque
1061 3502 1155 3554 per
1195 3487 1456 3542 hominem
1485 3527 1502 3552 ,
1536 3487 1631 3542 sed

42 3588 127 3640 per
177 3573 379 3630 Jesum
429 3574 700 3629 Christum
739 3577 808 3642 ’⁷,
851 3578 1138 3633 manifeste
1192 3577 1358 3633 datur
1406 3581 1628 3652 intelligi

45 3667 160 3733 quia
193 3683 308 3724 non
342 3675 462 3722 erat
497 3667 660 3722 homo
683 3668 936 3724 Christus
963 3668 1142 3738 Jesus,
1181 3672 1275 3726 sed
1297 3681 1419 3726 erat
1443 3672 1627 3728 divina

45 3768 250 3814 natura.
305 3758 426 3814 Non
462 3759 608 3814 enim
651 3761 696 3815 si
731 3763 895 3817 homo
943 3771 1121 3829 esset,
1155 3763 1389 3821 dixisset
1427 3763 1628 3818 Paulus

47 3845 146 3902 hoc
179 3852 330 3919 quod
364 3852 441 3905 ait
472 3871 485 3906 :
517 3848 726 3908 Paulus
763 3853 1033 3922 apostolus
1065 3870 1169 3908 non
1197 3856 1262 3908 ab
1305 3856 1628 3920 hominibus,

106 3943 149 3974 ’⁷
177 3943 368 4000 Galnt.
397 3961 439 4010 ι,
474 3945 526 4001 1.
592 3983 594 3985 ›

131 4037 222 4109 75)
250 4039 385 4095 Mss.
411 4041 540 4107 duo,
571 4042 648 4096 vel
675 4042 1045 4109 oratiunculis,
1074 4051 1180 4100 etc.

131 4111 221 4186 7_6)
261 4112 397 4186 Mss.
447 4113 554 4168 duo
594 4115 854 4170 omittunt
880 4116 1128 4186 quidem;
1166 4125 1223 4172 et
1256 4115 1460 4171 habent
1491 4130 1615 4170 cum

47 4176 217 4246 editis;
255 4185 479 4236 dictata.

114 4249 224 4323 (7'7)
257 4251 502 4306 Librum.
543 4251 822 4310 Omittitur
849 4255 902 4310 in
942 4256 1198 4313 omnibus
1226 4272 1359 4312 mss.
1391 4257 1614 4321 nostris,

51 4324 134 4370 sed
168 4333 350 4376 exstat
376 4324 426 4375 in
457 4325 635 4378 editis.

1729 3486 1919 3556 utique
1949 3501 2047 3555 per
2067 3487 2342 3541 hominem
2367 3485 2542 3540 iactus
2567 3493 2685 3538 erat
2707 3484 3004 3554 apostolus.
3039 3484 3096 3540 Si
3120 3497 3305 3543 autem

1727 3595 1824 3649 per
1867 3580 2141 3634 hominem
2199 3589 2318 3634 erat
2362 3577 2670 3646 apostolus,
2723 3593 2998 3648 nunquam
3053 3579 3304 3644 dixisset,

1726 3672 1853 3740 quia
1883 3687 2046 3742 neque
2074 3687 2168 3741 per
2199 3670 2461 3724 hominem
2488 3687 2509 3726 :
2541 3671 2633 3726 sed
2675 3671 2960 3726 manifeste
2986 3682 3206 3740 separat
3237 3671 3306 3726 ab

1727 3767 1963 3819 humana
1998 3774 2192 3819 natura
2219 3761 2402 3819 Jesum
2433 3763 2636 3820 Paulus
2672 3779 2768 3834 per
2795 3763 2914 3819 haec
2953 3765 3136 3820 verba.
3183 3764 3302 3820 Non

1723 3859 1869 3912 enim
1917 3856 2195 3912 sullicitei
2237 3857 2443 3912 dixisse
2480 3873 2495 3906 :
2534 3873 2695 3926 neque
2727 3872 2818 3926 per
2852 3856 3160 3923 hominem;
3204 3859 3302 3914 sed

1723 4045 2112 4117 Recognitione.
2138 4047 2582 4119 Recognitionum
2608 4048 2730 4103 libri
2754 4049 3054 4104 etiamnum
3078 4058 3299 4110 exstant

1725 4119 2266 4198 ex_iuterpretati0ne
2293 4120 2501 4184 Ruﬁni;
2530 4121 2624 4175 sed
2645 4121 2905 4175 Clementi
2930 4120 3175 4180 Romano
3201 4124 3296 4179 ab-

1718 4188 2054 4255 iudicantur.

1793 4257 1905 4327 (84)
1928 4257 2038 4329 bis.
2067 4257 2268 4326 Regius
2311 4275 2458 4313 num.
2494 4257 2664 4324 1659,
2693 4260 2833 4329 quod
2882 4260 3111 4315 laborem
3143 4263 3296 4317 labor

1723 4327 2080 4402 multiplicata
2105 4341 2243 4383 sorte
2269 4332 2539 4402 suscipiet.
2577 4331 2686 4384 Sed
2705 4327 2893 4385 caeteri
2923 4347 3053 4388 mss.
3077 4343 3133 4388 et
3160 4335 3293 4389 editi

117 4391 225 4463 (78)
264 4393 408 4446 Editi
434 4432 450 4457 ,
489 4395 797 4464 simpliciter
821 4397 1169 4460 expressimus
1210 4406 1268 4452 ut
1305 4397 1613 4453 invenimus.
1647 4403 1690 4460 Β
1723 4409 1782 4453 ut
1808 4399 1859 4450 in
1881 4391 2062 4452 textu.

55 4455 150 4533 Sed
178 4455 374 4517 omnes
401 4455 528 4517 mss.
557 4455 813 4519 omittunt
839 4455 1213 4533 ea‘pressimus.

109 4531 217 4610 (7A9)
245 4533 386 4610 Etliti
414 4575 430 4599 ,
456 4534 862 4590 ina’stimabilis.
891 4531 1089 4610 Deinde
1111 4554 1210 4594 ms.
1235 4538 1436 4610 Regius
1463 4556 1611 4595 num.

57 4598 208 4661 1639.
235 4616 280 4656 et
313 4598 548 4658 labarent
574 4617 902 4661 remanerent
933 4609 1166 4663 insidiis.

120 4674 227 4746 (80)
257 4673 351 4746 Sic
395 4689 586 4730 omnes
625 4691 754 4730 mss.
792 4679 926 4732 Eiliti
967 4694 1115 4746 vero,
1149 4689 1196 4732 et
1231 4681 1398 4734 scribe
1431 4679 1619 4736 Hiero-

56 4745 206 4819 ξριτιξ.
249 4745 452 4800 Deinde
484 4761 673 4801 omnes
715 4762 848 4804 mss.
882 4747 1113 4815 habent,
1165 4753 1222 4803 in
1255 4749 1499 4819 Epistola
1546 4755 1616 4807 ad

60 4806 332 4877 Romanos,
360 4823 466 4872 etc.

123 4881 227 4956 (βξ)
398 4902 536 4956 tlllllS
575 4886 777 4956 habet,
808 4889 1176 4952 auctoritatis;
1207 4891 1366 4956 alter,
1397 4894 1614 4947 actoris.

121 4953 228 5022 (82)
265 4955 363 5009 Ms.
391 4955 590 5023 Regius
616 4953 770 5012 num.
795 4959 954 5020 1659,
985 4959 1151 5013 Nobis
1181 4953 1379 5026 autem,
1409 4973 1515 5018 etc.

124 5026 229 5101 (85)
263 5027 354 5080 Sic
411 5038 557 5082 recte
589 5044 718 5101 gms.
777 5032 948 5084 codex
999 5027 1202 5101 Regius
1248 5049 1396 5085 num.
1453 5033 1611 5090 1659.

63 5087 186 5174 Eiliti
212 5087 364 5156 'vero.
393 5097 748 5174 apostolorum
778 5101 1007 5174 comitis,
1045 5087 1277 5174 quorum
1304 5103 1425 5172 (aL,
1451 5087 1614 5174 quod)

63 5171 110 5239 ut
142 5169 522 5239 successoribus
558 5171 739 5222 darem
782 5171 1124 5239 cognitionem
1160 5172 1280 5225 libri
1315 5169 1354 5226 'a
1385 5169 1532 5228 nobis
1561 5169 1616 5228 in

63 5226 296 5307 Latinum
364 5250 656 5293 vertuntur.
708 5226 889 5294 Codex
945 5256 1047 5294 ms.
1114 5226 1524 5307 Ebroicensis;
1560 5226 1617 5299 et

63 5312 190 5378 unus
237 5305 436 5378 Regius
485 5326 634 5364 num.
683 5311 856 5375 1640,
893 5311 1249 5376 apostolorum
1307 5305 1513 5368 comitis
1565 5325 1614 5368 et

65 5370 169 5490 ῗΙ..
211 5370 674 5451 ιιι).ἷιιεερεδονωη
694 5421 709 5444 ,
740 5370 867 5434 dare
894 5370 1242 5450 cognitionem
1271 5382 1393 5436 libri
1419 5425 1434 5450 ,
1469 5393 1525 5438 ut
1556 5387 1613 5439 in

105 5444 296 5490 alinum
327 5460 596 5490 moriuntur
648 5450 723 5490 Me
780 5451 977 5490 anine
1014 5468 1139 5490 num
1192 5453 1319 5490 ιΗῖίΙ
1403 5466 1613 5490 nuncin-

105 5444 297 5500 atinum'
327 5460 614 5523 vertuntur.
646 5450 747 5507 Ms.
780 5444 978 5522 Regius
1014 5468 1162 5505 num.
1192 5453 1323 5507 1641
1353 5493 1369 5518 ,
1401 5444 1615 5523 aposto-

64 5507 458 5593 loftsmcomitis
498 5530 548 5576 et
585 5507 900 5593 successoris
937 5523 1067 5576 dare
1105 5507 1452 5592 cognitionem
1484 5507 1613 5593 libri

68 5589 115 5649 με
144 5585 196 5638 in
222 5585 472 5644 Latinum
519 5601 776 5647 vertatur.
823 5592 923 5648 Ms.
954 5593 1122 5647 codex
1155 5585 1509 5649 Vallis-claras
1555 5601 1617 5649 ut

66 5645 112 5703 ι.
133 5664 292 5725 textu,
320 5659 423 5718 nisi
448 5645 589 5734 quod
616 5645 837 5721 sum
854 5645 1516 5741 α’......ωιεοηιτηιῖτιςιῑδ
1547 5645 1611 5721 ᾱ.

1793 4467 2018 4542 (85)
2036 4483 2136 4542 ms.
2156 4467 2706 4542 codexVallis-clam
2727 4479 2782 4524 et
2804 4485 2905 4534 ms.
2924 4471 3122 4542 Regius
3139 4490 3291 4529 num.

1722 4538 2049 4595 1659.‘Etliti
2079 4554 2240 4605 vero,
2280 4540 2421 4593 Nam
2452 4539 2764 4610 Hieronymi
2793 4559 2854 4595 ne
2887 4538 3099 4610 putetur
3119 4586 3132 4607 ,
3167 4545 3294 4598 Cle-

1719 4625 1862 4662 mens
1886 4611 2165 4664 scribetur.
2191 4610 2381 4664 Czeteri
2411 4626 2538 4664 vero
2562 4627 2720 4675 ms»,
2748 4610 2890 4664 Nam
2919 4624 3162 4680 putamus
3183 4614 3296 4670 ille-

1719 4695 1872 4754 mens
1921 4681 2439 4754 scribetur.il)eint_le
2483 4682 2657 4754 ct‘lttl,
2705 4692 2762 4754 et.
2816 4699 2946 4754 mss.
2999 4686 3290 4754 plerique:

1721 4749 1872 4814 Quod
1899 4751 1944 4803 si
1973 4752 2083 4803 huic
2129 4751 2255 4822 mihi
2290 4751 2462 4822 (editi,
2507 4750 2658 4816 Quod
2693 4753 2740 4804 si
2770 4756 2871 4822 me)
2897 4749 3169 4809 Dominus
3190 4757 3293 4808 im-

1716 4822 1858 4886 plere
1896 4821 2208 4888 permiserit,
2248 4821 2532 4874 redibimus
2572 4824 2640 4873 ad
2689 4823 2844 4888 illos,
2893 4833 2940 4876 et
2975 4825 3044 4877 ad
3074 4835 3165 4879 tua
3198 4828 3294 4879 de-

1716 4891 1932 4948 sideria,
1973 4899 2028 4942 ut
2065 4891 2118 4944 in
2161 4890 2535 4952 Numerorum,
2576 4901 2625 4944 et
2673 4893 2746 4957 in,
2793 4906 2898 4947 etc.
2938 4893 3046 4948 Sed
3087 4899 3290 4952 rectius

1718 4975 1820 5013 ms.
1859 4959 2059 5028 Regius
2099 4977 2247 5014 num.
2280 4961 2415 5016 1659
2448 4972 2505 5013 ut
2536 4964 2586 5014 in
2617 4974 2804 5018 nostro
2833 4973 3002 5018 textu.

1791 5029 1899 5100 (86)
1937 5031 2026 5083 Sic
2075 5047 2177 5085 ms.
2226 5032 2426 5099 Regius
2471 5048 2619 5101 num.
2670 5033 2824 5088 1659.
2881 5034 3024 5087 Etliti
3076 5043 3284 5101 autem.

1716 5099 1812 5153 hoc
1847 5099 2452 5177 enim__salum_vobis_de
2479 5100 2834 5157 Peutateucho
2873 5105 2951 5177 vel
2977 5107 3042 5159 de
3072 5099 3286 5177 reliquis

1718 5172 1940 5235 apostoli
1969 5169 2131 5245 Pauli
2161 5171 2416 5245 Epistolis
2450 5189 2568 5242 qua:
2596 5189 2874 5241 possumus
2911 5175 3132 5229 Domino
3167 5169 3285 5245 pro-

1717 5251 1916 5308 tegente
1947 5243 2211 5296 debemus.
2231 5243 2424 5296 Cazleri
2462 5260 2624 5307 mss.,
2660 5245 2756 5297 hoc
2784 5246 2921 5298 enim
2947 5248 3113 5299 solum
3142 5243 3284 5300 vobis

1715 5312 1780 5385 de
1806 5309 2162 5385 Heptateucho
2199 5313 2339 5366 deest
2365 5353 2379 5375 ,
2414 5312 2486 5366 vel
2516 5316 2579 5366 de
2623 5315 2839 5383 reliquis
2872 5318 3098 5385 apostoli
3125 5315 3286 5372 Pauli

1716 5379 2120 5456 Epistolis-qua:
2155 5399 2430 5452 possumus
2465 5386 2596 5455 (ah,
2633 5379 2750 5454 qua}
2775 5386 2820 5438 si
2844 5379 3140 5456 possumus)
3172 5386 3284 5441 Do-

1715 5453 1861 5504 mino
1889 5453 2144 5521 dirigente
2169 5453 2511 5510 dietabintus.

1787 5521 1900 5600 (87)
1927 5523 2220 5600 _l_)_esumpla
2243 5536 2391 5600 _sunt
2429 5525 2545 5600 hinc
2587 5523 2890 5596 fragmenta
2933 5542 3001 5585 ex
3025 5525 3287 5600 Apologia

1714 5589 2003 5664 Paiuphilii
2034 5589 2289 5666 martyris
2316 5609 2408 5664 pro
2444 5589 2692 5668 Origene:
