3744 6146
473 240 614 301 1295

1736 227 2056 284 ORIGENIS
2089 225 2518 286 FRAGMENTA

3568 229 3680 283 19.96

473 355 674 424 adjecit
695 354 881 408 dicens
905 368 919 406 :
944 350 1034 404 sed
1054 366 1146 420 per
1163 351 1347 404 Iesum
1366 351 1654 405 Christum.
1677 350 1845 418 Quem
1871 350 2053 420 utique
2082 351 2125 407 Α
2157 346 2475 416 pmpensius
2511 353 2786 414 appetens.
2817 343 2873 397 Si
2911 353 3088 398 autem
3118 347 3243 414 quis
3271 343 3554 400 violentius
3582 349 3682 402 velit

473 451 598 520 quia
629 449 834 504 sciebat
870 446 1276 500 excellentioris
1320 460 1441 500 esse
1479 453 1721 509 naturas,
1758 452 2045 514 propterea

476 557 537 596 se
567 539 708 594 dixit
738 552 842 592 non
881 546 1218 604 assumptum
1254 550 1376 590 esse
1408 550 1504 605 per
1533 535 1826 590 hominem.

475 653 561 707 Ea:
612 651 942 720 sequentibus
993 649 1114 702 libri
1165 649 1330 716 ipsius
1377 649 1432 702 in
1475 649 1628 701 illum
1676 646 1987 720 versiculum
2023 662 2042 701 :

551 743 571 775 ‹
599 718 800 776 Notum
837 732 1008 773 autem
1051 720 1190 772 vobis
1232 720 1397 788 facio,
1443 720 1660 785 fratres,
1697 718 2042 786 Evangelium

543 795 684 861 quod
721 792 1003 860 prmdicavi
1038 791 1200 861 vobis,
1230 789 1478 861 quoniam
1507 805 1606 861 non
1645 801 1718 840 est
1753 789 2040 840 sacrandum

546 859 808 918 hominem
838 877 855 912 :
896 875 1059 927 neque
1095 860 1233 912 enim
1284 862 1347 911 ah
1399 859 1605 910 homine
1654 865 1827 927 accepi
1871 860 2040 922 illud,

544 939 634 988 sed
673 950 763 1002 per
795 931 1155 985 reuelationem
1185 930 1310 984 Jesu
1342 928 1543 984 Christi
1567 929 1631 982 ’⁸.
1658 947 1678 980 ι

543 1047 779 1102 Adverte
829 1059 959 1113 ergo
1012 1043 1140 1112 quid
1193 1041 1415 1107 scribit,
1474 1043 1599 1111 quia
1652 1045 2045 1098 convenienter

473 1141 598 1208 quis
622 1149 677 1195 et
719 1139 833 1193 haec
859 1135 1155 1204 adjungens
1191 1135 1460 1205 prioribus
1492 1135 1792 1202 intelligere
1821 1135 2040 1200 pulerit,

472 1241 528 1288 et
563 1233 849 1286 ostendere
880 1231 962 1284 his
1004 1227 1094 1298 qui
1148 1237 1348 1297 negant
1375 1227 1628 1279 deitatem
1661 1224 1784 1280 Jesn
1816 1226 2038 1286 Christi.

471 1326 566 1379 sed
596 1322 867 1377 hominem
899 1336 1018 1375 eum
1049 1319 1219 1372 solum
1252 1319 1625 1388 pronuntiant,
1653 1319 1794 1386 quod
1823 1334 1928 1370 non
1956 1328 2040 1372 est

468 1416 656 1477 homo,
681 1413 773 1466 sed
801 1414 959 1476 Deus,
991 1410 1086 1463 Dei
1113 1407 1277 1462 Filius
1300 1407 1455 1462 .Iesus
1475 1409 1741 1462 Christus.
1779 1407 1868 1461 Sic
1893 1410 2038 1462 euim

469 1506 602 1561 dicit
630 1504 964 1573 Apostolus:
1011 1501 1150 1567 Quia
1208 1497 1551 1570 Evangelium
1599 1503 1736 1569 quod
1779 1503 2040 1570 evangeli-

467 1599 583 1653 savt'
621 1599 782 1661 vobis,
827 1611 932 1650 non
959 1603 1038 1649 est
1065 1595 1350 1648 secundum
1393 1595 1675 1659 hominem,
1711 1595 1803 1647 sed
1841 1611 2036 1648 seruu-

469 1691 593 1746 dum
621 1689 804 1743 Jesnm
833 1687 1128 1741 Christum.
1158 1685 1451 1739 Evidenler
1478 1700 1608 1753 ergo
1643 1687 1879 1740 ostendit
1909 1687 2032 1754 quia
2068 1693 2109 1748 Β

467 1781 720 1836 Christus
758 1779 913 1834 Jesus
963 1793 1065 1830 non
1117 1785 1200 1831 est
1247 1777 1452 1831 homo:
1490 1779 1532 1831 si
1579 1786 1758 1831 autem
1805 1793 1911 1831 non
1951 1785 2036 1833 est

466 1875 652 1938 homo,
692 1873 806 1925 sine
837 1872 1000 1926 dubio
1028 1870 1170 1925 Deus
1201 1881 1320 1935 est;
1362 1871 1469 1924 imo
1496 1885 1600 1923 non
1628 1870 1772 1924 aliud
1801 1872 1905 1924 erit
1932 1871 2033 1925 nisi

467 1963 610 2018 Deus
638 1974 694 2018 et
740 1967 920 2018 homo.
971 1962 1036 2015 Et
1074 1963 1271 2016 iterum
1317 1961 1362 2015 si
1402 1976 1590 2013 verum
1621 1972 1702 2014 est
1733 1965 1876 2031 quod
1906 1963 2035 2017 dicit

467 2055 704 2121 Paulus,
756 2056 882 2125 quia
932 2071 1033 2108 non
1073 2055 1138 2106 ab
1179 2055 1388 2107 homine
1420 2055 1633 2119 accepit
1664 2053 2032 2123 Evangelium,

465 2150 558 2202 sed
599 2165 690 2215 per
732 2149 1101 2202 reuelationem
1124 2145 1254 2200 Jesu
1285 2145 1512 2204 Christi.
1544 2157 1749 2200 certum
1797 2157 1879 2202 est
1908 2148 2033 2214 quia

466 2239 626 2295 Jesus
653 2242 901 2295 Christus
927 2239 1018 2308 qui
1049 2238 1344 2303 revelavit,
1396 2239 1518 2308 plus
1544 2254 1706 2307 quam
1743 2241 1902 2292 homo
1930 2251 2028 2294 est.

466 2332 716 2386 Alienum
749 2341 833 2386 est
877 2333 1021 2384 enim
1055 2331 1122 2384 ab
1163 2329 1379 2384 homine
1422 2330 1662 2384 revelare
1692 2345 1812 2400 qum
1855 2333 1906 2384 in
1941 2347 2035 2385 oe-

465 2425 614 2480 Culto
635 2432 778 2486 sunt,
805 2435 856 2477 et
883 2423 1055 2476 velata
1088 2431 1215 2476 sunt
1244 2441 1257 2477 :
1294 2422 1437 2490 quod
1471 2421 1633 2476 etiam
1663 2423 1706 2476 si
1747 2423 2034 2490 aliquando

464 2530 562 2584 per
589 2517 858 2570 hominem
893 2514 982 2566 fiat
1004 2554 1018 2578 ,
1045 2529 1151 2567 non
1182 2521 1359 2566 tamen
1385 2512 1452 2565 ab
1483 2513 1696 2568 homine
1724 2515 1817 2578 sit,
1849 2519 1939 2569 sed
1966 2519 2032 2568 ab

466 2623 531 2662 eo
561 2607 647 2677 qui
687 2605 740 2660 itt
772 2607 986 2660 homine
1021 2605 1259 2674 loquitur
1282 2603 1552 2659 Christus.

1019 2717 1084 2772 Et
1119 2721 1173 2774 in
1211 2720 1316 2774 alio
1344 2719 1480 2776 loco.

534 2830 941 2901 Adjungeudum
978 2839 1060 2883 est
1085 2829 1247 2882 etiam
1279 2828 1408 2882 illud
1441 2829 1526 2882 his
1549 2845 1669 2899 qua:
1699 2845 1859 2898 supra
1893 2831 2031 2886 dixi-

466 2942 616 2986 mus,
667 2923 920 2993 quoniam
968 2936 1166 2990 corpus
1191 2923 1392 2978 Christi
1431 2938 1534 2976 non
1575 2934 1692 2977 erat
1724 2925 1954 2978 alienum
1999 2939 2027 2978 a

2150 440 2420 494 allirmsre
2448 440 2569 493 ideo
2610 440 2720 491 inec
2747 439 2890 491 dicta
2919 453 3060 501 esse,
3093 438 3215 504 quia
3261 453 3356 506 per
3383 438 3682 503 phantasiam

2147 531 2514 585 tnauducabat
2537 572 2552 596 ,
2603 538 2656 584 et
2691 529 2764 584 illi
2805 531 3073 597 quomodo
3103 529 3156 582 id
3199 527 3353 582 fleret
3384 529 3682 594 nesciebant,

2147 621 2579 688 respondendum
2615 628 2698 675 est
2732 619 2800 674 ad
2831 634 2894 673 ea
2930 636 2996 674 ex
3035 621 3120 673 his
3159 636 3280 690 qua:
3313 622 3426 688 ipse
3464 619 3684 674 Dominus

2147 719 2277 772 dixit
2307 719 2393 773 ’δε
2439 717 2591 770 Venit
2620 716 2854 772 Joannes
2889 719 3125 787 Baptista
3165 734 3328 786 neque
3366 718 3681 780 mandaram,

2149 830 2308 881 neque
2340 813 2551 872 bibens,
2591 823 2638 866 et
2683 812 2867 864 dicunt
2904 827 2922 864 :
2971 809 3299 863 Dmmonium
3344 808 3517 861 habet.
3559 807 3681 860 Venit

2149 905 2319 957 Filius
2369 904 2599 958 hominis
2643 905 2970 956 manducnns
3022 910 3070 955 et
3127 902 3338 964 bibens,
3390 908 3439 952 et
3492 899 3681 952 dicunt:

2145 995 2280 1050 Ecce
2317 996 2469 1050 homo
2517 998 2793 1050 devorator
2838 1005 2884 1047 et
2934 997 3110 1047 vinum
3161 991 3362 1045 bibens.
3411 990 3528 1058 Ipso
3564 994 3681 1042 enim

2145 1089 2425 1140 Salvatore
2461 1088 2674 1140 dicente
2705 1086 2829 1155 quia
2862 1087 2996 1138 venit
3027 1081 3204 1136 Filius
3230 1085 3460 1136 hominis
3490 1084 3686 1135 mntth

2142 1195 2267 1232 cans
2297 1190 2344 1231 et
2394 1179 2569 1231 bibens
2595 1217 2610 1242 ,
2655 1176 2924 1246 quomodo
2972 1189 3135 1228 ausus
3175 1184 3260 1228 est
3302 1174 3501 1242 aliquis
3535 1174 3686 1229 direre

2143 1283 2316 1337 neque
2347 1268 2702 1321 manducasse
2725 1281 2869 1330 eum,
2903 1280 3075 1334 neque
3105 1265 3338 1320 bibisse?
3373 1266 3505 1331 Qua:
3530 1270 3684 1333 utique

2143 1358 2431 1415 manifesta
2467 1359 2816 1414 incredulitas
2857 1368 2943 1412 est
2983 1357 3238 1412 doctrina:
3271 1358 3409 1427 ejus.
3447 1355 3504 1411 Si
3532 1367 3683 1414 autem

2142 1449 2500 1504 manducabat
2520 1460 2576 1504 et
2598 1449 2836 1512 bibebat,
2855 1461 2910 1501 et
2929 1446 3228 1503 substantia
3258 1448 3365 1500 viui
3392 1458 3552 1516 atque
3571 1464 3684 1502 esrtc

2141 1544 2194 1598 in
2212 1559 2434 1597 carnem
2453 1542 2570 1612 ejus
2590 1540 2939 1604 efﬁciebatur,
2960 1542 3078 1595 sine
3098 1542 3258 1595 dubio
3279 1557 3376 1608 per
3393 1555 3576 1594 omnes
3589 1555 3683 1595 ror-

2139 1636 2296 1708 691
2331 1636 2474 1704 poris
2494 1636 2609 1704 ejus
2630 1649 2914 1704 compages
2933 1649 2997 1688 ac
3016 1635 3380 1688 membrorum
3405 1634 3686 1703 perplexiu-

2138 1745 2235 1782 nes
2262 1728 2688 1780 diffundebatur.
2723 1725 3038 1794 Spiritalem
3067 1727 3211 1779 enim
3257 1735 3504 1779 naturam
3535 1728 3683 1794 (sicut

2137 1820 2355 1889 quidam
2402 1819 2471 1873 de
2520 1815 2638 1884 ejus
2680 1830 2908 1885 corpore
2955 1818 3216 1879 sentiunt,
3267 1818 3410 1886 quod
3464 1818 3685 1885 imperite

2135 1913 2271 1966 satis
2299 1921 2355 1966 et
2383 1911 2616 1965 absurde
2642 1910 2885 1981 faciunt)
2922 1909 3259 1978 impossibile
3297 1920 3380 1963 εει
3413 1910 3522 1962 vini
3545 1922 3682 1975 atque

2134 2016 2274 2056 escze
2329 2003 2568 2070 recipere
2607 2001 2994 2056 substantiam.
3029 2001 3085 2054 Si
3129 2015 3258 2053 vero
3292 2001 3413 2068 quis
3456 2000 3682 2068 indignas

2133 2096 2508 2164 obscenasque
2543 2093 2612 2148 ad
2653 2096 2768 2148 haec
2804 2092 3050 2162 proferat
3084 2093 3496 2160 inquisitiones,
3530 2093 3682 2160 requi-

2135 2201 2261 2240 rens
2303 2187 2345 2239 si
2389 2186 2553 2238 etiam
2585 2184 2915 2253 digestiones
2951 2185 3001 2236 in
3032 2197 3260 2251 corpore
3293 2181 3530 2246 fiebant;
3576 2182 3682 2241 [hil

2135 2280 2426 2330 absurdum
2464 2277 2678 2329 videtur
2717 2277 2876 2330 fateri
2925 2276 3218 2329 secundum
3255 2277 3681 2341 consequentiam

2135 2381 2342 2424 naturae
2369 2383 2665 2438 corporem.
2715 2369 2772 2422 Si
2823 2383 2952 2422 vero
2989 2369 3149 2420 etiam
3180 2367 3446 2430 exemplis
3485 2382 3513 2418 a
3549 2369 3684 2422 uobis

2134 2464 2237 2518 hoc
2263 2464 2485 2531 exigant
2514 2461 2794 2528 aﬂirmari,
2837 2461 3234 2515 ostendendum
3263 2470 3347 2513 est
3394 2460 3526 2513 illos
3568 2466 3686 2512 satis

2135 2556 2249 2609 lucc
2281 2554 2598 2623 insipienter
2647 2553 2949 2616 inquirere.
3009 2550 3110 2606 Ubi
3159 2551 3303 2605 enim
3350 2549 3462 2603 ista
3521 2552 3597 2603 vel
3634 2552 3686 2603 de

2134 2645 2410 2714 apostolis,
2449 2644 2534 2699 vel
2567 2645 2635 2699 de
2691 2646 2901 2699 celeris
2946 2643 3154 2698 sanctis
3197 2641 3340 2696 facta
3384 2658 3514 2696 esse
3564 2641 3685 2696 reie-

2133 2751 2348 2818 runtur,
2404 2741 2490 2796 vel
2526 2741 2692 2796 etiam
2734 2742 2802 2796 de
2856 2741 3035 2810 impiis
3087 2750 3142 2792 et
3183 2739 3586 2809 peccatoribus,
3631 2752 3686 2790 ex

2131 2834 2428 2892 abundanti
2462 2835 2530 2889 de
2556 2847 2621 2889 eo
2653 2835 2976 2903 requiritur.
3024 2831 3130 2887 Sed
3171 2842 3224 2885 et
3267 2829 3687 2884 circumcisionis

2131 2928 2248 2998 ejus
2271 2928 2412 2982 ratio
2440 2925 2592 2982 nobis
2631 2927 2848 2995 quidem
2886 2941 2990 2979 non
3040 2924 3323 2994 generabit
3368 2922 3683 2990 angustiam,

465 3029 680 3071 terrena
731 3016 1027 3069 substantia
1077 3015 1370 3068 secntniuin
1417 3015 1518 3068 hoc
1569 3017 1712 3084 quod
1760 3016 1898 3070 filius
1947 3027 2026 3070 est
2055 3038 2098 3096 α
2132 3021 2436 3076 dicentibus
2485 3033 2608 3073 eum
2649 3028 3047 3086 consequenter
3097 3018 3332 3069 humano
3379 3028 3612 3083 corpore
3643 3022 3686 3064 et

463 3108 631 3163 David
657 3146 671 3169 ,
714 3115 765 3161 et
793 3106 931 3159 filius
963 3105 1234 3159 Abraham
1262 3147 1277 3170 ,
1324 3106 1462 3159 sicut
1492 3107 1679 3160 scribit
1709 3108 1985 3162 Matthmus
2011 3126 2024 3162 :

457 3197 617 3252 Liber
646 3197 994 3266 generationis
1016 3195 1144 3249 Jesu
1169 3195 1365 3249 Christi
1393 3197 1491 3265 filii
1520 3196 1708 3261 David,
1732 3198 1833 3266 ﬁlii
1857 3201 2028 3252 Abra-

459 3289 581 3343 ham
603 3290 647 3321 ⁸⁸
684 3305 697 3342 :
731 3298 786 3342 et
816 3289 956 3342 sicut
987 3288 1181 3342 l'attlus
1207 3289 1360 3350 dicit.
1389 3289 1660 3342 Christum
1691 3305 1812 3345 eSs'e
1847 3306 1912 3345 ex
1942 3307 2028 3346 se-

459 3381 606 3437 mine
636 3383 908 3435 Abraham
953 3393 1006 3432 et
1041 3397 1105 3434 ex
1136 3381 1341 3434 semine
1373 3380 1540 3433 David
1575 3381 1870 3434 secundum
1907 3397 2026 3435 car-

458 3489 582 3527 nem
605 3472 670 3526 '°.
701 3471 852 3537 Quod
893 3486 1024 3542 ergo
1069 3471 1269 3526 dictum
1314 3481 1432 3534 est,
1482 3473 1609 3540 quia
1651 3475 2024 3528 consummatis

458 3565 810 3637 quadraginta
845 3562 1026 3616 diebus
1048 3563 1267 3632 jejunii,
1303 3573 1348 3616 et
1379 3565 1732 3633 quadraginta
1764 3567 2022 3632 noctibus,

457 3672 638 3731 postea
664 3660 850 3714 esuriit
874 3660 942 3726 ",
985 3660 1104 3714 sine
1135 3661 1295 3715 dubio
1325 3663 1427 3715 hoc
1460 3660 1696 3725 indicat,
1728 3665 1869 3731 quod
1899 3678 2024 3717 eva-

457 3754 608 3808 cuari
637 3760 688 3807 et
734 3752 929 3821 repleri
961 3752 1212 3807 similiter
1240 3760 1299 3806 ut
1339 3767 1568 3822 corpora
1604 3763 1788 3807 nostra
1825 3753 2021 3819 solent,

454 3846 622 3900 etiam
669 3843 813 3898 illius
850 3851 1059 3914 poterat
1097 3859 1315 3914 corpus.
1368 3843 1424 3898 Si
1467 3859 1594 3898 vero
1641 3846 1762 3912 quis
1803 3844 2022 3914 objiciat

455 3936 613 3992 nobis
653 3935 813 4006 hujus
843 3935 1088 3990 miraculi
1120 3937 1382 3991 rationem
1415 3935 1481 3989 de
1520 3937 1879 4007 quadraginta
1907 3939 2023 3992 die-

460 4046 576 4084 rum
598 4029 827 4099 jejunio,
854 4027 1011 4083 facile
1037 4028 1170 4083 solvi
1200 4038 1370 4098 potest
1395 4043 1517 4083 cum
1545 4030 1836 4107 adhibetur
1855 4034 2019 4088 etiam

456 4121 585 4176 illud
628 4121 930 4189 exemplum
970 4121 1035 4174 de
1074 4120 1255 4190 Moyse
1295 4133 1348 4175 et
1389 4121 1504 4176 Elia
1531 4122 1598 4187 ³³,
1641 4125 1730 4192 qui
1764 4118 2022 4181 'similiter

456 4215 738 4296 pertulisse
777 4211 1038 4280 jejunium
1081 4211 1408 4266 referuntur.
1451 4214 1556 4269 Sed
1588 4226 1643 4269 et
1676 4215 1841 4281 illud,
1879 4220 2020 4288 quod

455 4305 666 4360 itineris
711 4313 767 4359 et
807 4314 972 4359 aestus
1001 4303 1185 4359 labore
1210 4303 1470 4374 fatigatus
1501 4308 1696 4362 sedens
1726 4325 1888 4379 super
1921 4327 2019 4380 pu-

2128 3112 2504 3168 circumcisum
2522 3124 2666 3175 esse,
2696 3119 2751 3164 et
2779 3107 3103 3178 praeputium
3131 3105 3246 3173 ejus
3275 3117 3438 3159 terrae
3479 3103 3684 3157 inauda-

2130 3213 2240 3258 tum
2281 3202 2524 3257 fortassis
2566 3191 2739 3266 usque
2779 3201 2846 3254 ad
2879 3210 3124 3268 tempus;
3171 3208 3262 3251 aut
3303 3197 3350 3253 si
3398 3197 3566 3250 aliter
3593 3204 3684 3256 est,

2132 3297 2184 3350 in
2238 3297 2339 3348 alia
2399 3293 2770 3365 disputatione
2813 3293 3148 3362 requiretur.
3200 3289 3325 3344 Haec
3355 3298 3540 3343 tamen
3585 3289 3686 3358 ejus

2127 3385 2467 3438 circumcisio
2502 3385 2633 3437 satis
2683 3383 3066 3453 c0angustabit
3116 3396 3210 3435 eos
3240 3380 3333 3450 qui
3379 3395 3449 3434 ex
3487 3380 3689 3434 diverso

2125 3487 2270 3532 sunt.
2310 3477 2567 3544 Spit‘itale
2611 3476 2755 3528 cnim
2787 3489 2986 3541 corpus
3021 3473 3294 3543 quomodo
3325 3483 3546 3541 poterat
3595 3473 3690 3523 cir-

2124 3570 2361 3624 cumcidi
2389 3570 2534 3624 ferro
2573 3568 2826 3622 terreno?
2870 3567 3100 3634 Propter
3141 3567 3283 3635 quod
3312 3580 3420 3618 non
3459 3567 3688 3618 erubue-

2125 3673 2251 3717 runt
2297 3661 2519 3728 quidam
2562 3675 2626 3713 ex
2674 3657 2804 3726 ipsis
2846 3659 2911 3713 de
2945 3657 3210 3727 przeputio
3258 3655 3688 3710 circumcisionis

2121 3754 2236 3823 ejus
2262 3755 2424 3809 etiam
2453 3752 2621 3806 libros
2657 3753 2836 3817 elere,
2865 3753 3067 3821 quibus
3095 3752 3381 3805 ostendere
3429 3764 3688 3803 conaren—

2124 3857 2214 3902 tur
2254 3846 2396 3915 quod
2447 3847 2499 3899 in
2545 3843 2906 3899 substantiam
2945 3843 3170 3898 cesserit
3205 3841 3536 3910 spiritalem.
3580 3838 3684 3892 Non

2124 3940 2302 3994 minus
2327 3947 2506 3992 autem
2533 3938 2964 4006 angustabuntur
3000 3936 3166 3989 etiam
3197 3935 3277 3989 illi
3313 3935 3406 4004 qui
3458 3933 3683 3986 animaie

2122 4046 2320 4103 corpus
2351 4033 2537 4086 dicunt
2561 4046 2682 4086 esse
2709 4043 2909 4098 corpus
2939 4027 3168 4084 Christi.
3215 4026 3323 4081 Sed
3367 4035 3424 4080 et
3459 4026 3528 4080 de
3572 4040 3684 4077 sau-

2121 4128 2281 4197 guine
2335 4125 2454 4194 ejus
2509 4134 2563 4179 et
2611 4137 2748 4193 aqua
2804 4136 2925 4190 qua:
2961 4121 3222 4189 processit
3261 4119 3328 4172 de
3376 4118 3552 4171 latere
3575 4116 3681 4179 ejus

2121 4220 2278 4275 basta
2309 4224 2633 4286 compuncto
2664 4230 2692 4268 a
2725 4213 2894 4268 milite
2923 4211 2991 4278 ³⁵,
3025 4213 3210 4269 eadem
3235 4211 3517 4264 sentienda
3548 4214 3684 4258 sunt.

2123 4311 2230 4366 Sed
2283 4311 2372 4364 his
2418 4312 2510 4377 qui
2554 4309 2736 4362 sciunt
2789 4305 2917 4372 quid
2963 4303 3216 4357 audiatur
3251 4317 3348 4372 per
3389 4302 3492 4354 hoc
3549 4302 3679 4367 quod

454 4403 598 4448 teum
646 4395 939 4464 requiescit
967 4403 1024 4449 et
1067 4394 1183 4447 sitit
1205 4394 1272 4460 ³³,
1312 4396 1442 4464 quid
1483 4397 1628 4451 aliud
1678 4377 1878 4453 indicat
1914 4377 2015 4456 nisi
2048 4377 2341 4464 I)dicitur,
2374 4402 2500 4469 quia
2544 4399 2731 4452 fixura:
2789 4395 3062 4450 clavorum
3105 4403 3262 4449 erant
3304 4394 3358 4447 in
3408 4393 3525 4462 ejus
3569 4409 3679 4445 cor-

450 4499 742 4540 nervorum
791 4484 1136 4555 fatigatione,
1187 4495 1242 4538 et
1275 4486 1406 4540 solis
1450 4487 1646 4541 ardore
1693 4489 1861 4544 nimio
1902 4492 2016 4546 ele-

451 4585 693 4630 mentum
726 4577 975 4647 corporei
1005 4577 1249 4634 humoris
1293 4577 1631 4649 absumptum
1656 4581 1680 4635 ?
1706 4583 1856 4648 Quod
1884 4599 2013 4640 vero

452 4669 508 4723 in
539 4669 854 4724 melioribus
881 4679 1180 4739 occupatus
1212 4670 1315 4726 hoc
1355 4671 1501 4742 quod
1540 4671 1726 4728 bibere
1768 4675 2013 4730 voluerat

453 4760 659 4816 distulit
692 4776 792 4814 nec
819 4759 978 4825 bibit,
1007 4775 1111 4815 non
1142 4775 1428 4832 pr0pterea
1457 4764 1738 4820 dicendum
1772 4777 1856 4822 est
1887 4769 2014 4836 quia

449 4867 628 4924 neque
658 4867 849 4922 passus
879 4861 962 4908 est
993 4855 1158 4913 sitim.
1191 4857 1296 4912 Sed
1326 4866 1380 4911 et
1415 4856 1541 4912 illud
1573 4861 1713 4929 quod
1755 4857 2009 4930 frequen-

450 4954 535 4999 ter
575 4960 673 5014 per
701 4958 886 4998 cmnas
927 4957 1187 5011 vocatur,
1239 4957 1293 5002 et
1341 4949 1395 5002 in
1437 4961 1730 5019 conSpectu
1767 4955 2006 5008 omnium

447 5034 743 5090 manducat
775 5042 829 5087 et
862 5033 1026 5101 bibit,
1055 5052 1158 5089 non
1188 5038 1459 5108 decipiens
1493 5040 1573 5094 vel
1603 5041 1791 5097 fallens
1822 5045 2008 5099 oculos

448 5127 747 5183 videntium
781 5125 946 5188 facit,
992 5143 1168 5197 neque
1209 5133 1482 5196 putative,
1515 5143 1573 5186 ut
1612 5135 1830 5202 quidam
1860 5137 2010 5190 arbi-

451 5228 682 5286 trantur,
710 5218 826 5273 haec
856 5217 1012 5288 gerit,
1044 5221 1278 5276 maxime
1317 5237 1438 5276 cum
1470 5223 1540 5276 ita
1567 5239 1801 5280 sumeret
1829 5228 2008 5283 cibum

447 5326 512 5366 ac
546 5322 770 5382 potum,
802 5319 861 5365 ut
900 5325 938 5364 ai
967 5313 1282 5380 quibusdam
1323 5316 1485 5369 etiam
1526 5319 1680 5386 quasi
1729 5333 1826 5387 pro
1872 5337 2009 5389 prte-

445 5404 757 5474 sumptione
782 5403 947 5457 nimia
979 5403 1318 5472 culparetur,
1345 5407 1491 5461 velut
1519 5409 1696 5463 cibum
1727 5426 1790 5464 ac
1821 5421 2008 5471 potum

532 5565 578 5597 "
603 5565 779 5620 Galat.
814 5581 849 5629 I,
885 5567 972 5629 Η,
998 5567 1083 5621 12.
1152 5570 1196 5601 ’θ
1223 5568 1412 5626 Matth.
1446 5589 1486 5629 ι.
1519 5572 1570 5624 Ι.

445 5634 551 5706 287;
591 5636 657 5689 lll
685 5637 821 5705 Reg.
846 5653 956 5692 XIX.
987 5640 1040 5692 8.
1117 5639 1163 5671 ³³
1191 5639 1344 5694 Joan.
1377 5657 1450 5706 Iv,
1482 5641 1536 5699 6.
1561 5643 1615 5695 '7.

430 5704 489 5777 ,³⁷
516 5704 790 5779 Joauqn,
811 5708 900 5774 27;
926 5709 1115 5766 Matth.
1151 5725 1298 5780 xxvr,
1327 5704 1444 5766 58.‘
1491 5712 1537 5745 ³⁸
1565 5712 1736 5768 Marc.
1766 5727 1871 5780 λιν,
1906 5713 1993 5769 58.

1647 5571 1690 5602 ⁸ο
1717 5570 2146 5634 Gaiat.ttt,16:
2210 5569 2367 5624 Rom.
2394 5585 2434 5625 ι.
2484 5569 2539 5625 3.

1692 5642 1743 5700 ³⁸.
1769 5642 1959 5696 Matth.
1993 5658 2067 5703 XI,
2097 5642 2184 5700 18.
2220 5643 2307 5694 t9.

2050 5713 2119 5787 f’
2147 5711 2315 5768 Marc.
2344 5726 2424 5777 Iv,
2463 5711 2552 5767 '58.

2115 4506 2246 4562 pore
2273 4490 2341 4554 ³⁸,
2389 4489 2678 4544 manifeste
2721 4489 3032 4544 declaratur
3070 4489 3193 4555 quia
3241 4502 3372 4539 caro
3417 4499 3533 4539 erat
3573 4498 3674 4537 ter-

2113 4597 2266 4647 rena,
2290 4582 2341 4636 id
2361 4591 2446 4636 est
2477 4582 2728 4636 humana:
2762 4588 2973 4633 natura:
3005 4595 3018 4630 :
3049 4593 3168 4644 qua:
3195 4578 3382 4647 utique
3423 4592 3525 4630 non
3568 4585 3676 4628 erat

2123 4674 2265 4739 talis,
2321 4682 2382 4728 ttt
2431 4673 2866 4742 recipiendorum
2931 4668 3216 4723 vulnerum
3287 4668 3674 4735 subterfugervt

2117 4767 2462 4836 qualitatem.
2484 4767 2645 4833 Quid,
2672 4767 2715 4820 si
2744 4781 2848 4819 non
2875 4763 3039 4818 etiam
3060 4761 3220 4815 multa
3251 4761 3497 4812 humanm
3532 4757 3674 4809 inﬁr-

2117 4859 2396 4913 mitatisin
2432 4860 2549 4928 ipsa
2586 4869 2758 4912 morte
2780 4857 3064 4920 sensisset,
3096 4853 3275 4906 anima
3313 4848 3672 4920 perturbatur,

2109 4961 2167 5006 et
2204 4951 2374 5007 tristis
2409 4960 2494 5006 est
2545 4965 2643 5018 pro
2679 4965 2744 5004 ea
2796 4963 2970 5018 usque
3014 4947 3080 5000 ad
3140 4955 3371 4999 mortem
3410 4943 3492 4994 "‘2
3549 4941 3670 5006 Qum

2110 5045 2292 5098 omnia
2325 5044 2608 5098 evidenter
2630 5039 3077 5107 ostenduntquod
3107 5053 3208 5091 non
3232 5036 3386 5094 falso.
3413 5035 3500 5089 sed
3522 5034 3671 5101 quasi

2115 5136 2278 5190 homo
2305 5133 2504 5187 dixerit
2533 5145 2550 5184 :
2583 5129 2815 5198 Spiritus
2858 5129 3068 5199 quidem
3119 5136 3391 5195 promptus
3430 5133 3523 5181 est,
3556 5135 3670 5171 raro

2115 5237 2287 5281 autem
2313 5224 2614 5296 inﬁrma”.
2642 5223 2842 5276 Eadem
2873 5218 3228 5274 nihilominus
3257 5214 3491 5270 ostendit
3512 5212 3668 5265 etiam

2117 5321 2290 5372 somni
2322 5319 2479 5378 ratio,
2516 5329 2641 5369 cum
2676 5313 2899 5377 dicitur,
2929 5311 3053 5380 quia
3099 5320 3211 5362 erat
3249 5309 3305 5360 in
3335 5303 3487 5373 puppi
3521 5317 3671 5368 super

2115 5411 2336 5465 ceruical
2372 5408 2638 5462 dormiens
2691 5406 2760 5469 ³⁸,
2809 5405 2948 5459 sicut
2995 5401 3208 5456 Marcus
3255 5397 3441 5460 refert,
3500 5403 3560 5449 et
3607 5394 3672 5443 al.

2617 5569 2660 5601 ³¹
2719 5568 2907 5622 Matth.
2959 5583 3033 5623 tv.
3074 5565 3128 5622 9.
3206 5563 3252 5597 ³⁸
3284 5560 3453 5617 Exod.
3482 5574 3671 5618 mm.

2419 5641 2463 5672 ³⁵
2497 5639 2654 5694 Joan.
2688 5655 2804 5706 nx,
2831 5639 2921 5692 54.
2997 5637 3042 5668 ³⁸
3087 5636 3252 5692 Joan.
3305 5650 3399 5701 xx,
3443 5633 3511 5688 25
3551 5648 3664 5699 seq.
