3744 6146
32 357 148 416 ΒἮ
921 355 988 409 ΙΝ
1023 353 1415 410 EPlSTOLAM
1449 353 1469 409 Ι
1508 402 1510 409 λ

1772 355 2348 414 SSALONICENSES.
3106 357 3246 415 1298

29 473 226 530 homine
249 471 547 528 suscitatur
567 485 597 524 a
624 483 836 526 somno.
869 470 992 526 Haec
1013 473 1158 527 enim
1184 473 1308 527 licet
1340 473 1576 527 habeant
1603 482 1649 538 Α
1679 484 1858 531 tamen
1907 486 2114 533 certum
2160 486 2244 532 est
2289 476 2452 530 etiam
2495 485 2623 530 tunc
2672 483 2821 548 gesta
2852 488 2971 530 esse
2999 489 3120 546 qua:
3152 491 3250 548 per

27 565 298 626 spiritalem
329 563 683 628 intellectum,
713 572 890 619 tamen
926 573 1180 618 manente
1209 564 1364 633 prius
1395 565 1574 618 histo-
1673 567 1957 622 historiam
1991 567 2320 623 referuntur.
2379 564 2473 622 Sic
2510 581 2640 638 ergo
2686 581 2878 621 sanum
2917 573 3002 620 est
3030 579 3248 620 sensum

27 661 102 713 riae
129 657 378 721 veritate,
409 656 575 710 etiam
607 656 869 724 spiritalis
888 656 1229 726 recipiendus
1249 669 1330 712 est
1358 673 1572 713 sensus.
1674 661 1972 730 Scriptura:
2005 663 2265 732 recipere,
2319 677 2420 718 nec
2468 669 2684 732 oportet
2741 659 3006 714 inclinare
3062 674 3248 715 aurem

27 754 150 806 Licet
177 751 323 804 enim
356 765 530 806 crecos
563 766 781 821 semper
827 759 985 806 curet
1023 754 1316 807 secundum
1354 755 1577 824 spirita-
1674 755 1761 810 bis
1789 755 1882 824 qui
1917 756 2105 812 dicunt
2136 771 2231 826 per
2270 755 2514 823 Mariam,
2561 764 2616 808 et
2650 769 2757 808 non
2806 768 2875 808 ex
2931 752 3099 806 Maria
3125 766 3249 807 eum

27 845 110 897 lein
141 843 580 912 intelligentiam,
621 859 744 898 cum
777 843 1082 912 ignorantia
1111 853 1411 899 exctecatas
1451 845 1577 898 illu-
1675 855 1900 910 natum;
1955 846 2097 914 quod
2139 846 2430 915 Apostolus
2485 846 2778 915 prmsciens
2830 845 2903 899 ita
2951 843 3199 914 praedixit
3232 858 3246 894 :

27 938 175 989 minat
207 944 458 998 mentes;
498 944 675 989 tamen
724 943 779 988 et
811 935 1172 1004 corporaliter
1202 947 1329 990 tunc
1369 951 1576 990 caecum
1681 934 1811 990 Cum
1861 946 2036 990 autent
2071 940 2203 990 venit
2240 937 2512 1006 plenitudo
2563 945 2877 1006 temporum,
2929 936 3067 989 misit
3110 933 3252 988 Deus

27 1027 234 1080 sanavit.
279 1026 345 1080 Et
390 1037 634 1081 mortuos
684 1042 902 1096 semper
929 1026 1187 1089 suscitat;
1237 1027 1358 1080 fecit
1400 1037 1578 1081 tamen
1689 1026 1886 1079 Filium
1932 1045 2086 1081 suum
2124 1028 2322 1094 factum
2365 1044 2428 1082 ea:
2459 1027 2694 1094 muliere,
2744 1027 2944 1096 factum
2977 1028 3073 1080 sub
3110 1025 3244 1096 lege,

27 1130 66 1173 et
94 1131 212 1173 tunc
237 1119 611 1187 hujuscemodi
639 1118 930 1184 mirabilia,
961 1119 1104 1173 sicut
1133 1120 1294 1173 tiliam
1317 1121 1580 1188 principis
1683 1132 1740 1174 ut
1779 1137 1867 1174 eos
1913 1121 2001 1190 qui
2027 1121 2122 1173 sub
2154 1119 2265 1190 lege
2306 1127 2460 1174 erant
2500 1121 2778 1174 redimeret
2825 1119 2893 1174 “.
2928 1119 3092 1176 Vides
3125 1119 3250 1189 quia

27 1213 317 1283 Synagogaa,
366 1222 421 1268 et
473 1213 642 1268 lilium
697 1214 870 1267 vidua:
905 1252 921 1277 ,
985 1222 1037 1268 et
1089 1211 1353 1268 Lazarum
1401 1213 1578 1268 susci-
1684 1227 1792 1266 non
1823 1197 1980 1276 disit,
2034 1210 2234 1266 factum
2282 1226 2380 1282 per
2421 1212 2727 1277 mulierem,
2785 1211 2899 1280 sed,
2936 1211 3139 1282 factum
3181 1225 3248 1265 ex

27 1307 165 1358 tando
191 1306 256 1358 “.
297 1306 362 1359 Et
388 1307 635 1374 quamvis
664 1320 880 1374 semper
903 1321 1028 1359 cum
1057 1307 1330 1360 excitatur
1356 1321 1385 1360 a
1412 1306 1578 1360 disci-
1681 1303 1914 1358 muliere.

28 1397 143 1451 iulis
174 1409 486 1466 compescat
520 1398 778 1454 Ecclesiae
825 1399 1089 1462 turbines,
1137 1397 1222 1452 vel
1286 1397 1574 1469 procellas,

402 1674 516 1734 EX
543 1653 796 1734 ILIBRO
826 1671 1126 1735 TERTIO
1157 1671 1349 1734 OBIG
1363 1671 1540 1734 ΕΝιὸ
1571 1671 1650 1733 ΙΝ
1675 1670 2139 1734 EPISTOLAM
2167 1670 2275 1732 AD
2295 1669 2678 1732 EPHESIOS
2705 1668 2849 1752 (88).

27 1838 64 1894 In
91 1840 245 1895 illud:
284 1837 395 1907 Qui
421 1853 638 1894 uxorem
660 1854 810 1893 suam
850 1837 1047 1908 diligit,
1081 1839 1314 1908 seipsuut
1335 1833 1719 1908 diligigNemo
1741 1837 1878 1908 enirn
1901 1851 2134 1908 unquam
2151 1851 2303 1890 suam
2338 1849 2549 1889 carnem
2568 1833 2700 1898 odit,
2731 1832 2822 1888 sed
2843 1835 3010 1888 nutrit
3033 1844 3081 1890 et
3115 1834 3252 1905 foret

1099 1904 1238 1976 eam,
1261 1907 1395 1963 sicut
1426 1904 1473 1962 et
1492 1904 1732 1962 Christus
1750 1905 2042 1960 Ecclesium
2063 1905 2128 1960 δ’.

75 2222 324 2278 Dicamus
354 2223 502 2292 quod
530 2223 678 2277 illam
709 2238 928 2278 carnem
965 2239 1086 2294 quae
1115 2225 1293 2279 visura
1327 2225 1398 2281 sit
1422 2225 1583 2281 Salu-
1617 2233 1658 2289 Β
1686 2229 2058 2300 corruptivum
2085 2228 2188 2284 hoc
2219 2225 2410 2282 induat
2439 2225 2897 2296 incorruptionem
2935 2224 3004 2293 “,
3045 2232 3100 2280 et
3141 2223 3256 2280 sla-

27 2326 119 2370 lare
157 2316 274 2382 Dei,
312 2318 498 2370 anima
528 2317 714 2388 diligat
754 2327 808 2370 et
858 2319 1082 2382 nutriat,
1133 2328 1189 2372 et
1243 2319 1425 2374 foveat
1455 2333 1574 2374 eam
1682 2333 1804 2373 rum
1833 2319 2055 2377 levitate
2088 2333 2428 2388 suspensum,
2462 2317 2514 2372 in
2541 2331 2723 2371 aerem
2753 2314 2968 2371 facilius
3003 2313 3252 2370 subleve-

28 2408 300 2477 :lisciplinis
327 2408 606 2472 erudiens,
647 2418 703 2463 et
733 2408 943 2464 caelesti
989 2408 1245 2479 saginans
1289 2424 1470 2478 pane,
1521 2418 1578 2464 et
1685 2420 1796 2467 tur.
1851 2410 2157 2470 Faveamus
2201 2411 2365 2480 igitur
2415 2418 2470 2467 et
2509 2409 2612 2463 viri
2660 2421 2858 2462 uxores
2910 2416 3144 2472 nostras,
3197 2415 3254 2461 et

27 2499 198 2554 Christi
233 2500 505 2570 sanguine
531 2499 784 2570 irrigans,
811 2509 869 2554 ut
899 2499 1099 2556 reiecta
1124 2511 1177 2556 et
1203 2501 1372 2556 nitida
1406 2503 1578 2571 possit
1683 2501 1882 2557 animas
1916 2512 2117 2557 nostra:
2147 2515 2396 2570 corpora,
2452 2508 2511 2554 ut
2560 2507 2618 2553 et
2661 2511 2858 2553 uxores
2892 2496 2945 2550 in
2973 2496 3120 2552 viros
3144 2535 3161 2564 ,
3195 2506 3254 2552 et

28 2592 167 2648 libero
191 2607 357 2646 cursu
392 2591 564 2646 virum
607 2591 785 2662 sequi,
815 2602 872 2649 et
915 2593 1062 2650 nullo
1096 2593 1396 2649 debilitatis
1441 2611 1578 2664 pon-
1683 2608 1915 2663 corpora
1967 2595 2290 2665 redigantur
2332 2593 2388 2647 in
2430 2592 2666 2657 animas,
2704 2599 2759 2646 et
2804 2603 3147 2659 nequaquam
3183 2588 3254 2644 sit

27 2681 126 2736 lere
154 2684 507 2754 praegravari.
560 2683 792 2738 Pulchre
840 2685 1004 2739 etiam
1055 2685 1110 2738 in
1161 2685 1574 2741 similitudinem
1682 2697 1911 2740 sexuum
1944 2684 2052 2739 ulla
2080 2681 2375 2738 diversitas
2404 2698 2418 2735 :
2447 2681 2540 2736 sed
2573 2679 2844 2749 quomodo
2871 2678 3010 2748 apud
3031 2676 3253 2748 angelos

27 2771 197 2827 Christi
223 2775 521 2828 nutrientis
545 2785 598 2828 et
638 2772 875 2829 foventis
909 2772 1237 2839 Ecclesium,
1259 2783 1316 2829 et
1345 2773 1578 2831 dicentis
1681 2790 1788 2829 non
1825 2785 1910 2831 est
1936 2776 2020 2830 vir
2053 2786 2109 2830 et
2146 2773 2362 2839 mulier,
2390 2773 2465 2827 ita
2501 2782 2555 2826 et
2588 2787 2707 2838 nos,
2735 2772 2826 2842 qui
2853 2770 3060 2827 similes
3083 2785 3254 2841 ange-

27 2865 68 2914 id
89 2862 395 2922 Jerusalem
437 2884 454 2922 :
485 2868 702 2933 Quoties
727 2867 869 2921 volui
898 2884 1216 2938 congregare
1251 2867 1390 2936 ﬁlios
1417 2879 1532 2922 tuos
1557 2909 1574 2932 ,
1682 2867 1747 2922 Iis
1775 2866 1944 2921 l'utnri
1975 2881 2162 2921 sumus
2187 2865 2258 2931 ⁸⁸,
2292 2865 2404 2934 jam
2439 2880 2583 2918 nunc
2608 2863 2936 2932 incipiamus
2960 2876 3083 2918 esse
3108 2861 3252 2932 quod

27 2963 61 3003 ut
100 2955 296 3020 gallina
330 2967 612 3028 congregat
647 2957 820 3028 pullos
857 2975 982 3015 suos
1023 2961 1116 3013 sub
1159 2958 1276 3013 alas
1322 2975 1448 3013 suas
1473 2999 1488 3022 ,
1525 2969 1574 3012 et
1685 2962 1839 3016 nobis
1861 2960 1916 3014 in
1947 2959 2260 3016 caelestibus
2289 2957 2677 3030 repromissum
2706 2967 2810 3012 est.

27 3045 214 3100 soluisti
243 3047 332 3102 “2
369 3050 563 3106 anima:
591 3065 806 3121 quoque
839 3050 1027 3106 fovent
1074 3065 1303 3120 corpora
1343 3066 1477 3117 sua,
1523 3058 1582 3104 ut

292 3343 407 3405 EX
442 3343 682 3406 LIBRO
718 3344 1019 3407 TERTIO
1048 3301 1432 3409 ORIGENIS
1465 3345 1547 3407 ΙΝ
1577 3344 2038 3409 EPISTOLAM
2069 3345 2179 3408 AD
2219 3345 2768 3410 COLOSSENSES
2801 3346 2951 3431 (89).

76 3643 227 3714 692
287 3643 420 3696 Data
463 3652 546 3698 est
593 3656 772 3700 autem
807 3645 894 3700 lex
927 3646 1092 3718 Moysi
1135 3663 1231 3716 per
1258 3651 1479 3716 angelos
1522 3651 1574 3703 in
1603 3662 1645 3718 ο
1680 3651 1958 3720 Christus,
2013 3654 2109 3709 sed
2169 3664 2298 3710 ante
2349 3655 2494 3712 hunc
2548 3655 2895 3713 manifestum
2960 3657 3016 3714 in
3087 3673 3254 3716 carne

32 3749 160 3789 nanu
182 3747 236 3791 et
261 3739 467 3791 virtute
495 3738 811 3794 mediatoris
833 3740 1034 3794 Christi
1063 3739 1132 3806 “,
1156 3742 1246 3810 qui
1275 3757 1394 3796 cuni
1425 3753 1571 3798 esset
1680 3744 1966 3800 adventum
2030 3746 2303 3800 mediator
2353 3747 2572 3816 quidem
2621 3759 2745 3804 erat
2786 3749 3066 3805 hominum
3091 3789 3108 3818 ,
3154 3750 3254 3806 sed

39 3830 346 3901 npriucipio
391 3830 625 3885 Verbum
676 3832 810 3897 Dei,
853 3843 908 3886 et
942 3833 1082 3904 apud
1119 3831 1287 3887 Deum
1317 3847 1482 3899 esset,
1518 3847 1574 3890 et
1681 3835 1916 3890 nondum
1943 3846 2059 3891 erat
2096 3838 2280 3892 homo.
2333 3837 2467 3892 Erat
2515 3849 2696 3894 tamen
2731 3850 2786 3896 ct
2830 3851 2957 3896 tunc
2991 3842 3256 3898 mediator

33 3913 144 3970 Deus
171 3930 319 3976 esset
353 3921 585 3976 Verbum
615 3921 684 3988 ⁵⁷,
717 3922 861 3976 Patri
897 3923 950 3977 in
994 3923 1249 3978 omnibus
1290 3924 1569 3978 ministra-
1683 3926 1775 3982 Dei
1801 3939 1856 3983 et
1884 3929 2355 3997 hominum;unde
2381 3942 2436 3987 et
2461 3932 2585 3986 data
2616 3932 2702 3986 lex
2733 3947 2830 4003 per
2854 3934 3108 4004 angelos,
3137 3937 3256 3990 sine

33 4009 103 4065 tit.
154 4011 352 4068 Omnia
391 4016 536 4070 enim
570 4030 665 4084 per
718 4017 888 4086 ipsum
940 4014 1084 4084 facta
1116 4023 1238 4070 sunt
1269 4015 1333 4080 ⁸⁸,
1389 4015 1440 4071 id
1493 4027 1579 4073 est
1685 4023 1856 4093 ipsius
1888 4023 2203 4080 Mediatoris
2235 4026 2490 4082 manibus
2539 4028 2665 4081 data
2717 4042 2838 4083 esse
2896 4044 3001 4083 non
3034 4030 3252 4098 dicitur,

36 4116 109 4155 i0l|
137 4108 307 4162 solum
335 4118 621 4174 creaturae,
662 4109 757 4162 sed
792 4117 848 4162 et
880 4107 967 4162 lex
992 4147 1010 4174 ,
1051 4116 1106 4162 et
1157 4109 1470 4176 prophetae;
1519 4118 1575 4163 et
1679 4125 1738 4168 ut
1772 4124 1916 4170 esset
1937 4115 2022 4169 lex
2038 4128 2244 4182 sancta,
2268 4128 2314 4172 et
2344 4120 2652 4172 mandatum
2669 4130 2932 4184 sanctum,
2956 4129 3006 4173 et
3023 4119 3254 4190 justum,

39 4209 119 4261 pse
141 4209 222 4253 est
247 4202 506 4254 mediator
540 4199 632 4254 Dei
670 4209 719 4254 et
746 4201 1016 4253 hominum
1046 4199 1114 4254 δ’.
1152 4199 1304 4266 Quod
1335 4199 1573 4256 Verbum
1677 4213 1725 4256 et
1779 4206 1970 4257 bonum
2024 4203 2114 4270 '°;
2181 4215 2237 4259 et
2285 4210 2465 4262 omnia
2520 4209 2634 4264 haec
2688 4210 3166 4266 sanctiﬁcarentur
3221 4225 3256 4267 a

41 4302 66 4336 n
98 4288 196 4343 line
237 4291 458 4361 quidem
501 4291 823 4347 saeculorum
872 4292 1032 4347 homo
1076 4291 1253 4346 factus
1286 4302 1372 4348 est
1411 4291 1570 4347 .lesus
1639 4287 1641 4290 ⁴
1677 4293 1913 4348 Christo.

38 4435 3215 4476 MM

37 4580 114 4643 EX
138 4586 375 4652 LIBRO
405 4587 707 4651 TERTIO
736 4588 1114 4653 ORlGENlS
1139 4601 1704 4653 EEHI‘HMATIKQN
1727 4591 1804 4654 IN
1831 4594 2288 4660 EPISTOLAM
2311 4599 2421 4659 AD
2453 4599 3252 4669 THESSALONICENSES

1374 4696 1685 4758 ΡιιιΜΑΜ
1715 4696 1899 4780 (89").

869 4845 948 4901 De
966 4862 1026 4901 eo
1052 4846 1193 4918 quod
1219 4864 1238 4896 ι
1263 4861 1440 4899 omnes
1457 4845 1667 4916 quidem
1693 4863 1795 4900 non
1818 4850 2136 4906 dormientus
2153 4855 2228 4918 υ,
2244 4872 2261 4904 ι
2289 4860 2398 4908 etc.

80 5157 209 5224 Quid
236 5175 319 5219 est
345 5179 487 5235 ,ergo
517 5168 660 5234 quod
700 5167 947 5221 scribunt
990 5166 1571 5225 Thessalonicensibus
1603 5180 1649 5236 ι)
1680 5170 1792 5226 Nos
1820 5176 1910 5244 qui
1931 5176 2172 5240 vivimus,
2213 5177 2304 5245 qui
2332 5176 2531 5231 residui
2559 5195 2766 5244 sumus,
2800 5183 2856 5234 in
2879 5183 3106 5237 adventat
3142 5183 3253 5239 Da-

98 5255 250 5311 terbo
281 5257 372 5314 Dei
405 5256 629 5325 Paulus,
661 5267 717 5314 et
753 5258 1042 5331 Sylvsnus,
1091 5255 1149 5317 et
1197 5262 1562 5319 Timotheus:
1673 5266 1803 5318 mini
1835 5282 1940 5320 non
1973 5269 2347 5334 prcereniemus
2392 5283 2480 5323 eos
2523 5273 2614 5339 qui
2662 5274 2988 5328 dormierunt
3011 5274 3100 5328 "2
3153 5276 3252 5344 Qui

84 5393 428 5480 δ’ἐπιχιιι,
465 5401 568 5480 5_5;
599 5401 755 5457 Joan.
780 5419 876 5480 -ξι,
1079 5406 1122 5437 ⁸¹
1157 5405 1335 5460 Galat.
1373 5423 1452 5480 sv,
1505 5406 1558 5460 4.

1769 5409 1917 5478 phcs.
1943 5425 1996 5472 ν.
2037 5409 2127 5474 9.8,
2167 5407 2259 5464 29.
2304 5410 2382 5480 ‘5‘
2413 5409 2603 5466 Matth.
2645 5429 2802 5477 XXIII,
2827 5413 2917 5468 57.
2989 5413 3035 5446 “
3075 5412 3247 5469 lCor.

43 5469 225 5560 Mi:
288 5471 331 5560 ff
375 5474 564 5560 itaut:-
590 5489 738 5560 ,ξκιιο
779 5474 1328 5560 δίἐ.ὶ¹υτιο.κειε,²δ;
1369 5469 1512 5560 ιαεε

1843 5480 1889 5510 ⁵⁸
1935 5469 2229 5560 Calatini,
2295 5477 2384 5536 19.
2459 5481 2505 5513 ⁴⁷
2551 5479 2710 5538 Joan.
2755 5469 2802 5548 t,
2831 5484 2884 5538 1.
2957 5483 3004 5516 ⁸⁸
3033 5483 3167 5540 ibid,
3195 5484 3243 5538 2.

87 5535 253 5596 l'l‘im.
289 5557 348 5610 ll,
383 5543 437 5597 5.
509 5543 557 5574 ⁸⁰
585 5535 742 5599 Rom.
771 5561 866 5611 vti,
895 5545 981 5599 12.
1056 5546 1100 5578 ⁵²
1137 5535 1425 5616 ΙΕυτίχν,
1452 5548 1542 5603 51.
1618 5535 1664 5581 ⁵³
1697 5547 1929 5605 lThess.
1964 5565 2041 5617 iv,
2077 5550 2164 5604 l4.

83 5651 182 5734 (δὲ)
208 5655 294 5734 iis
330 5656 644 5730 Hieronymi
681 5662 820 5717 libro
854 5661 1034 5732 primo
1065 5662 1337 5734 Apologia:
1367 5667 1564 5721 adver-
1669 5679 1828 5734 gene.

43 5719 386 5815 ⁶¹¹ῗξῇίέ¹ίὲυη¹ε
667 5799 707 5815 ,_
1116 5719 1129 5733 ’
1203 5719 1269 5814 ,ν
1446 5719 1529 5815 Λή,
1669 5719 2003 5815 j_(89')_Ex
2055 5736 2286 5808 epistola
2321 5735 2637 5809 Hieronymi
2695 5733 2762 5791 ad
2810 5730 3139 5792 Iinerviutu
3192 5745 3246 5795 et

83 5790 190 5862 (39)
229 5797 303 5853 Ex
358 5798 612 5870 Apologia
664 5799 935 5872 Pamphili
985 5804 1248 5876 martyris
1297 5819 1401 5875 pro
1439 5804 1564 5863 Ori-
1665 5790 2058 5863 Alexandrum.
