3744 6146
486 380 624 438 {299

1744 353 2070 415 081Gb“le
2108 345 2534 409 FRAGMENTA

3593 329 3698 383 ΙΞω

487 512 613 560 sunt
640 500 732 558 isti
759 501 1004 555 viventes
1025 495 1120 566 qui
1155 493 1455 565 loquuntur
1481 487 1650 543 talia?
1681 485 1882 556 Utique
1913 483 2061 536 Pau-
2089 483 2137 540 Α
2162 478 2251 544 qui
2277 492 2381 530 non
2404 476 2749 528 curvaverant
2767 480 2900 537 genu
2924 461 3061 518 Baal
3090 459 3159 514 ⁸⁸.
3181 457 3240 514 In
3260 455 3494 566 Joannis
3523 467 3701 524 quoque

483 597 568 651 lus
593 611 697 648 non
726 593 789 647 ab
815 590 1139 650 hominibus,
1169 603 1261 640 nec
1288 602 1380 656 per
1403 585 1639 638 homines
1672 579 1936 646 apostolus
1969 577 2015 610 ³³
2039 595 2056 646 ;

485 697 543 743 et
570 685 923 742 charissi'mus
948 680 1064 750 ejus
1095 678 1236 733 ﬁlius
1269 677 1323 731 in
1356 677 1458 731 lide
1483 671 1836 736 Timotheus;
1867 679 1920 725 et
1941 667 2060 740 Syl.

484 794 660 833 vanus
683 777 775 844 qui
813 775 919 828 illis
952 780 1074 828 erat
1109 780 1162 826 et
1191 768 1476 823 affectione
1503 773 1555 820 et
1577 761 1872 819 virtutibus
1894 775 2062 828 copu-

489 873 652 926 latus.
689 868 761 923 Et
792 869 897 922 hoc
925 881 1031 921 non
1065 864 1238 920 solum
1268 862 1372 926 illi,
1412 859 1505 916 sed
1555 859 1865 929 quicunque
1906 851 2060 907 Pauli

487 971 546 1016 et
591 959 820 1015 scientia
854 967 909 1011 et
937 955 1350 1011 conversatione
1388 949 1582 1006 similis
1612 956 1716 1011 est,
1746 945 1930 1001 dicere
1958 957 2059 1012 po-

487 1059 597 1108 test
623 1068 638 1106 :
673 1049 788 1104 Nos
814 1051 902 1120 qui
932 1048 1154 1102 vivimus
1194 1044 1271 1109 5‘;
1321 1057 1549 1111 quorum
1580 1053 1766 1107 corpus
1795 1043 2058 1090 mortuum

486 1151 562 1196 est
600 1152 812 1212 propter
852 1148 1158 1207 peccatum,
1204 1132 1416 1206 spiritus
1460 1141 1634 1186 autem
1688 1129 1814 1182 vivit
1852 1134 2062 1196 propter

479 1231 751 1300 justitiam
785 1230 864 1287 5’;
906 1237 960 1280 et
1001 1241 1230 1296 quorum
1263 1221 1585 1278 mortiﬁcata
1640 1227 1765 1274 sunt
1815 1214 2058 1270 membra

489 1339 656 1394 super
679 1331 879 1375 terram
904 1322 972 1382 “,
997 1319 1073 1371 ita
1107 1326 1164 1371 ut
1194 1328 1532 1385 nequaquam
1558 1310 1906 1379 concupiscat
1933 1321 2061 1363 caro

489 1424 679 1471 contra
703 1414 953 1483 spiritum
985 1411 1053 1463 ⁸⁷.
1103 1408 1159 1463 Si
1204 1407 1347 1464 enim
1385 1405 1564 1460 adhuc
1605 1403 1880 1459 desiderat
1907 1415 2058 1464 caro,

489 1510 654 1574 vivit;
684 1516 738 1563 et
769 1507 894 1576 quia
920 1503 1072 1569 vivit,
1102 1503 1408 1566 desiderat;
1446 1509 1501 1555 et
1536 1513 1642 1553 non
1672 1504 1801 1552 sunt
1829 1495 2064 1550 mortiﬁ-

490 1609 611 1654 cata
646 1601 885 1653 membra
917 1597 1063 1652 illius
1095 1609 1260 1665 super
1295 1603 1519 1648 terram.
1564 1589 1719 1657 Quod
1749 1589 1796 1644 si
1834 1587 2063 1642 mortiﬁ-

489 1699 610 1743 cata
632 1699 780 1753 sunt,
803 1702 1145 1758 nequaquam
1173 1693 1360 1740 contra
1385 1682 1634 1752 spiritum
1664 1679 2060 1748 concupiscunt

488 1796 610 1850 qua:
677 1780 1096 1836 mortiﬁcatione
1151 1777 1234 1832 sui
1287 1773 1662 1843 hujuscemodi
1722 1771 2057 1827 desiderium

2160 565 2456 636 Evangelia
2514 562 2760 617 vivorum
2800 565 2856 612 et
2901 569 3008 611 non
3058 553 3302 607 vivorum
3354 546 3551 614 duplex
3598 549 3702 601 ordo

2160 659 2486 717 describitur
2516 675 2531 711 :
2569 653 2752 709 Omnis
2794 649 2882 720 qui
2909 646 3074 702 credit
3112 645 3168 698 in
3206 658 3311 706 me,
3343 639 3556 694 etiamsi
3593 655 3699 691 mar-

2165 761 2285 804 tuus
2321 748 2506 817 fuerit,
2546 747 2672 799 vivet
2694 759 2713 806 ;
2735 750 2785 794 et
2809 738 2974 794 omnis
3006 735 3095 807 qui
3124 734 3244 788 vivit
3271 741 3319 785 et
3354 730 3521 794 credit
3550 730 3597 781 in
3621 746 3698 788 me,

2160 858 2264 896 non
2301 839 2552 893 morietur
2591 835 2650 888 in
2679 842 2930 887 wternum
2961 829 3029 880 ⁸⁸.
3081 825 3143 880 Si
3175 823 3330 878 vivos
3359 821 3442 875 ita
3483 818 3697 888 intelligi-

2160 950 2280 990 mus
2312 940 2371 987 ut
2391 931 2501 1001 jam
2538 942 2570 982 a
2609 927 2764 981 nobis
2793 923 2997 979 dictum
3041 927 3163 983 est,
3197 915 3539 971 dormientes
3577 922 3625 965 et
3662 912 3699 963 in

2160 1024 2376 1081 Christo
2401 1028 2644 1076 mortuos
2672 1015 2792 1070 illos
2815 1027 2935 1068 esse
2967 1009 3276 1074 credamus,
3296 1006 3541 1075 quicum
3566 1003 3704 1055 velint

2159 1119 2215 1175 in
2258 1116 2478 1173 Christo
2511 1113 2713 1176 vivere,
2754 1117 2935 1163 tamen
2973 1113 3199 1176 peccato
3225 1099 3430 1156 mortui
3470 1107 3607 1153 sunt.
3631 1096 3707 1150 Sin

2160 1217 2338 1266 autem
2379 1204 2621 1274 reliquiae
2651 1209 2706 1257 et
2733 1199 2925 1254 electio
2953 1195 3248 1251 secundum
3274 1190 3516 1263 gratiam
3538 1189 3602 1254 τ’,
3631 1203 3708 1257 ap-

2161 1303 2425 1373 pellantur
2443 1300 2709 1357 viventes;
2728 1291 2819 1363 qui
2847 1307 2950 1346 non
2980 1290 3051 1344 ita
3078 1287 3328 1348 credunt,
3357 1297 3463 1337 nec
3486 1283 3552 1336 de
3573 1279 3709 1335 Israe-

2162 1369 2313 1448 litica
2343 1389 2623 1445 nobilitate
2647 1382 2892 1456 generati
2909 1387 3055 1445 sunt,
3084 1375 3425 1433 dormientes
3455 1382 3512 1425 et
3539 1369 3706 1424 mortui

2161 1483 2494 1556 appellantur
2521 1482 2576 1536 in
2605 1477 2840 1534 Christo.

2232 1549 2378 1632 Sunt
2405 1573 2496 1643 qui
2531 1573 2675 1626 hunc
2708 1568 2882 1624 locum
2914 1564 2990 1617 ita
3027 1561 3372 1616 edisseram:
3401 1553 3524 1609 Vivi
3555 1549 3708 1620 appel~

2161 1670 2343 1724 lantur
2369 1666 2460 1736 qui
2485 1675 2765 1731 nunquam
2794 1665 3022 1727 peccato
3059 1653 3257 1708 mortui
3295 1657 3467 1711 sunt;
3503 1647 3589 1715 qni
3624 1659 3704 1696 au-

2161 1772 2268 1818 tem
2296 1763 2686 1831 peccaverunt,
2717 1765 2774 1807 et
2808 1751 2861 1805 in
2889 1764 2955 1804 eo
2991 1747 3133 1816 quod
3167 1748 3559 1815 peccaverunt,
3583 1751 3707 1790 mor-

488 1869 862 1939 perdidcrunt.
893 1869 1048 1925 Sicut
1075 1868 1243 1938 igitur
1271 1834 1497 1935 qui'vita
1528 1877 1753 1918 caruere
1775 1859 2056 1933 praesenti,
2089 1841 2132 1896 Β
2165 1853 2243 1906 ιιιί
2273 1859 2426 1916 sunt,
2470 1856 2525 1905 et
2556 1857 2746 1918 postea
2783 1843 3034 1900 conversi
3079 1841 3145 1894 ad
3179 1834 3558 1908 paenitentiam
3599 1847 3706 1899 pur-

491 1971 546 2016 et
574 1963 641 2016 ad
675 1961 899 2016 meliora
942 1958 1194 2014 translati
1227 1963 1386 2020 sunt,
1420 1953 1594 2024 magis
1637 1953 1846 2018 vivunt,
1897 1952 2062 2020 depo-

487 2054 594 2108 sito
626 2052 818 2106 mortis
848 2065 1072 2120 corpore
1094 2059 1149 2104 et
1179 2048 1430 2103 vitiorum
1465 2043 1706 2099 omnium
1736 2041 2057 2107 incentivis;

489 2143 569 2196 sic
599 2142 690 2210 qui
732 2140 1208 2195 mortiﬁcationem
1240 2138 1367 2192 Jesu
1413 2137 1465 2191 in
1510 2147 1740 2204 corpore
1797 2146 1897 2187 suo
1950 2131 2062 2186 cir—

489 2235 805 2288 cumlcrunt
832 2233 901 2297 ⁵³,
927 2244 1272 2301 nequaquam
1304 2228 1496 2283 vivunt
1516 2227 1674 2298 juxta
1697 2239 1942 2292 carnem,
1968 2225 2060 2278 sed

487 2327 644 2397 juxta
674 2325 964 2395 spiritum;
999 2325 1190 2378 vivunt
1221 2323 1278 2377 in
1310 2336 1376 2378 eo
1405 2320 1497 2390 qui
1523 2320 1632 2374 vita
1675 2328 1779 2383 est,
1827 2327 1881 2374 et
1930 2317 2062 2372 vivit

489 2421 544 2473 in
579 2420 660 2472 eis
715 2416 963 2474 Christus
1015 2417 1082 2472 de
1131 2430 1240 2484 quo
1293 2416 1554 2484 scriptum
1594 2423 1722 2470 est:
1763 2411 1953 2468 Vivens
1985 2420 2062 2466 est

486 2526 660 2564 sermo
692 2508 810 2572 Dei,
848 2519 894 2563 et
917 2509 1097 2578 eﬁicax
1129 2508 1196 2572 δ’,
1232 2507 1326 2577 qui
1369 2515 1454 2562 est
1488 2507 1582 2562 Dei
1633 2506 1826 2570 virtus,
1859 2505 2061 2573 Deique

487 2598 749 2670 sapientia
797 2599 864 2652 ⁵ο.
915 2596 1120 2652 Vivunt
1166 2597 1312 2651 enim
1367 2597 1420 2652 in
1461 2594 1656 2664 quibus
1706 2595 1840 2650 vivit
1889 2594 2061 2648 virtus

489 2691 611 2755 Dei,
635 2687 782 2743 utnni
818 2688 1056 2743 humana
1087 2687 1380 2757 fragilitate
1411 2685 1678 2755 deposita,
1709 2684 1843 2740 etin
1866 2683 2060 2753 quibus

488 2784 619 2836 vivit
647 2781 915 2851 sapientia
953 2796 1073 2850 quae
1110 2793 1193 2836 est
1224 2781 1551 2836 abscondita
1584 2781 1636 2835 in
1675 2779 1785 2835 Deo
1812 2779 1879 2843 “,
1907 2788 1963 2833 et
2001 2778 2056 2831 in

486 2874 686 2941 quibus
726 2873 860 2927 vivit
905 2881 959 2927 et
1015 2881 1278 2942 operatur
1328 2871 1559 2940 justitia.
1618 2871 1866 2926 Christus
1911 2870 2056 2924 enim

486 2964 665 3020 factus
690 2974 773 3019 est
805 2963 962 3018 nobis
1002 2980 1108 3019 non
1134 2964 1310 3019 solum
1352 2964 1565 3032 justitia
1606 2977 1674 3018 ex
1709 2963 1849 3030 Deo,
1877 2963 1971 3017 sed
2004 2971 2061 3016 et

485 3059 752 3129 sapientia
780 3059 847 3122 ⁸²,
877 3067 932 3113 et
958 3072 1119 3112 omne
1153 3058 1295 3128 quod
1327 3058 1500 3111 virtus
1529 3064 1632 3110 est.
1660 3053 1729 3109 Et
1760 3055 1803 3108 si
1835 3053 2057 3123 qui-dem

2164 1955 2294 2016 gant
2327 1943 2547 2012 antiqua
2574 1939 2790 2005 delicta,
2827 1932 3027 1991 mortui
3049 1931 3412 2002 appellantur,
3455 1927 3576 1994 quia
3604 1939 3708 1993 pec-

2162 2047 2465 2102 caverunt;
2498 2036 2552 2090 in
2579 2035 2801 2090 Christo
2835 2041 3012 2084 autem
3046 2025 3268 2090 mortui,
3301 2022 3433 2092 quia
3483 2018 3626 2088 plena
3654 2019 3704 2070 ad

2167 2133 2330 2187 Deum
2370 2139 2554 2186 mente
2587 2123 2837 2182 conversi
2891 2130 3037 2176 sunt.
3085 2117 3254 2175 Porro
3306 2116 3402 2184 qui
3441 2113 3626 2167 vivunt
3662 2118 3705 2162 et

2165 2225 2365 2280 habent
2411 2219 2778 2276 testimonium
2817 2214 2960 2278 ﬁdei,
3019 2221 3074 2268 et
3123 2211 3356 2266 necdum
3411 2211 3704 2273 receperunt

2160 2313 2582 2388 promissionem
2614 2309 2733 2373 Dei,
2755 2307 2846 2377 qui
2883 2314 2940 2360 et
2973 2306 3039 2360 de
3079 2303 3200 2357 aliis
3250 2298 3452 2354 melius
3481 2293 3703 2364 quiddam

2160 2408 2424 2477 cogitant,
2450 2414 2507 2458 ut
2535 2419 2642 2457 non
2669 2404 2871 2470 absque
2898 2399 2986 2454 his
3017 2395 3110 2466 qui
3142 2393 3274 2463 justi
3299 2398 3435 2446 sunt
3473 2399 3703 2442 coronen-

2163 2513 2270 2566 tur,
2299 2502 2352 2556 iu
2383 2514 2450 2554 eo
2477 2499 2679 2553 habent
2711 2492 3099 2549 beatitudinem
3129 2485 3272 2556 quod
3298 2482 3563 2537 fruuntur
3592 2477 3708 2530 bono

2160 2593 2530 2655 conscientim,
2578 2597 2635 2643 et
2673 2586 2882 2648 vivunt,
2928 2591 2984 2637 et
3015 2578 3189 2634 relicti
3221 2583 3350 2631 sunt
3391 2572 3453 2626 in
3501 2568 3704 2622 adventu

2167 2685 2381 2741 Domini
2419 2678 2738 2738 Salvatoris.
2773 2674 2876 2730 Sed
2909 2675 3039 2742 quia
3069 2670 3306 2725 clemens
3344 2673 3434 2718 est
3474 2661 3631 2721 Deus,
3667 2663 3707 2710 et

2175 2779 2291 2834 vult
2333 2777 2547 2832 salvare
2584 2771 2746 2828 etiam
2773 2783 2867 2823 eos
2893 2765 2983 2836 qui
3013 2761 3370 2824 dormierunt,
3395 2766 3462 2812 et
3499 2757 3552 2810 in
3575 2750 3705 2808 Chri-

2159 2879 2244 2926 sto
2280 2867 2479 2923 mortui
2515 2871 2666 2927 sunt,
2703 2875 2810 2915 non
2861 2854 3195 2927 prtevenient
3230 2851 3372 2916 illos,
3415 2861 3595 2916 neque
3625 2842 3705 2896 soli

2161 2964 2446 3034 rapientur
2476 2960 2531 3014 in
2562 2957 2830 3018 nubibus;
2864 2951 2983 3015 sed,
3023 2949 3177 3019 juxta
3222 2943 3534 3013 exemplum
3562 2952 3699 2994 evan.

2159 3054 2342 3128 gelicae
2380 3049 2654 3123 parabolae
2682 3049 2751 3113 ⁷⁸,
2783 3058 2948 3099 unum
2973 3041 3256 3097 denarium
3284 3046 3563 3104 unamque
3586 3043 3704 3083 mer-

481 3153 540 3214 in
590 3152 841 3220 praesenti
891 3151 1014 3206 loco
1037 3165 1098 3206 se
1131 3166 1161 3205 a
1212 3149 1606 3205 dormientibus
1647 3159 1703 3202 et
1750 3148 1802 3201 in
1837 3122 2057 3202 Christo
2085 3180 2132 3243 ο
2161 3122 2345 3202 cedem
2374 3122 2429 3200 et
2463 3141 2762 3198 undecimae
2789 3138 2936 3193 horae
2976 3131 3234 3204 operarii,
3275 3139 3332 3184 et
3374 3128 3587 3198 primae,
3631 3122 3703 3191 qui

1219 3242 1222 3243 ,
1378 3241 1418 3243 _
1463 3241 1471 3243 ξ
1570 3241 1581 3243 -
2163 3241 2174 3243 -
2283 3238 2294 3243 -
2567 3234 2579 3243 .
2648 3232 2662 3243 .
2825 3239 2835 3243 -
2913 3225 2983 3243 ηι
3031 3225 3095 3243 ,9-
3143 3221 3377 3243 __-.:--__.
3443 3216 3690 3243 ---:..:....I

483 3245 747 3309 mortuis,
793 3244 885 3313 qui
918 3244 1055 3298 hanc
1101 3242 1345 3298 scribunt
1377 3241 1673 3312 Epistulam
1716 3247 2053 3309 separarent,
2085 3216 2132 3243 ν
2161 3241 2215 3294 in
2244 3238 2460 3293 vineam
2509 3232 2663 3288 missi
2715 3239 2862 3296 sunt,
2904 3225 3100 3282 salutis
3143 3221 3380 3294 pretium
3441 3216 3704 3286 accipient.

485 3337 770 3392 videbatur
798 3336 1066 3406 superﬂua
1117 3306 1440 3400 adnotatio;
1467 3343 1521 3391 et
1552 3349 1617 3388 ex
1665 3306 1927 3387 uno'loco
1969 3345 2058 3386 as-
2159 3331 2269 3387 Nec
2303 3331 2404 3384 hoc
2434 3326 2596 3381 alicui
2645 3324 2892 3378 videatur
2942 3320 3225 3389 injustum,
3264 3323 3322 3368 ut
3359 3311 3550 3380 dispar
3578 3306 3704 3361 labor

483 3439 759 3498 sumptura
821 3429 1193 3484 testimonium
1270 3443 1380 3481 non
1443 3427 1653 3482 valeret
1686 3442 1700 3480 :
1730 3441 1876 3481 nunc
1929 3440 2058 3479 vero
2158 3437 2324 3478 unum
2360 3418 2644 3491 prmmium
2689 3419 3076 3481 consequatur.
3102 3408 3291 3477 Magna
3320 3404 3526 3474 quippe
3555 3397 3705 3452 diver-

481 3523 672 3578 eodem
705 3536 891 3586 sensu,
942 3516 1068 3590 quia
1112 3528 1168 3577 et
1192 3521 1383 3576 eodem
1420 3520 1636 3591 spiritu,
1685 3519 1738 3574 in
1789 3519 1960 3588 prima
1989 3517 2058 3573 ad
2158 3516 2292 3571 sitas
2316 3521 2610 3568 esteorum
2639 3506 2730 3577 qui
2768 3513 2889 3575 post
2918 3502 3140 3556 vulnera
3171 3507 3296 3554 sunt
3323 3496 3524 3560 sanati,
3548 3501 3600 3545 et
3624 3500 3703 3541 eo-

481 3611 794 3669 Corinthios
821 3613 1062 3683 loquitur
1100 3629 1114 3665 :
1153 3613 1349 3669 Omnes
1368 3630 1472 3669 non
1501 3614 1848 3675 dormiamus,
1877 3627 2055 3666 omnes
2160 3623 2278 3664 rum
2308 3606 2401 3676 qui
2432 3615 2706 3671 nunquatn
2737 3598 2988 3652 viderunt
3021 3592 3212 3646 mortis
3233 3601 3500 3645 errorem.
3542 3582 3615 3636 De
3637 3579 3703 3632 bis

481 3716 658 3759 autem
696 3707 1121 3772 immutabimur,
1156 3707 1211 3761 in
1234 3716 1521 3772 momento,
1553 3708 1608 3759 in
1636 3715 1783 3760 motu
1813 3705 1974 3771 oculi,
1999 3706 2054 3758 iu

483 3794 766 3848 novissima
807 3795 954 3850 tuba.
989 3795 1154 3851 Canet
1180 3797 1321 3851 enim
1346 3797 1494 3860 tuba,
1537 3805 1584 3849 et
1629 3796 1824 3848 mortui
1878 3811 2054 3848 resur-

481 3897 601 3956 gant
632 3887 950 3958 incorrupti,
979 3897 1028 3944 et
1056 3905 1150 3944 nos
1175 3887 1658 3954 immutabimurft
1696 3887 1806 3942 Hoc
1834 3888 1976 3956 quod
2000 3888 2051 3940 in

482 3978 733 4046 praesenti
783 3977 902 4033 loco
927 3978 1190 4048 scriptum
1220 3976 1441 4033 est:In
1489 3977 1612 4030 tuba
1661 3975 1752 4029 Dei
1779 3977 2053 4031 descendet

479 4067 544 4121 de
573 4069 700 4122 calo
737 4067 799 4132 “,
825 4085 1078 4139 compara
1109 4069 1184 4123 illi
1213 4069 1354 4138 quod
1377 4070 1445 4123 ad
1472 4067 1780 4123 Corinthios
1803 4069 2003 4123 dicitur
2035 4085 2050 4122 :

479 4156 548 4211 In
581 4161 864 4214 novissima
891 4161 1220 4214 tuba:canet
1243 4161 1381 4214 enim
1405 4159 1551 4228 tuba,
1583 4168 1722 4225 etc.;
1757 4159 1831 4214 illi
1870 4170 2072 4216 autem.

477 4251 620 4319 quod
674 4252 738 4305 ad
795 4251 1311 4306 Thessalonicenses
1369 4250 1607 4320 legitur:
1646 4251 1715 4304 Et
1746 4253 1942 4305 mortui
1994 4253 2052 4304 in

477 4339 693 4393 Christo
730 4349 1006 4410 resurgent
1040 4341 1199 4408 primi
1239 4341 1307 4406 “,
1347 4342 1450 4395 hoc
1475 4341 1616 4410 quod
1641 4341 1706 4395 ad
1739 4340 2051 4396 Corinthios

477 4433 740 4498 scriptum
771 4444 853 4488 est
887 4451 901 4488 :
931 4431 1000 4486 Et
1021 4435 1218 4488 mortui
1247 4444 1518 4504 resurgcnt
1544 4436 1855 4500 incorrupti.
1880 4435 2048 4491 Porro

2159 3710 2289 3772 puto
2318 3673 2523 3755 dictum
2553 3713 2566 3748 :
2607 3693 2739 3759 Quis
2771 3701 2844 3744 est
2874 3689 3028 3742 homo
3053 3685 3145 3755 qui
3171 3684 3303 3738 vivat
3331 3689 3378 3734 et
3413 3694 3521 3731 non
3557 3673 3702 3726 videat

2159 3803 2378 3848 mortem
2411 3789 2437 3844 ?
2472 3787 2688 3842 redimet
2720 3784 2784 3836 de
2812 3789 2976 3834 morte
3003 3777 3230 3830 animam
3255 3787 3406 3826 suam
3428 3769 3516 3822 "3
3547 3764 3702 3832 Neque

2157 3880 2323 3943 enim,
2361 3885 2418 3932 ut
2446 3875 2664 3946 quidam
2695 3877 2907 3942 putant,
2937 3867 3076 3937 quis,
3109 3879 3208 3934 pro
3237 3877 3303 3916 eo
3335 3861 3482 3930 quod
3507 3867 3583 3911 est
3604 3852 3699 3907 aul-

2157 3974 2242 4026 lus
2274 3971 2542 4040 accipitur
2566 3986 2582 4022 :
2610 3965 2704 4020 sed
2738 3961 2891 4032 quasi
2928 3959 3126 4014 dixerit
3151 3971 3166 4010 :
3189 3954 3322 4021 Quis
3345 3949 3549 4022 putas?
3569 3947 3697 4016 juxta

2159 4065 2286 4121 illud
2320 4063 2465 4133 quod
2496 4060 2756 4128 scriptum
2803 4062 2931 4110 est:
2967 4052 3097 4118 Quis
3137 4048 3366 4116 sapiens,
3397 4054 3448 4098 et
3477 4040 3697 4133 intelliget

2157 4160 2265 4212 hwc
2297 4132 2398 4210 "7?
2435 4163 2490 4210 et
2531 4155 2585 4209 in
2615 4152 2722 4209 alio
2750 4149 2910 4204 loco:
2947 4145 3188 4206 Domine,
3233 4140 3352 4210 quis
3385 4134 3629 4191 habitabit
3653 4132 3694 4182 in

2155 4245 2494 4303 tabernaculo
2542 4253 2632 4297 tuo
2668 4241 2716 4274 ⁷⁵
2747 4241 2771 4294 'l
2809 4249 2864 4293 et
2899 4238 3136 4291 iterum:
3171 4231 3301 4298 Quis
3335 4227 3568 4300 cognovit
3596 4238 3692 4277 sett-

2154 4356 2272 4395 sum
2300 4337 2512 4392 Domini
2535 4331 2870 4388 "illesidui
2905 4342 3035 4397 ergo
3063 4333 3225 4380 crunt
3260 4323 3326 4377 de
3376 4316 3691 4375 credentibus

2156 4430 2314 4501 pauci
2359 4429 2448 4497 qui
2498 4427 2790 4481 adventum
2824 4420 3037 4477 Domini
3065 4417 3285 4472 videant
3315 4413 3605 4468 secundum
3652 4403 3691 4457 id

477 4525 622 4590 quod
651 4524 900 4592 sequitur
929 4541 941 4574 :
978 4525 1179 4578 Deinde
1204 4542 1297 4579 nos
1332 4499 1426 4595 qui
1454 4528 1694 4594 vivimus,
1727 4531 1817 4598 qui
1855 4529 2052 4584 residui
2082 4531 2126 4586 D
2155 4499 2298 4594 lluod
2325 4521 2467 4575 Deus
2495 4519 2734 4574 Verbum
2767 4515 2970 4570 factum
3004 4519 3110 4574 est,
3144 4521 3489 4578 nequaquam
3516 4505 3564 4558 in
3590 4499 3691 4552 vili-

473 4629 658 4668 sumus
715 4615 789 4678 °‘,
856 4615 932 4670 illi
987 4617 1421 4685 respondet:Et
1469 4635 1564 4672 nos
1625 4621 2042 4676 immutabimur.

475 4702 719 4767 Quorum
747 4715 1039 4776 utrumque
1062 4708 1141 4762 sic
1164 4707 1385 4778 intelligi
1413 4719 1627 4778 potest:
1653 4710 1764 4766 Nos
1793 4712 1881 4780 qui
1913 4711 2049 4766 vivi-

477 4811 618 4860 mus,
659 4797 752 4865 qui
790 4799 992 4854 residui
1029 4815 1216 4855 sumus
1243 4802 1295 4855 in
1329 4803 1564 4856 adventu
1603 4802 1840 4866 Domini,
1864 4810 1919 4856 et
1949 4815 2049 4856 nos

476 4889 569 4958 qui
597 4889 1028 4958 immutabimur,
1073 4903 1127 4948 et
1168 4909 1275 4949 non
1307 4909 1495 4949 sumus
1526 4909 1593 4948 ex
1633 4895 1720 4950 his
1750 4895 1842 4964 qui
1868 4894 2050 4963 appel-

476 4980 661 5035 lantur
716 4983 940 5047 mortui,
996 4985 1090 5039 sed
1143 4985 1397 5050 vivimus,
1457 4985 1662 5040 idcirco
1701 4985 2047 5054 praesentiam

474 5074 691 5130 Domini
742 5089 848 5128 non
904 5077 956 5129 in
1027 5086 1229 5145 morte,
1279 5079 1376 5134 sed
1412 5079 1464 5132 in
1500 5077 1610 5132 vita
1644 5076 2044 5146 praestolamur,

475 5167 602 5235 quia
627 5167 693 5222 de
727 5166 1026 5223 Israelitico
1059 5186 1260 5240 genere
1303 5185 1491 5225 sumus
1516 5209 1532 5235 ,
1576 5167 1740 5240 693
1773 5177 1829 5222 et
1860 5168 2046 5222 electa:

475 5269 605 5314 sunt
638 5259 705 5315 de
733 5261 890 5316 nobis
927 5261 1169 5331 reliquiae
1211 5263 1277 5330 ⁸⁷,
1315 5263 1380 5318 de
1407 5261 1608 5333 quibus
1633 5261 1760 5315 olim
1788 5259 2045 5314 Dominus

475 5350 846 5421 loquebatur:
882 5352 1151 5425 Dereliqui
1189 5355 1318 5408 mihi
1365 5363 1553 5424 septem
1599 5351 1766 5406 millia
1811 5355 2041 5405 virorum

546 5534 595 5567 ”
633 5532 812 5589 Galat.
845 5548 886 5600 l,
913 5534 965 5588 1.

476 5604 617 5661 10.⁵⁹
648 5602 813 5658 Hebr.
844 5619 920 5669 IV,
953 5604 1040 5659 i2.
1115 5603 1162 5636 ⁶⁰
1193 5605 1210 5658 l
1236 5604 1362 5659 Cor.
1405 5619 1447 5666 ι,
1475 5602 1567 5656 24.
1641 5601 1684 5635 ⁶¹
1717 5603 1733 5656 I
1772 5603 1900 5658 Cor.
1936 5618 1996 5666 tr,
2027 5603 2081 5655 7.

474 5690 550 5740 tv,
579 5673 668 5727 l5.
743 5674 788 5706 ⁸⁵
814 5675 832 5728 l
860 5674 1052 5730 Thess.
1091 5691 1164 5738 Iv.
1199 5674 1283 5730 15.
1361 5674 1407 5706 ⁸⁸
1435 5671 1569 5728 Ibid.
1645 5672 1687 5705 ⁸⁷
1713 5672 1966 5737 Domst,
1989 5672 2044 5737 4,
2069 5670 2122 5726 5.

1416 5723 1608 5800 ﬁlis—al
1652 5760 1689 5798 ι.
1714 5723 2135 5812 'ii’i'iin'u,"ta.
2213 5741 2259 5772 "
2292 5723 2586 5809 Oseefxtv,
2609 5723 2694 5791 {0.
2773 5736 2822 5771 ⁷⁸
2838 5735 2985 5794 Psal.
3009 5752 3118 5804 stv,
3143 5723 3191 5791 ί.
3261 5723 3308 5768 ίι
3332 5731 3489 5791 Rom.
3511 5723 3666 5794 sl,“-

473 5744 632 5815 _xt,_5.
663 5802 675 5812 _
705 5745 750 5774 "
778 5743 966 5815 matth.
1013 5761 1104 5815 xx,
1148 5747 1174 5801 1
1224 5761 1337 5815 seq.

473 5813 519 5850 ὀ
541 5812 701 5867 Prov.
728 5827 799 5883 vs,
821 5814 876 5868 4.

1041 5533 1090 5566 ⁵⁸
1119 5533 1137 5588 l
1165 5532 1362 5589 Thess.
1390 5548 1468 5599 tv,
1497 5533 1588 5588 M.
1663 5534 1708 5565 ⁵⁵
1752 5531 1910 5589 Rom.
1942 5546 2064 5595 vm,
2096 5529 2180 5586 10.
2255 5528 2519 5584 "Coloss.

1782 5533 1910 5589 lom.
1942 5546 2064 5595 vm,
2096 5529 2180 5586 10.
2255 5530 2300 5562 “
2320 5524 2755 5599 (Ζοιοεεηιιιηξὶκ
2789 5525 2848 5599 3⁷
2872 5524 3049 5581 Galat.
3081 5539 3138 5599 ε,
3173 5524 3260 5599 1:1:

2157 4625 2269 4670 tate
2302 4612 2510 4677 carnis,
2541 4610 2636 4666 sed
2672 4609 2726 4663 in
2766 4606 2938 4677 gloria
2985 4601 3396 4671 triumphantis.
3438 4597 3507 4652 Et
3540 4587 3692 4650 consi-

2153 4704 2451 4758 derandum
2484 4698 2754 4766 quomodo
2781 4695 3012 4766 primum
3053 4690 3387 4745 dormientes
3411 4683 3690 4757 appellave-

2155 4794 2226 4848 rit
2255 4810 2271 4848 :
2305 4791 2500 4846 deinde
2526 4789 2581 4844 in
2606 4787 2826 4842 Christo
2849 4791 3114 4848 mortuos,
3148 4795 3285 4850 quos
3314 4779 3560 4834 viventes
3582 4785 3691 4844 pra:-

2154 4888 2341 4943 venire
2375 4901 2482 4940 non
2514 4891 2788 4954 poterunt.
2819 4879 2920 4946 Qui
2953 4879 3101 4933 enim
3136 4891 3242 4931 non
3267 4871 3587 4929 custodierit
3608 4869 3689 4921 hoc

2155 4980 2296 5052 quod
2331 4979 2594 5048 scriptum
2625 4984 2740 5030 est:
2767 4973 2848 5028 Ne
2877 4974 3084 5029 dederis
3115 4985 3356 5024 somnum
3385 4967 3549 5022 oculis
3584 4961 3685 5021 tuis.

2156 5089 2319 5142 neque
2356 5070 2617 5140 palpebris
2662 5068 2767 5121 tuis
2809 5067 3268 5128 dormitationem,
3309 5073 3366 5116 ut
3407 5061 3574 5116 salvus
3606 5053 3686 5124 ﬁt"

2150 5165 2289 5218 sicut
2323 5177 2508 5231 caprea
2537 5160 2600 5213 de
2633 5159 2876 5225 vinculis,
2906 5166 2958 5213 et
2989 5158 3123 5211 sicut
3163 5157 3274 5210 avis
3318 5154 3384 5209 de
3401 5151 3600 5224 .laqueis
3631 5144 3682 5207 ⁷⁶ι

2151 5254 2388 5309 dormiet
2434 5257 2489 5307 et
2545 5249 2802 5320 culpabili
2851 5263 3044 5318 supore
3097 5257 3428 5316 torpescet;
3485 5249 3682 5307 cumque

2153 5345 2458 5411 durmierit,
2494 5346 2753 5401 transibit
2782 5346 2835 5400 in
2872 5355 3123 5399 mortem.
3171 5343 3325 5397 Sicut
3351 5340 3682 5402 eninunove'

3340 5521 3386 5553 "
3406 5517 3446 5575 ll
3475 5519 3586 5573 Cor.
3617 5527 3674 5573 ιν,

2158 5599 2202 5631 ⁶¹
2232 5599 2376 5654 lCor.
2414 5615 2454 5663 ι,
2484 5597 2574 5654 50.
2632 5588 2697 5627 ’⁵³
2739 5594 2903 5651 lCor.
2942 5612 3034 5658 xv.
3076 5595 3168 5661 5i,
3196 5594 3288 5649 52.
3363 5591 3412 5623 “
3453 5589 3472 5646 Ι
3513 5588 3670 5642 Thess.

2203 5669 2248 5704 ss
2284 5669 2484 5704 Irin...
2533 5683 2618 5704 «ιτ
2681 5665 2764 5704 4R,
2841 5667 2887 5699 σο
2910 5665 3043 5704 Innn
3094 5679 3150 5704 τι
3197 5662 3284 5704 9,5
3315 5661 3408 5704 96-
3481 5659 3525 5693 ὀ
3547 5657 3670 5704 Rom.

2281 5669 2349 5724 Ill
2372 5657 2499 5741 Reg.
2532 5665 2811 5741 slx_,A48.__
2841 5667 2887 5741 ξ’
2907 5657 3065 5741 Joan.
3094 5657 3176 5741 31:,
3197 5661 3409 5741 25,215.
3481 5659 3525 5693 ⁷⁸
3546 5657 3670 5741 κίῃς.
