3744 6146
438 324 582 380 1505

1707 327 2031 387 ORIGENIS
2069 328 2495 388 FRAGMENTA

3552 337 3680 393 1501

432 445 732 512 dormiens,
760 444 876 502 sive
929 444 983 502 in
1019 445 1236 504 Christo
1278 457 1542 514 mortuus,
1585 448 1700 504 sive
1733 449 1922 505 vivens
1949 461 2005 506 et
2033 459 2082 514 Α
2106 452 2232 518 erit,
2263 461 2318 508 et
2350 451 2660 522 perfruetur
2695 448 2871 506 Verbo
2923 449 3044 516 Dei,
3091 460 3149 508 et
3198 450 3498 522 sapientia,
3540 455 3670 508 veri-

431 541 490 592 tu
534 535 680 593 illius
711 538 1057 606 praesentiam
1110 549 1442 606 reservatus,
1489 556 1708 612 semper
1755 557 1878 598 cum
1907 541 2001 597 illo

2111 553 2242 610 tate,
2275 555 2440 616 alque
2458 542 2697 613 iustitia.

439 689 3661 718 _————-—-———-————_—_——__—————_—-—_——_—_5

1131 847 1243 909 EX
1275 845 1516 909 LIBRO
1546 846 1928 910 ORIGENIS
1958 845 2038 907 ΙΝ
2065 846 2527 909 EPISTOLAM
2556 848 2666 907 AD
2692 847 2972 909 TITUM.

499 1015 583 1072 De
597 1032 658 1072 eo
673 1016 902 1086 capitulo
929 1016 983 1071 in
1015 1032 1120 1087 quo
1140 1016 1270 1069 dicit
1295 1013 1573 1084 Apostolus
1590 1027 1610 1066 :
1637 1033 1656 1068 t
1682 1013 2003 1087 ereticum
2036 1011 2301 1068 hominem
2339 1021 2456 1087 post
2481 1027 2638 1066 unum
2663 1013 3040 1087 correptionem
3065 1010 3258 1079 devita,
3290 1013 3462 1069 sciens
3490 1011 3609 1081 quis

1161 1082 1431 1155 perversus
1447 1096 1548 1153 est,
1576 1096 1623 1142 et
1645 1095 1845 1158 peccat,
1874 1084 1963 1154 qui
1977 1093 2050 1139 est
2073 1100 2104 1136 a
2120 1097 2389 1154 semetipso
2405 1085 2682 1138 damnatus
2714 1082 2842 1156 {90).
2863 1117 2886 1153 ,

497 1408 706 1464 Nomen
737 1409 981 1471 lueresis,
1017 1417 1280 1478 quantum
1331 1422 1432 1478 ego
1461 1407 1868 1476 deprehendere
1897 1420 1997 1475 po-
2027 1409 2072 1464 B
2105 1415 2231 1456 eum
2267 1400 2494 1466 fecerat,
2530 1409 2591 1454 ut
2619 1399 2864 1453 mitteret
2905 1395 3102 1452 Filium
3156 1411 3315 1452 suum
3368 1396 3439 1449 ad
3497 1395 3668 1450 mundi

427 1505 525 1568 tui,
559 1504 722 1558 etiam
754 1504 804 1557 in
832 1502 1070 1572 Epistola
1101 1503 1166 1557 ad
1195 1502 1507 1558 Corinthios
1542 1500 1862 1571 designatur
1896 1501 2000 1554 hoc

425 1597 618 1651 modo:
646 1593 1008 1662 Oporteteuim
1027 1595 1248 1650 Itwreses
1272 1611 1406 1657 esse,
1431 1595 1706 1662 utprobati
1731 1591 1998 1662 manifesti

425 1687 555 1757 ﬁant
598 1687 734 1740 inter
761 1701 850 1741 vos
878 1686 916 1739 ¹.
948 1686 1011 1740 Ει
1040 1686 1234 1740 iterum
1268 1685 1337 1738 ad
1367 1683 1610 1746 Galatas,
1647 1683 1791 1736 inter
1832 1694 1996 1751 opera

424 1778 607 1832 carnis
641 1778 861 1834 hmresis
880 1793 1097 1848 quoque
1129 1792 1324 1832 nomen
1359 1777 1676 1842 ascribitur,
1706 1776 1854 1830 sicut
1879 1774 1994 1829 ait:

424 1869 714 1938 Manifesta
739 1881 914 1924 autem
939 1880 1060 1924 sunt
1093 1886 1251 1937 opera
1281 1869 1478 1930 carnis,
1514 1884 1632 1935 quae
1669 1877 1791 1922 sunt
1821 1865 1995 1938 forni-

421 1963 580 2028 catio,
609 1962 968 2028 immunditia,
1001 1962 1349 2030 impudicitia,
1367 1961 1691 2024 idololatria,
1719 1961 1995 2028 veneﬁcia,

419 2053 739 2120 inimicitiw,
805 2055 1184 2118 contentiones,
1249 2054 1629 2116 aemulationes,
1674 2053 1793 2116 ἕνα.
1839 2056 1994 2123 rixae,

421 2146 724 2210 discordiw,
743 2145 986 2208 lucreses,
1002 2147 1298 2214 ebrietates,
1315 2149 1744 2215 comessationes,
1759 2158 1806 2202 et
1824 2149 1905 2201 his
1921 2148 1996 2201 si-

423 2238 591 2300 milia,
614 2253 730 2305 qua’
745 2239 975 2304 pra’dico
994 2239 1419 2308 vobis,quoniam
1440 2239 1530 2310 qui
1558 2237 1685 2293 talia
1703 2249 1890 2310 agunt,
1905 2256 1990 2293 re-

419 2343 576 2396 gnum
627 2326 724 2380 Dei
746 2343 850 2381 non
889 2329 1287 2396 possidebunt’.
1313 2328 1418 2383 Per
1451 2345 1570 2399 qua:
1611 2333 1990 2400 cognoscimus

419 2421 696 2485 quoniam,
743 2420 885 2472 sicut
932 2419 984 2472 Ιιὶ
1010 2421 1100 2488 qui
1133 2420 1608 2485 fornicationibus,
1646 2421 1728 2478 vel
1759 2423 1991 2479 immun-

418 2511 588 2573 ditiis,
610 2521 771 2579 atque
800 2511 1168 2582 impudicitiis,
1190 2523 1244 2566 et
1263 2513 1530 2568 idolorum
1559 2513 1792 2571 cultibus
1810 2532 1992 2571 macu-

419 2606 512 2660 .ati
545 2613 691 2667 sunt,
722 2621 944 2674 regnum
967 2605 1055 2658 Dei
1089 2621 1194 2659 non
1223 2607 1594 2675 possidebunt,
1637 2609 1707 2662 ita
1727 2617 1782 2663 et
1808 2609 1860 2663 hi
1893 2609 1987 2680 qtti

417 2694 470 2749 in
523 2695 770 2750 haeresim
817 2687 1228 2752 declinaverunt.
1277 2696 1461 2767 Neque
1499 2699 1645 2752 enim
1688 2699 1984 2768 putandum
2017 2765 2054 2781 Π

418 2796 505 2839 est
540 2785 669 2838 tanti
694 2776 938 2853 Apostoli
968 2796 1073 2839 tant
1111 2785 1413 2840 absolutam
1475 2788 1796 2842 sententiam
1829 2803 1986 2856 posse

414 2877 524 2930 ullo
547 2892 743 2946 genere
769 2875 1045 2934 vacillare.
1076 2876 1366 2946 Apostolus
1413 2877 1560 2931 enim
1611 2887 1696 2932 est
1743 2878 1986 2934 omnium

415 2967 779 3029 Eaclesiarunt
815 2965 1047 3032 Christi,
1087 2984 1190 3022 non
1215 2969 1279 3020 ab
1311 2968 1540 3034 homine,
1576 2985 1739 3039 neque
1770 2986 1861 3040 per
1893 2971 1988 3025 Ito-

415 3063 630 3126 minent,
663 3062 756 3116 sed
799 3078 892 3131 per
928 3061 1114 3116 Iesum
1154 3060 1440 3130 Christum,
1476 3071 1527 3117 et
1573 3062 1740 3118 Deum
1770 3063 1987 3119 Patrem

413 3155 619 3210 electus
645 3155 688 3208 ⁸.
729 3154 893 3226 695
941 3155 1231 3225 Pr0pterea
1269 3171 1422 3226 ergo,
1464 3158 1760 3212 secundum
1803 3169 1987 3213 aucto-

413 3249 630 3305 ritatem
654 3249 936 3304 sententia:
975 3249 1169 3316 ipsius,
1187 3259 1406 3318 oportet
1445 3265 1567 3316 nos,
1598 3251 1742 3306 sicut
1774 3251 1983 3320 reliqua

413 3340 556 3395 mala
575 3356 696 3411 quae
725 3341 1052 3406 numeravit,
1081 3342 1152 3396 ita
1176 3344 1338 3396 etiam
1369 3358 1563 3398 nomen
1589 3344 1812 3400 haeresis
1844 3345 1986 3400 devi-

415 3439 556 3497 tare,
585 3445 899 3500 nequecura
927 3431 1123 3486 talibus
1152 3432 1416 3488 orationis
1447 3435 1708 3491 societate
1741 3437 1980 3493 misceri.

413 3539 482 3594 Et
515 3548 628 3610 post
667 3540 778 3595 lucc
805 3541 990 3608 paucis
1019 3540 1335 3665 (luibétsda‘m
1365 3560 1457 3612 per
1492 3545 1722 3599 medium
1769 3547 1981 3602 insertis

1097 3629 1126 3665 a
1173 3627 1266 3665 tect
1297 3652 1313 3665 .

1097 3627 1163 3665 aa
1161 3627 1313 3680 Jecu.

481 3702 622 3770 Quid
661 3716 789 3758 vero
817 3703 889 3758 sit
931 3702 1217 3761 haereticus
1267 3705 1452 3772 homo,
1505 3722 1605 3778 pro
1633 3708 1842 3764 viribus
1880 3725 1980 3764 no-

413 3797 544 3852 stris
599 3797 897 3852 secundum
941 3797 1081 3866 quod
1120 3798 1326 3854 sentire
1358 3814 1667 3869 possumus,
1702 3801 1980 3858 describa-

413 3903 556 3942 mus.
595 3886 784 3943 Omnis
817 3888 910 3956 qui
945 3901 1005 3943 se
1052 3889 1270 3945 Christo
1311 3892 1540 3948 credere
1576 3893 1890 3959 conﬁtetur,
1924 3904 1980 3950 et

413 3988 594 4034 tamen
629 3979 794 4034 alium
841 3981 1010 4035 Deum
1053 3981 1185 4052 legis
1235 3991 1290 4038 et
1347 3987 1755 4054 prophetarum,
1807 3987 1976 4042 alium

412 4070 830 4142 Evangeliorum
881 4071 1051 4126 Deum
1083 4073 1234 4141 dicit,
1288 4085 1344 4130 et
1386 4075 1602 4131 Patrem
1639 4080 1848 4133 Domini
1880 4095 1978 4134 no-

413 4163 511 4216 stri
545 4161 671 4219 Jesu
705 4162 910 4218 Christi
936 4179 1041 4219 non
1090 4179 1212 4220 eum
1255 4166 1389 4220 dicit
1421 4183 1540 4223 esse
1578 4169 1668 4238 qni
1713 4186 1741 4222 a
1777 4168 1894 4240 lege
1921 4181 1977 4225 et

415 4254 693 4324 prophetis
725 4255 1076 4324 praedicatur,
1098 4255 1193 4310 sed
1226 4255 1393 4311 alium
1419 4260 1605 4314 nescio
1640 4275 1798 4329 quem
1827 4261 1979 4331 igno-

411 4357 525 4400 tum
554 4347 807 4400 omnibus
838 4355 1002 4416 atque
1029 4347 1278 4402 omnibus
1307 4350 1632 4417 inauditum,
1668 4351 1975 4421 hujusmodi

407 4435 654 4491 homines
685 4437 972 4493 ltmreticos
1000 4438 1368 4508 designamus,
1395 4441 1691 4509 quamlibet
1719 4444 1883 4499 variis
1913 4459 1977 4499 ac

411 4529 644 4583 diversis
678 4540 732 4583 et
757 4528 1016 4585 fabulosis
1045 4532 1374 4586 concinnent
1399 4534 1499 4588 ista
1523 4535 1818 4606 figmentis,
1837 4538 1977 4592 sicut

412 4628 718 4674 sectatores
765 4617 1077 4686 Marcionis,
1112 4631 1166 4677 et
1192 4619 1491 4692 Valentini,
1521 4635 1574 4679 et
1620 4624 1890 4686 Basilidis.
1918 4637 1974 4682 et

407 4711 464 4766 hi
500 4711 590 4781 qui
625 4726 684 4766 se
706 4711 1005 4768 Tethianos
1027 4713 1324 4782 appellant.
1359 4713 1467 4771 Sed
1496 4723 1552 4772 et
1577 4716 1815 4787 Apelles,
1845 4719 1975 4774 licet

411 4817 520 4856 non
559 4801 814 4858 omnibus
865 4803 1039 4859 modis
1073 4803 1168 4858 Dei
1208 4819 1330 4862 esse
1385 4805 1616 4876 deneget
1671 4807 1844 4879 legem
1889 4811 1973 4865 vel

409 4895 722 4964 prophetas,
781 4901 967 4950 tamen.
1012 4904 1069 4951 et
1125 4896 1241 4967 ipse
1293 4896 1587 4954 haereticus
1634 4899 1967 4971 designatur,

407 4985 666 5053 quoniam
709 4985 996 5040 Dominum
1051 4987 1196 5045 httnc
1231 4990 1326 5059 qui
1364 4990 1622 5046 mundum
1660 4993 1852 5061 edidit,
1904 4996 1969 5049 ad

405 5075 634 5144 gloriam
686 5076 911 5134 alterius
962 5078 1188 5151 ingeniti
1239 5093 1294 5138 et
1343 5082 1472 5139 boni
1521 5085 1614 5140 Dei
1669 5101 1792 5140 eum
1839 5102 1971 5143 cou-

404 5167 666 5222 struxisse
701 5168 1020 5238 pronuntiat
1048 5186 1064 5223 :
1091 5171 1236 5226 illum
1255 5183 1431 5229 autem
1473 5174 1772 5244 ingenitunt
1799 5177 1968 5233 Deum

406 5261 458 5312 in
491 5260 960 5316 consummatione
997 5263 1175 5318 saeculi
1219 5266 1430 5321 misisse
1467 5266 1654 5324 Jesum
1689 5267 1967 5325 Christum

403 5353 471 5404 ad
502 5353 938 5408 emendationem
974 5353 1179 5422 mundi,
1221 5366 1463 5426 rugattun
1506 5358 1577 5414 ab
1615 5375 1680 5416 eo
1729 5360 1839 5418 Deo
1873 5368 1966 5433 qui

476 5494 521 5527 ”
559 5494 668 5551 Tit.
706 5513 792 5562 ιιι,
832 5499 922 5565 10,
953 5499 1039 5554 ll.
1113 5499 1130 5531 ⁸
1154 5499 1178 5553 l
1199 5499 1323 5558 Cor.
1350 5518 1427 5570 ιι,
1449 5505 1538 5561 19.
1613 5504 1832 5562 II(iralttt.
1857 5524 1912 5574 v,
1942 5509 2127 5564 19-2].
2205 5509 2418 5576 ’Qlat.
2447 5527 2487 5578 ι,
2519 5510 2571 5564 1.

470 5655 586 5728 (90)
637 5656 716 5712 Ex
761 5660 1017 5733 Apologia
1064 5661 1328 5734 Pamphili
1379 5665 1634 5736 martyris
1689 5681 1787 5739 pro
1839 5666 1961 5724 Ori-

403 5739 586 5860 ⁸8111111
615 5793 720 5851 Sed
765 5809 813 5855 et
867 5817 954 5859 eos
999 5803 1085 5861 aui
1124 5804 1403 5862 hominem.
1453 5806 1714 5865 Errorem
1761 5807 1962 5879 Berylli

2105 1494 2188 1550 sui
2230 1493 2644 1548 correctionem.
2703 1491 2771 1545 Et
2826 1491 2873 1545 si
2930 1490 3150 1560 quidem
3202 1489 3292 1544 hic
3337 1489 3667 1544 solummodo

2104 1585 2195 1656 qui
2223 1587 2290 1639 de
2321 1584 2430 1638 Deo
2458 1582 2618 1636 Patre
2648 1582 2811 1636 aliter
2836 1583 3004 1636 sentit
3035 1596 3198 1651 quam
3237 1578 3426 1650 regula
3463 1580 3667 1647 pietatis

2103 1679 2372 1748 exposcit,
2406 1677 2693 1731 haereticus
2733 1677 3015 1731 habendus
3037 1683 3204 1738 esset,
3241 1672 3521 1727 sulIiceret
3566 1672 3664 1726 uti-

2101 1789 2208 1844 que
2267 1773 2412 1842 quod
2465 1772 2712 1842 superius
2753 1771 2959 1826 dictutn
3014 1779 3119 1825 est.
3173 1769 3279 1825 Sed
3327 1783 3476 1822 nunc
3514 1783 3666 1823 unum

2103 1876 2266 1935 atque
2298 1866 2438 1920 idem
2475 1865 2801 1921 credendum
2831 1873 2914 1918 est
2953 1864 3117 1917 etiam
3145 1865 3214 1917 de
3243 1877 3310 1918 eo
3345 1861 3440 1930 qui
3477 1861 3542 1915 de
3567 1861 3664 1916 Do.

2104 1961 2250 2014 mino
2284 1969 2471 2014 nostro
2500 1957 2626 2013 Jesu
2654 1957 2872 2012 Christo
2900 1956 3019 2011 falsi
3048 1956 3249 2026 aliquid
3283 1953 3667 2016 senserit.siro

2100 2055 2398 2107 secundum
2428 2067 2522 2106 eos
2550 2051 2642 2120 qui
2675 2051 2864 2106 dicunt
2897 2066 3020 2106 eum
3066 2065 3131 2105 ex
3175 2048 3381 2117 Joseph
3420 2057 3479 2101 et
3511 2045 3662 2100 Maria

2102 2153 2311 2208 natum,
2345 2144 2488 2199 sicut
2534 2155 2662 2199 sunt
2709 2144 2976 2200 Ebionitat
3021 2152 3077 2198 et
3107 2142 3521 2205 Valentiniani;
3561 2142 3663 2194 sive

2099 2236 2394 2291 secundum
2433 2251 2528 2292 eos
2566 2237 2658 2306 qui
2713 2237 3137 2308 primogenitum
3184 2251 3311 2292 eunt
3355 2243 3576 2300 negant,
3619 2244 3678 2288 et-

2101 2328 2271 2381 totius
2301 2336 2568 2382 creatura:
2600 2328 2792 2394 Deum,
2843 2338 2899 2383 et
2934 2326 3191 2392 Verbum,
3238 2337 3294 2382 et
3333 2326 3660 2395 Sapientiam

2098 2433 2218 2488 quae
2245 2429 2330 2474 est
2375 2419 2588 2473 initium
2614 2420 2826 2474 viarum
2867 2419 2962 2474 Dei
3005 2432 3296 2490 antequam
3349 2418 3562 2487 aliquid
3590 2419 3664 2470 tie-

2098 2519 2199 2588 ret,
2222 2521 2347 2567 ante
2373 2513 2570 2567 secula
2597 2511 2901 2576 fundatam,
2932 2523 3099 2582 atque
3130 2522 3257 2566 ante
3287 2525 3490 2566 omnes
3514 2509 3664 2563 colles

2095 2616 2410 2675 generatam
2445 2606 2505 2672 ⁸;
2545 2607 2639 2662 sed
2689 2607 2962 2661 hominem
3007 2606 3181 2660 solunt
3210 2620 3334 2660 eum
3372 2605 3659 2658 dicentes:

2095 2699 2178 2754 vel
2208 2699 2501 2754 secundum
2529 2715 2623 2754 eos
2651 2699 2740 2769 qui
2789 2699 2957 2754 Deunt
2985 2700 3201 2769 quidem
3235 2711 3362 2752 eum
3397 2696 3660 2759 fatentur,

2096 2804 2200 2842 non
2236 2799 2416 2844 tamen
2446 2790 2810 2859 assumpsisse
2851 2790 3088 2843 animam
3141 2800 3452 2857 corpusque
3502 2795 3663 2840 terre-

2095 2893 2221 2931 mtnt
2276 2893 2290 2930 :
2341 2879 2436 2948 qui
2482 2879 2581 2933 sub
2615 2879 2797 2948 specie
2825 2878 2980 2950 quasi
3030 2878 3307 2949 amplioris
3339 2877 3536 2948 gloria:
3569 2874 3662 2928 Do-

2094 2968 2242 3024 mino
2271 2967 2401 3024 Jesu
2431 2969 2762 3034 deferendae,
2794 2969 2974 3025 omnia
3001 2984 3124 3039 qua:
3151 2968 3219 3023 ab
3244 2983 3310 3024 eo
3339 2977 3496 3038 gesta
3523 2976 3658 3028 sunt,

2092 3063 2207 3116 visa
2240 3064 2354 3132 geri
2401 3062 2574 3133 magis
2622 3077 2786 3132 quam
2833 3076 2960 3118 vere
2999 3069 3150 3132 gesta
3191 3075 3312 3116 esse
3354 3069 3658 3116 testantur:

2091 3153 2296 3222 quique
2324 3169 2425 3209 nec
2456 3154 2524 3210 de
2553 3154 2764 3224 virgine
2792 3163 2978 3208 natum
3013 3155 3279 3220 fatentur,
3313 3151 3408 3207 sed
3449 3151 3660 3223 triginta

2091 3261 2358 3300 annorum
2404 3248 2584 3300 virum
2638 3260 2764 3300 eum
2819 3247 3138 3316 apparuisse
3184 3245 3238 3300 in
3293 3243 3508 3300 ludas.
3563 3244 3661 3298 Alii

2092 3353 2222 3392 vero
2257 3352 2323 3391 ex
2357 3337 2569 3405 virgine
2592 3337 2808 3406 quidem
2839 3351 2968 3390 eum
2993 3335 3224 3391 credunt
3251 3349 3373 3390 esse
3404 3336 3662 3406 progeni-

2091 3437 2202 3482 tum
2229 3445 2245 3494 ;
2285 3428 2379 3484 sed
2403 3437 2625 3498 putasse
2649 3443 2710 3482 se
2738 3429 2911 3498 magis
2941 3429 3204 3496 virginem
3232 3427 3542 3499 peperisse,
3558 3441 3658 3482 non

2091 3531 2272 3576 tamen
2310 3536 2438 3576 vere
2477 3521 2754 3591 peperisse
2780 3523 3132 3576 conﬁrmant.
3163 3519 3414 3576 Latuisse
3459 3519 3656 3590 quippe

2087 3615 2254 3667 etiam
2286 3613 2554 3684 virginem
2596 3613 2854 3682 pntativte
2876 3612 3244 3682 generationis
3272 3622 3530 3666 asserunt
3572 3626 3654 3665 sa-

2087 3717 2448 3762 cramentum.
2499 3706 2603 3774 Qui
2651 3706 2925 3776 quomodo
2957 3721 3063 3760 non
3109 3706 3178 3761 ab
3210 3704 3459 3759 Ecclesia
3507 3704 3653 3774 longe

2087 3799 2319 3868 ponendi
2369 3810 2518 3863 sunt,
2558 3813 2684 3853 cum
2736 3797 3057 3868 philarchize
3099 3798 3290 3852 morbo
3337 3795 3652 3867 languentes

2087 3891 2338 3961 dogmata
2369 3890 2689 3955 statuerint,
2736 3889 2937 3958 quibus
2977 3889 3044 3944 ad
3075 3903 3231 3944 suum
3265 3903 3470 3944 nomen
3499 3887 3651 3944 disci-

2086 3982 2242 4052 pulos
2267 3984 2644 4038 declinarent?
2698 3983 2804 4038 Sed
2851 3993 2906 4038 et
2956 3997 3053 4039 eos
3083 3983 3173 4054 qui
3218 3982 3500 4038 hominem
3548 3982 3648 4053 (9i)

2087 4073 2272 4128 dicunt
2309 4071 2597 4126 Dominum
2630 4072 2814 4127 .lesunt
2853 4075 3239 4142 praecognitum
3273 4081 3332 4126 et
3369 4071 3647 4140 praedesti-

2089 4175 2297 4232 natum,
2345 4166 2437 4235 qui
2469 4175 2596 4221 ante
2647 4166 2933 4220 adventum
2974 4164 3250 4221 carnalem
3280 4163 3645 4218 substantiali-

2087 4267 2170 4313 ter
2196 4268 2249 4312 et
2277 4259 2498 4329 proprie
2529 4274 2636 4313 non
2669 4258 2960 4324 exstiterit,
2983 4258 3075 4312 sed
3106 4257 3249 4328 quod
3284 4256 3451 4312 homo
3498 4267 3642 4310 natus

2082 4349 2262 4407 Patris
2288 4351 2460 4406 solam
2494 4351 2547 4404 in
2581 4365 2640 4404 se
2670 4350 2919 4404 habuerit
2949 4350 3228 4415 deitatem,
3273 4363 3340 4402 ne
3384 4348 3510 4406 illos
3535 4348 3641 4417 qni-

2082 4445 2206 4498 dem
2233 4444 2354 4498 sine
2401 4443 2642 4512 periculo
2678 4456 2800 4498 esse
2848 4442 3111 4498 Ecclesia:
3145 4455 3375 4496 numero
3406 4439 3638 4496 sociari:

2081 4536 2226 4589 sicut
2266 4543 2322 4588 et
2369 4533 2492 4588 illos
2545 4532 2636 4603 qui
2679 4533 3061 4601 superstitiose
3111 4531 3284 4600 magis
3325 4545 3493 4599 quam
3526 4528 3638 4583 reli-

2080 4627 2251 4696 giose,
2285 4625 2362 4679 nti
2409 4639 2479 4679 ne
2531 4625 2822 4680 videantur
2865 4621 3005 4678 duos
3048 4622 3180 4678 deos
3223 4623 3428 4686 dicere,
3479 4633 3636 4688 neque

2082 4734 2295 4772 tursutn
2332 4732 2534 4787 negare
2563 4715 2862 4771 Salvatoris
2878 4714 3160 4780 deitatem,
3187 4728 3348 4768 unam
3375 4711 3636 4768 eamdem-

2080 4825 2187 4878 que
2213 4810 2620 4865 subsistentiam
2645 4807 2828 4862 Patris
2869 4822 2934 4862 ac
2967 4806 3088 4861 Filii
3121 4814 3459 4870 asseverant,
3489 4803 3538 4858 id
3562 4809 3634 4856 est

2076 4904 2184 4956 duo
2204 4903 2420 4971 quidem
2450 4901 2663 4956 nomina
2702 4901 3000 4956 secundum
3035 4897 3406 4952 diversitatem
3435 4909 3630 4950 causa-

2079 5011 2196 5049 rum
2224 4995 2600 5065 recipientem,
2631 5008 2790 5047 unam
2813 5001 2987 5046 tamen
3007 4991 3302 5045 ὑπόστασιν
3326 4988 3627 5052 subsistere,

2078 5089 2265 5154 idest,
2314 5104 2479 5142 unam
2536 5101 2820 5157 personam
2863 5086 3078 5139 duobus
3117 5084 3435 5138 nominibus
3466 5079 3631 5146 subia-

2075 5191 2310 5245 ct-ntem,
2337 5181 2429 5249 qui
2472 5179 2665 5234 Latine
2713 5177 3100 5246 Patripassiani
3135 5175 3496 5246 appellantur.
3532 5169 3625 5225 Sed

2075 5287 2126 5327 et
2151 5276 2194 5330 si
2224 5275 2315 5345 qui
2347 5284 2471 5328 sunt
2499 5273 2592 5343 qui
2629 5272 2891 5343 Spiritum
2936 5281 3183 5326 sanctum
3224 5270 3389 5324 alium
3422 5268 3620 5338 quidem

2076 5369 2258 5422 dicant
2285 5382 2406 5422 esse
2436 5367 2526 5435 qui
2560 5364 2662 5420 fuit
2697 5365 2749 5419 in
2797 5365 3103 5434 prophetis,
3136 5362 3300 5417 alium
3335 5371 3511 5417 autem
3539 5360 3619 5431 qui

2646 5519 2670 5542 ⁸
2697 5509 2854 5564 Prov.
2889 5521 3004 5572 vttt,
3027 5503 3118 5570 22,
3155 5505 3249 5572 23,
3278 5503 3370 5560 26.

2071 5667 2459 5723 Bostrenorum
2501 5669 2739 5739 episcopi
2787 5669 2876 5739 hic
2927 5670 3178 5738 designat
3224 5666 3506 5739 Origenes.
3551 5665 3614 5718 De

2073 5739 2476 5811 hacce_ha:resi_
2495 5739 2616 5794 vide
2645 5737 2787 5811 quod
2807 5737 3443 5808 diximusOrigenianor.
3474 5737 3562 5794 lib.
3575 5748 3611 5800 ι,

2071 5824 2195 5879 cap.
2228 5807 2284 5875 3,
2311 5817 2417 5862 at't.
2450 5809 2507 5864 8.
2538 5865 2547 5879 ,
