3744 6146
163 379 376 454 isos’

1271 379 1338 440 IN
1373 381 1760 441 EPISTOLAM
1795 380 1887 436 AD
1926 373 2394 435 PHILEMONEM.

3283 364 3421 422 15οὺ

167 515 279 568 fuit
309 513 369 567 in
403 509 658 581 apostolis
691 508 901 565 Domini
932 505 1100 562 nostri
1148 502 1275 560 Jesu
1321 503 1547 568 Christi,
1589 519 1755 558 unum
1783 509 1831 564 Δ
1864 501 2063 557 bonum
2085 504 2172 550 est
2204 503 2264 551 et
2292 491 2464 565 potuit
2493 496 2549 545 et
2579 485 2783 581 debuit.
2816 485 2972 554 Quod
3004 484 3170 544 etiam
3201 483 3274 581 de
3305 485 3423 581 ipso

168 615 355 676 atque
403 606 546 660 idem
597 603 850 659 delictum
902 601 1196 671 impietatis
1251 600 1564 662 admittunt,
1611 598 1755 666 quod

171 698 278 764 illi,
334 697 450 768 qui,
485 704 748 765 quantum
781 694 834 749 in
865 708 924 748 se
972 701 1078 757 est,
1112 703 1362 746 naturam
1413 689 1644 745 Deitatis
1671 703 1759 744 se-

168 798 334 852 cant,
385 799 441 845 et
496 788 752 842 scindunt
813 801 976 839 unum
1044 785 1177 852 legis
1223 793 1276 838 et
1332 780 1754 850 Evangeliorum

173 879 382 934 Deum.
416 878 523 934 Sed
555 887 610 934 et
649 879 722 932 illi
756 877 846 947 qui
889 892 993 931 non
1035 890 1223 930 omnes
1253 875 1521 929 humanas
1546 872 1756 924 animas

172 972 352 1026 unius
387 972 742 1043 ejusdemque
766 979 973 1023 natura‘
1001 968 1188 1021 dicunt
1217 981 1340 1022 esse
1365 966 1450 1019 vel
1501 965 1758 1020 substan-

173 1066 294 1127 tizc,
328 1066 424 1119 sed
454 1065 698 1119 diversas
732 1071 958 1116 naturas
988 1060 1315 1122 animarum,
1341 1059 1486 1112 inter
1511 1071 1604 1112 eas
1644 1057 1757 1112 [me

181 1173 344 1212 reses
371 1157 688 1212 numerandi
711 1165 836 1210 sunt
860 1169 981 1224 quae
1012 1154 1352 1223 iniquitatem
1387 1153 1437 1205 in
1466 1151 1752 1205 Excelsum

173 1245 507 1314 loquuntur,
539 1254 594 1298 et
622 1243 938 1312 injustitiam
971 1242 1421 1310 iniquitatemque
1451 1240 1568 1306 ejus
1595 1256 1754 1294 accu-

175 1346 336 1390 sant.
382 1335 605 1390 Necnon
636 1344 692 1388 et
725 1333 798 1387 illi
831 1332 920 1402 qui
957 1331 1115 1386 liberi
1166 1331 1378 1385 arbitrii
1433 1341 1752 1400 potestatem

173 1443 244 1479 ex
288 1426 579 1480 animabus
606 1423 821 1479 auferre
851 1423 1099 1477 nituntur
1138 1422 1283 1475 velut
1321 1422 1624 1491 perniciosa
1658 1425 1757 1476 do-

173 1526 396 1586 gmata,
447 1520 718 1571 communi
776 1517 1029 1570 humanae
1072 1517 1220 1578 vitae,
1255 1524 1310 1568 et
1347 1515 1526 1567 virtuti
1580 1514 1755 1568 conti-

175 1610 388 1662 nentia:
420 1609 594 1662 labem
623 1608 913 1677 quamdam
945 1606 1150 1662 inferre
1195 1606 1470 1674 judicaudi
1511 1616 1654 1669 sunt,
1687 1620 1753 1661 ne

174 1699 411 1752 humani
457 1701 719 1769 propositi
771 1715 858 1755 res
911 1707 1129 1768 putetur
1168 1701 1367 1754 bonum
1402 1700 1529 1769 quid
1559 1701 1642 1753 vel
1672 1699 1754 1753 fa-

175 1805 335 1854 cere,
367 1792 452 1846 vel
479 1793 776 1858 dicere,vel
812 1791 1039 1858 sentire,
1069 1807 1134 1847 ex
1161 1807 1270 1862 quo
1293 1793 1359 1847 ad
1385 1800 1752 1861 contemptum

1856 587 2071 643 diabolo
2098 584 2438 640 sentiendum
2470 591 2573 646 εει,
2604 579 2698 648 qui
2754 579 2808 634 in
2861 585 3155 645 conspectu
3201 575 3419 631 Domini

1855 678 2244 748 omnipotentis
2286 675 2616 731 describitur
2666 673 2931 728 restitisse
2956 671 3004 736 ',
3033 679 3088 728 et
3116 669 3422 726 deseruisse

1857 781 2058 827 statum
2086 785 2239 824 suout
2261 769 2313 822 in
2336 782 2444 836 quo
2466 765 2647 820 fuerat
2679 762 3054 820 immaculatus
3080 762 3207 830 :qui
3236 761 3423 828 utique

1857 864 2128 935 potuisset
2167 862 2221 916 in
2257 861 2358 914 hoc
2393 867 2538 912 statu
2571 857 2623 911 in
2654 870 2764 926 quo
2805 853 2872 909 ab
2903 854 3055 909 initio
3093 852 3216 919 fuit,
3251 865 3424 920 usque

1857 955 1924 1008 ad
1957 955 2116 1008 linem
2171 962 2516 1021 perseverare
2558 948 2601 1002 si
2650 947 2930 1000 voluisset.
2971 943 3324 1012 Designatus,
3366 947 3425 994 ut

1857 1047 2117 1110 arbitror,
2151 1043 2309 1098 nobis
2349 1051 2454 1105 est,
2491 1049 2654 1109 prout
2699 1040 2994 1108 petuimus,
3025 1047 3082 1091 et
3117 1034 3423 1101 descriptus

1859 1138 1984 1206 quis
2011 1145 2066 1189 et
2099 1135 2273 1204 qualis
2299 1141 2444 1187 esset
2475 1131 2784 1192 hmreticus,
2823 1137 2878 1180 et
2908 1141 3050 1195 quae,
3084 1123 3165 1178 vel
3204 1122 3258 1176 in
3302 1119 3424 1188 qui-

1861 1228 1961 1281 bus
1989 1226 2103 1292 ejus
2146 1225 2420 1294 dogmata,
2459 1219 2713 1286 falsamque
2762 1216 3046 1285 opiniones
3098 1211 3420 1272 habeantur,

1860 1325 1914 1372 et
1938 1332 2056 1384 quae
2081 1314 2152 1369 sit
2183 1310 2564 1368 ecclesiastica:
2597 1306 2956 1362 observantia:
2982 1303 3211 1373 puritas.

2429 1403 2495 1457 Et
2531 1411 2642 1471 post
2675 1416 2861 1469 pauca.

1932 1497 2324 1567 Requisieruut
2374 1509 2509 1550 sane
2539 1492 2754 1563 quidam
2804 1499 2986 1544 utrum
3039 1484 3310 1549 haeresim,
3356 1494 3424 1536 an

1860 1590 2100 1646 schisma
2136 1597 2383 1660 oporteat
2409 1587 2590 1642 vocari
2623 1601 2717 1640 eos
2739 1583 2828 1652 qui
2859 1581 3214 1650 Cataphryga:
3253 1573 3428 1629 nomi-

1862 1694 2081 1746 nantur,
2110 1683 2463 1738 observantes
2494 1680 2656 1736 falsos
2679 1680 2994 1750 prophetas,
3023 1684 3076 1729 et
3126 1673 3370 1724 dicentes
3406 1684 3422 1722 :

1871 1793 1890 1827 ι
1921 1773 2002 1830 Ne
2032 1776 2262 1830 accedas
2303 1776 2372 1827 ad
2409 1789 2518 1838 me,
2541 1773 2799 1838 quoniam
2845 1770 3076 1825 mundus
3124 1781 3242 1820 sum
3271 1781 3286 1818 :
3319 1778 3424 1816 non

175 1895 245 1934 ac
279 1882 668 1952 negligentiam
696 1885 861 1938 divini
892 1884 1080 1954 judicii
1108 1901 1260 1940 mens
1286 1886 1520 1940 humana
1555 1886 1744 1939 forma-

1935 1869 2004 1920 im
2027 1866 2213 1933 accepi
2250 1881 2496 1929 uxorem,
2527 1880 2626 1920 nec
2650 1874 2731 1919 est
2756 1862 3060 1932 sepulcrum
3087 1871 3277 1928 patens
3301 1863 3428 1926 gul-

177 1971 360 2025 bitur.
397 1970 480 2026 Sit
533 1983 712 2028 autem
761 1973 813 2027 in
854 1975 1226 2030 ecclesiastico
1267 1975 1456 2029 ordine
1490 1973 1657 2028 etiam
1693 1975 1762 2029 de

176 2071 540 2130 peccatorum
579 2064 858 2134 suppliciis
891 2065 1043 2129 ﬁdes,
1068 2077 1124 2120 et
1156 2068 1223 2122 de
1268 2066 1355 2122 his
1389 2066 1480 2136 qui
1535 2067 1756 2134 praemia

177 2151 347 2207 bonae
369 2157 798 2212 conversationis
833 2169 887 2212 et
917 2159 1040 2212 vitae
1066 2159 1116 2212 in
1148 2172 1314 2228 regno
1359 2158 1569 2212 Domini
1612 2158 1762 2226 justo

178 2243 310 2313 ejus
363 2244 572 2313 judicio
617 2249 884 2320 recepturi
923 2260 1070 2304 sunt.
1112 2250 1169 2306 Si
1225 2251 1350 2320 quis
1392 2267 1524 2322 ergo
1565 2253 1760 2307 borum

183 2337 403 2407 aliquid
451 2355 570 2408 qua:
626 2355 788 2410 supra
844 2344 1217 2412 exposuimus,
1287 2355 1622 2400 commutare
1676 2347 1759 2399 vel

184 2432 516 2487 subvertere
550 2444 801 2500 conatur,
836 2435 982 2489 velut
1014 2453 1310 2506 perversus,
1339 2448 1394 2490 et
1422 2455 1453 2490 a
1487 2441 1762 2503 semetipso

178 2524 476 2581 damnatus
505 2527 527 2558 ³
556 2528 853 2583 secundum
905 2531 1230 2584 sententiam
1283 2532 1549 2600 Apostoli,
1597 2533 1760 2587 etiam

181 2633 214 2670 a
246 2619 410 2673 nobis
449 2631 718 2691 praecepto
758 2623 1187 2693 obsequentibus
1209 2625 1328 2696 ejus
1363 2626 1619 2681 similiter
1667 2627 1762 2681 ba-

182 2707 407 2762 bendus
436 2718 541 2763 est.
590 2710 843 2781 Designet
887 2721 1067 2766 autem
1110 2713 1542 2768 ecclesiasticum
1586 2714 1759 2766 virum

182 2816 317 2854 cum
350 2802 432 2855 his
458 2801 710 2857 omnibus
737 2818 856 2871 quae
889 2818 1050 2874 supra
1082 2804 1458 2874 exposuimus,
1497 2804 1661 2858 etiam
1697 2806 1763 2859 de

181 2905 533 2947 mortuorum
591 2896 994 2951 resurrectione
1042 2895 1195 2959 ﬁdes,
1258 2899 1324 2952 de
1369 2912 1476 2968 qua
1538 2907 1763 2953 sanctus

182 2983 471 3052 apostolus
491 2983 682 3039 Paulus
707 2984 780 3038 ita
801 2985 1172 3054 pronuntiat“,
1196 2987 1348 3056 quia,
1387 2987 1434 3042 si
1461 2989 1584 3056 quis
1603 2997 1765 3058 negat

182 3077 650 3132 resurrectionem
709 3087 1092 3144 mortuorum,
1147 3093 1496 3150 consequens
1548 3090 1630 3134 est
1705 3089 1766 3133 ut

179 3167 393 3224 Christi
415 3171 877 3226 resurrectionem
914 3181 1090 3241 neget.
1113 3171 1766 3246 Habeatur696uihilo-

177 3261 372 3315 minus
414 3260 465 3315 in
519 3261 896 3342 ecclesiastico
946 3263 1139 3319 ordine
1181 3267 1346 3320 etiam
1415 3269 1486 3320 de
1545 3265 1761 3320 diabolo

180 3352 355 3420 ratio,
379 3363 434 3408 et
467 3353 534 3408 de
559 3353 706 3409 omni
741 3354 860 3425 ejus
904 3356 1173 3420 exercitu,
1193 3359 1333 3428 quod
1367 3373 1567 3430 agones
1595 3373 1762 3430 quos-

179 3444 311 3499 dam
342 3455 397 3500 et
433 3447 730 3501 certamina
764 3447 1054 3504 adversum
1115 3464 1303 3506 omnes
1324 3451 1594 3514 homines,
1623 3466 1762 3520 prte-

178 3536 353 3607 cipue
391 3545 572 3592 tamen
601 3542 860 3598 adversus
885 3557 983 3598 eos
1005 3541 1094 3610 qui
1129 3541 1360 3596 credunt
1396 3543 1447 3597 in
1481 3541 1754 3598 Christqu

181 3627 483 3683 Dominum
533 3627 745 3696 Jesum,
798 3643 1048 3698 movent;
1096 3643 1152 3690 et
1199 3637 1343 3704 quod
1379 3635 1757 3690 necessitatem

182 3719 412 3789 quidem
437 3721 711 3792 imponere
746 3725 1000 3794 peccandi
1026 3739 1124 3795 per
1147 3740 1347 3796 agones
1378 3735 1432 3780 et
1458 3726 1757 3782 certamina

185 3825 300 3865 non
327 3811 529 3882 valent,
561 3817 890 3882 persuadere
918 3825 1098 3871 tamen
1133 3828 1188 3872 et
1223 3817 1474 3885 decipere
1521 3818 1588 3871 al
1627 3817 1757 3873 sub-

181 3904 495 3959 versionem
532 3917 757 3976 possunt
790 3923 886 3964 eos
929 3911 1022 3980 qui
1056 3926 1163 3965 non
1203 3910 1349 3964 omni
1387 3911 1629 3965 custodia
1661 3925 1757 3966 sua

184 3994 362 4050 corda
393 3999 774 4066 prtemuniunt.
817 4000 1130 4058 Habendum
1167 4011 1250 4056 est
1279 4011 1456 4056 autem
1502 4001 1552 4055 in
1584 4004 1758 4058 eccle-

186 4087 434 4144 siasticis
479 4091 970 4156 observationibus,
1030 4093 1173 4162 quod
1240 4109 1412 4160 neque
1475 4093 1755 4150 hominum

186 4181 317 4248 quis
347 4196 376 4234 a
413 4181 519 4236 Deo
559 4182 611 4235 in
656 4184 1010 4252 perditionem
1047 4185 1282 4238 traditus
1333 4193 1440 4252 est,
1473 4187 1566 4240 sed
1591 4202 1758 4241 unus-

184 4272 426 4342 quisque
505 4276 851 4344 pereuntium
919 4290 1019 4330 sua
1082 4276 1406 4346 negligentia
1462 4287 1646 4344 pereat
1703 4286 1758 4333 et

185 4362 370 4433 culpa,
395 4365 488 4434 qui
523 4365 727 4422 habens
753 4367 969 4423 arbitrii
995 4367 1333 4432 libertatem,
1374 4368 1576 4438 eligere
1609 4369 1754 4438 quod

1863 1967 1951 2012 tur
1986 1973 2188 2020 meum,
2220 1957 2315 2011 sed
2361 1972 2482 2010 sum
2515 1953 2801 2010 Nazararus
2842 1951 2959 2017 Dei,
3000 1963 3105 2004 non
3136 1946 3326 2002 bibens
3349 1945 3429 1998 vi-

1861 2064 1993 2103 uum
2027 2049 2166 2103 sicut
2191 2047 2289 2104 illi.
2331 2067 2355 2101 ι

2427 2135 2625 2192 Postea
2668 2146 2862 2190 autem.

1934 2251 2073 2306 Sunt
2096 2266 2227 2307 vero
2255 2261 2310 2308 et
2340 2251 2445 2306 alia
2482 2249 2729 2320 quaedam
2772 2253 3022 2318 dogmata
3059 2261 3178 2317 qua:
3211 2245 3264 2299 in
3298 2261 3430 2314 apo.

1861 2343 2072 2398 stolicis
2107 2342 2492 2398 traditionibus
2533 2357 2638 2394 non
2692 2338 2979 2402 habentur,
3013 2337 3078 2390 de
3111 2336 3310 2405 quibus
3344 2349 3431 2389 re-

1861 2435 2046 2504 quires
2079 2435 2124 2489 si
2153 2443 2367 2504 oportet
2397 2448 2492 2486 eos
2525 2431 2616 2500 qui
2644 2429 2923 2500 quodlibet
2949 2431 3015 2484 de
3057 2429 3142 2482 his
3187 2428 3432 2482 sentiunt

1863 2528 1948 2581 vel
1980 2535 2340 2596 pertractant,
2373 2525 2660 2580 haereticos
2685 2525 2950 2595 putandos
2975 2539 2989 2585 ;
3022 2531 3080 2574 ut
3109 2532 3258 2590 puta,
3278 2519 3430 2573 verbi

1861 2631 2022 2672 causa
2073 2615 2334 2679 dixerim,
2368 2614 2415 2668 si
2451 2615 2575 2684 quis
2619 2620 2884 2668 rationem
2939 2611 3188 2665 humana;
3234 2609 3431 2663 anima

1862 2711 2126 2778 inquirat,
2154 2723 2276 2762 cum
2299 2707 2364 2760 de
2393 2720 2455 2759 ea
2484 2723 2658 2774 neque
2681 2706 2822 2776 quod
2853 2719 2922 2760 ex
2949 2702 3172 2757 seminis
3208 2701 3433 2755 traduce

1863 2802 2112 2866 ducatur,
2149 2813 2324 2867 neque
2350 2800 2493 2868 quod
2524 2797 2895 2852 houorabilior
2926 2805 2982 2851 et
3010 2794 3289 2864 antiquior
3309 2808 3433 2847 cor-

1865 2906 2051 2962 porum
2078 2905 2342 2959 compage
2369 2890 2458 2958 sit,
2490 2889 2774 2942 tradiderit
2813 2886 3181 2942 ecclesiastica
3223 2882 3429 2953 regula.

1863 2985 2093 3053 Propter
2118 2982 2261 3052 quod
2296 2981 2450 3035 multi
2497 2996 2596 3036 nec
2626 2979 3090 3049 comprehendere
3139 2983 3434 3046 potuerunt

1863 3075 2095 3144 qualiter
2125 3073 2315 3129 sentiri
2341 3082 2616 3142 oporteret
2646 3071 2713 3126 de
2745 3072 2940 3125 animae
2972 3071 3183 3126 ratione
3211 3086 3226 3122 :
3253 3071 3347 3125 sed
3377 3077 3433 3124 et

1865 3164 1954 3232 qui
1989 3162 2193 3231 aliquid
2223 3163 2426 3216 sentire
2463 3162 2544 3216 vel
2581 3162 2848 3217 disserere
2881 3160 2981 3215 visi
3029 3171 3178 3225 sunt,
3219 3175 3247 3213 a
3299 3175 3435 3212 non-

1869 3254 2028 3310 nullis
2069 3254 2120 3307 in
2184 3255 2495 3323 suspicione
2542 3254 2812 3311 habentur
2859 3254 3006 3308 velut
3055 3252 3178 3308 novi
3225 3251 3432 3323 aliquid

1867 3348 2291 3403 introducentes.

2293 3437 2494 3493 Deinde
2521 3447 2637 3508 post
2664 3455 2836 3509 pauca
2883 3439 2957 3492 ait
2988 3453 3007 3492 :

1935 3549 2040 3606 Sed
2065 3558 2122 3604 et
2157 3559 2211 3605 tu
2238 3550 2351 3621 ipse
2375 3551 2517 3620 apud
2548 3549 2892 3620 temetipsum
2929 3549 3222 3604 discutiens
3251 3547 3435 3605 consi-

1864 3644 1994 3694 dera
2034 3640 2079 3694 si
2114 3649 2325 3708 oportet
2357 3654 2480 3693 eum
2506 3639 2599 3708 qui
2631 3638 2875 3708 quolibet
2916 3639 3074 3691 modo
3106 3638 3173 3691 de
3199 3637 3285 3690 his
3313 3636 3433 3705 opi-

1865 3743 2044 3798 natur,
2081 3733 2170 3786 vel
2225 3732 2566 3796 hmreticum,
2606 3731 2693 3785 vel
2742 3729 3172 3786 ecclesiasticum
3229 3737 3436 3785 temere

1860 3825 2104 3892 deﬁniri;
2130 3833 2224 3880 aut
2262 3824 2308 3878 si
2342 3839 2448 3877 non
2496 3833 2580 3878 est
2612 3823 2979 3894 periculosum
3007 3823 3073 3878 de
3093 3836 3157 3876 eo
3190 3836 3432 3893 pronun-

1859 3918 1929 3971 tia
1942 3932 1999 3970 re
2020 3919 2275 3987 quoniam
2303 3928 2358 3972 et
2393 3918 2505 3986 ipse
2539 3932 2832 3985 perversus
2862 3917 2936 3976 sit
2964 3924 3013 3970 et
3044 3924 3253 3984 peccet,
3281 3922 3337 3967 et
3360 3913 3435 3969 sit

1860 4023 1888 4060 a
1917 4009 2210 4076 semetipso
2235 4009 2522 4063 dautuatus
2559 4009 2604 4076 ⁸,
2641 4009 2787 4079 quod
2812 4007 2878 4062 de
2905 4006 3172 4062 lucreticis
3212 4005 3433 4073 dicitur,

1861 4100 1906 4155 si
1933 4102 2056 4170 quis
2095 4099 2232 4154 forte
2263 4115 2330 4154 ex
2370 4101 2452 4156 his
2488 4117 2608 4170 quia
2635 4115 2799 4170 supra
2847 4101 3103 4166 diximus,
3135 4098 3436 4170 quamlibet

1864 4193 2191 4264 opinionem,
2234 4193 2364 4247 licet
2411 4209 2604 4247 novam
2654 4203 2710 4249 et
2742 4193 3157 4265 quamplurimis
3194 4193 3436 4264 peregri-

1863 4299 2014 4351 nam,
2044 4285 2294 4340 vidcatur
2327 4284 2609 4341 inducere.

491 4643 607 4705 EX
645 4643 1242 4708 COMMENTARIO
1262 4645 1641 4710 ORIGENIS
1667 4648 1750 4710 ΙΝ
1776 4648 2231 4712 EPISTOLAM
2263 4650 2370 4712 AD
2400 4651 2536 4715 PHI
2552 4653 2948 4717 LEMONEM
2985 4656 3134 4738 (92).

263 4961 374 5020 Sed
403 4971 457 5020 et
487 4963 555 5020 de
598 4964 826 5036 singulis
865 4976 1181 5024 sanctorum
1223 4971 1316 5041 qui
1373 4971 1430 5026 in
1475 4969 1758 5043 Scriptura
1789 4975 1836 5032 D
1866 4982 1916 5028 ta
1954 4973 2076 5043 ejus
2108 4989 2235 5030 vera
2271 4989 2394 5031 esse
2445 4978 2769 5046 susceperit.
2806 4977 2982 5033 credit
3030 4987 3085 5032 et
3133 4988 3257 5044 hoc,
3289 4979 3446 5049 quod-

188 5067 378 5111 sancta
409 5057 703 5127 conscripti
749 5067 899 5124 sunt,
930 5076 1183 5132 quosque
1224 5063 1401 5132 justos
1448 5073 1504 5118 et
1552 5064 1754 5122 electos

191 5149 282 5203 Dei
312 5163 432 5204 esse
463 5148 744 5220 Scriptura
780 5161 1032 5221 testatur,
1061 5155 1220 5210 debet
1248 5171 1370 5212 esse
1401 5157 1534 5213 ﬁdes
1560 5159 1628 5214 ab
1668 5159 1753 5214 bis

188 5241 278 5308 qni
307 5241 504 5295 salvari
533 5240 778 5311 cupiunt.
809 5241 924 5298 Non
961 5247 1105 5300 enim
1146 5257 1326 5315 potest
1359 5263 1481 5304 esse
1511 5252 1750 5318 perfecta

191 5332 244 5384 in
277 5332 442 5385 Deum
477 5334 630 5397 tides,
659 5333 764 5388 nisi
809 5337 929 5404 quis
969 5338 1162 5392 habeat
1197 5349 1250 5393 et
1284 5341 1424 5395 hanc
1459 5340 1615 5394 ﬁdem
1649 5355 1754 5410 qua

189 5422 258 5476 de
299 5423 508 5478 sanctis
537 5425 679 5492 quod
720 5425 896 5479 sancti
932 5436 1054 5480 sunt
1093 5430 1354 5484 creditur.
1385 5430 1536 5497 Quod
1567 5440 1751 5484 autem

193 5515 422 5570 dicimus
451 5514 560 5570 tale
580 5525 686 5571 est.
715 5513 1123 5582 Quicrediderit
1151 5520 1204 5575 iu
1228 5520 1420 5588 Deum,
1451 5530 1506 5578 et
1529 5522 1753 5591 dogma-

1859 5067 2032 5121 Adam
2067 5067 2284 5135 quidem
2313 5069 2522 5137 primus
2547 5070 2708 5123 homo
2740 5068 3007 5124 formatus
3038 5080 3149 5136 est;
3186 5072 3441 5127 credite:

1858 5157 1926 5213 de
1971 5157 2104 5222 Eva,
2141 5158 2284 5227 quod
2335 5174 2496 5212 unam
2547 5174 2576 5215 e
2606 5163 2774 5215 costis
2799 5161 2974 5214 Adam
3027 5175 3246 5215 sumens
3291 5157 3447 5216 Deus

1861 5248 2209 5303 aediﬁcaverit
2252 5263 2374 5303 eam
2430 5259 2488 5303 ut
2531 5259 2676 5304 esset
2708 5248 2824 5318 ejus
2874 5250 3118 5304 mulier:
3157 5248 3333 5304 credit
3377 5259 3437 5304 et

1861 5341 2004 5409 quod
2047 5339 2194 5396 Enos
2223 5356 2350 5396 vere
2375 5342 2657 5411 speraverit
2702 5342 2948 5396 invocare
2989 5357 3178 5396 nomen
3221 5340 3444 5396 Domini

1859 5431 1958 5484 Dei
1986 5434 2028 5496 ',
2059 5441 2114 5486 et
2140 5435 2283 5501 quod
2307 5432 2511 5498 Enoch,
2543 5433 2670 5504 quia
2718 5432 2774 5488 in
2825 5433 2983 5487 annis
3033 5431 3286 5488 ducentis
3312 5433 3440 5504 pla-

1859 5524 2032 5580 cuerit
2064 5524 2194 5594 Deo,
2226 5537 2589 5597 posteaquam
2617 5527 2976 5586 Mathusalem
3004 5525 3211 5597 genuit,
3249 5535 3455 5584 trans-

261 5702 412 5759 'Tit.
443 5702 644 5772 1",“.
719 5703 742 5736 ⁸
773 5702 796 5758 Ι
825 5705 949 5760 Cor.
1027 5717 1120 5771 xv,
1161 5703 1254 5758 15.
1327 5703 1349 5737 '
1399 5702 1532 5759 Dan.
1564 5718 1625 5771 x,
1682 5702 1782 5774 l5;
1822 5705 1989 5779 Apoc.
2031 5723 2130 5778 xu,
2172 5709 2232 5778 7;
2265 5710 2389 5768 Jud.
2419 5712 2474 5771 6.
2549 5714 2699 5770 “Tit.
2732 5729 2814 5780 Ill,
2853 5713 2940 5768 ll.
3015 5712 3037 5744 '
3066 5711 3204 5769 Gen.
3236 5710 3436 5781 ινςῖσι

259 5819 370 5892 (92)
398 5819 477 5876 Ex
503 5820 760 5894 Apologia
796 5819 1064 5895 Pamphili
1091 5821 1346 5895 martyris
1366 5837 1463 5896 pro
1488 5821 1744 5895 Origene.
