3744 6146
306 355 444 412 13οΊ

1003 354 1323 412 ORIGENIS
1353 355 1778 415 FRAGMENTA
1816 358 1884 415 IN
1922 358 2308 416 EPISTOLAM
2346 361 2440 416 AD
2477 361 2838 420 HEBR.EOS.

3408 371 3538 430 1308

306 477 450 533 latus
499 431 630 534 est:
671 485 725 533 et
757 477 826 533 de
865 475 1002 542 Noe,
1028 479 1153 548 quia
1184 493 1441 549 responsa
1465 479 1674 550 accepit
1705 489 1766 535 ut
1789 479 1871 535 fa-
1901 491 1949 546 Α
1975 483 2117 552 perit
2149 499 2163 534 :
2201 491 2257 537 et
2309 481 2378 537 de
2426 481 2592 537 David
2637 497 2796 552 quem
2840 483 3130 554 assumpsit
3169 483 3433 542 Dominus
3477 491 3538 544 ab

306 569 550 626 bricaret
575 585 779 635 arcam,
814 580 868 626 et
891 571 1040 626 solus
1064 572 1306 626 salvatus
1336 581 1507 628 estex
1533 573 1736 629 diluvio
1749 588 1870 628 cum

305 662 394 716 his
422 663 796 716 tantummodo
817 664 907 732 qui
938 677 1127 718 secum
1153 678 1334 718 arcam
1370 663 1586 719 fuerant
1615 665 1870 735 ingressi.

307 751 568 808 Similiter
600 763 655 808 et
701 753 771 807 de
811 754 1110 818 Abraham,
1152 754 1296 822 quod
1336 753 1595 810 meruerit
1628 754 1873 808 testimo-

306 847 456 900 nium
488 845 601 912 Dei,
625 854 678 901 et
698 846 840 915 quod
861 845 1162 914 susceperit
1184 845 1437 914 hospitio,
1458 860 1578 900 cum
1605 855 1751 901 esset
1773 845 1873 901 sub

305 939 433 995 ilice
477 938 741 1003 Mambre,
781 949 890 993 tres
917 940 1063 994 viros
1095 953 1159 993 ex
1193 941 1392 1009 quibus
1441 955 1579 994 unus
1612 939 1872 994 Dominus

305 1042 448 1086 erat.
483 1031 670 1086 Credit
699 1042 754 1086 et
783 1031 852 1086 de
883 1031 1030 1086 Isaac
1057 1033 1140 1086 vel
1175 1035 1444 1101 quomodo
1475 1042 1634 1086 natus
1656 1041 1759 1095 est,
1785 1031 1872 1084 vel

305 1124 576 1192 quomodo
600 1123 812 1178 oblatus
839 1132 922 1178 est
955 1140 984 1177 a
1017 1135 1186 1191 patre,
1209 1125 1292 1179 vel
1321 1125 1590 1192 quomodo
1615 1138 1868 1192 responsa

304 1215 399 1271 Dei
436 1215 626 1268 audire
663 1216 924 1269 meruerit
967 1232 980 1269 :
1025 1218 1117 1268 sed
1149 1224 1204 1270 et
1233 1217 1300 1270 de
1329 1215 1504 1269 Jacob
1536 1215 1713 1284 quod,
1748 1230 1870 1268 mu-

305 1313 418 1359 tato
447 1305 687 1369 nomine,
717 1304 884 1359 Israel
917 1319 944 1358 a
979 1306 1088 1359 Deo
1117 1307 1528 1374 cognominatus
1549 1319 1630 1360 est
1671 1323 1684 1358 :
1723 1315 1776 1360 et
1805 1309 1873 1362 de

301 1393 464 1464 697
496 1393 700 1464 Moyse,
740 1394 882 1463 quod
912 1408 1008 1464 per
1038 1395 1188 1463 signa
1219 1403 1274 1449 et
1333 1396 1562 1450 virtutes
1589 1396 1869 1449 ministra-

302 1485 442 1540 verit
485 1484 617 1539 Deo.
651 1485 835 1539 Credit
869 1493 923 1539 et
962 1487 1104 1554 quod
1133 1485 1294 1540 Jesus
1326 1485 1476 1540 Nave
1515 1487 1802 1541 exauditus
1837 1503 1867 1542 a

304 1578 435 1644 Deo,
470 1588 617 1634 stare
662 1577 856 1631 fecerit
897 1577 1067 1632 solem
1109 1593 1274 1647 super
1315 1577 1561 1642 Cabaon,
1589 1588 1642 1632 et
1683 1579 1868 1632 lunam

301 1683 464 1737 super
492 1667 682 1721 vallem
719 1665 910 1723 llelon.
957 1666 1094 1733 Quid
1139 1678 1318 1723 autem
1365 1669 1646 1723 dicendum
1696 1668 1871 1722 estde

304 1758 548 1813 ﬁdelibus
570 1759 877 1826 judicibus,
911 1768 966 1813 et
994 1760 1061 1814 de
1091 1761 1175 1814 his
1202 1775 1320 1829 qua!
1344 1774 1441 1829 per
1470 1775 1564 1814 eos
1599 1771 1748 1828 gesta
1778 1774 1870 1814 re-

1973 575 2165 630 ovibus
2216 583 2274 628 ut
2311 584 2528 644 regeret
2577 573 2746 630 Jacob
2805 589 3031 645 puerum
3069 592 3249 640 suum,
3292 589 3347 634 et
3383 579 3539 636 Israel

1974 664 2352 720 haereditatem
2384 681 2538 720 suam
2573 685 2586 720 :
2614 677 2669 722 et
2699 667 2765 721 de
2799 666 3030 732 Nathan,
3074 669 3219 738 quod
3249 671 3536 740 propheta-

1974 757 2136 823 verit,
2174 772 2380 812 necnon
2417 766 2474 812 et
2510 759 2624 812 Gad
2656 775 2670 811 :
2705 758 2799 811 sed
2830 768 2886 812 et
2925 759 2992 813 de
3035 758 3366 826 Salomone,
3402 763 3536 830 quod

1973 851 2284 919 apparuerit
2330 850 2380 904 ei
2425 851 2477 904 in
2516 850 2634 904 visu
2688 850 2992 904 Dominus:
3023 860 3080 906 et
3117 851 3188 905 de
3226 851 3367 917 Elia,
3401 854 3538 922 quod

1972 951 2285 1010 assumptus
2312 950 2396 996 est
2433 957 2527 1011 per
2567 943 2942 996 ascensionem
2983 941 3038 996 in
3086 942 3308 1005 caelum,
3341 941 3541 998 eﬂ‘ectis

1973 1032 2079 1086 illis
2102 1034 2377 1098 omnibus,
2409 1049 2531 1103 qua:
2554 1035 2752 1102 scripta
2782 1045 2932 1099 sunt,
2955 1035 3126 1106 signis
3154 1043 3209 1090 et
3231 1035 3495 1104 prodigiis
3524 1055 3537 1090 :

1973 1124 2065 1178 sed
2093 1135 2147 1178 et
2175 1124 2242 1177 de
2283 1124 2495 1191 Eliseo,
2545 1127 2800 1193 quoniam
2852 1139 2958 1178 non
2995 1125 3168 1178 solum
3198 1126 3542 1180 resuscitavit

1973 1215 2136 1269 ﬁlium
2164 1212 2500 1279 Snnainitis,
2541 1217 2634 1270 sed
2683 1224 2736 1270 et
2775 1225 3047 1268 mortuum
3082 1230 3242 1284 super
3279 1229 3402 1268 ossa
3447 1230 3540 1268 sua

1971 1304 2563 1374 projectum?0portet
2625 1320 2756 1373 ergo
2805 1287 3242 1375 unumquemque
3307 1306 3539 1360 ﬁdelium

1970 1397 2193 1451 credere
2217 1405 2272 1450 et
2303 1395 2555 1449 omnibus
2601 1411 2719 1466 qua:
2765 1397 2970 1465 scripta
3011 1405 3140 1450 sunt
3181 1397 3248 1451 de
3277 1396 3538 1460 Ezechia,

1969 1488 2112 1556 quod
2158 1488 2210 1540 in
2254 1488 2442 1543 diebus
2484 1487 2602 1556 ejus
2632 1500 2930 1549 retrorsum
2967 1489 3310 1558 repedaverit
3351 1489 3536 1541 umbra

1971 1579 2118 1634 solis.
2150 1579 2243 1633 Est
2276 1594 2408 1650 ergo
2443 1579 2576 1635 fides
2609 1590 2790 1634 nostra
2826 1579 3006 1649 primo
3047 1581 3268 1648 quidem
3298 1579 3537 1633 omnium

1973 1670 2022 1724 in
2045 1671 2328 1726 Dominum
2349 1682 2597 1727 nostrum
2618 1670 2801 1726 Jesum
2824 1671 3126 1735 Christum,
3144 1681 3538 1740 consequenter

1970 1775 2098 1814 vero
2129 1761 2292 1814 etiam
2329 1761 2382 1815 in
2414 1776 2602 1817 omnes
2632 1769 2851 1817 sanctos
2884 1760 3263 1831 patriarchas,
3294 1761 3379 1814 vel
3415 1775 3537 1829 pro-

299 1847 590 1904 feruntur:
624 1852 708 1906 vel
740 1851 791 1905 in
829 1851 1138 1924 Regnorum
1181 1853 1333 1908 libris
1369 1853 1435 1906 de
1455 1851 1694 1916 Samuel,
1724 1852 1870 1920 quod
1904 1834 1946 1891 Β
1976 1851 2183 1920 pbetas,
2218 1851 2302 1906 vel
2341 1853 2612 1921 apostolos
2649 1852 2878 1921 Christi,
2911 1866 2977 1908 eo
3005 1852 3202 1909 ordine
3232 1866 3345 1921 quo
3379 1867 3532 1924 supe-

301 1944 554 1996 messium
582 1951 823 2013 tempore
852 1943 1060 2014 pluvias
1085 1921 1137 1997 a.
1155 1942 1268 1999 Deo
1287 1945 1595 2013 poposcerit
1627 1951 1682 1998 et
1714 1958 1872 1998 acce-

1979 1944 2089 1998 rius
2111 1943 2367 2000 diximus.

325 2095 3487 2123 mm

853 2239 959 2299 EX
989 2239 1247 2301 LIBRlS
1277 2239 1654 2302 ORIGENIS
1679 2241 1758 2302 IN
1790 2240 2248 2303 EPISTOLAM
2279 2243 2390 2304 AD
2421 2243 2810 2306 HEBREOS
2842 2241 2983 2325 (93).

365 2557 479 2612 Lex
521 2566 703 2614 autem
745 2565 946 2610 aeterna
996 2557 1124 2627 quid
1160 2557 1305 2612 aliud
1354 2570 1437 2613 est
1487 2561 1864 2626 sentiendum,

297 2661 458 2716 quam
501 2648 642 2702 Dens
681 2645 866 2712 Pater,
901 2649 993 2718 qui
1040 2666 1316 2720 nunquam
1361 2651 1464 2706 fuit
1512 2654 1726 2720 quando
1775 2653 1864 2707 lux

297 2739 517 2808 quidem
555 2747 718 2802 esset,
747 2739 1002 2807 splendor
1027 2757 1153 2794 vero
1185 2742 1233 2795 ei
1267 2757 1371 2797 non
1409 2743 1658 2798 adesset?
1681 2743 1866 2813 Neque

295 2831 440 2883 enim
474 2831 561 2884 lux
586 2832 702 2884 sine
721 2831 1006 2898 splendore
1035 2847 1132 2887 suo
1157 2849 1390 2903 unquam
1421 2835 1642 2904 intelligi
1661 2847 1856 2905 potest.

297 2921 447 2986 Quod
474 2922 516 2974 si
549 2936 734 2974 verum
761 2932 862 2986 est,
897 2939 1167 2990 ntnn‘luatn
1201 2935 1284 2978 est
1305 2927 1524 2996 quando
1556 2925 1726 2980 Filius
1751 2922 1855 2981 nun

293 3011 467 3066 Filius
489 3009 610 3065 fuit.
645 3009 766 3066 Erit
804 3019 982 3067 autem
1009 3029 1112 3067 non
1131 3016 1270 3069 sicut
1301 3019 1367 3070 de
1395 3027 1598 3069 a-terna
1631 3017 1752 3072 luce
1778 3019 1860 3072 di-
1894 3059 1899 3064 .

294 3097 472 3158 ximus
512 3104 750 3169 innatus,
788 3119 854 3158 ne
886 3105 990 3158 duo
1024 3105 1284 3176 principia
1316 3107 1450 3162 lucis
1473 3110 1751 3163 videamur
1776 3111 1860 3164 in-

1974 2569 2062 2615 tur
2093 2559 2249 2615 simul
2287 2556 2664 2612 disserendum
2711 2564 2766 2609 et
2805 2554 2938 2609 illud
2984 2555 3128 2623 quod
3174 2555 3382 2610 dictum
3430 2562 3532 2622 est,

1971 2667 2076 2707 non
2109 2651 2283 2705 solum
2317 2651 2460 2718 quod
2501 2647 2753 2716 splendor
2793 2657 2879 2702 est
2915 2648 3049 2702 lucis
3083 2656 3327 2711 aeternae,
3357 2649 3450 2702 sed
3482 2657 3534 2703 et

1969 2741 2111 2810 quod
2145 2739 2271 2794 huic
2306 2738 2482 2793 simile
2513 2739 2566 2792 in
2603 2737 2880 2807 Sapientia
2919 2737 3230 2793 Solomonis
3261 2736 3528 2802 refertur,

1968 2833 2021 2886 in
2053 2846 2156 2900 qua
2187 2831 2425 2899 seipsam
2465 2829 2744 2898 Sapientia
2789 2829 3052 2883 describit
3087 2830 3276 2884 dicens
3308 2845 3324 2882 :
3361 2827 3533 2900 Vapor

1966 2921 2103 2974 enim
2125 2929 2198 2972 est
2225 2920 2432 2973 virtutis
2459 2919 2576 2985 Dei,
2599 2928 2645 2972 et
2675 2919 2950 2986 aporrhwa
2978 2917 3160 2988 gloria:
3190 2917 3528 2988 Omnipoten-

1967 3013 2033 3066 tis
2059 3013 2339 3082 purissima
2373 3013 2440 3068 ‘°.

2475 3103 2544 3158 Et
2579 3112 2695 3172 post
2723 3103 3016 3174 aliquanta.

295 3195 514 3260 ducere,
551 3196 643 3250 sed
687 3195 826 3258 sicut
873 3196 1126 3267 ingenitae
1169 3199 1305 3254 lucis
1350 3201 1640 3270 splendor,
1684 3202 1854 3270 ipsam
1883 3198 1928 3256 C
2028 3200 2252 3270 Oportet
2273 3206 2453 3252 autem
2484 3198 2624 3251 scire
2651 3212 2749 3250 nos
2766 3197 2889 3265 quia
2916 3211 3012 3264 per
3051 3193 3345 3250 ineffabilia
3377 3209 3526 3264 qua:-

295 3287 440 3342 illam
475 3289 644 3344 lucem
685 3285 910 3344 initium.
943 3292 1149 3346 habens
1181 3309 1244 3346 ac
1272 3290 1512 3358 fontem,
1547 3303 1708 3348 natus
1740 3295 1863 3364 qui-

292 3378 414 3434 dem
447 3397 511 3436 ex
546 3384 678 3451 ipsa,
721 3385 813 3440 sed
841 3399 945 3438 non
977 3395 1093 3438 erat
1127 3386 1343 3454 quando
1371 3400 1474 3439 non
1510 3393 1649 3441 erat.

290 3471 495 3527 Deinde
532 3476 756 3542 probam
798 3474 996 3529 Filium
1036 3478 1190 3531 unius
1233 3493 1350 3530 cum
1393 3475 1556 3533 Patre
1603 3494 1715 3532 esse
1741 3480 1864 3533 sub-

361 3565 608 3633 atamiw,
661 3567 891 3621 alienum
941 3584 1060 3622 vero
1122 3585 1156 3623 a
1204 3569 1512 3624 substantiis
1567 3581 1859 3640 creatum,

362 3665 460 3710 atl.

362 3747 765 3819 lutcrrogamus
783 3748 947 3818 igitur
980 3763 1074 3804 eos
1095 3763 1230 3818 quos
1255 3750 1399 3820 piget
1429 3750 1674 3805 confiteri
1692 3750 1862 3806 Deum

291 3856 411 3896 esse
438 3841 629 3896 Filium
665 3841 780 3904 Dei,
813 3841 1084 3908 quomodo
1115 3849 1329 3908 poterat
1351 3841 1464 3894 sola
1498 3843 1734 3895 humana
1769 3858 1865 3895 na-

293 3939 412 3989 ttira
447 3935 580 3986 nihil
618 3935 668 3986 iu
696 3949 753 3986 se
794 3933 999 3987 habens
1030 3933 1306 3998 eximium,
1345 3949 1518 4003 neque
1551 3934 1749 4005 aliquid
1783 3937 1865 3990 di-

290 4025 431 4079 viuze
454 4027 792 4087 substantiae,
829 4026 1198 4078 lnnredilatem
1232 4041 1427 4093 capere
1469 4039 1680 4080 omnem
1711 4026 1862 4095 prin-

292 4117 550 4183 cipatum,
571 4126 624 4168 et
647 4132 863 4170 omnem
898 4125 1243 4184 potestatem,
1278 4125 1331 4169 et
1368 4117 1620 4171 virtutem
1646 4157 1661 4182 ,
1694 4127 1748 4172 el
1781 4118 1865 4173 his

291 4206 542 4260 omnibus
569 4207 812 4274 praeferri
844 4222 905 4260 ac
936 4206 1174 4276 pra-poni
1202 4221 1230 4258 a
1260 4205 1440 4263 Patre.
1481 4206 1631 4262 Unde
1660 4218 1864 4262 rectum

293 4297 508 4350 videtur
527 4298 670 4366 quod
712 4299 1055 4366 pratslantior
1091 4313 1215 4352 esse
1252 4299 1444 4352 debeat
1481 4299 1531 4353 is
1560 4298 1652 4368 qui
1688 4299 1862 4354 haere-

293 4389 514 4444 ditatem
544 4391 714 4458 capit,
752 4401 806 4443 et
846 4405 1043 4460 genere
1085 4393 1296 4460 utique,
1331 4400 1385 4447 et
1411 4393 1624 4462 specie,
1657 4402 1706 4446 et
1740 4394 1867 4447 sub-

298 4481 524 4545 stantia,
546 4491 599 4534 et
641 4481 996 4534 subsistentia
1027 4482 1117 4536 vel
1163 4492 1356 4536 natura
1381 4523 1396 4548 ,
1431 4494 1593 4551 atque
1615 4485 1865 4540 omnibus

293 4573 602 4642 quibusque
633 4573 808 4629 modis
841 4577 1003 4629 debet
1033 4591 1153 4628 esse
1181 4577 1545 4644 pra~stantior.

841 4665 905 4718 Et
935 4677 1046 4735 post
1079 4684 1270 4734 pauca.

363 4753 497 4810 Cum
538 4766 716 4810 autem
762 4758 1048 4812 discutitur
1091 4761 1192 4814 hoc
1233 4760 1376 4828 quod
1425 4760 1630 4814 dictum
1675 4770 1758 4816 est
1794 4760 1862 4816 de

293 4843 431 4901 Filio
457 4845 576 4912 Dei,
605 4848 746 4917 quod
765 4850 839 4904 sit
867 4849 1122 4920 splendor
1142 4851 1348 4920 gloriae,
1377 4851 1686 4905 necessario
1711 4852 1861 4906 vide-

1964 3291 2108 3357 dant,
2135 3299 2192 3346 et
2219 3300 2448 3355 secreta,
2471 3305 2532 3343 ac
2565 3287 2840 3343 recondita
2863 3287 3149 3356 quemdam
3183 3288 3402 3340 modum
3428 3285 3527 3339 sibi

1964 3379 2167 3436 faciens
2212 3380 2494 3448 Scriptura
2541 3389 2728 3433 sancta
2769 3389 3001 3433 conatur
3037 3377 3349 3433 hominibus
3390 3377 3526 3430 indi-

1965 3487 2113 3539 care,
2152 3482 2207 3527 et
2252 3470 2590 3527 intellectum
2636 3485 2929 3538 suggerere
2976 3471 3252 3524 subtilem;
3307 3469 3527 3539 Vaporis

1964 3566 2108 3620 enim
2137 3579 2332 3620 nomen
2357 3564 2653 3628 inducens,
2691 3564 2792 3618 hoc
2819 3563 2938 3618 ideo
2975 3565 3042 3618 de
3088 3563 3252 3618 rebus
3275 3577 3525 3634 corpora-

1966 3661 2105 3715 libus
2139 3659 2454 3727 assumpsit,
2499 3665 2557 3710 ut
2593 3656 2681 3710 vel
2717 3671 2781 3709 ex
2817 3665 2970 3725 parte
3013 3655 3194 3725 aliqua
3228 3655 3524 3723 intelligere

1965 3751 2234 3820 possimus
2262 3747 2528 3817 quomodo
2559 3744 2806 3800 Christus
2847 3745 2937 3812 qui
2981 3755 3064 3798 est
3104 3745 3368 3813 sapientia
3393 3783 3410 3810 ,
3443 3757 3524 3798 se-

1964 3843 2194 3897 cundum
2216 3840 2621 3895 similitudinem
2645 3838 2765 3909 ejus
2801 3837 3020 3907 vaporis
3053 3837 3145 3905 qui
3170 3838 3236 3892 de
3271 3837 3522 3892 substan-

1968 3937 2039 3989 tia
2065 3935 2240 4004 aliqua
2269 3946 2530 4001 corporea
2561 3930 2828 4000 procedit,
2867 3931 2945 3984 sic
2982 3931 3144 3983 etiam
3173 3930 3288 3998 ipse
3325 3938 3384 3982 ut
3411 3929 3525 3998 qui-

1964 4027 2086 4078 dam
2129 4039 2296 4094 vapor
2343 4023 2588 4078 exoritur
2627 4022 2696 4077 de
2737 4022 2939 4077 virtute
2977 4021 3145 4090 ipsius
3187 4021 3280 4075 Dei
3314 4037 3329 4074 :
3369 4021 3447 4076 sic
3473 4032 3524 4076 et

1966 4115 2230 4185 sapientia
2262 4129 2328 4169 ex
2368 4130 2433 4169 eo
2462 4113 2791 4181 procedens,
2830 4126 2897 4166 ex
2944 4113 3057 4180 ipsa
3099 4112 3192 4167 Dei
3224 4113 3522 4168 substantia

1967 4217 2278 4279 generatur.
2309 4205 2400 4260 Sic
2431 4207 2784 4261 nihilominus
2810 4211 2865 4260 et
2895 4205 3194 4259 secundum
3220 4205 3523 4258 similitudi-

1966 4317 2088 4357 nem
2130 4299 2432 4369 corporalis
2461 4299 2796 4366 aporrltaeze,
2841 4312 2962 4352 esse
3001 4297 3200 4351 dicitur
3246 4297 3521 4366 aporrhaea

1967 4393 2152 4464 gloria:
2187 4390 2583 4461 Omnipotentis
2611 4406 2741 4458 pura
2771 4387 3018 4459 quadam
3048 4398 3106 4441 et
3131 4389 3363 4443 sincera.
3401 4389 3524 4456 Quae

1966 4494 2208 4553 utraeque
2276 4482 2662 4537 similitudines
2726 4479 3172 4535 manifestissime
3234 4480 3525 4535 ostendunt

1885 4569 1936 4627 D
1965 4573 2402 4629 communionem
2444 4575 2764 4628 substantia:
2806 4588 2926 4629 esse
2977 4573 3120 4628 Filio
3177 4586 3299 4626 cum
3343 4569 3521 4624 Patre.

1967 4667 2259 4739 Aporrhma
2310 4665 2452 4719 enim
2509 4666 2786 4737 ὁμοοὺσιος
2840 4667 3069 4724 videtur.
3132 4666 3184 4720 id
3231 4673 3314 4720 est
3373 4664 3525 4718 unius

1967 4759 2286 4814 substantiae
2313 4775 2434 4816 cum
2460 4759 2550 4814 illo
2571 4775 2795 4830 corpore
2812 4775 2878 4814 ex
2904 4775 3008 4830 quo
3029 4759 3206 4816 estvel
3229 4755 3522 4830 aporrbrea,

1969 4851 2053 4906 vel
2086 4866 2274 4920 vapor.

792 5129 909 5191 EX
939 5130 1317 5194 ORIGENIS
1342 5133 1712 5194 HOMILIIS
1748 5133 1830 5194 IN
1855 5133 2312 5196 EPISTOLAM
2338 5137 2447 5196 AD
2477 5133 2867 5196 HEBRIEOS
2892 5134 3041 5213 (9h).

330 5425 528 5497 '698
561 5423 745 5496 Stylns
789 5425 1083 5497 Epistolas,
1115 5443 1234 5497 quae
1277 5430 1590 5485 inscribitur
1639 5433 1706 5485 ad
1747 5431 1858 5486 lle-

293 5516 487 5584 ιηεοε,
521 5528 672 5574 caret
699 5519 794 5572 illa
833 5521 1104 5579 sermonis
1126 5523 1452 5592 rusticitate,
1490 5539 1610 5594 qua:
1642 5527 1857 5600 pr0pria

366 5607 409 5639 ¹⁶
437 5609 566 5678 Sap.
597 5625 692 5675 vn,
721 5609 812 5667 25.

295 5693 481 5832 ἀέξω
525 5697 912 5794 Es_Apologia
963 5699 1234 5776 Pamphili
1286 5702 1542 5773 martyris
1588 5718 1686 5774 pro
1735 5700 1861 5760 Ori-

2043 5431 2102 5483 '0
2122 5428 2402 5502 χαρακτὴρ
2417 5427 2516 5496 τῆς
2537 5424 2733 5490 λέξεως
2760 5425 2860 5497 τῆς
2890 5427 3037 5494 πρὸς
3077 5427 3384 5497 Ἐϐραίους
3410 5432 3518 5483 ἐπι-

1964 5520 2354 5593 γεγραμμένης
2395 5516 2713 5587 Ἐπιστολῆς
2735 5518 2836 5571 οὐκ
2862 5515 2974 5588 ἔχει
2995 5516 3056 5571 τὸ
3078 5519 3135 5571 ὲν
3149 5517 3295 5590 λόγῳ
3328 5518 3518 5575 ibunt.

2039 5699 2155 5771 (Μ)
2192 5700 2483 5776 Desumpta
2507 5710 2642 5776 sunt
2664 5701 3169 5776 haecce__fraginenta
3196 5718 3267 5762 ex
3296 5657 3539 5764 Eusebio.

1963 5769 2055 5828 lib.
2096 5769 2146 5827 vi
2182 5769 2617 5840 metam—eccm”
2650 5785 2766 5844 eap.
2796 5771 2893 5831 25.
