3938 6214
170 502 3510 533 ww

154 532 3514 563 ————————-—————-—_———_————_

293 745 2329 918 BENEDICTINORUM
2437 744 3342 909 PATRUM

788 1299 1586 1436 EPISTOLA
1683 1297 2825 1435 DEDICATOBIA.

220 1816 652 1885 lllustrissimo
713 1814 1024 1884 Ecclesia
1071 1813 1372 1904 principi
1423 1816 1505 1880 D.
1549 1816 1633 1880 D.
1703 1812 2047 1881 Francisco
2116 1810 2197 1878 de
2243 1812 2526 1898 Harlay,
2582 1812 3077 1904 archiepiscopo
3134 1814 3518 1896 Parisiensi,

152 1915 448 2003 regiorum
504 1914 827 1983 ordinum
892 1910 1441 1994 commendatori,
1505 1910 1664 1980 duci
1717 1934 1795 1979 ac
1842 1910 2010 2001 pari
2059 1910 2377 1994 Francia,
2430 1910 2746 1979 Sorbona
2809 1924 2873 1979 et
2918 1916 3244 1984 Navarra
3290 1914 3525 2003 provi-

151 2012 277 2093 sori,
308 2025 419 2080 etc.
772 2068 779 2075 .
3128 2066 3133 2075 .

224 2111 523 2199 Perfectis
552 2132 768 2201 quam
790 2108 1133 2200 potuimus
1161 2108 1681 2189 accuratissime,
1718 2129 1866 2198 qua
1904 2107 1973 2173 in
2004 2105 2402 2175 adornanda
2440 2108 2566 2176 hac
2606 2130 2884 2197 operum
2926 2108 3527 2179 Ambrosianorum

155 2205 395 2277 editione
436 2220 828 2299 exspectare
874 2207 1051 2275 visus
1105 2229 1193 2281 es,
1250 2205 1688 2274 illustrissime
1736 2204 2045 2273 Ecclesia
2102 2205 2438 2296 Princeps,
2500 2228 2578 2273 ea
2627 2229 2728 2273 res
2767 2206 2862 2273 ad
2893 2230 3283 2297 supremum
3331 2209 3527 2278 decus

157 2306 266 2373 sola
305 2306 619 2387 restabat,
685 2318 762 2373 ut
803 2306 1098 2395 frontem
1137 2304 1353 2395 operis
1397 2301 1749 2394 splendore
1789 2302 2144 2371 clarissimi
2190 2300 2481 2393 alicujus
2519 2304 2811 2371 nominis
2854 2304 3363 2386 illustraremus,
3409 2307 3531 2397 qui

158 2415 333 2471 totum
374 2428 541 2496 opus
598 2405 757 2472 luce
810 2426 934 2470 sua
969 2402 1426 2493 perfunderet,
1482 2400 2120 2491 adscisceremusque
2160 2414 2525 2491 patronum
2574 2403 2694 2490 qui
2744 2425 2870 2491 pro
2930 2426 3053 2470 sua
3108 2405 3529 2473 humanitate

162 2502 328 2586 vellet,
371 2525 498 2592 pro
540 2525 682 2570 sua
725 2500 1120 2583 auctoritate
1153 2513 1377 2591 posset
1412 2500 1544 2567 vim
1585 2512 1647 2566 et
1685 2499 2013 2589 impetum
2066 2500 2589 2566 obtrectatorum
2647 2500 2940 2567 amoliri.
2992 2505 3084 2567 Tu
3123 2500 3311 2569 nobis
3350 2502 3527 2569 illico

161 2600 504 2668 occurrebas
544 2601 626 2667 in
658 2622 787 2689 quo
817 2620 968 2689 qua
1000 2598 1108 2665 vel
1132 2596 1225 2665 ad
1265 2598 1685 2665 securitatem
1725 2598 1831 2664 vel
1856 2597 1948 2663 ad
1975 2608 2442 2664 ornamentum
2470 2597 2689 2665 valere
2708 2610 3014 2687 possunt,
3058 2599 3229 2665 miro
3263 2599 3530 2687 fulgore

158 2697 425 2765 universa
458 2698 804 2766 emicant:
837 2708 900 2763 et
926 2718 1052 2785 que
1089 2718 1283 2763 nemo
1318 2695 1484 2762 alter
1532 2708 1655 2762 aut
1681 2695 1900 2784 gloria
1938 2694 2206 2776 clarior,
2253 2707 2372 2761 aut
2424 2696 2814 2764 auctoritate
2861 2696 3154 2785 gravior,
3216 2709 3339 2764 aut
3383 2717 3531 2787 qua

160 2795 447 2883 imprimis
474 2796 742 2873 allexit,
778 2793 1199 2875 humanitate
1223 2793 1495 2884 /acilior
1524 2792 1950 2860 inveniretur.

220 2896 429 2983 Neque
456 2895 671 2973 enim,
707 2891 891 2981 quod
917 2892 1208 2983 proclive
1239 2893 1431 2981 factu
1465 2892 1721 2979 fuerat,
1766 2891 2032 2958 Harlea
2073 2889 2180 2958 hic
2198 2891 2486 2981 familia
2516 2891 2809 2981 dignitas
2848 2914 2929 2959 ex
2971 2892 3212 2960 ultima
3241 2891 3533 2983 antiqui—

159 3002 261 3058 tate
285 2990 676 3082 repetenda,
720 2991 1034 3059 maximis
1073 2994 1367 3080 Europa
1413 2988 1830 3079 principibus
1875 2990 2030 3078 jam
2082 2990 2240 3056 olim
2273 2990 2420 3057 licet
2462 2991 2799 3080 afﬁnitate
2841 3004 2904 3059 et
2957 2992 3532 3081 consanguinitate

159 3090 513 3179 conjuncta,
558 3110 1121 3178 summorumque
1149 3088 1445 3155 virorum
1473 3109 1730 3171 semper
1763 3086 2033 3177 feracis,
2070 3109 2357 3175 quorum
2384 3088 2452 3154 in
2476 3088 2830 3178 pracipuis
2864 3089 3168 3157 Ecclesia
3196 3102 3259 3157 et
3286 3089 3532 3180 Reipu-

160 3183 308 3254 blica
332 3187 724 3263 muneribus
752 3187 963 3254 virtus
992 3186 1392 3254 mirabiliter
1421 3185 1702 3252 enituit:
1745 3197 1815 3251 tu
1845 3185 2021 3252 enim
2048 3185 2347 3252 omnium
2398 3199 2792 3252 ornamenta
2837 3187 2903 3252 in
2955 3199 3015 3254 te
3064 3187 3446 3277 complexus
3474 3197 3537 3255 et

153 3286 533 3375 praeipuum
557 3284 857 3374 familia
894 3296 1022 3353 tua
1051 3283 1269 3362 decus,
1306 3283 1456 3351 aliis
1487 3282 1710 3372 potius
1739 3281 2157 3372 splendorem
2201 3296 2387 3350 tuum
2418 3282 2736 3373 aﬂundis,
2774 3305 2978 3372 quam
3020 3283 3292 3350 aliunde
3319 3283 3534 3374 digni-

158 3383 283 3449 tatis
306 3383 688 3473 quidquam
721 3382 1320 3473 amplitudinisque
1348 3381 1418 3449 in
1448 3392 1508 3449 te
1533 3378 1958 3470 refundatur.

227 3482 266 3546 Α
270 3493 494 3571 pertus
527 3481 645 3549 hic
674 3480 904 3570 ingens
936 3480 1428 3569 immensusque
1466 3501 1738 3569 campus
1768 3476 1863 3545 ad
1889 3477 2376 3545 excurrendum
2407 3478 2475 3545 in
2504 3476 2735 3545 laudes
2766 3479 3016 3568 ingenii
3050 3480 3311 3564 excelsi,
3353 3480 3536 3549 subt-

160 3573 258 3658 dis,
286 3580 498 3658 acris;
546 3579 737 3646 acuti
790 3577 884 3646 ad
934 3577 1473 3669 excogitandum,
1531 3576 1785 3644 maturi
1830 3574 1924 3642 ad
1954 3575 2438 3663 judicandum,
2483 3574 2576 3643 ad
2634 3577 3108 3667 explicandum
3158 3578 3408 3669 facilis,
3453 3577 3546 3646 ad

164 3678 526 3744 memoriam
562 3676 759 3767 ﬁrmi
796 3689 997 3766 atque
1025 3675 1353 3756 diuturni,
1396 3697 1469 3742 eo
1501 3673 1624 3741 tibi
1652 3674 1936 3741 concessi
1962 3672 2301 3752 divinitus,
2341 3687 2416 3742 ut
2434 3698 2573 3764 par
2597 3674 2690 3742 ad
2716 3678 3018 3745 maxima
3037 3699 3310 3767 quaque
3332 3680 3538 3767 fores,

163 3772 366 3859 quibus
421 3798 467 3842 a
518 3775 824 3865 propitio
875 3774 1083 3842 Gallis
1121 3773 1414 3843 Numine
1450 3771 1915 3851 destinabaris.
1985 3772 2355 3840 Commoda
2406 3773 2837 3842 nihilominus
2892 3777 3145 3843 occasio
3199 3791 3544 3866 practara

162 3881 265 3938 tua
297 3871 692 3941 eruditionis
715 3884 778 3939 et
817 3871 1129 3940 doctrina
1147 3868 1620 3962 pradicanda,
1667 3872 1781 3938 cui
1800 3870 1972 3938 nihil
2027 3870 2094 3936 in
2125 3869 2402 3937 historia
2448 3871 2953 3956 incompertum,
3006 3874 3075 3941 in
3122 3873 3545 3964 dogmatibus

165 3967 449 4051 arduum,
487 3971 560 4039 in
587 3970 866 4060 juribus
903 3992 1141 4060 anceps
1170 3968 1672 4059 ambiguumve,
1716 3968 2069 4036 obscurum
2103 3968 2278 4034 nihil
2304 3968 2373 4035 in
2397 3969 2620 4058 factis,
2657 3992 2992 4061 quamque
3021 3972 3195 4040 nihil
3220 3984 3341 4040 aut
3375 3971 3542 4062 eﬂu-

161 4065 280 4151 giat
311 4081 431 4135 aut
449 4069 689 4158 fallat.

235 4164 319 4230 At
350 4178 520 4233 certe
559 4188 792 4233 rerum
834 4188 877 4232 a
916 4177 975 4232 te
999 4178 1365 4255 gestarum.
1420 4164 1682 4233 Prasul
1716 4164 2178 4245 illustrissime,
2224 4164 2738 4233 celebratissima
2779 4168 2978 4255 fama
3026 4168 3220 4258 longe
3253 4165 3544 4258 splendi-

163 4258 293 4330 dius
319 4263 583 4332 emicat.
646 4263 821 4333 Vidit
845 4263 1003 4331 olim
1034 4276 1094 4332 te
1124 4276 1239 4331 tua
1270 4277 1413 4332 tum
1449 4264 1899 4354 Rothomagus
1925 4264 2080 4353 jam
2112 4262 2264 4330 inde
2312 4287 2334 4330 ι
2366 4264 2598 4339 primis
2629 4265 2848 4348 annis,
2883 4264 3123 4355 quibus
3145 4267 3372 4355 fauste
3394 4265 3546 4355 for-

171 4369 506 4450 tunateque
537 4384 806 4429 sacram
829 4362 1131 4451 prasulis
1161 4374 1223 4429 et
1252 4362 1564 4451 primatis
1593 4362 1803 4429 iniisti
1828 4361 2244 4452 dignitatem,
2271 4375 2522 4453 patruo
2555 4376 2689 4440 tuo,
2743 4364 2886 4430 viro
2917 4377 2979 4431 et
3013 4364 3263 4455 pietate
3301 4376 3363 4432 et
3391 4363 3544 4433 doc-

164 4456 344 4554 trina,
376 4471 442 4525 et
459 4458 805 4550 pastorali
838 4459 1066 4528 labore
1094 4460 1666 4547 immortalitatem
1696 4460 2030 4528 memoria
2051 4461 2439 4550 promerito,
2472 4483 2799 4529 successor
2845 4460 3066 4544 datus,
3119 4463 3190 4530 in
3241 4463 3369 4531 tuis
3405 4486 3546 4554 pu-

164 4552 326 4651 blicis
382 4556 810 4624 concionibus
867 4557 1279 4648 privatisque
1326 4557 1891 4640 collocutionibus,
1953 4581 2161 4646 quam
2201 4570 2517 4648 prompta
2564 4571 2627 4626 et
2680 4562 3117 4651 extemporali
3163 4573 3300 4629 tam
3362 4552 3552 4651 [elici

161 4648 543 4741 eloquentia,
571 4655 992 4723 sanctissima
1031 4677 1306 4745 quaque
1342 4653 1808 4741 infundentem
1846 4654 2286 4735 auditoribus,
2339 4648 3260 4743 reconditissimaeruentem,
3317 4648 3547 4727 obscu-

163 4747 399 4819 rissima
429 4749 905 4836 illustraritem,
950 4752 1451 4821 intricatissima
1481 4776 1615 4821 non
1644 4755 1864 4822 minus
1896 4753 2146 4822 erudite
2185 4777 2393 4844 quam
2442 4754 2732 4823 dilucide
2768 4769 3195 4825 reserantem.
3248 4756 3547 4824 Audive-

162 4861 299 4915 runt
326 4862 388 4916 et
426 4863 489 4917 te
519 4851 623 4918 tui
668 4850 956 4935 Parisii;
997 4850 1403 4918 audiverunt
1446 4850 1719 4919 advena
1762 4853 2288 4941 frequentissimi
2340 4853 2498 4921 illuc
2536 4855 2981 4944 con/luentes:
3044 4855 3430 4923 audivimus
3490 4865 3554 4921 et

163 4965 260 5012 nos
293 4946 887 5038 obstupuimusque
918 4949 1354 5023 vehementer,
1390 4973 1543 5017 cum
1584 4950 1654 5016 in
1693 4948 2085 5017 doctissimis
2121 4973 2268 5039 qua
2314 4951 2585 5040 publice
2627 4953 2754 5020 tuis
2805 4955 2875 5020 in
2919 4952 3169 5021 adibus
3214 4951 3550 5019 habeban-

166 5052 253 5141 tur
278 5044 875 5136 disceptationibus
904 5041 983 5114 de
1010 5047 1329 5127 moribus,
1365 5046 1445 5115 de
1478 5047 1640 5138 ﬁde,
1677 5046 1757 5114 de
1785 5047 2166 5138 disciplina,
2214 5061 2474 5117 tantum
2522 5050 2854 5118 exhiberes
2898 5050 3277 5141 prudentia
3322 5049 3392 5116 in
3438 5048 3553 5117 de-

160 5137 471 5210 clinandis
499 5140 761 5211 duobus
786 5144 1097 5234 scopulis,
1133 5143 1225 5212 ad
1249 5167 1411 5234 quos
1434 5147 1577 5234 fere
1605 5145 1827 5211 cateri
1852 5137 2077 5213 omnes
2106 5144 2499 5224 alliduntur,
2527 5147 2874 5214 intensiore
2898 5137 3143 5214 scilicet
3169 5149 3546 5228 severitate,

169 5237 255 5303 vel
276 5240 650 5309 remissiore
683 5240 1125 5332 indulgentia,
1160 5265 1521 5333 rerumque
1538 5241 1813 5332 pondus
1852 5256 1913 5310 et
1940 5242 2204 5309 dicendi
2234 5242 2364 5310 vim
2398 5243 2489 5310 sic
2530 5244 2917 5332 eloquentia
2972 5244 3191 5334 lepore
3228 5258 3555 5337 tempera-
3640 5320 3643 5321 ν

163 5353 272 5418 res,
305 5349 381 5405 ut
402 5339 642 5428 pronis
671 5338 950 5409 auribus
979 5353 1250 5431 excepta
1280 5340 1520 5408 veritas
1550 5342 1851 5409 omnium
1880 5340 2009 5409 sibi
2037 5341 2425 5409 conciliaret
2453 5363 2809 5421 assensum,
2838 5354 2903 5409 et
2927 5343 3100 5410 nulli
3125 5345 3556 5435 quantumvis

164 5437 530 5504 contumaci
555 5450 679 5505 aut
704 5438 931 5506 liceret
956 5451 1076 5506 aut
1109 5437 1339 5506 liberet
1373 5439 1736 5527 refragari.

240 5531 356 5631 His
382 5533 615 5631 gloria
645 5547 775 5604 tua
795 5535 1096 5624 fontibus
1118 5559 1325 5604 novus
1356 5548 1422 5604 et
1446 5535 1558 5604 ille
1587 5536 1839 5627 largior
1860 5537 2235 5628 clariorque
2256 5536 2418 5605 lucis
2445 5536 2625 5603 rivus
2648 5536 2921 5623 accedit,
2945 5539 3126 5630 quod
3142 5540 3211 5608 in
3232 5540 3556 5631 augustis-

160 5625 332 5728 simis
360 5629 526 5698 cleri
553 5632 890 5701 Gallicani
910 5633 1334 5715 consessibus,
1368 5656 1521 5702 cum
1562 5647 1633 5702 tu
1672 5625 2136 5725 infulatorum
2159 5639 2465 5715 Patrum,
2517 5634 2935 5727 aliorumque
2952 5625 3054 5706 ex
3095 5649 3228 5706 toto
3277 5625 3556 5728 imperio

130 5722 539 5825 selectorum
574 5730 863 5803 comitiis
888 5753 972 5799 ex
998 5732 1304 5800 omnium
1342 5744 1490 5799 voto
1522 5731 1606 5800 de
1643 5722 1827 5801 more
1858 5733 2272 5824 prasideres,
2314 5733 2622 5801 Ecclesia
2659 5746 2721 5801 et
2754 5722 3065 5826 religioni
3109 5748 3292 5805 tanto
3337 5722 3557 5803 studio

161 5825 582 5912 consuluisti;
618 5827 884 5923 agenda
908 5841 1051 5925 tam
1095 5830 1390 5925 sapienti
1415 5842 1559 5901 arte
1586 5830 1932 5925 digessisti,
1966 5844 2042 5902 ut
2067 5832 2290 5903 nullus
2326 5854 2461 5901 non
2506 5832 2856 5922 intelligat,
2904 5856 3238 5924 nusquam
3270 5829 3564 5925 feliciori

168 5941 472 5998 Consensu
500 5927 855 6023 imperium
889 5952 1039 6001 cum
1068 5927 1457 6014 sacerdotio,
1499 5929 1950 6003 sacerdotium
2005 5953 2158 6004 cum
2196 5931 2476 6027 imperio
2508 5931 2934 6023 conspirasse.
2990 5953 3195 6023 quam
3234 5943 3306 6001 tu
3338 5950 3556 6002 sacer-

479 6072 741 6147 Psnon.
786 6072 951 6143 XIV.
3201 6072 3232 6137 1
