3938 6214
420 411 429 417 ·
457 391 527 456 Η
1680 396 2061 462 EPISTULA
2109 398 2671 463 DEDICA'I‘ORIA.
3765 402 3834 463 η

453 526 624 595 dotii
638 524 970 618 praeside;
1002 525 1336 595 Ludovico
1369 531 1620 619 Magno
1653 530 2067 598 moderatore
2098 533 2400 622 imperii;
2445 554 2685 622 nempe
2723 554 3010 622 magnus
3067 531 3382 602 Harlxus
3420 533 3580 602 cleri
3611 556 3835 623 prxses

448 647 685 715 regum
714 625 1013 693 maximo
1052 624 1456 710 debebatur;
1487 649 1732 717 magno
1768 628 2046 697 Harlxo
2094 631 2257 698 cleri
2294 631 2592 721 praesidi,
2645 631 2816 698 absit
2866 631 3060 699 verbo
3100 630 3378 713 invidia,
3436 630 3832 713 Ludovicus;

450 723 648 792 ambo
684 725 1026 792 communi
1049 724 1405 792 sacerdotii
1431 738 1493 792 et
1521 725 1793 815 imperii
1828 750 1978 794 cum
2003 728 2321 815 felicitati
2347 742 2490 796 tum
2518 729 2776 818 gloriae.

542 825 701 891 Haec
727 834 803 890 ut
816 822 1199 914 peculiaria
1237 834 1299 890 et
1333 846 1495 890 rara
1533 823 1627 890 ad
1660 822 1928 892 laudem
1966 839 2140 905 sunt,
2190 827 2283 893 ita
2320 849 2630 911 summa;
2653 850 2865 917 neque
2895 828 3076 895 enim
3106 826 3199 894 ad
3225 826 3496 894 laudem
3525 850 3839 895 commen-

454 919 922 1012 dationemque
956 921 1242 989 nominis
1282 920 1578 989 accidere
1616 922 1743 988 ulli
1778 922 2147 1013 quidquam
2186 925 2538 1012 gloriosius
2560 938 2800 1015 potest,
2836 949 3038 1015 quam
3069 927 3132 993 si
3156 924 3486 993 Ludovico
3529 926 3670 1015 regi
3688 938 3841 1016 post

455 1021 851 1087 memoriam
879 1019 1227 1087 hominum
1260 1020 1744 1109 sapientissimo
1760 1021 2108 1110 probetur.
2153 1026 2360 1090 Porro
2397 1023 2526 1090 sibi
2563 1023 2955 1114 probatum,
3009 1037 3072 1091 et
3121 1022 3390 1114 quidem
3431 1023 3690 1091 abunde
3716 1046 3839 1112 quo

443 1118 677 1208 potuit
711 1118 1138 1186 luculentiori
1171 1118 1522 1185 clariorive
1569 1119 1935 1186 testimonio
1968 1120 2209 1210 palam
2249 1122 2477 1210 facere
2523 1120 2898 1188 Ludovicus
2950 1122 3086 1211 ipse
3125 1122 3355 1210 largus
3388 1124 3542 1211 fons
3583 1121 3842 1188 luminis

453 1216 576 1295 sol,
619 1239 825 1305 quam
854 1238 1006 1283 cum
1035 1215 1127 1282 ad
1152 1215 1502 1305 primarix
1538 1215 1918 1283 Galliarum
1970 1216 2150 1284 urbis
2188 1217 2406 1284 sedem
2461 1242 2495 1284 e
2541 1219 3050 1309 metropolitana
3090 1221 3413 1289 Neustrix
3453 1220 3843 1287 translatum

453 1313 704 1394 voluit;
749 1312 845 1381 ad
869 1313 1182 1381 artiorem
1211 1313 1593 1380 sacratioris
1622 1314 1993 1381 consistorii
2024 1316 2397 1383 societatem
2428 1317 2824 1405 assumpsit;
2869 1315 2963 1383 ad
2990 1317 3606 1407 frequentissimam
3646 1319 3843 1384 comi-

454 1424 632 1480 tatus
670 1424 731 1479 et
768 1411 1082 1501 colloquii
1119 1411 1355 1478 arcani
1412 1411 1948 1479 consuetudinem
1999 1413 2401 1481 advocavit?
2449 1414 2700 1497 Quibus
2750 1414 2819 1481 in
2870 1415 3174 1482 omnibus
3207 1438 3339 1484 non
3384 1428 3523 1483 tam
3560 1414 3847 1506 praemia

450 1510 837 1579 meritorum
876 1533 1081 1599 quam
1111 1509 1353 1576 merita
1383 1508 1527 1598 ipsa
1567 1510 1924 1578 miramur.

539 1609 673 1676 Illa
698 1621 873 1685 sunt,
921 1607 1360 1675 illustrissime
1390 1607 1698 1675 Ecclesiae
1743 1608 2073 1697 Princeps,
2101 1622 2385 1698 propter
2414 1632 2560 1697 quae
2588 1621 2809 1675 nostro
2843 1608 2998 1675 huic
3028 1609 3178 1676 licet
3203 1632 3338 1676 non
3387 1611 3594 1688 tenui,
3630 1622 3849 1676 tamen

452 1731 534 1776 ex
567 1705 942 1775 conditione
968 1716 1196 1772 nostra
1224 1704 1623 1771 subobscuro
1654 1705 1874 1771 labori
1902 1717 1963 1770 te
1992 1717 2298 1785 tutorem,
2346 1707 2479 1772 imo
2504 1718 2791 1794 patrem,
2828 1706 3047 1773 lumen
3099 1718 3163 1774 et
3209 1707 3514 1774 columen
3564 1705 3849 1773 advoca-

453 1826 643 1887 mus;
674 1804 907 1892 confisi
933 1824 1281 1890 magnum,
1314 1802 1374 1869 si
1394 1803 1633 1890 favens
1652 1802 2031 1892 susceperis,
2065 1804 2245 1870 illius
2259 1807 2575 1893 pretium,
2613 1826 3066 1892 magnamque
3095 1805 3651 1871 existimationem
3671 1802 3855 1893 apud

454 1923 677 1970 omnes
700 1902 874 1989 fore,
909 1899 1030 1988 qui
1062 1898 1600 1988 comprobatione
1650 1912 1791 1983 tua,
1838 1901 2065 1988 tuique
2094 1902 2380 1969 nominis
2412 1902 2834 1991 inscriptione
2863 1901 3155 1990 quadam
3196 1902 3373 1969 velut
3405 1905 3559 1992 face
3590 1902 3852 1993 praevia

454 1999 796 2080 illustrati,
829 1998 1123 2087 infinitos
1149 1995 1638 2087 propemodum
1669 1997 2006 2065 Ambrosii
2035 1999 2209 2066 locos
2229 1999 2530 2089 pristinae
2556 2022 2691 2066 suae
2720 1999 3091 2088 integritati
3114 1999 3447 2067 restitutos
3484 2012 3548 2067 et
3582 2022 3853 2090 repara—

456 2110 552 2166 tos
578 2095 1124 2187 gratulabuntur.

541 2198 676 2268 Nec
714 2205 885 2261 certe
914 2190 1280 2282 timendum
1319 2193 1505 2260 nobis
1534 2192 2059 2261 dubitandumve
2081 2195 2221 2283 fuit
2257 2219 2340 2262 ne
2374 2218 2507 2262 non
2549 2195 2709 2262 satis
2738 2195 3122 2262 humaniter
3168 2219 3211 2263 a
3249 2208 3312 2262 te
3350 2196 3645 2263 maximo
3667 2219 3853 2286 prx-

449 2294 589 2361 sule
663 2291 1293 2382 occupatissimoque
1348 2294 1845 2382 exciperemur:
1910 2304 2255 2382 occupato,
2295 2293 2561 2371 scimus,
2628 2292 2749 2360 tibi
2798 2305 3154 2361 occurrunt
3211 2317 3456 2373 omnes,
3521 2307 3593 2361 at
3628 2294 3854 2362 nullus

449 2389 792 2482 impedito,
826 2390 947 2479 qui
972 2387 1065 2456 ad
1097 2389 1307 2456 multo
1329 2390 1536 2479 plura
1555 2390 1937 2480 plenissime
1964 2391 2308 2479 sufficias:
2342 2391 2554 2480 aperit
2602 2391 2904 2480 alioquin
2943 2404 3091 2458 tuas
3140 2393 3321 2479 fores
3361 2405 3422 2459 et
3477 2391 3571 2459 ad
3606 2392 3859 2481 palatii

449 2489 555 2557 tui
589 2488 827 2556 limina
882 2488 1122 2555 invitat
1184 2486 1603 2555 inimitabilis
1636 2488 2058 2578 aﬂabilitatis
2108 2489 2335 2577 gratia
2395 2501 2457 2555 et
2515 2489 2814 2573 comitas,
2877 2512 3012 2577 qua
3064 2489 3417 2578 cujuslibet
3475 2489 3747 2569 ordinis,
3795 2502 3862 2557 et

450 2586 844 2656 conditionis
870 2586 1165 2653 homines
1196 2587 1289 2652 sic
1321 2586 1589 2676 excipis,
1628 2600 1701 2652 ut
1728 2608 1920 2652 nemo
1953 2610 1995 2652 a
2038 2599 2100 2652 te
2138 2586 2443 2653 dimissus
2476 2609 2775 2676 unquam
2800 2588 3035 2675 fuerit,
3097 2588 3232 2653 nisi
3273 2587 3570 2675 quadam
3598 2590 3858 2677 jucun-

450 2685 657 2753 ditate
701 2696 903 2773 atque
928 2683 1164 2749 solatio
1189 2686 1531 2771 perfusus,
1559 2696 1623 2748 et
1651 2683 1760 2749 vel
1782 2683 2179 2749 humillimae
2206 2686 2399 2749 sortis
2443 2684 2820 2750 hominibus
2843 2684 3166 2749 audacem
3206 2682 3563 2749 accedendi
3595 2696 3658 2750 et
3684 2685 3859 2751 obti-

449 2780 655 2849 nendi
681 2780 1010 2870 fiduciam
1041 2780 1344 2868 inspires.
1394 2783 1533 2846 Tua
1562 2791 1657 2845 est
1692 2780 1811 2846 illa
1870 2780 2230 2868 singularis
2270 2794 2389 2846 aut
2436 2780 2551 2847 dos
2583 2794 2703 2847 aut
2758 2782 2989 2862 virtus,
3035 2792 3154 2848 aut
3208 2780 3437 2847 elotum
3494 2781 3859 2849 virtutum-

451 2902 579 2970 que
607 2901 741 2945 non
771 2891 912 2944 tam
942 2898 1102 2959 una,
1138 2899 1345 2965 quam
1376 2876 1569 2965 longe
1594 2877 2064 2943 suavissimum
2106 2878 2408 2944 omnium
2459 2877 2972 2957 condimentum,
3020 2900 3165 2966 qua:
3197 2889 3255 2945 te
3284 2901 3415 2945 non
3437 2879 3637 2969 prius
3693 2902 3858 2947 ocu-

450 2978 531 3045 lis
568 2975 896 3057 exhibeat,
933 2996 1141 3064 quam
1169 2974 1412 3040 animis
1440 2974 1849 3064 praepotenti
1885 2974 2183 3064 quadam
2216 2976 2458 3042 virtute
2486 2975 2725 3042 reddat
2753 2976 3190 3064 imperantem
3213 2998 3235 3043 :
3269 2976 3389 3043 illa
3420 2989 3511 3043 est
3537 3000 3684 3065 quas
3734 3000 3858 3046 nos

446 3097 707 3142 securos
745 3096 876 3140 esse
901 3072 1119 3163 jubet,
1164 3072 1504 3161 efficitque
1542 3085 1615 3138 ut
1644 3071 1824 3160 quod
1851 3073 2044 3162 operi
2080 3085 2303 3139 nostro
2340 3073 2536 3139 decus
2590 3085 2653 3139 et
2678 3074 3136 3162 patrocinium
3187 3074 3517 3149 volumus,
3564 3073 3639 3141 id
3685 3098 3729 3141 a
3790 3089 3853 3142 te

453 3183 926 3262 exspectemus,
961 3167 1143 3258 quod
1179 3183 1252 3234 tu
1292 3184 1433 3236 tam
1463 3182 1634 3235 certo
1664 3181 1935 3256 tamque
1972 3170 2375 3258 conﬁdenter
2410 3193 2704 3259 sperare,
2739 3184 2803 3236 et
2836 3182 3060 3236 nostro
3091 3172 3286 3258 quasi
3318 3172 3480 3258 jure
3518 3194 3860 3261 reposcere

449 3268 838 3348 audeamus,
861 3278 1115 3358 praeter
1152 3266 1718 3333 humanissimum
1741 3266 1932 3333 illum
1972 3267 2277 3333 animum
2317 3280 2532 3344 tuum,
2571 3268 2843 3357 faciunt
2870 3268 3139 3358 insuper
3177 3279 3240 3334 et
3264 3290 3529 3334 summa
3558 3272 3857 3338 auctoris

447 3368 765 3458 dignitas,
810 3378 871 3434 et
911 3364 1160 3433 eximia
1215 3363 1586 3432 excellentis
1637 3364 1914 3455 hujusce
1957 3365 2172 3455 operis
2222 3366 2607 3446 auctoritas,
2672 3378 2735 3433 et
2789 3366 2966 3433 mira
3023 3364 3333 3455 quaedam
3383 3368 3883 3457 opportunitas,

451 3464 790 3556 temporis.
3882 3460 3883 3497 ἶ

538 3562 927 3631 Ambrosius
958 3573 1054 3629 est
1079 3583 1276 3649 quem
1308 3561 1429 3627 tibi
1462 3558 1836 3627 redivivum
1872 3560 2192 3642 sistimus,
2252 3561 2708 3651 Archiprxsul
2739 3562 3058 3640 maxime,
3105 3560 3289 3650 quod
3331 3562 3394 3627 si
3442 3563 3745 3630 nondum
3779 3588 3865 3632 ea

451 3685 637 3745 cura,
673 3661 753 3728 iis
795 3660 1131 3728 excultum
1189 3658 1459 3748 vigiliis,
1530 3681 1609 3725 ea
1668 3669 1804 3725 tota
1862 3659 2092 3746 forma
2158 3669 2425 3747 totaque
2472 3660 2823 3747 majestate
2860 3658 3282 3749 spectabilem
3331 3681 3466 3748 qua
3512 3662 3866 3752 semetipse

452 3761 613 3829 olim
657 3757 957 3827 exhibuit
1022 3756 1525 3839 Valentinianis,
1585 3756 1950 3838 Gratianis,
2008 3754 2378 3823 Theodosiis
2418 3757 2776 3844 Augustis:
2830 3756 3214 3823 Ambrosius
3272 3768 3493 3823 tamen
3540 3771 3636 3824 est
3689 3760 3862 3829 inte-

450 3857 692 3949 gritati
744 3870 806 3925 et
843 3855 1051 3923 nitori
1097 3854 1430 3944 pristinis,
1493 3878 1622 3944 quo
1662 3854 1999 3921 valuimus
2054 3853 2274 3921 studio
2312 3854 2674 3921 restitutus.
2734 3856 2915 3935 Quas
2956 3877 3160 3942 porro
3197 3853 3369 3921 aedes
3414 3856 3863 3946 archiepisco-

438 3979 610 4050 pum
649 3954 1101 4023 ecclesiasticee
1137 3951 1505 4041 disciplinae
1536 3953 2025 4020 tenacissimum
2064 3950 2252 4018 adire
2283 3952 2479 4041 prius
2531 3952 2900 4041 oportebat,
2944 3974 3150 4039 quam
3197 3953 3792 4043 archiepiscopates
3824 3962 3862 4024 ?

452 4059 661 4140 Quem
690 4066 845 4122 ante
875 4073 1096 4119 omnes
1135 4051 1479 4118 convenire
1508 4050 1911 4140 congruebat
1936 4048 2267 4115 dot-torem
2303 4049 2606 4115 Ecclesiae
2634 4049 3156 4124 celeberrimum,
3193 4049 3325 4116 nisi
3348 4051 3861 4123 meritissimum

440 4152 940 4246 sapientissimae
966 4149 1303 4227 Sorbonae,
1352 4148 1941 4236 eruditis.siquue
1979 4151 2304 4215 Navarree
2340 4148 2777 4235 provisorem,
2815 4158 2874 4212 et
2904 4146 3121 4235 ipsum
3160 4145 3491 4214 doctorem
3521 4150 3857 4220 eximium

440 4243 839 4320 inchclesia
876 4248 1054 4317 Dei?
1096 4249 1305 4348 Quem
1344 4245 1624 4348 denique
1673 4243 2343 4348 lubentt'us_alloqztio
2397 4267 2516 4311 suo
2582 4243 2975 4334 dignaretur
3022 4257 3248 4313 orator
3296 4268 3444 4314 vere
3478 4253 3851 4348 ἀμϐρόσιος,

440 4372 651 4440 quam
690 4362 750 4415 te
777 4348 970 4437 cujus
1008 4367 1204 4413 exore
1231 4343 1519 4411 docentis
1553 4341 1851 4410 exundat
1889 4341 2278 4409 ambrosia?

531 4453 619 4512 At
654 4467 804 4511 vero
843 4465 1049 4527 quam
1077 4465 1119 4507 a
1148 4454 1210 4507 te
1234 4442 1527 4529 gratiam
1555 4452 2005 4527 reportaturos
2034 4461 2151 4505 nos
2180 4439 2293 4505 illo
2331 4438 2423 4505 sic
2452 4453 2794 4528 praeeunte
2821 4462 2955 4506 non
2991 4463 3349 4530 speremus,
3395 4442 3863 4513 observantis-

436 4544 636 4611 simos
657 4539 1029 4631 prxsertim
1058 4537 1180 4612 tui,
1220 4538 1339 4625 qui
1374 4536 1503 4626 ipsi
1539 4536 1849 4617 vidimus,
1891 4558 2043 4602 cum
2093 4535 2451 4626 difﬁcultas
2504 4559 2809 4616 annonae,
2865 4538 3252 4628 hyemisque
3296 4540 3722 4608 inclementia
3770 4566 3867 4611 ex

435 4662 625 4729 xquo
661 4637 985 4716 saevirent,
1006 4634 1485 4725 pauperrimos
1513 4656 1805 4723 quosque
1834 4634 1903 4701 in
1932 4633 2522 4723 archiepiscopates
2550 4634 2719 4702 xdes
2750 4636 3099 4703 turmatim
3130 4637 3480 4706 irruentes.
3520 4638 3666 4706 sola
3710 4642 3823 4708 mi
3836 4678 3864 4695 -

433 4737 608 4806 seria
636 4736 823 4815 duce,
855 4756 1188 4824 perquam
1232 4744 1540 4799 amanter
1577 4744 1897 4822 exceptos,
1932 4754 2265 4821 perquam
2312 4732 2695 4799 humaniter
2741 4734 3043 4814 refectos,
3090 4735 3310 4801 minus
3368 4747 3592 4801 tamen
3652 4735 3865 4805 donis

436 4836 599 4926 ipsis
627 4835 782 4915 tuis,
836 4854 1041 4925 quam
1090 4853 1168 4897 ea
1205 4852 1351 4918 quae
1391 4829 1514 4896 tibi
1540 4830 1820 4920 propria
1867 4842 1960 4897 est
1995 4828 2297 4896 donandi
2341 4852 2420 4897 ac
2457 4828 2844 4897 demerendi
2878 4831 3139 4898 ratione
3187 4845 3516 4898 recreatos
3542 4836 3580 4899 Ρ
3621 4833 3750 4900 Vel
3775 4858 3864 4903 eo

432 4918 571 5003 solo
608 4918 935 5013 nostrum,
979 4918 1167 4996 crede
1205 4927 1415 5010 nobis,
1450 4918 1553 4994 ad
1579 4940 1640 4993 te
1666 4918 2093 4994 Ambrosium
2132 4927 2489 5007 allexisses,
2534 4928 2656 5017 qui
2708 4950 2861 4995 cum
2914 4929 3054 5018 ipse
3075 4941 3272 5018 pater
3293 4951 3684 5019 pauperum
3714 4946 3863 5001 stu-

433 5031 858 5113 diosissimus,
903 5050 1099 5095 sacra
1127 5027 1330 5093 etiam
1378 5048 1540 5092 vasa
1572 5027 1893 5115 frangere
1940 5037 2003 5092 et
2047 5026 2360 5115 con/lare,
2404 5037 2482 5091 ut
2535 5048 2764 5093 eorum
2804 5026 3044 5117 inopiae
3093 5025 3498 5117 difﬁcillimo
3545 5040 3864 5119 tempore

429 5140 856 5208 succurreret,
896 5125 1172 5194 minime
1199 5122 1571 5191 dubitarit:
1608 5146 1739 5191 non
1779 5146 2011 5190 amare
2036 5123 2468 5211 singulariter
2505 5146 2637 5191 non
2680 5136 2923 5212 potest,
2959 5145 3156 5213 quem
3195 5123 3433 5191 viderit
3480 5126 3672 5213 regia
3713 5125 3864 5196 hac

430 5227 775 5295 charitatis
802 5226 915 5292 via
953 5224 1084 5292 suis
1114 5223 1543 5290 inhaerentem
1582 5222 1890 5311 vestigiis,
1935 5244 2057 5288 sua
2088 5222 2392 5309 exempla
2420 5234 2878 5290 renovantem.

520 5327 609 5391 Et
635 5322 817 5390 istud
841 5322 935 5389 ad
963 5336 1023 5388 te
1045 5320 1519 5410 festinantibus
1549 5319 2213 5408 opportunissimum,
2250 5318 2539 5384 Antistes
2569 5318 3034 5401 illustrissime,
3069 5318 3252 5408 quod
3277 5320 3423 5409 ipsa
3454 5319 3865 5388 Ambrosia-

429 5444 666 5490 norum
693 5441 970 5509 operum
1004 5420 1178 5485 ratio
1205 5419 1330 5485 cito
1362 5419 1510 5507 jam
1545 5418 1847 5504 ultroque
1875 5428 2203 5482 currentes
2224 5415 2641 5481 exstimulet:
2678 5414 2907 5482 divina
2936 5417 3256 5484 nimirum
3286 5416 3614 5496 doctrina,
3654 5439 3854 5503 quae,

432 5530 505 5586 ut
542 5517 733 5606 digni
775 5528 959 5584 tanto
1024 5516 1341 5604 magistro
1401 5513 1765 5603 Augustini
1798 5526 2074 5580 utamur
2129 5511 2364 5591 verbis,
2401 5516 2481 5579 de
2519 5521 2656 5577 tam
2695 5520 2925 5580 sancto
2964 5518 3258 5597 oraculo,
3332 5522 3599 5601 pectore
3656 5518 3862 5584 illius

427 5615 787 5685 emanavit.
825 5616 974 5697 Qua
1028 5612 1296 5703 quidem
1335 5624 1409 5678 ut
1464 5611 1732 5678 nullum
1785 5609 1880 5676 ad
1932 5607 2236 5676 curanda
2260 5616 2614 5698 ’corruptx
2664 5608 2899 5677 ethices
2937 5611 3217 5679 vulnera
3254 5610 3625 5679 remedium
3651 5634 3864 5701 prae-

426 5713 692 5791 sentius,
735 5712 827 5779 sic
853 5712 1115 5778 nullum
1152 5709 1246 5777 ad
1264 5707 1777 5798 propellendum
1823 5706 2140 5774 haereseos
2180 5719 2245 5773 et
2296 5705 2671 5773 schismatis
2714 5729 3065 5787 venenum,
3120 5709 3504 5799 efficacius;
3565 5710 3861 5789 nullum

428 5831 560 5915 quo
585 5809 962 5909 promptius
990 5806 1360 5904 certiusque
1385 5816 1724 5893 curentur,
1764 5816 1997 5879 coeant
2043 5816 2108 5877 et
2151 5801 2670 5903 consolidentur,
2720 5803 3145 5881 redeuntium
3192 5804 3287 5879 ad
3328 5826 3569 5881 sanam
3615 5806 3862 5906 fidem
