3938 6214
121 343 167 401 l3
1255 341 1634 406 EPISTULA
1676 341 2244 424 DEDIGATORIA.’
3364 345 3446 434 14

117 478 311 545 subura
342 489 404 544 et
437 478 837 559 cicatrices;
871 481 1126 549 nullum
1168 504 1304 571 quo
1328 484 1591 572 plenius
1615 497 1678 552 et
1705 485 2063 576 perfectius
2095 483 2392 573 adusque
2441 483 2708 550 intimos
2725 482 3002 572 pietatts
3045 483 3442 552 Christianae

113 599 261 642 ansas
287 575 616 644 Catholici
653 601 820 644 cum
853 579 1112 668 antiqui
1139 594 1281 647 tum
1320 581 1642 671 neophgti
1675 575 2154 649 convalescant.

164 674 404 742 Summa
425 685 557 742 tua
575 675 939 766 sapientia
958 677 1550 767 consultissimique
1567 680 1699 746 zeli
1719 682 1862 768 fuit
1892 678 2072 770 quod
2091 703 2124 746 e
2152 679 2463 746 manibus
2494 678 2954 746 hareticorum
2985 703 3206 763 arma,
3238 679 3312 748 id
3329 692 3447 763 est,

99 772 608 861 perniciosissimos
641 796 878 842 omnes
914 775 1150 864 quibus
1187 777 1318 842 sibi
1345 778 1507 866 ipsis
1536 800 1760 844 necem
1808 777 2206 866 inferebant,
2255 777 2456 843 libros
2495 777 2890 864 auferendos
2932 777 3456 867 prudentissime

97 867 393 956 procidz'sti.
435 869 580 938 Nec
614 871 770 960 fuit
807 871 929 938 tibi
971 873 1131 940 satis
1188 873 1328 963 ipso
1379 897 1528 942 cum
1568 875 1916 942 Ambrosio
1947 875 2230 940 dixisse:
2281 876 2597 946 Legimus
2637 897 2722 940 ne
2765 878 3078 958 lcgantur
3121 899 3136 955 ;
3191 875 3458 964 illisque

103 980 347 1033 catenata
373 967 659 1055 pocula,
700 992 965 1037 amana
991 969 1289 1059 quadam
1318 971 1668 1040 suavitatis
1699 972 1914 1063 specie
1934 985 1996 1038 et
2025 972 2224 1060 quasi
2245 971 2458 1037 mellis
2478 970 2809 1038 stillicidio
2835 971 3213 1040 hominibus
3247 995 3456 1061 agro-

103 1064 174 1143 tis,
202 1085 498 1154 suumque
537 1065 864 1134 morbum
893 1065 1368 1135 adamantibus
1409 1068 1814 1137 blandientia
1846 1069 2186 1159 eripuisse,
2232 1069 2363 1134 nisi
2391 1068 2656 1158 insuper
2702 1067 2936 1135 iisdem
2976 1071 3196 1136 amica
3248 1093 3457 1136 manu

97 1162 393 1250 porrigens
433 1160 738 1246 divinos,
781 1165 1079 1254 aliosque
1116 1167 1265 1256 pios
1314 1167 1538 1250 libros,
1581 1167 1820 1256 quibus
1853 1179 2121 1256 possent
2173 1179 2491 1255 tanquam
2557 1189 2638 1232 ex
2693 1165 2881 1233 alveo
2946 1166 3239 1256 quodam
3277 1169 3458 1235 salu-

105 1257 318 1326 berrimo
341 1259 824 1350 plenissimam
855 1263 1132 1330 haurire
1157 1263 1538 1332 sanitatem.
1582 1268 1754 1332 Ecce
1783 1265 1987 1354 igitur
2015 1263 2180 1330 votis
2211 1266 2340 1331 tuis
2381 1263 2768 1331 Ambrosius
2797 1263 3073 1354 adjutor
3115 1278 3178 1332 et
3212 1265 3453 1353 fautor

106 1357 348 1438 accurrit,
377 1357 522 1425 sine
547 1380 695 1448 quo
726 1359 1024 1427 invalida
1035 1362 1182 1450 fere
1212 1361 1522 1451 qualibet
1546 1360 1904 1450 debilisque
1932 1361 2288 1428 medicina.
2325 1364 2493 1426 Ecce
2523 1362 2799 1428 illimem
2829 1375 2891 1429 et
2911 1362 3455 1452 limpidissimum

105 1475 249 1542 aqua
271 1454 420 1522 viva
452 1457 756 1546 fontem,
801 1458 922 1547 qui
947 1457 1029 1524 de
1063 1459 1352 1526 salutari
1369 1471 1592 1526 monte
1616 1459 1878 1527 Christo
1889 1459 2239 1550 profluens
2273 1458 2491 1524 exsilit
2527 1458 2596 1524 in
2635 1460 2848 1526 vitam
2883 1473 3226 1543 aternam,
3262 1473 3337 1528 ut
3361 1461 3463 1528 la-

106 1551 258 1631 ttfcet
286 1553 615 1622 civitatem
656 1555 828 1622 Dei:
869 1567 932 1622 et
970 1568 1196 1645 epotus
1233 1569 1420 1624 sanet
1469 1579 1662 1624 omne
1705 1579 1913 1645 genus
1951 1555 2414 1644 languentium
2453 1567 2516 1621 et
2559 1567 3001 1644 agrotorum:
3063 1558 3324 1646 fontem
3383 1581 3466 1624 ea:

107 1650 252 1738 cujus
295 1673 457 1720 vena
510 1665 595 1718 ut
652 1653 932 1720 haurire
969 1667 1239 1743 possent
1285 1655 1756 1744 sapientissimi
1795 1653 2376 1744 potentissimique
2440 1655 2821 1731 Persarum,
2867 1653 2950 1720 de
3003 1655 3463 1722 remotissimis

110 1749 335 1816 Orientis
355 1749 613 1838 finibus
653 1750 981 1818 sitibundi
1007 1752 1166 1819 olim
1197 1766 1668 1828 occurrerunt;
1713 1753 1960 1842 quique
1997 1751 2103 1818 vel
2128 1752 2368 1840 paucis
2404 1751 2685 1839 guttulis
2723 1754 3096 1841 perfectam
3122 1751 3292 1842 ﬁdei
3343 1775 3455 1820 sa-

105 1845 323 1914 nitatem
373 1849 542 1938 regi,
608 1849 886 1938 regina,
925 1851 1234 1940 gentique
1271 1855 1909 1920 Marcomannorum
1949 1849 2318 1917 instillavit.
2360 1849 2528 1916 Iz'cce
2574 1849 2856 1938 denique
2892 1851 3452 1934 strenuissimum,

103 1943 490 2034 umidumque
528 1946 858 2014 adversus
895 1948 1254 2038 Religionis
1285 1961 1349 2016 et
1374 1949 1681 2016 Ecclesia
1709 1949 1923 2015 hostes
1958 1947 2138 2014 sacri
2189 1946 2373 2014 verbi
2427 1946 2686 2029 ducem,
2749 1962 3082 2016 assuetum
3140 1949 3454 2029 victoriis,

103 2040 189 2127 qui
207 2041 779 2111 instructissimum
817 2045 1215 2134 panopliam
1271 2047 1489 2137 oﬂert,
1544 2046 1613 2112 in
1651 2067 1787 2134 qua
1835 2045 1947 2112 ille
1985 2067 2182 2134 quem
2223 2043 2346 2110 toti
2376 2044 2614 2112 Gallia
2651 2045 2975 2135 collegisti
3023 2058 3086 2113 et
3137 2047 3467 2135 formasti

101 2139 500 2224 operariorum
532 2142 1074 2231 evangelicorum
1113 2148 1433 2210 exercitus
1465 2143 1730 2210 cuilibet
1759 2154 1821 2209 et
1855 2142 2132 2231 singulis
2180 2141 2475 2208 inveniat
2520 2141 2894 2232 habeatque
2929 2156 3188 2211 aterna
3224 2144 3462 2212 salutis

102 2235 327 2321 galeam,
362 2236 532 2327 fidei
556 2251 830 2306 scutum
860 2240 1402 2331 inexpugnabile,
1446 2241 1806 2330 ancipitem
1837 2240 2049 2307 divini
2080 2239 2263 2306 verbi
2287 2238 2620 2327 gladium,
2656 2253 2719 2307 ct
3121 2251 3134 2266 '

947 2347 1261 2427 Quidquid
1293 2347 1531 2409 habent
1558 2349 1826 2409 telorum
1859 2346 2356 2408 armamentaria
2385 2347 2546 2406 cmli.

166 2439 274 2510 Sed
296 2464 612 2532 quorsum
646 2443 779 2510 ista
809 2442 891 2511 de
919 2445 1301 2533 evangelico
1347 2445 1715 2512 etiamnum
1772 2443 1864 2511 ad
1911 2443 2156 2510 bellum
2205 2457 2543 2532 apparatu
2569 2447 2605 2509 Ρ
2643 2445 2902 2512 Patitur
2948 2447 3107 2536 jam
3167 2446 3467 2516 Ecclesia

107 2536 220 2603 belli
235 2561 546 2608 successsu
576 2565 593 2606 :
633 2563 877 2629 pacem
917 2565 996 2609 ac
1029 2542 1590 2631 tranquillitatem
1616 2542 1802 2609 nobis
1828 2541 2104 2608 redimit
2129 2539 2462 2630 ejusmodi
2495 2541 2794 2620 victoria,
2825 2565 2972 2630 qua
2989 2558 3060 2610 ut
3099 2557 3244 2611 tota
3275 2544 3466 2612 victis

105 2633 170 2700 ad
185 2635 538 2718 utilitatem,
567 2639 668 2705 sic
699 2638 826 2704 tibi
862 2662 944 2706 ea
971 2640 1180 2706 multo
1231 2641 1535 2706 maxima
1561 2654 1767 2730 parte
1813 2640 1904 2706 ad
1937 2639 2226 2729 gloriam
2275 2638 2482 2704 cessit.
2534 2639 2916 2706 Plurimum
2967 2655 3189 2708 tamen
3229 2654 3462 2708 contu-

106 2731 210 2798 lisse
239 2746 482 2802 cateros
523 2735 846 2804 Ecclesia
863 2759 1198 2826 proceres,
1241 2750 1304 2804 et
1334 2761 1463 2826 pro
1500 2761 1624 2804 sua
1655 2760 1984 2827 quemque
2005 2737 2255 2826 pietate
2283 2759 2362 2802 ac
2401 2735 2756 2824 vigilantia
2805 2751 3067 2806 strenue
3121 2739 3454 2829 gnaviter-

107 2853 196 2916 quc
216 2830 527 2900 laborasse
550 2832 919 2922 fatendum
948 2848 1085 2916 est;
1116 2833 1234 2901 sed
1277 2837 1424 2923 quis
1453 2848 1512 2901 te
1550 2836 1720 2902 inter
1749 2835 1896 2902 illos
1935 2835 2197 2922 primas
2251 2833 2456 2922 egisse
2512 2834 2619 2900 vel
2670 2835 2932 2903 invidus
2987 2849 3202 2926 neget,
3256 2859 3454 2927 quem

106 2947 198 2993 non
219 2929 453 3016 ignoret
480 2931 620 2998 illis
651 2931 959 3000 omnibus
993 2956 1127 3022 pro
1167 2946 1280 2999 tuo
1337 2934 1638 3000 omnium
1675 2933 2125 3000 Ecclesiarum
2175 2933 2396 2998 amica
2442 2931 2884 3000 sollicitudine
2942 2934 3206 3003 idoneos
3263 2935 3454 3026 operi

113 3039 245 3091 tanto
278 3029 446 3096 viros
486 3042 611 3096 tua
644 3029 1046 3116 informatas
1075 3029 1402 3112 doctrina,
1455 3031 1582 3098 tuis
1609 3029 1842 3098 studiis
1873 3043 1934 3096 et
1980 3029 2316 3096 laboribus
2355 3029 2644 3096 excultos
2693 3033 3146 3100 amantissime
3199 3032 3451 3101 submi-

113 3127 386 3202 nistrasse,
425 3127 618 3216 quod
643 3150 838 3195 nemo
876 3129 1098 3198 alius:
1137 3152 1335 3220 quem
1371 3131 1536 3196 sciat
1561 3128 2156 3219 propensissimam
2193 3127 2492 3215 alioquin
2545 3128 3092 3197 Christianissimi
3125 3132 3318 3221 Regis
3365 3129 3459 3198 ad

109 3223 523 3302 apitulandum
562 3224 982 3293 subditorum
1013 3227 1220 3296 saluti
1245 3227 1676 3309 voluntatem,
1711 3227 1957 3294 mirum
1994 3249 2154 3292 sane
2195 3248 2325 3315 quo
2357 3224 2620 3303 ardore,
2673 3250 2807 3314 qua
2839 3229 3084 3316 pietate
3123 3230 3337 3318 magis
3377 3251 3457 3296 ac

109 3320 274 3407 magis
294 3321 688 3400 accendisse,
725 3322 908 3412 quod
930 3325 1044 3390 vix
1083 3325 1296 3403 alter;
1338 3348 1535 3416 quem
1575 3323 1845 3391 demum
1896 3323 2256 3390 consideret
2297 3322 2622 3411 indefesso
2669 3324 2920 3406 labore,
2963 3328 3278 3416 omnique
3317 3337 3460 3393 arte

110 3417 549 3512 mgistra,tam
573 3419 771 3509 felici
796 3421 976 3487 exitu
1007 3445 1286 3489 manum
1303 3445 1420 3512 pio
1442 3422 1626 3512 operi
1647 3421 2263 3512 frequentissimam
2287 3417 2742 3502 admovere,ut
2773 3420 3003 3488 benem
3031 3423 3204 3490 ultos
3233 3422 3463 3491 diebus

112 3511 327 3611 singulis
352 3515 443 3582 ad
465 3516 836 3606 ejurandos
876 3542 1124 3588 m'ores
1163 3511 1506 3604 admittas,
1545 3543 1661 3588 nec
1698 3543 1831 3586 non
1871 3518 2179 3586 inaudita
2203 3517 2558 3606 facilitate,
2604 3521 2801 3608 atque
2857 3521 3101 3611 aﬂectu
3141 3533 3354 3590 totum
3403 3533 3465 3589 te

114 3607 370 3680 devoveas
406 3613 851 3704 eﬂundasque
881 3619 1356 3698 convertendis,
1391 3616 1815 3708 eaczpiendis,
1859 3615 2295 3695 instituendis,
2332 3613 2784 3706 adjuvandis?

183 3707 317 3806 Hac
354 3709 518 3778 dum
570 3711 882 3794 dicimus,
925 3714 1096 3782 absit
1143 3729 1218 3782 ut
1273 3707 1608 3782 immensa
1645 3715 1816 3806 regis
1867 3713 2344 3804 religiosissimi
2406 3713 2634 3802 gloria
2698 3714 3068 3805 quidquam
3141 3717 3466 3786 veluimus

121 3825 215 3906 esse
229 3804 625 3906 detractum.
671 3813 908 3906 otum
939 3811 1119 3879 illius
1157 3825 1251 3880 est
1277 3812 1458 3902 quod
1491 3804 1788 3882 Ecclesia
1816 3827 2040 3880 nostra
2077 3813 2250 3878 vicit.
2305 3811 2397 3876 At
2452 3835 2632 3900 reges
2680 3813 3097 3902 imperando,
3133 3816 3468 3906 principes

122 3902 372 3972 Ecclesia
414 3905 891 3996 persuadendo
955 3933 1108 3978 cum
1174 3912 1468 3994 vincant,
1511 3911 1688 3978 nihil
1746 3924 1842 3980 est
1894 3909 2076 4000 quod
2119 3909 2316 3997 Regis
2379 3909 2608 3998 gloria
2673 3909 3044 3980 detractum
3091 3902 3467 4004 quidquam

125 4015 204 4100 aut
231 4003 654 4072 imminutum
693 4005 790 4072 ad
825 4020 1011 4075 tuam
1060 4008 1695 4092 commandandam,
1766 4021 2023 4077 censeat
2064 4007 2306 4095 aliquis
2344 4019 2464 4072 aut
2529 4005 2788 4086 doleat;
2851 4033 3005 4076 cum
3063 4024 3348 4100 utraque
3383 4010 3470 4076 sit

126 4095 294 4164 insuo
329 4122 608 4191 quaque
643 4125 881 4192 genere
933 4127 1221 4174 summa.
1278 4105 1474 4189 Quod
1505 4106 1808 4188 Casaris,
1859 4105 2152 4186 Casari;
2213 4103 2335 4170 tibi
2385 4101 2607 4182 modo,
2665 4105 3101 4172 illustrissime
3155 4095 3469 4173 Ecclesia

135 4193 408 4294 Pratceps,
442 4199 633 4289 quod
669 4214 859 4268 tuum
895 4215 988 4270 est
1013 4205 1084 4270 in
1115 4217 1298 4271 lauto
1328 4205 1450 4272 hoc
1489 4226 1686 4294 opere
1733 4216 1872 4271 tota
1928 4203 2154 4272 Gallia
2187 4201 2614 4289 gratulatur;
2677 4224 3064 4290 quanquam
3117 4215 3179 4269 et
3215 4205 3285 4268 in
3324 4203 3470 4292 ipsa

133 4291 353 4362 Cesaris
373 4310 604 4386 parte,
645 4298 766 4365 tibi
793 4300 914 4388 qui
941 4299 1082 4368 dua
1114 4315 1177 4368 et
1215 4325 1348 4391 par
1409 4291 1704 4370 Francia
1741 4325 1827 4382 es,
1872 4299 2054 4389 quod
2115 4298 2236 4368 sub
2292 4302 2464 4386 Rege
2509 4296 2774 4388 Optimo
2813 4299 3114 4366 Maximo
3180 4291 3470 4368 admini-

130 4391 584 4489 flrisﬁdissimis
616 4408 862 4485 potest,
897 4421 1228 4467 censemus
1285 4422 1418 4467 esse
1474 4422 1741 4489 quoque
1775 4396 2285 4488 gratulandum.
2332 4396 2541 4462 Probe
2578 4395 2700 4463 scit
2763 4397 3131 4488 imperator
3171 4399 3473 4466 omnium

133 4481 276 4593 longe
300 4481 931 4594 perspicacissimus,
965 4511 1039 4594 ut
1067 4496 1241 4564 illud
1276 4481 1729 4564 beatissimum
1776 4481 1855 4562 in
1899 4495 2313 4586 principatu,
2351 4496 2578 4594 facere
2613 4499 2794 4594 quod
2821 4481 3132 4582 libuerit;
3173 4497 3266 4566 ita
3301 4495 3482 4567 istud

137 4582 523 4658 miserrimum
553 4613 713 4673 esse,
737 4593 912 4660 nolle
931 4593 1061 4661 sibi
1083 4595 1352 4684 suggeri
1371 4593 1554 4684 quod
1578 4593 1872 4662 debuerit
1888 4582 1915 4660 ,ί
1943 4616 2077 4682 qua
2095 4582 3100 4686 aquissima'modcstissimaque
3117 4619 3242 4663 sua
3262 4609 3482 4664 mente

134 4683 518 4784 secretioribus
547 4689 687 4756 suis
728 4690 1017 4758 consiliis
1054 4691 1472 4781 dignissimos
1511 4715 1801 4781 quosque
1857 4704 2168 4768 accenset,
2224 4691 2294 4757 iu
2349 4713 2512 4779 quos
2563 4690 2846 4780 proinde
2899 4683 3227 4761 nonnulla
3283 4695 3482 4784 regia

143 4779 321 4858 gloria
347 4787 572 4873 portio
602 4787 862 4854 consilii
885 4779 1150 4857 nomine
1187 4792 1423 4857 merito
1471 4779 1827 4858 derivetur.
1864 4788 2026 4855 Inde
2057 4790 2140 4878 fit
2179 4801 2255 4854 ut
2303 4789 2420 4876 qui
2463 4789 2904 4880 profligatum
2941 4792 3252 4859 harescos
3293 4779 3479 4859 mon-

145 4885 301 4943 urum
327 4883 585 4970 regibus
615 4884 776 4974 ipsis
789 4886 1006 4976 paulo
1045 4900 1199 4954 ante
1235 4910 1370 4955 non
1403 4887 1818 4954 mediocriter
1842 4885 2353 4976 formidandum
2379 4899 2662 4976 stupent,
2696 4891 3160 4978 miranturque
3191 4890 3258 4956 in
3297 4902 3480 4955 tanto

148 4989 320 5057 regno,
352 4991 484 5047 tam
512 4980 700 5048 brevi
734 4983 1084 5052 intervallo
1125 4987 1461 5075 temporis,
1499 4985 1785 5074 feliciter
1814 4999 1873 5052 et
1911 4985 2052 5052 sine
2102 4984 2243 5050 ulla
2282 4983 2453 5051 cade
2485 4985 2760 5074 penitus
2809 4989 3250 5067 exstinctum;
3301 4998 3362 5052 te
3412 4985 3482 5052 in

143 5082 342 5146 Ραντεπι
379 5090 582 5145 tanta
622 5079 840 5148 laudis
883 5097 1170 5166 evocent,
1213 5105 1346 5151 non
1399 5096 1474 5150 ut
1519 5082 1824 5150 divinum
1889 5081 2110 5161 modo,
2152 5080 2270 5149 sed
2323 5094 2398 5148 ut
2451 5083 2710 5172 regium
2751 5084 2949 5150 etiam
3009 5082 3484 5150 administrum

147 5181 290 5246 quem
322 5188 560 5243 norunt
589 5177 744 5244 initi
771 5193 916 5246 tam
955 5181 1238 5270 ingentis
1277 5193 1340 5248 et
1365 5204 1568 5271 supra
1603 5181 1804 5271 fidem
1833 5193 2260 5270 posterorum
2299 5177 2501 5245 ardui
2525 5180 2884 5269 propositi,
2920 5180 3379 5248 consiliarium
3423 5191 3490 5248 et

152 5277 423 5369 uigorem
447 5275 659 5362 fuisse
688 5299 731 5343 a
767 5300 921 5368 rege
939 5280 1386 5369 pracipuum.

209 5360 535 5469 Fommode
565 5360 1061 5464 opportuneque
1082 5360 1272 5466 festis
1301 5400 1448 5444 eam
1480 5376 1560 5445 ob
1591 5400 1730 5445 rem
1762 5377 2064 5445 omnium
2085 5373 2375 5452 vocibus,
2411 5386 2473 5441 et
2501 5375 2976 5465 congeminatis
2998 5377 3350 5468 plausibus
3365 5401 3492 5469 pu-

321 5449 702 5539 Ambrosius
738 5449 1006 5542 advenit
1044 5449 1234 5543 chori
1268 5475 1480 5542 nostri
1499 5473 1680 5552 dux;
1725 5475 1918 5565 cujus
1943 5497 2053 5542 ore
2083 5485 2142 5540 et
2182 5449 2392 5540 latius
2433 5483 2494 5540 et
2521 5449 2790 5562 dignius
2821 5449 3211 5544 acciriatur:
3255 5449 3494 5544 Faitus

156 5563 401 5663 “ianus
440 5571 749 5654 populus,
795 5593 880 5639 ex
908 5576 1328 5642 haereticis...
1381 5576 1636 5659 repleta
1676 5582 1776 5640 est
1799 5563 2118 5640 'Ecclesia
2150 5599 2166 5650 ;
2208 5585 2270 5639 et
2297 5593 2430 5638 non
2465 5570 2606 5638 sine
2652 5574 2957 5641 maxima
2995 5575 3335 5663 voluptate
3372 5573 3496 5640 hoc

159 5649 551 5759 {ubiungatur
571 5691 587 5733 :
616 5649 861 5736 Sedete
881 5678 1238 5756 tempestas
1273 5679 1401 5752 est,
1433 5649 1786 5738 clncordia
1806 5675 2112 5756 navigat,
2142 5649 2306 5738 ﬁdes
2335 5674 2568 5758 spirat,
2603 5677 2907 5741 certatim
2935 5649 3165 5742 nautae
3180 5677 3498 5759 repetunt

159 5745 459 5862 Eduiqtios
494 5765 830 5854 reliquere
858 5745 1119 5857 portas,
1163 5775 1232 5839 et
1268 5745 1491 5837 dulcia
1527 5771 1760 5856 patriis
1789 5745 2012 5840 osculi
2041 5745 2395 5839 liitoribus.
2418 5745 2664 5854 ﬁgunt,
2700 5777 3016 5842 liberatos
3047 5799 3117 5843 se
3152 5745 3492 5862 peiiculis,

162 5845 438 5932 tholum
483 5845 826 5973 acroi-ibus
858 5845 1336 5954 aretalentes:
1383 5845 1628 5962 quique
1666 5865 1791 5942 tibi
1827 5867 2078 5964 totique
2105 5867 2276 5942 clero
2331 5845 2682 5942 Gallicana
2719 5870 3096 5966 suppeditet
3143 5845 3205 5944 it
3249 5845 3494 5964 sugqu
