3938 6214
460 403 533 460 15
1946 400 2384 462 ΡΗΑΞΡΑΤΙΟ.
3798 410 3880 468 16

457 545 569 601 rat
599 533 761 602 istas
794 532 887 600 ad
910 533 1323 601 Ludovicum
1356 536 1692 622 Magnum
1719 555 1924 612 voces,
1959 535 2254 624 antiquae
2285 535 2598 604 adversus
2637 537 2938 608 haeresim
2979 539 3342 632 disciplinae
3381 554 3566 610 testes
3615 555 3676 609 et
3714 542 3887 610 novi

457 633 846 722 interpretes
873 631 1151 721 gaudii:
1194 635 1552 699 Reddidisti
1594 635 1764 699 mihi
1807 635 2110 718 quietem
2144 636 2496 712 Ecclesiae;
2544 641 2959 720 perﬁdorum
3009 631 3151 720 ora,
3183 650 3382 728 atque
3417 645 3676 709 utinam
3725 663 3881 708 cor-

458 735 564 810 da,
611 734 956 798 clausisti:
988 739 1053 798 et
1086 735 1210 796 hoc
1250 753 1384 797 non
1415 734 1676 796 minore
1709 734 1866 797 ﬁdei
1903 753 2104 815 quam
2139 739 2482 814 potestatis
2514 740 2944 805 auctoritate.

547 829 786 898 Felices
816 853 933 896 nos
957 831 1492 921 fortunatosque,
1538 829 1988 895 illustrissime
2041 830 2351 895 Ecclesia’
2406 831 2748 922 Princeps,
2807 835 2866 901 si
2914 859 3048 902 non
3085 861 3268 905 secus
3309 851 3508 926 atque
3566 837 3884 927 operibus

458 928 593 995 suis
630 927 1018 995 Ambrosius
1047 927 1117 994 in
1147 950 1390 995 muswo
1423 939 1533 993 tuo
1597 927 1812 993 locum
1856 927 2161 1003 obtinuit,
2227 928 2321 993 ita
2379 952 2574 1018 quem
2615 931 2801 998 nobis
2863 935 3164 1023 ipsorum
3205 935 3737 1002 emendatoribus
3809 934 3884 1001 in

459 1026 685 1093 animo
722 1039 836 1093 tuo
875 1025 1259 1104 concessisti,
1304 1025 1670 1091 diutissime
1709 1037 2041 1091 conservet
2079 1025 2146 1090 in.
2187 1025 2324 1091 dies
2353 1029 2568 1116 magis
2600 1029 2916 1098 intimum
2975 1047 3038 1098 et
3071 1035 3434 1101 auctiorem
3458 1057 3479 1100 :
3524 1034 3776 1122 felices,
3822 1034 3888 1098 si

461 1124 698 1191 nostris
735 1125 899 1191 votis
930 1136 992 1192 et
1012 1123 1315 1208 precibus
1349 1146 1647 1189 annuens
1664 1123 1923 1213 pra'sul
1954 1124 2404 1190 sanctissimus
2453 1126 2804 1215 Religioni,
2870 1132 3205 1212 Ecclesiae,
3275 1133 3534 1208 Galliae,
3581 1131 3774 1198 nobis
3817 1143 3884 1196 et

463 1221 768 1290 omnibus
803 1234 861 1288 te
903 1220 1266 1288 diutissime
1303 1221 1560 1288 salvum
1603 1233 1664 1286 et
1693 1221 2089 1287 incolumem
2121 1245 2162 1287 a
2192 1225 2326 1287 Deo
2360 1239 2809 1313 comprecetur
2847 1241 3045 1316 atque
3085 1231 3389 1320 impetret
3409 1233 3437 1298 ,ν
3483 1230 3708 1316 felices
3767 1228 3885 1295 de-

459 1321 685 1410 nique,
717 1319 778 1387 si
803 1321 922 1410 qui
947 1331 1184 1386 nostra:
1219 1343 1377 1408 erga
1407 1331 1467 1384 te
1497 1319 1926 1385 observantiae
1957 1320 2133 1385 testis
2164 1321 2620 1388 veracissinms
2647 1325 2953 1394 Ecclesiae
2994 1319 3244 1412 doctor,
3275 1353 3318 1395 a
3360 1341 3420 1395 te
3458 1329 3657 1395 etiam
3689 1326 3882 1394 obses

459 1419 859 1510 suscipiatur
897 1431 959 1484 et
977 1415 1330 1506 ﬁdejussor
1358 1416 1860 1484 devinctissimee
1893 1417 2250 1483 voluntatis
2291 1442 2427 1507 qua
2465 1443 2696 1487 smnus

821 1543 1216 1612 Celsitudini
1244 1556 1371 1612 tum
1410 1541 1852 1610 addictissimi
1878 1554 1942 1608 et
1978 1541 2554 1630 obsequentissimi

1392 1668 1712 1738 Monac/ii
1744 1666 2159 1734 Benedictini
2193 1671 2744 1756 Conqreqationis
2773 1675 2842 1738 S.
2889 1674 3137 1740 Mauri.

1587 2001 2708 2169 PR/EFATIO.

541 2402 694 2461 Cum
738 2420 900 2486 nova
945 2421 1092 2486 cura
1117 2421 1248 2486 Anec
1309 2404 1574 2486 minimo
1637 2406 1850 2466 labore
1894 2414 2194 2486 purgatas
2253 2405 2564 2465 Ambrosii
2629 2403 3188 2486 commentationes
3250 2403 3637 2477 exhibemus,
3706 2409 3878 2467 nihil

460 2500 710 2542 necesse
753 2483 930 2542 nobis
976 2483 1157 2542 fuerit
1201 2485 1493 2543 catholici
1538 2485 1785 2546 lectoris
1831 2483 2132 2558 animum,
2185 2494 2247 2546 ut
2292 2488 2346 2545 ei
2393 2492 2673 2544 nostram
2718 2484 2881 2541 hanc
2926 2483 3262 2541 editionem
3327 2487 3873 2560 commendemus,

463 2563 770 2645 affl'ectatis
829 2565 1114 2645 Auctoris
1177 2584 1514 2641 operumve
1571 2567 1763 2643 ipsius
1827 2568 2115 2627 laudibus
2179 2568 2486 2645 pellicere.
2555 2565 2701 2633 Quis
2765 2564 2928 2622 enim
3001 2581 3237 2635 eorum,
3304 2565 3409 2641 qui
3471 2566 3569 2625 vel
3637 2569 3880 2645 primo-

461 2643 631 2703 ribus
691 2643 884 2703 labris
929 2643 1411 2704 ecclesiasticam
1455 2646 1868 2706 delibaverint
1930 2643 2282 2718 historiam,
2350 2647 2735 2705 iniiciatmus
2797 2650 2887 2702 est
2951 2645 3163 2702 omnia
3225 2645 3288 2702 in
3341 2643 3671 2706 Ambrosio
3738 2668 3880 2708 ma-

459 2723 631 2807 xima
675 2724 979 2807 exstitisse
1024 2744 1094 2784 ac
1140 2725 1326 2801 plane
1355 2726 1762 2807 singularia?
1809 2732 1968 2788 Sane
2014 2729 2265 2807 quidem
2310 2728 2373 2786 in
2417 2728 2699 2784 confesso
2746 2731 2836 2807 est
2881 2723 3045 2807 illius
3091 2725 3167 2783 ad
3202 2724 3636 2807 episcopatum
3680 2747 3877 2789 voea-

459 2803 831 2886 tionem,_qin_
873 2805 1234 2886 episcopatu
1280 2805 1760 2866 sollicitudinem
1807 2815 1992 2886 atque
2034 2803 2474 2876 constantiaun,
2524 2807 2587 2864 in
2631 2804 2801 2863 omni
2844 2804 2980 2886 vita
3017 2803 3460 2886 integritatem,
3509 2808 3878 2869 immanita-

459 2890 610 2953 tem,
658 2883 1048 2966 religionem,
1097 2885 1377 2963 aliasque
1422 2887 1680 2946 virtutes
1725 2883 2055 2966 splen—dore
2100 2890 2340 2947 fulsisse
2386 2907 2509 2946 non
2557 2886 2831 2966 usitato;
2894 2884 3152 2962 solaque
3213 2885 3382 2966 illius
3445 2889 3877 2965 magnanimi—

459 2964 787 3047 tateadeo
832 2965 1184 3047 perculsum
1230 2967 1416 3025 fuisse
1460 2964 1880 3027 Theodosium
1927 2972 2240 3047 Magnum,
2293 2975 2354 3027 ut
2401 2966 2669 3043 eruperit
2714 2965 2775 3022 in
2821 2965 2955 3023 haec
2991 2966 3258 3047 verba;
3314 2964 3674 3047 Episcopum
3737 2971 3874 3033 vidi

460 3045 992 3127 neminemprazler
1020 3046 1395 3106 Ambrosium
1430 3048 1686 3127 (Theod.
1738 3049 1892 3108 Ilist.
1947 3045 2049 3110 lib:
2098 3069 2158 3119 v,
2208 3070 2257 3108 c.
2311 3051 2425 3122 17).
2497 3047 2697 3127 Quod,
2733 3063 2880 3103 vero
2927 3046 3002 3127 ad
3066 3045 3416 3127 doctrinam
3462 3045 3614 3124 ejus,
3683 3048 3870 3110 illam

461 3143 587 3184 non
631 3125 819 3184 modo
864 3127 1059 3185 sancti
1102 3128 1337 3196 Patres,
1386 3125 1610 3186 sommi
1656 3130 2005 3200 Pontitices,
2054 3129 2436 3189 tecumenica
2481 3125 2744 3185 concilia
2789 3126 3069 3184 certatim
3102 3126 3422 3203 exquisitis
3451 3128 3672 3204 elogiis
3705 3149 3873 3207 pras-

459 3207 767 3276 dicarunt,
815 3225 1032 3265 verum
1076 3207 1263 3266 etiam
1308 3208 1554 3285 ipsimet
1599 3210 1896 3268 hreretici.
1947 3212 2064 3271 Sed
2108 3230 2220 3269 nec
2265 3209 2432 3268 aliud
2479 3207 2822 3284 quidquam
2868 3207 3068 3283 magis
3112 3207 3386 3265 declarat
3433 3215 3666 3284 quanta
3711 3211 3871 3270 doe-

458 3287 640 3346 trinze
687 3306 758 3368 ac
802 3286 1173 3365 eloquentiae
1218 3289 1310 3346 vis
1353 3290 1536 3347 fuerit
1579 3289 1642 3347 in
1695 3291 2046 3362 Ambrosio,
2136 3310 2322 3368 quam
2385 3287 2764 3366 Augustinus
2839 3287 2921 3368 ab
2985 3305 3204 3368 errore
3251 3286 3329 3344 ad
3393 3307 3603 3346 veram
3669 3290 3866 3350 fidem

454 3367 739 3429 Doctoris
782 3368 976 3425 nostri
1021 3387 1209 3445 opera
1254 3374 1311 3427 et
1355 3370 1755 3428 concionibus
1801 3366 2318 3430 revocatusf'llac
2353 3371 2582 3447 quippe
2628 3386 2748 3425 una
2789 3366 3211 3447 victoriarsibi
3243 3372 3547 3447 tropaeum
3593 3387 3664 3427 ac
3725 3390 3869 3430 mo—

455 3453 824 3507 numentum
870 3466 989 3506 aere
1034 3449 1365 3525 perennius
1408 3451 1598 3508 erexit
1646 3457 1894 3509 sanctus
1941 3453 2038 3510 hic
2084 3450 2337 3510 Praesul.
2375 3446 2626 3508 ’L'tinam
2659 3467 2804 3506 vero
2849 3446 3176 3505 neotericis
3221 3446 3407 3505 etiam
3453 3449 3870 3509 heterocloxis

455 3529 671 3606 magni
712 3528 1042 3604 Augustini
1084 3529 1437 3605 exemplum
1485 3531 1716 3589 imitari
1759 3531 1987 3591 libeat!
2039 3533 2196 3590 Illud
2243 3533 2520 3608 profecto
2557 3529 2698 3605 jure
2743 3528 3056 3586 aflirmare
3103 3546 3457 3604 possumus,
3507 3529 3581 3586 de
3626 3530 3867 3591 Christi

454 3608 791 3686 praesentia
833 3608 935 3690 in,
981 3616 1392 3690 sacramento,
1442 3611 1825 3687 depotestatc
1873 3619 2057 3690 atque
2104 3613 2380 3672 clavibus
2427 3609 2738 3690 Ecclesiae,
2788 3608 2862 3666 de
2925 3609 3289 3667 necessitate
3334 3609 3641 3690 bonorum
3711 3630 3869 3688 ope—

452 3707 615 3760 rum,
663 3689 1064 3748 veneratione
1112 3689 1537 3765 reliquiarum,
1602 3688 2270 3751 beatorumpuditum
2334 3689 2747 3759 invocatione,
2816 3694 2942 3746 tam
3006 3690 3249 3747 disertis
3311 3689 3513 3747 verbis
3576 3688 3864 3750 locutum

450 3787 582 3851 esse
623 3768 1054 3851 Ambrosium,
1097 3774 1158 3826 ut
1205 3770 1360 3851 nihil
1408 3772 1678 3846 apertius
1725 3792 1905 3850 {equo
1951 3773 2362 3851 prudentique
2408 3770 2625 3829 lectori
2688 3769 3106 3851 expetendum
3169 3768 3265 3825 sit.
3333 3771 3642 3851 Caeterum
3707 3790 3861 3831 cum

446 3849 610 3930 inter
651 3848 775 3908 alia
817 3849 918 3907 isti
964 3849 1307 3907 refractarii
1353 3851 1635 3909 codicmn
1682 3848 1988 3911 editorum
2034 3855 2108 3911 de
2157 3848 2588 3930 pravationem
2634 3849 3041 3930 criminentur
3084 3867 3274 3924 quam
3317 3849 3861 3930 invidiosissime,

447 3929 785 4011 editionem
828 3935 1106 3988 nostram
1153 3930 1272 3988 hoc
1317 3937 1595 4008 tempore
1641 3951 1763 4009 quo
1809 3934 1969 4010 regis
2013 3928 2211 4011 pietas
2256 3950 2507 3992 onmem
2553 3950 2728 4011 suam
2774 3928 3209 3987 auctoritatem
3256 3929 3334 4011 ad
3381 3929 3864 4011 l'ltDl‘CllCOl‘lllll-

447 4010 915 4069 conversionem
962 4011 1221 4079 confert,
1270 4029 1592 4087 speramus
1637 4008 1759 4070 non
1805 4008 1936 4071 sine
1999 4008 2198 4073 fructu
2265 4013 2592 4073 exituram.
2647 4009 2708 4068 ln
2769 4029 2891 4085 qua
2954 4008 3314 4068 exornanda
3379 4009 3527 4087 quid
3573 4029 3608 4068 a
3670 4012 3862 4073 nobis

445 4090 794 4167 praestitum
840 4090 1046 4158 fuerit,
1095 4089 1528 4167 explicabitur,
1579 4099 1908 4170 postquam
1955 4094 2258 4154 nonnulla
2300 4095 2376 4151 de
2423 4091 2738 4151 veteribus
2783 4088 3157 4147 editionibus
3189 4107 3328 4166 qme
3374 4090 3436 4148 in
3500 4089 3688 4148 variis
3735 4095 3862 4152 Eu-

444 4189 615 4248 ropa:
660 4170 815 4230 locis
859 4171 1099 4230 emissa:
1147 4177 1309 4243 sunt,
1358 4173 1866 4249 przemiserimus.

522 4251 772 4310 Nullam
817 4270 1004 4329 porro
1026 4251 1245 4332 ividere
1290 4248 1467 4309 nObis
1513 4254 1773 4329 contigit
1817 4254 2232 4332 antiquiorem
2279 4272 2350 4312 ea
2414 4269 2602 4332 quam
2635 4248 2970 4332 "Mall'cllus
3030 4249 3277 4332 Ye11ia,_
3315 4249 3659 4332 monachus
3697 4252 3855 4332 _Au-

441 4328 853 4406 gustinianus,
901 4331 1230 4390 Ambrosio
1275 4334 1540 4398 Corano,
1591 4328 1865 4410 ejusdem
1912 4328 2144 4393 ordinis
2189 4328 2485 4411 generali,
2534 4330 2861 4389 dedicavit.
2913 4329 2982 4388 In
3025 4330 3428 4411 illaquidem
3475 4347 3671 4406 neque
3697 4328 3850 4404 loci,

440 4412 984 4492 nequeitemporis
1029 4418 1261 4469 certam
1309 4411 1583 4489 aliquam
1631 4420 1840 4472 notam
1888 4410 2357 4492 deprehendas:
2408 4413 2513 4470 sed
2559 4411 2700 4469 inde
2748 4414 2956 4468 forsan
3004 4410 3310 4492 conjicere
3344 4410 3524 4469 liccat
3557 4411 3851 4471 eamdem

441 4495 501 4548 et
545 4491 608 4548 in
653 4490 855 4570 Italia,
905 4497 962 4549 et
1010 4498 1153 4549 ante
1198 4511 1430 4550 annum
1497 4496 1647 4553 1485
1712 4490 2033 4570 vulgatam
2079 4512 2250 4564 esse;
2318 4499 2446 4552 tum
2517 4493 2682 4568 quod
2747 4493 2949 4550 forma
2994 4490 3224 4549 codicis
3288 4497 3345 4549 et
3406 4491 3849 4553 characterum

440 4587 582 4628 cum
627 4569 773 4641 alia,
822 4572 897 4629 de
943 4591 1065 4648 qua
1101 4570 1234 4647 jam
1282 4573 1577 4645 dicemus,
1627 4569 2166 4651 planecom'enit,
2217 4580 2346 4633 tum
2395 4573 2561 4650 quod
2607 4573 2911 4651 Coranus
2946 4570 3049 4630 ille
3112 4590 3217 4630 seu
3280 4570 3648 4630 Coriolanus
3713 4591 3852 4632 me-

435 4657 684 4730 _morato
729 4670 893 4710 anno
938 4653 1101 4710 diem
1147 4672 1327 4711 suum
1376 4657 1585 4712 Romae
1633 4650 1808 4712 obiit.
1856 4655 2062 4714 Altera
2109 4655 2215 4712 illa
2262 4653 2472 4722 editio,
2523 4658 2775 4711 curante
2820 4650 3112 4710 Uribellio
3158 4653 3545 4730 presbytero,
3600 4651 3844 4712 Medio-

434 4728 565 4788 Iani
609 4749 772 4789 anno
822 4734 974 4790 M‘JO
1018 4733 1244 4810 prodiit
1291 4735 1456 4811 apud
1504 4734 1870 4810 magistrum
1921 4736 2310 4793 Leonardum
2356 4732 2625 4793 Pachel:
2691 4751 2828 4808 qum
2894 4731 3078 4789 simul
3125 4728 3266 4789 cum
3329 4731 3647 4810 superiore
3713 4751 3850 4791 ser-

431 4815 617 4868 vatur
660 4813 823 4888 apud
873 4814 993 4871 ltlt.
1042 4813 1156 4872 PP.
1206 4814 1540 4872 canonicos
1585 4814 1900 4889 regulares
1946 4820 2188 4875 Sancta)
2235 4814 2561 4873 Genovet‘m
2606 4812 2988 4871 Parisiensis.
3043 4813 3311 4889 Utraque
3375 4818 3581 4870 autem
3647 4811 3842 4874 valde

432 4889 798 4972 imperfecta
843 4900 954 4963 est,
1005 4911 1074 4950 ac
1121 4912 1351 4970 paucos
1397 4895 1735 4952 admodum
1783 4901 2081 4954 tractatus
2127 4894 2621 4972 comprehendit.

509 4971 656 5030 Post
701 4973 857 5031 duos
903 4992 1099 5032 annos
1125 4969 1267 5032 non
1313 4975 1690 5032 mediocrem
1753 4973 2002 5034 laudem
2067 4969 2288 5034 retulit
2344 4976 2616 5034 Joannes
2679 4971 3151 5043 Amerbachius,
3216 4970 3368 5029 civis
3432 4969 3834 5044 Basileensis,

430 5052 597 5128 quod
644 5054 1008 5134 conquisitis
1053 5055 1570 5131 congregatisque
1619 5055 2026 5133 undecumpie
2073 5056 2484 5134 plurimorum
2529 5075 2598 5112 ac
2665 5053 3126 5134 przeriprrum
3188 5051 3501 5134 Ambrosii
3565 5069 3834 5128 operum

429 5132 912 5213 exemplaribus,
984 5135 1197 5194 eadem.
1263 5152 1448 5210 Opera
1514 5135 1575 5191 in
1623 5141 1742 5191 tres
1808 5131 2011 5213 partes
2071 5131 2403 5195 distributa
2469 5136 2725 5194 totidem
2789 5133 3212 5191 voluminibus
3283 5131 3648 5213 complexus
3711 5140 3833 5193 est.

427 5211 629 5287 Atque
675 5213 859 5270 etiam
908 5233 1030 5290 quo
1078 5215 1410 5272 editionem
1459 5233 1632 5271 suam
1681 5211 1992 5277 utiliorem
2038 5219 2328 5283 efﬁceret,
2380 5216 2621 5291 rogavit
2666 5216 2973 5274 Joannem
3018 5213 3092 5271 de
3151 5212 3404 5290 Lepide,
3469 5212 3839 5272 Carthusia-

428 5308 578 5348 num
624 5292 1054 5361 Parisiensem,
1105 5302 1191 5363 ut,
1241 5293 1502 5371 singulis
1548 5294 1720 5352 libris
1766 5297 1826 5354 in
1872 5304 2108 5356 certum
2154 5298 2427 5373 capitum
2473 5312 2799 5354 numerum
2845 5293 3081 5360 divisis,
3132 5311 3313 5351 suum
3359 5291 3580 5373 cuique
3639 5293 3838 5373 capiti

426 5376 668 5453 aptaret
713 5382 1191 5449 argumentum:
1242 5376 1405 5452 quod
1453 5381 1509 5433 et
1557 5377 1787 5433 factum
1851 5383 1962 5435 est.
2030 5372 2387 5453 Uptandum
2451 5395 2597 5433 vero
2659 5373 2812 5432 illud
2876 5375 3098 5438 fuerat,
3167 5379 3231 5431 ut
3293 5372 3831 5453 quemadmodum

425 5449 636 5527 plures
681 5457 980 5514 tractatus
1023 5456 1202 5513 nobis
1246 5449 1459 5522 edidit,
1508 5455 1595 5514 ita
1641 5457 1823 5514 etiam
1870 5457 2013 5515 illos
2076 5449 2365 5515 edidisset
2428 5454 2901 5514 cmendatiores.
2972 5453 3088 5510 Sed
3150 5454 3213 5510 in
3275 5453 3396 5512 hoc
3458 5451 3833 5512 industriam

425 5528 884 5613 diligentissimi
930 5535 1290 5613 bibliopolae
1336 5536 1754 5610 agnoscimus,
1805 5537 1970 5613 quod
2016 5541 2139 5594 tam
2189 5535 2420 5594 multos
2464 5535 2728 5612 reperit:
2797 5532 2963 5609 quod
3010 5537 3137 5613 tam
3200 5533 3597 5613 depravatos,
3663 5531 3834 5609 inju-

420 5609 531 5668 riae
578 5615 930 5690 tempormn
975 5609 1326 5673 tribuimus.
1377 5609 1547 5673 lianc
1594 5622 1799 5674 autem
1825 5609 2181 5674 editionem
2243 5634 2405 5673 anno
2471 5609 2622 5674 1506
2684 5614 2905 5671 iterum
2971 5612 3164 5689 praelo
3233 5611 3494 5689 subjecit
3551 5613 3830 5673 Joannes

419 5690 587 5773 Petri
630 5692 706 5750 de
751 5694 1166 5770 Langendorf,
1217 5695 1650 5772 typographus
1696 5714 1944 5773 quoque
1989 5696 2396 5754 Basileensis:
2448 5715 2482 5752 a
2527 5691 2853 5773 quo_nihil
2897 5691 3066 5751 aliud
3112 5693 3307 5770 priori
3351 5691 3444 5773 illi
3507 5690 3829 5769 adjectum

418 5769 546 5858 fuit
579 5767 1117 5858 praeter-indicem
1163 5767 1508 5858 admodum
1547 5767 2491 5858 copiosuni,_quodltegistrurn
2533 5767 2879 5858 ﬂorigerum
2922 5767 3256 5858 inscripsit.
3283 5771 3495 5858 _Cujus
3567 5767 3826 5852 quidem

415 5850 676 5939 registri_
709 5851 945 5912 utilitas
987 5855 1275 5939 Conrado
1320 5850 1650 5919 Leontorio
1695 5874 1769 5922 ex
1813 5850 2033 5924 ordine
2075 5850 2465 5923 Cisterciensi
2504 5850 2691 5920 tanta
2723 5853 2857 5918 visa
2900 5858 3012 5928 est,
3047 5850 3302 5918 et’illud
3345 5850 3530 5916 versu
3573 5850 3634 5918 et
3677 5872 3825 5939 pro-

415 5948 486 5994 sa
529 5929 844 5997 celebrare
885 5950 1013 5998 non
1057 5935 1134 6000 sit
1176 5939 1494 6024 gravatus.
