3938 6214
193 150 241 215 ﬁl
1641 143 2078 212 PREFA’I‘IO.
3477 144 3556 213 ΞΩ

190 277 400 354 Erasmi,
465 275 718 343 Gelenii
766 295 835 343 ac
893 283 1261 344 caeterorum
1325 278 1430 362 qui
1475 279 1812 344 Basileensi
1879 279 2137 343 editioni
2202 285 2344 346 ante
2406 279 2753 346 Costerium
2797 299 3054 346 manum
3118 279 3554 360 admoverunt,

191 371 397 445 peccata
440 368 496 422 et
546 381 874 445 summam
917 364 981 423 in
1026 362 1352 442 sequendis
1398 363 1773 441 conjecturis
1816 363 2132 423 licentiam
2179 371 2356 425 caute
2401 365 2818 426 dissimulant.

239 447 520 504 Creterum
548 444 739 526 illud
785 464 897 504 nos
943 445 1312 503 conﬁdimus
1358 445 1474 502 hac
1519 451 1730 502 nostra
1777 446 2047 526 editione
2094 453 2428 515 assecutus,
2481 452 2539 504 ut
2589 465 2661 506 ea
2705 447 2827 505 tela
2875 467 3017 525 quae
3065 454 3369 526 perpetuo
3414 466 3560 508 con-

185 534 250 585 ira
283 525 584 584 Ambrosii
655 526 1099 584 auctoritatem
1161 526 1538 600 torquebant
1604 525 1930 583 catholicae
1997 526 2286 584 Ecclesia}
2361 528 2722 596 adversarii,
2783 527 2916 603 jam
2983 525 3429 605 inpOSterum
3483 546 3554 587 ex

185 625 348 664 eorum
409 605 714 663 manibus
778 606 1139 683 eripiantur.
1209 605 1485 664 Primum
1554 605 1718 662 enim
1784 606 1946 663 hanc
2008 605 2210 682 legem
2271 608 2452 665 nobis
2519 607 2944 666 inviolabilem
3028 627 3159 666 esse
3218 609 3554 674 voluimus,

182 686 369 746 nullam
431 685 490 742 in
577 691 826 743 textum
891 684 1313 762 conjecturam
1395 702 1709 764 unquam,
1761 686 2110 744 admittere.
2179 688 2358 754 Nam,
2409 688 2938 764 quemadmodum
2984 689 3317 746 aCosterio
3387 689 3559 746 vide-

186 787 301 827 mus.
355 765 849 846 prudentissime
939 767 1336 846 observatum
1413 765 1628 841 (Epist.
1689 763 1820 846 jam
1897 765 2223 842 laudata):
2295 763 2708 844 Quiiz'ngem'o
2772 766 3070 826 duntaxat
3135 788 3239 826 suo
3283 767 3554 846 judicio-

183 866 261 927 gue
301 847 625 927 plusquam!
663 845 937 927 debeant,
1011 844 1228 923 ﬁdunt,
1289 863 1474 924 neque
1541 845 1881 927 prqzsidz'nm
1945 865 2126 927 omne
2171 866 2231 904 τη
2294 848 2676 926 antiquorum
2739 847 3166 927 exemplarium
3237 844 3554 908 collatione

182 924 514 997 tonsti'tuunt,
577 925 733 1004 ﬁeri
788 925 1022 1004 quidem
1072 931 1264 1004 potest
1327 933 1396 983 ut
1451 924 1804 1004 quandoque
1875 925 2161 985 nonnulla
2235 945 2367 1005 qua?
2435 924 2658 987 contra
2718 924 3245 1005 grammaticorum
3311 947 3553 987 canones

181 1007 494 1086 depugnmt,
581 1006 913 1065 restituant
963 1026 986 1066 .'
1042 1014 1111 1063 at
1174 1024 1335 1086 voces
1410 1005 1565 1063 male
1622 1014 2039 1074 commutatus,
2107 1007 2416 1065 sententias
2484 1017 2590 1066 aut
2670 1009 2908 1066 omnino
2967 1010 3225 1079 omissas,
3323 1017 3428 1067 aut
3491 1009 3552 1067 τὴ

178 1083 384 1147 elicitum
451 1086 654 1144 locum
714 1085 963 1165 refectas
1017 1103 1079 1144 eo
1136 1083 1306 1164 modo
1359 1104 1680 1164 personare
1737 1087 2074 1163 neutiquam
2138 1095 2396 1164 possunt.
2472 1088 2557 1145 Ne
2623 1088 2759 1164 quis
2831 1106 2978 1146 vero
3022 1108 3136 1146 nos
3198 1094 3373 1165 putet
3407 1106 3553 1165 pro-

181 1167 336 1225 missis
376 1167 497 1224 illis
545 1166 766 1224 fucum
814 1167 1036 1235 facere,
1084 1184 1208 1223 non
1253 1165 1454 1223 solum
1504 1166 2069 1241 manuscriptorum
2118 1167 2341 1242 quibus
2387 1167 2461 1224 ad
2511 1168 2790 1243 singulos
2851 1173 3155 1226 tractatus
3220 1187 3554 1242 recognos-

179 1247 361 1305 cendos
403 1246 494 1303 usi
543 1265 792 1310 sumus,
841 1245 1197 1322 catalogum
1245 1245 1320 1302 ad
1367 1245 1601 1303 calcem
1644 1245 1981 1303 voluminis
2026 1247 2444 1314 exhibuimus,
2492 1265 2709 1304 verum
2757 1248 2945 1306 etiam
2995 1247 3258 1320 singulis
3305 1247 3552 1324 paginis

179 1329 222 1384 in
257 1326 515 1384 inferiori
565 1327 861 1403 margine
906 1327 1053 1402 quid
1099 1331 1157 1383 et.
1203 1344 1325 1402 qua
1370 1325 1739 1383 auctoritate
1785 1331 2236 1383 commutatum
2270 1326 2472 1395 fuerit,
2502 1327 3118 1387 submonuimus.Ubi
3143 1328 3329 1386 etiam
3354 1327 3554 1404 cujus-

180 1424 268 1483 que
294 1407 508 1464 codicis
555 1413 696 1464 tum
765 1406 976 1482 scripti
1021 1412 1152 1464 tum
1198 1405 1342 1462 editi
1383 1405 1587 1462 varias
1649 1405 2002 1462 curavimus
2085 1405 2269 1480 adjici
2335 1405 2668 1476 lectiones;
2755 1426 2828 1465 eo
2872 1414 3082 1465 tamen
3163 1407 3430 1472 delectu,
3487 1413 3554 1464 ut

177 1506 296 1563 quas
334 1486 579 1545 levioris
643 1487 1014 1544 duceremus
1059 1485 1380 1548 momenti,
1463 1483 1867 1559 rejieerentur
1927 1485 1988 1541 in
2055 1486 2240 1542 tinem
2301 1485 2639 1543 voluminis
2686 1487 2815 1560 (a);
2868 1506 3022 1563 quas
3083 1505 3230 1544 vero
3295 1487 3549 1556 nullius,

177 1568 582 1624 omitterentur.
638 1569 772 1625 Hac
817 1565 1102 1623 videlicet
1150 1565 1388 1622 ratione
1437 1565 1842 1640 [:irovidimus,
1893 1571 1958 1621 ut
2004 1571 2061 1621 et
2109 1565 2320 1622 lectori
2368 1584 2555 1641 quam
2603 1565 2994 1642 potissimum
3041 1566 3368 1624 lectionem
3417 1585 3551 1624 amo

176 1645 457 1721 plectatur,
517 1646 760 1720 eligere
815 1646 1076 1703 liberum
1127 1645 1252 1702 sit:
1321 1662 1431 1702 nec
1492 1650 1698 1702 tamen
1763 1644 2008 1720 paginm
2055 1644 2296 1702 levibus
2357 1644 2761 1704 inutilibusve
2806 1646 2968 1702 notis
3031 1645 3424 1723 oppleantur.
3473 1648 3552 1705 At

177 1727 221 1783 in
273 1727 594 1802 Scriptura!
646 1725 805 1784 locis
851 1725 953 1802 qui
1010 1724 1240 1801 passim
1304 1725 1573 1782 citantur
1616 1726 1693 1782 ab
1757 1724 2106 1793 Ambrosio,
2175 1725 2561 1800 diligentiam
2628 1744 2698 1782 ac
2761 1725 3127 1799 religionem
3175 1726 3378 1784 adhuc
3423 1745 3552 1784 ma-

171 1804 332 1879 jorem
384 1806 837 1874 adhibuimus;
903 1805 1263 1862 eorumdem
1328 1805 1490 1861 enim
1557 1804 1832 1862 locorum
1916 1804 2247 1861 varietates
2320 1805 2630 1862 interdum
2697 1806 2884 1862 etiam
2946 1806 3113 1862 haud
3179 1806 3265 1864 ita
3327 1825 3549 1881 graves

177 1904 270 1943 non
312 1886 502 1945 solum
549 1904 625 1944 ex
679 1884 992 1943 Ambrosii
1038 1884 1375 1954 codicibus,
1427 1884 1530 1942 sed
1578 1901 1610 1941 e
1652 1884 1912 1942 diversis
1975 1903 2222 1961 quoque
2266 1884 2610 1942 Bibliorum
2679 1885 2992 1944 idiomatis
3057 1885 3291 1962 placuit
3359 1904 3550 1943 anno-

176 1972 294 2023 tare.

235 2046 662 2104 Submovimus
713 2051 921 2102 autem
967 2043 1280 2118 longiores
1325 2043 1468 2101 illos
1531 2049 1876 2113 contextus,
1928 2044 2173 2120 quibus,
2243 2049 2306 2100 ut
2350 2043 2584 2102 dictum
2631 2049 2743 2110 est,
2811 2044 2872 2102 in
2936 2045 3205 2103 editione
3272 2047 3553 2103 Romana

179 2143 286 2183 cum
327 2126 460 2183 libri
509 2127 590 2183 ab
649 2125 948 2193 invicem,
1009 2129 1140 2181 tum
1205 2124 1392 2181 etiam
1439 2141 1562 2181 non
1609 2143 1748 2181 raro
1813 2125 2015 2180 media
2078 2123 2194 2200 ipsi
2265 2124 2472 2200 capita
2534 2125 3012 2195 dividebantur;
3080 2143 3153 2182 eo
3217 2125 3379 2201 quod
3446 2124 3556 2183 illa

174 2204 352 2263 divisio
414 2224 684 2281 operum
757 2204 1316 2263 Ambrosianorum
1381 2221 1626 2278 corpus,
1692 2205 1857 2280 quod
1926 2222 2114 2261 unum
2181 2221 2332 2270 esse,
2405 2205 2611 2280 quoad
2670 2203 2803 2279 ejus
2869 2206 2997 2262 tieri
3061 2210 3286 2280 potest,
3349 2204 3554 2275 debet,

178 2286 315 2361 quasi
356 2286 764 2343 membratim
811 2284 1118 2342 distrahat
1163 2289 1220 2341 et
1267 2283 1595 2358 discerpat.
1651 2287 1732 2342 De
1776 2283 2078 2340 librorum
2144 2301 2291 2339 vero
2350 2283 2618 2340 sectione
2665 2284 2724 2341 in
2771 2284 2999 2359 capita,
3056 2302 3296 2341 necnon
3343 2301 3560 2342 eorum

177 2366 539 2439 argumentis,
591 2366 729 2423 sive
776 2364 1154 2434 summariis,
1207 2369 1268 2420 ut
1310 2368 1560 2434 vocant,
1608 2363 1928 2421 sententiis
1995 2364 2302 2438 tantisper
2365 2369 2669 2420 certatum
2727 2369 2864 2430 est;
2916 2382 3057 2421 cum
3103 2383 3228 2421 non
3272 2364 3557 2422 deessent

180 2446 256 2520 qui
295 2463 357 2503 ea
399 2446 614 2503 omnia
670 2464 811 2522 quze
858 2462 978 2501 non
1025 2443 1401 2501 haberentur
1462 2443 1521 2500 in
1568 2442 2032 2516 manuscriptis,
2100 2459 2174 2522 ex
2241 2441 2619 2522 editionibus
2664 2441 2960 2522 tollenda
3023 2461 3155 2501 esse
3219 2443 3554 2502 contende-

179 2531 325 2582 rent:
369 2526 468 2583 alii
517 2520 744 2582 contra
791 2524 1114 2581 retinenda
1178 2523 1428 2599 quidem
1473 2523 1943 2591 existimarent;
2012 2521 2115 2578 sed
2182 2521 2324 2596 quia
2391 2526 2600 2578 vetera
2659 2520 2765 2578 illa
2833 2528 3200 2597 argumenta
3263 2523 3549 2580 Auctoris

180 2623 385 2663 sensum
429 2612 620 2682 atque
675 2604 1028 2671 consilium,
1076 2603 1172 2660 vel
1240 2603 1441 2660 minus
1486 2602 1829 2682 perspicue,
1868 2600 1994 2682 gvel
2042 2601 2246 2682 minus
2291 2599 2481 2682 latine
2544 2607 3081 2682 reprzesenturcnt,
3149 2601 3538 2682 corrigenda.

182 2685 355 2742 Potior
412 2680 646 2743 horum
709 2684 842 2741 visa
906 2689 995 2741 est
1057 2682 1309 2759 opinio;
1374 2688 1614 2740 constat
1678 2681 1982 2757 siquidem
2037 2680 2313 2738 animum
2377 2680 2626 2738 lectoris
2686 2680 3038 2757 defatigari,
3105 2681 3223 2739 nisi
3282 2681 3544 2740 subinde

182 2766 318 2839 quasi
359 2765 545 2823 variis
591 2763 974 2822 stationibus
1018 2763 1383 2838 requiescat.
1435 2763 1552 2820 Sed
1597 2762 1658 2818 in
1706 2762 1823 2819 hoc
1871 2760 2144 2818 maxima
2190 2759 2356 2817 illius
2418 2760 2683 2819 instituti
2741 2760 2988 2818 videtur
3052 2760 3320 2831 utilitas;
3370 2762 3538 2838 quod

176 2844 414 2902 eumdem
483 2845 792 2902 lectorem
837 2847 1174 2919 antequam
1220 2841 1296 2900 ad
1343 2860 1567 2899 novam
1633 2846 1905 2898 transeat
1967 2840 2319 2910 materiam,
2397 2847 2725 2917 praiparet,
2789 2859 2911 2916 quo
2976 2841 3216 2899 facilius
3275 2841 3540 2917 legenda

175 2923 455 2997 intelligat.
508 2927 582 2982 Et
634 2924 755 2981 hoc
800 2941 946 2980 sane
1004 2921 1212 2979 nullus
1256 2921 1508 2996 negabit
1552 2921 1752 2994 magis
1798 2920 2213 2977 necessarium
2279 2939 2410 2978 esse
2454 2921 2514 2977 in
2570 2939 2642 2979 eo
2687 2921 3009 2996 scriptore,
3079 2922 3154 2979 ad
3201 2920 3378 2997 cujus
3421 2921 3545 2981 lec—

176 2996 364 3063 tionem
407 3010 598 3082 atque
648 3001 1728 3082 intelligentiam,7qucunulmodum
1775 3000 2215 3058 animadvertit
2291 3000 2594 3058 Antonius
2655 3000 2948 3082 Godellus
2993 3000 3171 3082 (Hist.
3221 2996 3389 3061 Eccl.
3441 3021 3538 3060 an.

175 3085 297 3158 3‘97),
343 3080 643 3161 magnum
693 3083 982 3143 Ecclesiae
1027 3081 1363 3141 Gallicana)
1408 3081 1596 3138 decus
1640 3087 1698 3138 et
1742 3086 2202 3150 ornamentum,
2252 3098 2407 3157 Opus
2453 3087 2542 3137 est
2605 3080 2951 3139 eruditione
3022 3080 3357 3158 plusquam
3421 3099 3548 3140 me-

185 3162 362 3221 diocri.

237 3244 298 3301 L't
354 3245 540 3318 igitur
608 3244 730 3301 hac
793 3243 856 3301 in
920 3261 980 3302 re
1041 3241 1440 3318 potissimum
1498 3239 1856 3315 junioribus
1920 3239 2230 3315 theologis
2275 3256 2388 3314 pro
2455 3238 2710 3297 modulo
2775 3245 2988 3297 nostro
3054 3239 3546 3310 consuleremus,

177 3317 442 3398 receptam
500 3324 644 3400 jam
709 3323 860 3381 olim
920 3317 1691 3400 tractatuumﬂinrcapita
1751 3319 2122 3378 divisionem
2194 3318 2584 3386 retinuimus,
2651 3319 2791 3400 ipsa
2850 3319 3056 3396 capita
3131 3319 3194 3377 in
3259 3337 3552 3400 numeros

179 3421 258 3459 seu
311 3398 612 3462 sectiones
676 3402 1127 3466 distribuin’ius,
1188 3399 1600 3475 explicuimus
1660 3418 1843 3458 voces
1915 3400 2210 3457 obscuras
2265 3404 2370 3455 aut
2439 3417 2656 3473 parum
2704 3399 3013 3469 usitatas;
3083 3416 3297 3457 eorum
3365 3398 3553 3457 etiam

181 3499 287 3557 qua:
329 3485 398 3542 ad
462 3482 824 3549 historiam,
891 3481 1283 3558 disciplinam
1349 3486 1534 3554 atque
1598 3478 1948 3537 doctrinam
2010 3482 2313 3554 spectant,
2391 3478 2496 3536 ubi
2561 3497 2658 3536 res
2716 3479 2803 3537 ita
2866 3477 3185 3557 postulare
3245 3478 3380 3537 visa
3437 3484 3549 3549 est,

179 3560 385 3620 brevem
449 3562 937 3621 subnotavimus
997 3559 1468 3637 expositionem.
1539 3559 1631 3615 Ad
1705 3560 1839 3617 haec
1919 3565 2196 3617 veterum
2264 3576 2511 3634 quoque
2577 3558 2828 3617 illorum
2904 3559 3076 3617 locos
3139 3558 3554 3618 indicavimus

184 3659 305 3714 quos
346 3642 709 3701 Ambrosius
751 3648 961 3699 noster
1003 3641 1118 3699 sibi
1160 3643 1567 3716 proposuerat
1611 3638 1965 3696 imitandos.
2017 3638 2082 3696 In
2128 3638 2352 3716 quibus
2396 3639 2684 3697 omnibus
2728 3659 2852 3698 non
2907 3640 3140 3698 famam
3187 3638 3553 3699 eruditionis

187 3723 441 3798 aucupari
497 3721 831 3780 consilium
877 3721 1013 3789 fuit,
1059 3721 1162 3778 sed
1211 3718 1511 3776 lectorum
1557 3737 1627 3775 ac
1672 3738 1887 3777 corum
1950 3717 2262 3795 prcecipuc
2327 3717 2453 3795 qui,
2523 3724 2586 3776 ut
2631 3720 2924 3790 diximus,
2975 3725 3252 3779 recentes
3298 3739 3333 3778 a
3380 3719 3556 3778 theo—

187 3797 334 3876 logi-te
368 3803 621 3868 scholis,
657 3819 721 3859 se
766 3801 842 3859 ad
867 3800 1212 3858 evolvenda
1243 3799 1524 3857 Doctoris
1554 3799 1746 3856 nostri
1780 3805 2181 3857 monumenta
2206 3804 2594 3875 comparant,
2643 3800 2820 3858 unice
2865 3800 3281 3876 spectavimus
3325 3798 3558 3857 utilita-

189 3887 302 3938 tem.
345 3885 739 3959 Quapropter
779 3881 1064 3939 doctores
1107 3878 1246 3946 viri,
1297 3879 1520 3959 quibus
1566 3878 1874 3936 eruditum
1937 3879 2055 3959 hoc
2118 3883 2400 3959 nostrum
2465 3879 2763 3937 szeculum
2824 3880 3122 3959 abundat,
3191 3878 3362 3938 nullo
3433 3878 3558 3959 dis-

188 3960 376 4034 pendio
419 3957 672 4021 notulas
719 3966 962 4018 nostras
1008 3959 1300 4018 emittant
1346 3957 1510 4026 licet,
1559 3976 1670 4016 nec
1718 3963 1926 4016 tamen
1971 3957 2109 4015 illas
2172 3957 2479 4015 tironibus
2533 3964 2720 4035 atque
2765 3959 2827 4016 in
2870 3958 3308 4035 hujuscemodi
3351 3957 3557 4016 studio

189 4040 495 4100 candidatis
540 4041 902 4107 invideant;
955 4040 1178 4116 quibus
1222 4057 1293 4096 c0
1340 4038 1539 4114 magis
1592 4037 1972 4096 necessarias
2033 4056 2162 4095 esse
2231 4036 2384 4094 illud
2450 4039 2740 4108 ostendit,
2813 4041 2978 4114 quod
3042 4039 3106 4097 in
3149 4037 3364 4097 multis
3406 4036 3559 4096 locis

193 4119 336 4177 ltom.
383 4122 675 4189 editores,
724 4121 890 4178 viros
937 4119 1214 4195 alioquin
1261 4119 1557 4186 eruditos,
1592 4118 1877 4176 Auctoris
1922 4135 2167 4175 sensum
2204 4123 2675 4195 nonassecutos
2718 4118 2988 4176 inducta:
3033 4118 3096 4176 in
3142 4122 3380 4176 textum
3426 4134 3562 4174 mu-

194 4199 420 4259 tationes
463 4200 869 4278 patefaciant.
919 4199 994 4258 Hi
1036 4194 1184 4257 vero
1229 4197 1378 4255 dum
1427 4197 1844 4278 qualicunque
1888 4198 2007 4256 hoc
2052 4203 2264 4278 nostro
2321 4194 2711 4278 juvabuntur
2769 4196 3004 4278 labore,
3049 4197 3232 4278 quod
3265 4195 3564 4274 pauciora

195 4275 652 4354 exposuerimus,
702 4298 827 4338 non
873 4278 1307 4356 expostulent;
1358 4296 1498 4335 cum
1542 4277 1698 4336 nihil
1745 4275 1910 4353 quod
1973 4277 2155 4336 valde
2209 4275 2625 4335 necessarium
2671 4276 2876 4345 fuerit,
2923 4276 3403 4354 neglexerimus,
3450 4293 3564 4334 nec

196 4357 419 4418 fusiores
463 4359 911 4418 annotationes
953 4358 1137 4416 facile
1184 4357 1566 4415 admissurus
1610 4357 1794 4416 fuerit
1838 4356 2172 4416 voluminis
2217 4357 2457 4415 modus.

258 4437 413 4506 Quod
460 4459 651 4516 porro
715 4440 792 4497 ad
837 4438 1111 4496 universi
1155 4437 1360 4514 operis
1404 4436 1806 4514 partitionem
1852 4437 2092 4506 attinet,
2141 4436 2321 4495 nobis
2363 4454 2563 4512 neque
2611 4437 2890 4495 Romana
2932 4454 3132 4515 neque
3201 4435 3569 4497 Erasmiana

199 4517 320 4574 satis
373 4521 640 4595 probata
698 4524 825 4586 est;
881 4518 1209 4594 utrobique
1271 4516 1435 4575 enim
1493 4535 1631 4575 cum
1692 4518 1849 4576 bene
1897 4517 2094 4576 multa
2143 4523 2284 4574 sunt
2333 4516 2586 4593 proprio
2635 4536 2745 4575 suo
2793 4517 2931 4576 loco
2981 4536 3108 4576 non
3156 4517 3381 4595 posita,
3435 4521 3569 4575 tum

201 4595 343 4654 nulla
395 4604 599 4657 exstat
657 4597 1083 4675 legitimorum
1142 4596 1715 4655 adulterinorunn'e
1785 4597 2045 4656 fmtuum
2103 4596 2410 4655 discretio.
2476 4596 2692 4674 Itaque
2743 4597 2900 4656 nihil
2973 4599 3362 4657 commodius
3435 4612 3568 4655 esse

203 4675 478 4749 duximus,
541 4697 728 4756 quam
783 4685 845 4737 ut
895 4696 1085 4755 opera
1154 4676 1364 4734 omnia
1414 4695 1552 4753 quae
1621 4677 1872 4736 nomine
1920 4677 2235 4735 Ambrosii
2302 4677 2694 4753 reperiuntur
2739 4676 3059 4756 inscripta,
3120 4678 3184 4736 in
3238 4683 3365 4737 tres
3415 4677 3573 4756 dun-

205 4761 344 4814 taxat
391 4754 599 4818 tomos
648 4754 1087 4829 divideremus,
1143 4775 1410 4834 quorum
1462 4756 1698 4836 priores
1749 4758 1871 4816 duo
1921 4774 2090 4827 vera,
2141 4757 2359 4815 tertius
2409 4757 2802 4834 supposititia
2851 4754 3456 4836 comprehenderet:
3508 4754 3572 4812 in

209 4851 303 4916 quo
357 4857 388 4893 a
447 4841 731 4896 Romana
789 4837 1246 4907 distributione,
1311 4837 1406 4894 cui
1465 4835 1654 4913 longo
1715 4857 1826 4896 usu
1871 4855 2032 4895 nunc
2087 4855 2303 4896 omnes
2361 4838 2587 4895 assueti
2638 4843 2801 4910 sunt,
2855 4835 3043 4916 quam
3092 4838 3422 4898 minimum
3467 4853 3575 4911 po-

209 4915 316 4985 tuit,
365 4918 752 4978 recessimus.
816 4918 1014 4993 Igitur
1071 4918 1188 4977 hoc
1240 4916 1442 4994 primo
1492 4916 1809 4975 volumine
1879 4916 2181 4994 quidquid
2249 4917 2325 4975 ad
2387 4917 2719 4994 Scripturae
2777 4915 3230 4995 expositionem
3286 4916 3571 4984 refertur,

212 4996 480 5072 complexi
533 5015 786 5056 sumus:
838 4999 915 5056 de
965 4997 1141 5074 cujus
1193 4997 1443 5073 quidem
1493 4998 1862 5056 tractatibus
1909 5016 2033 5055 non
2083 5002 2173 5055 est
2224 5015 2332 5054 cur
2359 4997 2479 5055 hoc
2524 4997 2663 5056 loco
2694 4997 2874 5075 plura
2903 4998 3212 5067 dicantur,
3245 5014 3384 5055 cum
3418 5012 3578 5075 pra:-

213 5075 379 5154 missze
413 5079 491 5136 ad
523 5077 805 5154 singulos
853 5073 1311 5136 admonitiones
1359 5095 1574 5135 eorum
1627 5083 1898 5146 nitatem,
1950 5077 2338 5154 propositum
2389 5073 2711 5148 Auctoris,
2759 5083 2818 5136 et
2867 5076 2992 5135 alia
3041 5095 3180 5153 quae
3229 5073 3580 5134 necessaria

209 5150 923 5229 judicavimusfabunde
1041 5157 1311 5235 prodant
1371 5157 1858 5234 edisserantque.
1935 5150 2086 5214 Nam
2151 5158 2224 5214 de
2282 5156 2615 5234 recognitis
2670 5155 3022 5234 Augustini,
3061 5150 3382 5225 _Gratiani,
3442 5173 3583 5235 nec-

217 5249 309 5316 non
361 5245 413 5295 ct
472 5237 680 5296 citata:
742 5233 1076 5316 Scriptura:
1136 5237 1529 5309 testimoniis,
1585 5233 1812 5296 additis
1861 5236 2138 5312 ejusdem
2176 5235 2532 5316 versiculis,
2586 5235 2775 5294 variis
2822 5235 3130 5316 indicibus
3178 5235 3243 5295 in
3292 5235 3412 5295 fine
3460 5233 3585 5294 col-

217 5309 418 5396 locatis,
457 5323 520 5376 ut
552 5309 1037 5396 sileamusfipse
1068 5316 1265 5376 lector
1297 5337 1405 5375 usu
1439 5318 1722 5395 Proprie,
1759 5309 2063 5394 quantum
2099 5315 2384 5373 utilitatis
2415 5315 2710 5385 habeant,
2746 5315 2896 5374 satis
2927 5322 3240 5394 agnoscet.

275 5395 463 5474 Neque
513 5416 664 5456 vero
713 5416 785 5456 ea
829 5394 1126 5458 videntur
1179 5398 1299 5456 hoc
1359 5396 1497 5455 loco
1557 5394 2115 5474 praetermittenda,
2175 5413 2435 5472 quorum
2489 5414 2604 5471 ope
2665 5414 2734 5453 ac
2795 5396 3070 5456 subsidio
3121 5397 3213 5457 usi
3261 5414 3472 5456 sumus
3522 5394 3587 5474 in

219 5469 306 5531 hac
356 5469 767 5538 Ambrosiana
826 5479 1254 5557 castigatione.
1319 5478 1495 5536 Certe
1554 5469 1806 5556 quidem
1867 5469 2268 5536 manifestum
2329 5480 2417 5532 est
2469 5469 2549 5533 ad
2596 5494 2854 5554 operum
2911 5476 3260 5557 cujuspiam
3319 5473 3588 5536 auctoris

269 5641 323 5700 ta,
355 5643 454 5694 Nos
482 5659 546 5695 ex
574 5646 816 5710 utrisque
856 5661 1023 5697 unum
1054 5644 1462 5697 adnotationum
1495 5659 1688 5710 corpus
1739 5653 1777 5696 et

222 5709 312 5752 non
336 5707 494 5759 oculis
523 5708 815 5772 subjaceat.
844 5710 966 5763 Enn.

2064 5657 2130 5695 ne
2164 5643 2302 5693 inter
2355 5641 2641 5708 legendum
2687 5643 2890 5711 aliquid
2931 5645 3215 5698 desiderari
3246 5642 3412 5710 possit
3440 5639 3585 5704 quod
