3938 6214
308 89 386 158 23
1794 94 1886 156 PR
1897 94 2228 158 JEFATIO.
3635 95 3725 156 24

307 224 758 309 restitutionem
809 241 932 309 non
992 223 1296 309 sufﬁcere,
1357 231 1423 287 ut
1501 245 1658 285 unus
1717 232 1822 288 aut
1881 225 2038 292 alter
2111 227 2302 290 codex
2371 245 2560 289 manu
2620 229 2909 292 exaratus
2975 243 3117 289 eum
3165 224 3438 290 editione
3497 226 3720 309 aliqua

309 307 684 390 conferatur,
747 307 851 364 sed
930 307 1141 365 multis
1199 326 1354 390 opus
1410 313 1564 390 esset
1627 313 1690 366 ut
1751 311 1913 386 quod
1985 311 2044 368 in
2096 329 2220 369 uno
2275 310 2570 370 vitiosum
2629 316 2741 383 est,
2805 309 3170 388 adjumento
3228 309 3452 390 corrigi
3512 307 3721 389 possit

308 387 581 446 alterius.
646 387 778 446 Imo
834 406 982 445 vero
1039 407 1148 446 nec
1208 389 1391 446 ctiam
1453 389 1601 446 satis
1661 396 1747 447 est
1822 390 2052 448 multos
2111 397 2457 468 suppetere,
2520 391 2637 450 nisi
2694 387 2898 450 variis,
2942 392 3005 450 in
3064 387 3422 468 regionibus
3480 387 3720 452 fuerint

307 469 559 549 scripti;
635 487 776 526 cum
835 487 999 549 scepe
1064 469 1290 545 Stl"|iit15
1353 470 1694 545 continfjrs‘it,
1771 477 1835 528 ut
1898 471 1956 528 in
2020 472 2308 529 omnibus
2369 471 2550 529 unius
2614 472 2950 549 provinciae
3014 471 3456 549 manuscriptis
3519 471 3716 532 iidem

308 548 493 630 plane
538 566 775 630 errores
821 548 1238 630 otl'cndantur,
1291 551 1453 625 quod
1500 569 1722 626 nempe
1785 552 1862 608 ab
1926 570 2048 608 uno
2094 557 2152 608 et.
2214 553 2430 609 eodem
2477 548 2820 628 exemplari
2873 558 3174 630 tanquam
3222 553 3299 611 ab
3335 548 3493 611 iuno
3538 552 3721 611 fonte

307 628 423 710 illi
487 629 747 705 profecti
811 628 951 710 sint.
1030 633 1420 705 Quaprtnitcr
1483 635 1543 687 ut
1612 630 2018 708 undecunque
2101 630 2272 690 licuit
2353 633 2758 709 manuscripti
2823 628 3372 710 congregarentur,
3451 651 3717 710 operam

310 708 738 790 dedimusrlit
784 709 1052 790 primum
1099 727 1242 766 cura
1311 710 1422 768 fuit
1486 715 1549 768 ut
1596 710 1863 787 (qipcllu:
1910 711 2228 770 nonnullae
2277 731 2537 788 quarum
2587 708 2882 789 pauciora
2928 708 3342 790 suppetebant
3386 711 3448 770 in
3492 708 3722 772 Galliis

311 789 715 870 exemplaria,
808 789 882 870 ad
948 789 1184 870 aliquot
1267 791 1580 848 Vaticana;-
1662 791 2060 850 bibliothccze
2143 792 2384 850 codices
2466 793 2881 867 exigerentur,
2968 789 3343 870 inSuperque
3404 793 3722 852 describe-

313 875 526 927 rentur
568 869 691 927 illw
748 869 937 926 varia)
1002 869 1321 937 lectiones,
1391 871 1613 947 quibus
1677 891 1822 929 usus
1867 872 2062 932 fuerat
2129 871 2257 948 ipse
2321 872 2656 932 cardinalis
2717 873 2792 931 de
2856 869 3258 932 Monte-Alto.
3314 876 3503 932 Erant
3547 874 3720 932 inter

311 967 416 1008 eas
460 949 925 1030 observatit‘mes
988 950 1304 1009 mmnulla:
1371 971 1508 1027 qum
1573 951 1751 1010 nobis
1795 971 1917 1010 non
1973 951 2227 1010 omnino
2273 953 2517 1011 fuerunt
2562 952 2852 1023 inutiles;
2901 959 3072 1020 erant
3121 958 3424 1030 praeterea
3469 952 3720 1029 conjec-

309 1029 796 1111 turaiplurinne
854 1049 1007 1105 quas
1071 1049 1102 1087 a
1168 1031 1386 1088 Latino
1450 1031 1693 1088 Latinio
1758 1037 1967 1108 postea
2035 1032 2232 1090 editas
2296 1033 2732 1109 comperimus.
2804 1033 3033 1093 Deinde
3097 1029 3553 1111 manuscriptos
3616 1033 3718 1092 bi.-

309 1109 762 1169 bliothcearum
838 1111 1351 1184 (longrcgationis
1413 1117 1640 1169 nostrze
1704 1117 1805 1169 aut
1871 1111 1930 1170 in
1977 1112 2310 1189 provinciis
2359 1113 2458 1171 ubi
2523 1119 2918 1172 asservantur
2979 1109 3432 1183 conferendos,‘
3475 1119 3580 1172 aut
3645 1114 3718 1172 in

310 1190 755 1250 numastcrium
803 1191 921 1248 hoc
969 1191 1589 1262 Sanctigcrmanense
1632 1191 1981 1252 aﬂ'erendos
2045 1192 2418 1251 curavimus.
2487 1195 2615 1252 lloc
2679 1193 2878 1270 ipsum
2956 1194 3140 1252 etiam
3212 1195 3445 1252 factum
3508 1199 3599 1253 est
3645 1194 3720 1253 in

311 1271 628 1330 codicilms
686 1271 929 1351 aliquot
993 1271 1336 1328 lt‘lamlricis
1397 1271 1920 1331 bibliothecarum
1977 1272 2222 1330 Ordinis
2287 1272 2504 1341 nostri,
2581 1278 2634 1331 et
2701 1275 2761 1332 in
2806 1273 3089 1351 pluribus
3151 1273 3402 1332 Gallicis
3458 1274 3716 1333 Ordinis

310 1350 752 1418 Cislcrciensis,
802 1371 956 1426 quos
1000 1351 1178 1409 nobis
1244 1370 1483 1408 summa
1547 1370 1684 1409 cum
1754 1352 2190 1410 benevolentia
2245 1350 2816 1413 coinmtnlaverunt
2852 1354 3192 1414 multorum
3256 1353 3532 1430 ejusdem
3595 1355 3718 1413 Or-

309 1431 469 1489 dinis
516 1430 1032 1489 n‘ionasteriorum
1079 1430 1434 1506 praepositi:
1505 1432 1606 1490 ubi
1671 1433 2273 1508 praeterinittendum
2334 1451 2456 1491 non
2525 1433 2728 1503 fuerit,
2779 1439 3078 1511 quantum
3125 1434 3461 1492 debeamus
3503 1432 3716 1493 labori

312 1513 378 1570 lt.
427 1511 494 1569 Ρ.
542 1511 683 1570 Joh.
734 1510 1025 1586 llzqnistm
1058 1511 1133 1568 de
1196 1511 1502 1586 Ni1)_v'ville.
1551 1512 1781 1572 l’rioris
1841 1513 2110 1572 abbatize
2175 1511 2594 1572 Vallis—Clarae
2639 1510 2832 1591 prope
2887 1515 3275 1583 Laudunum,
3319 1513 3424 1591 qui
3470 1518 3527 1572 et
3570 1515 3715 1591 plu-

309 1609 404 1650 res
449 1596 746 1649 tractatus
789 1610 931 1648 cum
976 1591 1329 1649 nionastm'ii
1379 1591 1470 1648 sui
1535 1592 1850 1651 corlicilnis
1915 1593 2362 1652 ofﬁciosissime
2405 1593 2689 1663 contulit,
2739 1600 2795 1652 et
2843 1611 3156 1653 sermones
3203 1595 3507 1671 quosdam
3549 1613 3714 1653 non-

309 1673 454 1730 dum
501 1671 698 1730 editos
743 1690 929 1729 manu
974 1672 1223 1748 propria
1294 1672 1641 1730 describere
1704 1677 1996 1746 gravatus
2069 1679 2346 1734 nonest.
2413 1675 2733 1734 Postremo
2797 1673 3168 1734 celebriores
3230 1673 3489 1751 hujusce
3534 1674 3713 1734 urbis

311 1751 742 1832 bibliothecas,
795 1757 856 1808 ut
901 1755 1050 1826 puta
1098 1752 1370 1832 Regiam,
1423 1751 1847 1823 Sorlnmicam,
1913 1752 2314 1818 Victorinum,
2364 1753 2783 1813 Colbertinam
2851 1754 3128 1832 aliasque
3189 1753 3525 1831 diligenter
3566 1772 3714 1831 per-

309 1831 753 1900 tustravimus;
805 1832 965 1890 unde
1022 1832 1201 1890 nobis
1263 1831 1706 1890 humanissime
1768 1832 2144 1892 necessarios
2206 1833 2448 1893 codices
2510 1836 2909 1911 praebuerunt
2953 1831 3282 1911 ii’quibus
3345 1835 3713 1894 corumdem

310 1911 872 1992 manuscripttn‘um
943 1931 1113 1992 cura
1152 1912 1554 1988 custmliaque
1618 1912 1988 1971 demandata
2051 1919 2162 1971 est.
2227 1913 2596 1990 Comprimis
2639 1932 2786 1973 vero
2850 1914 3005 1974 illud
3067 1914 3476 1991 praedicemus
3519 1933 3712 1992 opor-

311 1991 613 2050 cditioncs
697 1991 1004 2049 Ambrosii
1063 1991 1171 2049 abs
1231 2010 1292 2049 se
1351 1992 1722 2050 destinatam
1781 1992 2072 2069 colligere
2143 2000 2437 2070 coeperat,
2485 1994 2917 2055 lubentissimo
2988 1995 3197 2054 animo
3276 1991 3568 2065 dedisse;
3630 2013 3708 2054 ac

313 2077 446 2152 tet,
487 2074 556 2130 D.
623 2071 1106 2130 'l‘onncllerium.
1175 2089 1310 2152 can.
1373 2073 1555 2142 Vict.,
1622 2072 1801 2132 nobis
1873 2073 2310 2150 quaterniones
2372 2073 2633 2151 aliquot,
2702 2073 2926 2152 quibus
2990 2074 3195 2133 varias
3256 2074 3552 2134 lectiones
3623 2075 3708 2134 ad

311 2151 599 2210 similiter
643 2152 1126 2209 eruditissimum
1170 2151 1488 2210 Baluzium
1557 2171 1678 2211 non
1744 2153 1943 2212 solum
2007 2154 2249 2212 codices
2294 2171 2326 2211 e
2368 2153 2672 2213 ditissima
2718 2151 2787 2214 Ῑ).
2855 2154 3128 2214 Colberti
3169 2154 3548 2214 bibliotheca
3591 2172 3712 2215 no-

309 2231 404 2290 bis
466 2231 705 2289 all'atim
767 2232 1214 2308 suq'ipeditasse.
1299 2250 1512 2290 verum
1591 2232 1773 2291 etiam
1849 2233 2050 2292 varias
2113 2234 2408 2293 lectiones
2472 2235 2838 2294 Sermonum
2903 2234 3454 2294 Ambrosianorum
3511 2239 3706 2311 atque

307 2311 724 2388 Epistolarum
781 2313 855 2369 ad
917 2330 1070 2388 opus
1129 2313 1291 2388 quod
1370 2313 1499 2389 ipse
1573 2313 1959 2386 designabat,
2037 2332 2107 2370 ex
2167 2314 2419 2391 optima:
2469 2321 2634 2374 nota:
2695 2315 3128 2392 manuscriptis
3184 2313 3498 2384 collectas,
3560 2333 3705 2392 quae

309 2410 420 2450 sua
477 2391 540 2449 in
597 2410 709 2451 nos
765 2391 1196 2450 lmievolentia
1258 2397 1368 2458 cst,
1433 2393 1595 2451 ultro
1653 2392 1963 2452 detulisse.
2020 2394 2193 2462 Quod
2270 2413 2455 2471 porro
2513 2394 2760 2454 eosdem
2805 2391 3047 2455 codices
3106 2394 3388 2464 subinde,
3443 2399 3509 2452 ut
3566 2391 3709 2453 ﬁeri

308 2471 487 2540 solet,
522 2473 843 2530 consulere
901 2490 1024 2530 non
1081 2473 1228 2530 satis
1269 2472 1688 2542 habuerimus,
1739 2474 1841 2531 sed
1892 2475 2165 2550 ipsorum
2220 2474 2652 2552 editorumquc
2707 2492 2923 2534 versus
2969 2493 3109 2535 cum
3155 2474 3458 2542 versibus,
3517 2492 3708 2534 voces

308 2553 778 2632 sumrvocibus,
841 2552 1110 2629 syllabas
1141 2571 1279 2610 cum
1312 2552 1568 2629 syllabis
1600 2553 1885 2630 religiose
1934 2554 2453 2625 contenderimus,
2517 2573 2590 2613 ex
2649 2554 3033 2615 variantibus
3078 2554 3449 2615 lectionibus
3499 2554 3708 2632 quivis

308 2631 635 2709 intelligat.
2588 2688 2592 2692 κ

389 2712 689 2794 Quocirca
747 2713 928 2794 nihil,
964 2713 1316 2771 addendum
1365 2713 1464 2794 hic
1514 2713 2020 2794 videretur.rnisi
2072 2719 2272 2773 essent
2347 2714 2655 2782 nonnulli,
2712 2715 2817 2792 qui
2880 2716 3093 2794 paucis
3139 2714 3447 2774 Ambrosii
3500 2714 3704 2794 nostri

310 2791 463 2873 locis
511 2811 666 2868 quos
716 2793 1173 2873 autobscuros
1233 2797 1344 2873 aut
1403 2793 1584 2852 nimis
1632 2793 1998 2870 allegoricos
2057 2800 2298 2870 putant,
2364 2801 2668 2873 tanquam
2708 2791 3073 2873 prmjudicio
3123 2794 3393 2873 quodam
3451 2793 3700 2864 offensi,

312 2872 786 2952 minusaequos
842 2872 1008 2931 illius
1075 2872 1364 2949 operibus
1421 2891 1551 2930 sese
1610 2875 1960 2933 ostendunt.
2025 2877 2256 2934 Horum
2315 2872 2512 2952 igitur,
2559 2882 2626 2935 ut
2681 2872 3044 2935 medeamur
3100 2872 3370 2944 fastidio,
3427 2892 3554 2938 non
3613 2874 3708 2952 pi-

312 2952 481 3029 gebit
538 2951 691 3010 illud
754 2971 876 3028 quo
935 2953 1273 3011 delectatus
1347 2953 1689 3030 reperimur
1745 2959 1993 3012 sanctus
2039 2951 2356 3025 Antistes,
2395 2955 2704 3016 scribendi
2759 2961 2946 3033 atque
3002 2954 3448 3032 interpretandi
3504 2951 3706 3031 genus

314 3033 502 3109 paulo
534 3033 902 3106 accuratiori
951 3033 1106 3092 libra
1156 3035 1521 3109 expendere.
1576 3034 1659 3092 Ac
1709 3034 1910 3111 primo
1958 3035 2434 3095 Ambrosianum
2468 3036 2696 3112 stylum
2747 3041 2990 3096 constat
3038 3035 3361 3110 grandem,
3396 3034 3700 3105 nobilem,

315 3119 375 3171 et
433 3114 750 3190 copiosum
811 3131 977 3183 esse;
1044 3114 1242 3191 qualis
1299 3113 1582 3172 videlicet
1639 3114 1882 3191 patricii
1939 3115 2171 3174 ordinis
2227 3116 2430 3173 virum
2489 3116 2766 3185 decebat,
2827 3134 2896 3173 ac
2955 3115 3286 3191 diligenter
3340 3113 3403 3172 in
3463 3115 3704 3178 urbana

312 3192 668 3272 forensique
718 3194 1068 3271 eloquentia
1121 3194 1544 3252 exercitatum.
1599 3195 1715 3252 Sed
1772 3193 1930 3252 nihil
1971 3195 2033 3252 in
2083 3194 2215 3272 ejus
2255 3195 2636 3254 sublimitate
2698 3194 3014 3271 turgidum
3067 3194 3246 3265 inest,
3299 3193 3456 3252 nihil
3503 3195 3704 3254 turbi-

309 3274 458 3332 dum
505 3274 568 3332 in
627 3276 950 3344 ubertate;
1002 3293 1141 3332 cum
1195 3279 1452 3351 utraque
1499 3293 1596 3332 res
1645 3274 1947 3333 suavitate
1998 3277 2264 3352 quadam
2317 3294 2386 3334 ac
2435 3275 2736 3336 modestia
2785 3280 3180 3352 temperetur.
3243 3274 3454 3352 Neque
3483 3277 3698 3334 tamen

309 3360 485 3430 putes
534 3373 672 3413 eum
720 3355 779 3413 vi
831 3374 940 3412 sua
989 3355 1503 3430 vel'ien'ientiaque
1551 3355 1822 3413 destitui.
1876 3356 2075 3413 Habet.
2126 3355 2430 3433 siquidem
2498 3355 2755 3414 affectus
2805 3374 2969 3425 suos,
3022 3361 3208 3432 atque
3255 3353 3524 3422 aculeos,
3587 3354 3693 3413 sed

307 3439 478 3492 tanta
528 3435 810 3494 crmditos
859 3434 1212 3498 festivitate,
1248 3440 1314 3492 ut
1358 3435 1594 3492 nullam
1643 3435 2000 3494 morosioris
2057 3437 2490 3512 agrestiorisve
2573 3435 2806 3512 ingenii
2854 3435 3120 3513 speciem
3175 3453 3303 3512 pra)
3353 3451 3417 3494 se
3465 3433 3690 3494 ferant.

307 3514 652 3573 Observant
701 3533 948 3592 quoque
997 3515 1058 3572 in
1105 3513 1381 3587 ejusdem
1434 3515 1778 3584 elocutione
1829 3516 1983 3573 adeo
2033 3517 2251 3574 miram
2311 3516 2757 3575 sententiarum
2812 3515 3206 3584 densitatem,
3261 3519 3479 3574 utnon
3510 3513 3695 3576 facile

304 3592 606 3669 majorem
641 3596 801 3672 apud
834 3593 1026 3652 alium
1076 3593 1270 3652 ullum
1320 3594 1585 3670 reperire
1636 3595 1732 3653 sit.
1786 3597 1962 3652 Hunc
2012 3596 2169 3653 adde
2199 3595 2565 3653 brevitatem
2615 3595 2852 3673 periodi
2895 3595 3270 3655 concinnam
3300 3613 3371 3653 ac
3411 3594 3699 3654 modula-

301 3679 455 3742 tam,
491 3675 595 3733 sed
644 3676 707 3733 in
755 3673 971 3751 primis
1027 3680 1154 3732 tam
1211 3673 1372 3732 felici
1430 3674 1724 3733 varietate
1781 3674 2161 3744 distinctam,
2225 3681 2289 3732 ut
2345 3675 2586 3734 nullum
2643 3675 2832 3735 taedio
2877 3675 3200 3752 .relinquat
3256 3674 3484 3734 locum.
3547 3674 3700 3734 Inde

303 3760 393 3812 est
445 3754 608 3831 quod
660 3774 923 3830 magnus
978 3753 1358 3830 Augustinus
1408 3755 1689 3812 Doctoris
1738 3755 1930 3814 nostri
1981 3755 2260 3813 oratione
2309 3761 2554 3832 captum
2607 3773 2670 3814 se
2727 3773 2858 3814 esse
2908 3774 3033 3816 non
3063 3774 3187 3815 uno
3235 3753 3374 3815 loco
3404 3752 3726 3814 testiﬁca-

298 3841 402 3893 tur
433 3835 514 3910 (\S.
552 3835 708 3912 Aug.
767 3833 944 3910 σοιτί.
991 3834 1097 3892 lib.
1153 3852 1211 3896 v.
1266 3853 1396 3911 cap.
1436 3836 1530 3902 1.2,
1585 3837 1678 3900 13,
1735 3837 1829 3903 Μ,
1882 3841 2068 3911 ειίψιο
2118 3834 2311 3913 alibi),
2366 3853 2476 3894 nec
2527 3853 2651 3894 non
2699 3835 3035 3913 specimina
3089 3834 3276 3893 trium
3325 3833 3694 3913 elocutionis

298 3908 596 3989 generum
657 3908 1086 3992 primositurus
1160 3908 1536 3990 Cyprianum
1601 3921 1788 3992 atque
1862 3908 2276 3974 Ambrosium
2315 3915 2478 3974 solos
2546 3908 2974 3991 eligit—(Idem
3035 3913 3121 3974 De
3192 3913 3398 3974 Doctr.
3467 3912 3686 3974 Clm'st.

297 3993 405 4053 lib.
459 4012 542 4064 1v,
597 4015 730 4072 cap.
793 3999 913 4072 2t),
977 4013 1240 4071 quorum
1291 4012 1323 4052 e
1378 3994 1913 4054 lucubrationibus
1960 3994 2130 4052 varia
2180 3995 2288 4053 illa
2337 3995 2710 4072 eloquentia:
2770 3994 3054 4072 exempla
3110 3994 3403 4070 decerpat
3459 4011 3529 4053 ac
3588 3995 3691 4054 de-

295 4082 559 4153 promat.
617 4076 734 4136 Sed
784 4094 895 4134 nec
943 4076 1148 4134 minus
1197 4081 1338 4150 apte
1371 4094 1555 4152 quam
1604 4075 1872 4133 breviter
1928 4075 2112 4133 etiam
2162 4094 2196 4133 a
2247 4075 2614 4134 Cassiodoro
2663 4075 3026 4152 designatur
3075 4093 3166 4144 ea,
3221 4092 3344 4151 qua
3400 4080 3685 4153 sanctum

313 4157 625 4216 mesulcm
694 4156 1009 4234 scripsisse
1069 4156 1490 4221 observamus,
1553 4155 1852 4213 orationis
1893 4156 2133 4226 forma;
2187 4155 2271 4213 sic
2327 4155 2489 4213 enim
2534 4154 2686 4213 ille:
2759 4155 3015 4215 Sanctus
3063 4173 3293 4233 quoque
3340 4152 3685 4214 Ambrosius

313 4175 625 4216 mesulem
694 4175 1009 4234 scripsisse
1069 4175 1490 4221 observamus,
1553 4175 1852 4213 Ot‘tlthDlS
1893 4175 2133 4226 iorma;
2187 4175 2271 4213 sic
2327 4175 2489 4213 Clllln
2534 4175 2686 4213 me:
2759 4175 3015 4215 nanctus
3063 4175 3293 4233 quoque
3340 4175 3677 4214 amorouus

294 4175 472 4296 lactei
532 4237 810 4297 sermonis
865 4245 1184 4300 emanalor,
1248 4255 1375 4293 cum
1455 4235 1752 4313 grauitate
1824 4245 2046 4305 oculus,
2092 4234 2455 4313 poi-violenta
2510 4236 2894 4314 persuasione
2959 4234 3325 4314 dulcissimus
3381 4234 3677 4314 (Cassiod.

289 4315 493 4392 Dicin.
552 4317 808 4376 Lcctc'on.
870 4337 1002 4394 cap.
1057 4317 1179 4392 20.)
1224 4319 1290 4374 Et
1325 4316 1469 4374 hinc
1527 4316 1773 4374 abunde
1805 4315 2116 4392 intelligas
2146 4316 2224 4373 ab
2256 4316 2424 4374 omni
2481 4313 2856 4374 obscuritate
2913 4313 3682 4394 Ambrosianumrstylum

290 4415 401 4473 per
431 4389 493 4455 se
537 4397 871 4454 abhorrere
908 4389 1178 4454 {utrum
1234 4414 1380 4454 vero
1430 4415 1614 4472 quam
1667 4401 1911 4455 secutus
1959 4389 2070 4462 est,
2126 4395 2572 4473 interpretandi
2622 4396 2780 4455 ratio
2821 4394 2962 4471 jure
3010 4393 3271 4471 hujusce
3316 4393 3452 4453 vitii
3501 4389 3680 4472 argui

288 4475 505 4554 possit,
542 4476 1016 4552 inspiciendum.

367 4555 698 4632 'l‘ripliccm
750 4556 813 4613 in
871 4555 1059 4613 sacris
1118 4554 1362 4630 paginis
1410 4553 1793 4612 intellectum
1852 4573 1982 4613 esse
2031 4555 2260 4632 passim
2328 4554 2631 4631 agnoscit,
2685 4555 3061 4624 naturalem,
3113 4552 3439 4623 moralem,
3501 4553 3680 4630 spiri-

282 4635 568 4705 tualem;
620 4636 769 4706 sive,
831 4636 997 4711 quod
1048 4635 1211 4692 idem
1261 4639 1372 4699 est,
1428 4633 1812 4703 historicum,
1867 4635 2162 4707 ethieum,
2216 4635 2585 4712 mysticum:
2621 4635 2726 4693 sed
2777 4635 2839 4693 in
2872 4634 2990 4694 hoc
3041 4633 3259 4693 ultimo
3292 4633 3678 4695 enucleando

282 4722 411 4774 tam
447 4715 734 4786 multum,
772 4734 956 4792 quam
986 4716 1236 4772 brevem
1287 4713 1346 4770 in
1395 4713 1596 4789 primo
1645 4731 1775 4772 sese
1825 4714 2094 4774 exhibet.
2150 4715 2308 4785 Quin
2339 4715 2524 4774 etiam
2573 4719 2777 4792 ipsum
2825 4714 3134 4773 interdum
3180 4718 3382 4791 putes,
3436 4718 3504 4772 ut
3551 4713 3678 4791 spi—

281 4795 570 4854 ritualem
628 4814 873 4855 sensum
935 4794 1292 4863 constituat,
1356 4793 1630 4852 historia)
1689 4794 2013 4852 veritatem
2073 4814 2324 4872 prorsus
2394 4812 2662 4871 negare:
2727 4795 2892 4873 quod
2944 4799 3153 4852 tamen
3210 4811 3384 4866 secus
3424 4792 3676 4873 habere

279 4877 642 4954 comperies,
705 4877 890 4936 modo
949 4874 1193 4950 singula
1252 4874 1597 4954 perpenrlas
1657 4874 1716 4931 in
1767 4874 1920 4933 serie
1953 4876 2250 4933 orationis
2311 4881 2496 4952 atque
2556 4881 2872 4942 contextu,
2935 4873 3116 4934 sicuti
3156 4892 3286 4954 nos
3341 4872 3468 4932 suis
3516 4872 3674 4933 locis

279 4953 765 5016 observabimus.
804 4958 1107 5016 Caeterum
1168 4972 1290 5011 non
1343 4953 1490 5010 alibi
1541 4954 1741 5029 magis
1792 4972 2008 5030 urgere
2059 4954 2214 5012 solet
2263 4954 2589 5032 mysticum
2625 4973 2896 5026 sensum,
2952 4972 3140 5032 quam
3187 4953 3252 5012 in
3300 4954 3672 5030 exponendo

275 5037 476 5095 Veteri
523 5039 944 5102 ’l‘estan’iento,
992 5036 1180 5112 idque
1227 5033 1494 5091 maxime
1543 5033 1643 5091 ubi
1689 5034 1991 5092 l'actm'um
2057 5035 2318 5092 historia
2379 5034 2700 5111 quidpiam
2766 5035 2930 5112 quod
2977 5040 3192 5093 contra
3235 5051 3481 5112 morum
3526 5053 3673 5111 pro-

272 5116 531 5175 bitatem
579 5111 1094 5192 l‘umestateimpie
1159 5119 1412 5192 pugnet,
1483 5132 1606 5188 ltl'tc
1672 5132 1733 5171 se
1797 5116 1973 5172 ferat.
2040 5115 2211 5173 Tunc
2276 5115 2440 5172 enim
2503 5115 2735 5173 veritus
2789 5111 2872 5174 ine
2933 5114 3115 5174 istinc
3166 5111 3263 5172 vel
3309 5112 3524 5173 ﬁdeles
3568 5115 3672 5174 de-

272 5195 616 5274 linquendi,
668 5199 758 5255 vcl
808 5197 1034 5274 pagani
1083 5215 1153 5253 ac
1219 5193 1548 5252 it'lanichtei
1615 5192 1902 5274 Ecclesia:
1967 5193 2308 5252 insultandi
2373 5194 2763 5254 occasionem
2828 5195 3152 5272 arripiant,
3201 5194 3670 5274 apteﬁconfugit

272 5276 347 5334 ad
391 5271 760 5352 allegoriam
791 5271 826 5335 ε’
853 5271 1383 5354 qucmadmodum
1433 5292 1584 5354 qum
1616 5273 1709 5354 de
1771 5273 2070 5354 ebrietate
2107 5275 2279 5354 iNoe,
2329 5275 2660 5333 concubitu
2706 5275 2976 5334 Abraha:
3023 5292 3180 5354 cum?
3209 5273 3459 5354 ancilla,
3508 5275 3672 5354 Loth

269 5349 567 5415 ebrietate
611 5363 796 5432 atque
841 5349 1100 5418 inccstu.
1150 5374 1388 5413 necnon
1438 5349 1690 5413 Davidis
1735 5352 2041 5432 adulterio
2087 5353 2386 5428 disputat,
2438 5353 2700 5430 planum
2741 5354 2998 5413 faciunt.
3046 5355 3119 5413 Et
3172 5352 3361 5430 hujus
3416 5353 3670 5431 quidem

269 5435 546 5494 methodi
593 5431 926 5494 utilitatem
972 5455 1153 5494 nemo
1200 5435 1419 5492 melius
1463 5451 1774 5510 exponere
1817 5431 2047 5511 valeat,
2098 5452 2285 5508 quam
2333 5433 2438 5510 qui
2485 5453 2621 5492 eam
2667 5439 2844 5493 tanto
2890 5432 3180 5493 Ecclesiae
3245 5433 3410 5494 bono
3456 5452 3673 5511 exper-

263 5521 362 5573 tus
407 5515 519 5574 l'uit
565 5523 846 5594 Zmagnus
907 5515 1306 5590 Augustinus.
1359 5514 1446 5571 Ita
1496 5509 1707 5594 igitur
1763 5512 1921 5594 _ille_:
1975 5509 2313 5594 Ga_udcbam
2357 5509 2581 5584 etiam,
2656 5512 2882 5591 inquit,
2947 5511 3108 5594 quod
3179 5521 3370 5594 cetera
3439 5509 3664 5593 scripto

261 5594 437 5674 chz‘s
479 5604 532 5656 et
599 5589 1027 5674 prop/celarunt
1086 5594 1221 5674 jam
1293 5613 1407 5674 non
1480 5592 1584 5650 illo
1642 5590 1805 5674 oculo
1865 5589 2108 5674 legenda
2166 5601 2668 5674 proponerentur,
2735 5589 2849 5673 ouo
2903 5589 3502 5674 antca_p_z‘debantu2'
3558 5589 3665 5656 ob-

258 5669 569 5738 surda...”
599 5669 610 5674 ’
643 5669 791 5755 saepe
859 5674 918 5732 in
998 5669 1390 5753 popularibus
1475 5669 1831 5731 sermonibus
1920 5669 2201 5732 dicentem
2283 5669 2668 5734 Ambrosium
2739 5669 2914 5735 ‘laetus
2991 5670 3298 5736 audiebam
3342 5674 3657 5738 :‘Littera
