3938 6214
443 396 518 455 15
1930 393 1998 454 ΡΙ

2304 397 2368 456 Ο.
3781 401 3859 460 16

441 539 554 596 rat
583 526 746 596 istas
777 525 872 594 ad
893 525 1308 595 Ludovicum
1340 529 1677 616 Magnum
1703 547 1910 606 voces,
1943 527 2240 618 antiqua
2269 527 2583 598 adversus
2621 529 2923 601 baresim
2963 531 3327 625 disciplina
3365 545 3551 602 testes
3599 547 3661 602 et
3697 534 3866 602 novi

441 626 832 716 intemretes
857 624 1136 715 gaudii:
1178 628 1538 693 Reddidisti
1577 627 1749 693 mihi
1791 628 2095 712 quietem
2128 629 2482 706 Ecclesia;
2527 633 2944 714 perﬁdorum
2991 624 3134 712 ora,
3167 641 3366 720 atque
3401 636 3661 702 utinam
3709 655 3859 701 cor-

443 727 550 804 da,
596 727 942 792 clausisti:
973 732 1039 792 et
1070 727 1196 790 hoc
1233 745 1369 791 non
1398 726 1662 790 minore
1694 727 1852 791 fidei
1887 746 2090 809 quam
2121 731 2466 808 potestatis
2497 732 2929 798 auctoritate.

530 821 772 891 Felices
799 845 919 890 nos
941 823 1478 916 fortunatosque,
1521 821 1973 889 illustrissime
2027 822 2336 889 Ecclesia
2389 823 2732 915 Princeps,
2791 827 2852 894 si
2898 851 3033 895 non
3068 852 3252 898 secus
3292 841 3492 918 atque
3550 829 3862 920 operibus

443 920 578 990 suis
615 920 1004 989 Ambrosius
1031 921 1102 988 in
1131 943 1376 989 musao
1407 932 1518 988 tuo
1582 920 1798 987 locum
1841 919 2147 997 obtinuit,
2212 920 2306 986 ita
2363 945 2558 1010 quem
2599 923 2786 991 nobis
2848 926 3148 1016 ipsorum
3189 919 3721 995 emendatoribus
3789 925 3862 994 in

443 1019 670 1087 animo
705 1032 820 1088 tuo
859 1018 1245 1098 concessisti,
1289 1017 1656 1086 diutissime
1693 1029 2028 1116 conservet
2063 1017 2132 1084 in
2171 1017 2310 1085 dies
2338 1021 2554 1109 magis
2585 1021 2902 1091 intimum
2959 1038 3022 1091 et
3055 1027 3418 1094 auctiorem
3442 1048 3464 1094 :
3508 1026 3757 1116 felices,
3802 1025 3864 1091 si

445 1117 683 1186 nostris
719 1118 885 1186 votis
915 1129 978 1186 et
997 1115 1301 1202 precibus
1334 1138 1633 1183 annuens
1649 1115 1909 1206 praesul
1939 1117 2388 1183 sanctissimus
2437 1119 2788 1208 Religioni,
2854 1124 3190 1205 Ecclesia,
3259 1124 3520 1201 Gallia,
3565 1122 3756 1191 nobis
3797 1134 3863 1190 et

447 1214 760 1314 omnibus
788 1227 848 1282 te
887 1213 1252 1282 diutissime
1288 1214 1550 1314 salvum
1589 1226 1650 1280 et
1679 1213 2148 1314 incolumema
2177 1217 2312 1281 Deo
2343 1231 2794 1307 comprecetur
2831 1234 3030 1310 atque
3068 1223 3422 1312 impetret!
3467 1222 3692 1310 felices
3746 1219 3863 1288 de-

443 1311 670 1405 nique,
702 1312 764 1381 si
788 1313 908 1404 qui
932 1324 1170 1380 nostra
1204 1335 1362 1402 erga
1392 1324 1453 1379 te
1482 1311 1911 1379 observantia
1942 1312 2119 1379 testis
2149 1313 2604 1382 veracissimus
2631 1317 2938 1387 Ecclesia
2977 1311 3229 1404 doctor,
3259 1343 3303 1388 a
3343 1332 3404 1388 te
3441 1320 3642 1388 etiam
3672 1318 3860 1388 obses

444 1411 845 1504 suscipiatur
881 1423 946 1478 et
961 1409 1316 1500 ﬁdejussor
1343 1409 1846 1478 devinctissima
1877 1409 2234 1478 voluntatis
2275 1434 2412 1501 qua
2449 1435 2682 1481 sumus

805 1536 1202 1606 Celsitudini
1228 1549 1357 1606 tua
1394 1534 1838 1604 addictissimi
1863 1547 1929 1603 et
1963 1535 2540 1624 obsequentissimi

1377 1661 1698 1732 Monac/ti
1730 1659 2145 1728 Benedictini
2177 1663 2730 1750 Conqreqationis
2757 1667 2828 1732 S.
2874 1665 3123 1735 Mauri.

1573 1995 2694 2164 PR/EFATIO.

527 2395 682 2456 Cum
724 2413 888 2481 nova
931 2415 1079 2481 cura
1103 2414 1235 2481 nec
1291 2397 1562 2481 minimo
1625 2399 1838 2462 labore
1879 2407 2182 2481 purgatas
2237 2398 2551 2460 Ambrosii
2613 2395 3174 2481 commentationes
3235 2395 3636 2481 exhibemus,_
3689 2399 3858 2460 nihil

445 2493 698 2535 necesse
739 2476 919 2536 nobis
962 2476 1145 2536 fuerit
1188 2478 1482 2538 catholici
1525 2478 1772 2540 lectoris
1817 2476 2118 2554 ariimdm,
2170 2487 2235 2540 ut
2278 2481 2334 2539 ei
2378 2485 2660 2538 nostram
2703 2477 2868 2536 hanc
2911 2476 3250 2536 editionem
3313 2479 3854 2552 commendemus,

449 2555 758 2640 affectatis
815 2557 1129 2640 Auctoris
1164 2561 1751 2640 operumveripsius
1811 2561 2102 2622 laudibus
2163 2561 2493 2640 pellicere.
2540 2558 2688 2628 Quis
2751 2557 2916 2616 enim
2987 2574 3226 2640 eorum,
3290 2557 3396 2634 qui
3450 2558 3556 2640 vel
3621 2561 3860 2639 primo-

447 2636 618 2696 ribus
677 2635 872 2697 labris
915 2635 1400 2699 ecclesiasticam
1442 2635 1854 2701 delibaverint
1916 2635 2268 2711 historiam,
2335 2639 2722 2699 inliciaturus
2783 2643 2874 2696 est
2936 2637 3150 2696 omnia
3211 2637 3276 2696 in
3327 2635 3658 2699 Ambrosio
3721 2660 3860 2701 ma-

445 2716 619 2800 xima
660 2717 967 2800 exstitisse
1010 2737 1082 2778 ac
1127 2719 1313 2796 plane
1342 2720 1749 2800 singularia?
1793 2724 1955 2782 Sane
1999 2723 2252 2800 quidem
2295 2721 2360 2780 in
2403 2719 2686 2800 confesso
2731 2723 2823 2800 est
2865 2715 3032 2800 illius
3077 2717 3154 2776 ad
3187 2716 3622 2800 episcopatum
3663 2738 3858 2782 voca-

445 2796 819 2880 tionem,__in_
859 2797 1222 2880 episcopatu
1265 2796 1748 2880 sollicitudinem
1792 2808 1978 2880 atque
2019 2796 2460 2870 constantiam,
2509 2799 2574 2858 in
2617 2797 2788 2880 omni
2829 2797 2967 2880 vita
3002 2796 3447 2880 integritatem,
3494 2799 3858 2861 humanita-

445 2883 597 2948 tem,
644 2875 1035 2960 religionem,
1076 2875 1364 2960 aliasque
1407 2879 1666 2940 virtutes
1711 2875 2042 2960 splen—dore
2085 2882 2327 2941 fulsisse
2371 2899 2497 2940 non
2543 2878 2770 2960 usitato
2798 2893 2819 2960 ;A
2880 2875 3139 2960 solaque
3199 2877 3368 2960 illiu_s
3423 2880 3857 2960 magnanimi-

445 2957 774 3041 tate_adeo
819 2958 1172 3041 perculsum
1216 2959 1402 3020 fuisse
1445 2957 1867 3041 Theodosium
1912 2965 2226 3041 Magnum,
2279 2967 2341 3020 ut
2385 2959 2656 3041 eruperit
2698 2958 2762 3016 in
2805 2957 2942 3016 haec
2971 2958 3248 3041 _ve‘rba:A
3298 2957 3856 3041 Episcopumlvidi

445 3039 734 3099 neminem
759 3047 980 3118 prater
1006 3039 1382 3100 Ambrosium
1415 3040 1674 3120 (Theod.
1723 3041 1879 3102 Hist.
1929 3037 2039 3104 lib:
2083 3062 2145 3114 v,
2194 3062 2244 3102 c.
2297 3042 2412 3120 l7).
2481 3037 2657 3110 Quod
2720 3055 2868 3097 vero
2913 3039 2990 3098 ad
3051 3037 3402 3097 doctrinam
3447 3037 3601 3178 ejus,
3667 3039 3852 3102 illam

447 3137 575 3178 non
617 3119 806 3178 modo
850 3119 1047 3178 sancti
1088 3121 1324 3178 Patres.
1352 3121 1598 3178 ‘summi
1642 3123 1992 3178 Pontifices.
2039 3121 2423 3178 meumenica
2467 3117 2730 3178 concilia
2773 3118 3058 3178 certatim
3088 3117 3409 3178 exquisitis
3437 3119 3658 3178 e’ogiis
3689 3140 3852 3178 orae-

447 3137 575 3178 non
617 3117 806 3178 modo
850 3119 1047 3179 sancti
1088 3121 1324 3190 Patres,
1352 3117 1598 3180 'summi
1641 3123 1992 3195 Pontifices,
2039 3117 2423 3183 (ecumenica
2467 3117 2730 3179 concilia
2773 3118 3058 3178 certatim
3088 3117 3409 3196 exquisitis
3437 3117 3658 3197 elogiis
3689 3140 3854 3198 prae-

445 3200 754 3271 dicarunt,
801 3218 1019 3260 verum
1063 3200 1250 3260 etiam
1292 3201 1541 3278 ipsimet
1585 3202 1882 3262 haeretici.
1932 3205 2050 3265 Sed
2093 3222 2206 3263 nec
2251 3202 2420 3262 aliud
2465 3199 2808 3278 quidquam
2853 3199 3054 3277 magis
3097 3198 3373 3258 declarat
3418 3205 3653 3277 quanta
3695 3201 3853 3262 doc-

444 3281 627 3340 trinae
673 3299 744 3362 ac
787 3279 1160 3362 eloquentia
1205 3281 1296 3340 vis
1339 3282 1523 3341 fuerit
1563 3282 1629 3340 in
1679 3284 2033 3356 Ambrosio,
2121 3302 2309 3362 quam
2371 3280 2750 3359 Augustinus
2823 3279 2908 3362 ab
2970 3297 3193 3362 errore
3237 3278 3316 3338 ad
3377 3298 3590 3340 veram
3651 3280 3847 3342 fidem

440 3360 726 3424 Doctoris
767 3360 964 3419 nostri
1006 3380 1196 3438 opera
1239 3367 1297 3442 et
1341 3363 1742 3422 concionibus
1784 3358 2305 3424 revocatus—Hac
2337 3358 2568 3442 quippe
2613 3378 2735 3419 una
2775 3358 3198 3442 victoriasibi
3228 3364 3534 3442 tropaeum
3579 3379 3651 3420 ac
3709 3381 3851 3422 mo-

440 3446 810 3501 numentum
855 3458 976 3500 tere
1020 3441 1351 3519 perennius
1393 3443 1587 3502 erexit
1631 3450 1880 3503 sanctus
1927 3445 2024 3504 hic
2070 3443 2324 3503 Praesul.
2359 3439 2612 3502 Utinam
2643 3459 2790 3500 vero
2835 3439 3162 3499 neotericis
3207 3439 3394 3499 etiam
3439 3441 3853 3502 heterodoxis

441 3521 656 3600 magni
697 3521 1028 3602 Augustini
1069 3521 1425 3599 exemplum
1469 3523 1702 3582 imitari
1743 3523 1974 3584 libeat!
2024 3525 2182 3584 Illud
2229 3525 2506 3602 profecto
2543 3521 2684 3598 jure
2729 3521 3043 3602 afﬁrmare
3087 3538 3444 3602 possumus,
3493 3520 3568 3579 de
3611 3522 3849 3583 Christi

440 3601 776 3680 praesentia
819 3601 923 3684 in_
966 3607 1379 3684 sacramento,
1427 3603 1812 3680 depotestate
1858 3611 2044 3684 atque
2089 3600 2367 3665 clavibus
2412 3601 2724 3684 Ecclesiae,
2773 3600 2848 3660 de
2910 3600 3276 3684 necessitate
3319 3601 3628 3684 bonorum
3697 3621 3851 3680 ope-

437 3699 602 3754 rum,
649 3681 1050 3741 veneratione
1096 3681 1524 3759 reliquiarum,
1589 3680 2256 3745 beatorum-caelitum
2317 3682 2733 3752 invocatione,
2800 3686 2930 3739 tam
2991 3681 3236 3740 disertis
3295 3681 3500 3740 verbis
3563 3680 3846 3742 locutum

435 3779 568 3844 esse
609 3761 1040 3844 Anibrosium,
1082 3767 1145 3820 ut
1189 3761 1348 3844 nihil
1393 3764 1665 3844 apertius
1710 3783 1892 3844 aquo
1935 3765 2349 3844 prudentique
2393 3762 2612 3822 lectori
2673 3761 3094 3844 expetendum
3154 3760 3252 3818 sit.
3319 3762 3629 3844 (laterum
3692 3781 3842 3844 cum

431 3841 596 3923 inter
637 3840 762 3901 alia
802 3841 906 3901 isti
949 3841 1294 3901 refractarii
1338 3843 1622 3903 codicum
1667 3840 1976 3906 editorum
2019 3847 2094 3905 de
2142 3840 2575 3923 pravationem
2619 3841 3028 3923 criminentur
3070 3858 3261 3918 quam
3301 3840 3842 3923 invidiosissime,

431 3921 770 4004 editionem
813 3927 1092 4004 nostram
1138 3923 1258 3983 hoc
1300 3929 1581 4002 tempore
1626 3944 1750 4002 quo
1795 3926 1956 4004 regis
1998 3919 2197 4004 pietas
2241 3942 2494 3984 omnem
2539 3941 2715 4004 suam
2759 3919 3196 3980 auctoritatem
3240 3920 3322 4004 _ad
3367 3921 3846 4004 haereticorum-

431 4003 903 4064 conversionem
947 4003 1207 4072 confert,
1255 3999 1579 4081 speramus
1621 3999 1747 4064 non
1791 3999 1922 4065 sine
1983 3999 2186 4065 fructu
2250 4005 2580 4065 exiturum.
2629 4001 2694 4060 lu
2755 3999 3301 4081 quaexornanda
3364 4001 3514 4079 quid
3558 4021 3595 4060 a
3631 4003 3844 4081 nobis

429 4083 781 4164 praestitum
823 4083 1032 4154 fuerit,
1079 4079 1514 4162 explicabitur,
1562 4091 1897 4164 postquam
1940 4085 2244 4146 nonnulla
2285 4087 2362 4144 de
2405 4081 2726 4143 veteribus
2769 4079 3144 4141 editionibus
3175 4098 3315 4158 quae
3360 4081 3423 4140 in
3485 4080 3674 4146 variis
3720 4086 3844 4145 Eu-

428 4182 602 4242 ropae
646 4163 802 4225 locis
845 4165 1086 4224 emissa:
1131 4170 1296 4236 sunt,
1344 4163 1852 4243 praemiserimus.

507 4239 759 4305 Nullam
803 4263 991 4324 porro
1022 4244 1231 4304 videre
1274 4239 1454 4304 nobis
1497 4246 1759 4323 conligit
1803 4245 2220 4324 antiquiorem
2265 4263 2338 4304 ea
2400 4260 2590 4324 quam
2618 4239 2958 4324 __Maif_cllr_13
3015 4239 3264 4324 Xenia,_
3295 4241 3646 4324 monachus
3683 4244 3836 4324 _Au-

425 4319 840 4401 gustinianus,
886 4324 1216 4384 Ambrosio
1261 4325 1527 4395 Corano,
1575 4319 1853 4403 ejusdem
1897 4319 2132 4386 ordinis
2174 4319 2472 4404 generali,
2520 4320 2848 4404 dedicavit.
2899 4319 2968 4380 In
3010 4320 3127 4404 illa
3141 4321 3415 4404 quidem
3460 4339 3658 4399 neque
3683 4319 3832 4404 loci,

425 4399 971 4484 nequetemporis
1015 4411 1248 4464 certam
1295 4404 1570 4482 aliquam
1606 4399 1829 4464 'notam
1873 4399 2344 4484 deprehendas:
2394 4404 2500 4463 sed
2545 4401 2687 4484 inde
2733 4403 2944 4484 forsan
2989 4399 3298 4484 conjicere
3328 4401 3512 4484 liceat
3542 4403 3834 4463 eamdem

425 4488 487 4542 et
528 4480 593 4543 in
638 4480 842 4555 Italia,
891 4490 951 4543 et
995 4491 1140 4543 ante
1183 4480 1421 4543 annum
1481 4487 1634 4545 1485
1697 4480 2020 4562 vulgatam
2065 4503 2238 4557 esse;
2305 4491 2436 4544 tum
2502 4483 2669 4560 quod
2733 4480 3211 4562 formaicodicis
3273 4489 3333 4541 et
3392 4483 3832 4544 characterum

424 4581 567 4622 cum
612 4562 760 4635 alia,
807 4565 884 4622 de
928 4582 1051 4641 qua
1086 4562 1224 4640 jam
1268 4565 1564 4636 dicemus,
1613 4560 2154 4642 plane—convenit,
2201 4571 2334 4624 tum
2381 4563 2548 4642 quod
2593 4563 2898 4642 Coranus,
2931 4560 3036 4622 ille
3098 4580 3204 4622 seu
3265 4561 3636 4622 Coriolanus
3698 4581 3834 4624 me-

419 4649 670 4722 morato
713 4662 880 4702 anno
923 4644 1088 4702 diem
1133 4663 1315 4702 suum
1361 4647 1572 4704 Romae
1616 4641 1795 4704 obiit.
1842 4646 2050 4706 Altera
2093 4645 2203 4704 illa
2248 4641 2459 4716 editio,
2508 4648 2762 4703 curante
2806 4641 3100 4702 Cribellio
3143 4644 3532 4722 presbytero,
3586 4642 3826 4704 Medio-

419 4720 551 4782 lani
594 4741 759 4782 anno
806 4724 962 4782 1490
1003 4723 1234 4801 prodiit
1278 4725 1444 4802 apud
1488 4724 1860 4802 magistrum
1905 4727 2298 4786 Leonardum
2341 4723 2612 4786 Pachel:
2677 4741 2816 4800 qua:
2881 4722 3067 4782 simul
3111 4720 3253 4782 cum
3314 4720 3634 4802 superiore
3699 4741 3832 4783 ser-

416 4807 603 4882 vatur
644 4804 810 4881 apud
859 4804 981 4862 RR.
1028 4803 1145 4863 PP.
1194 4801 1527 4862 canonicos
1571 4801 1887 4882 regulares
1932 4809 2176 4868 Sancta:
2221 4805 2548 4866 Genovefae
2591 4803 2974 4863 Parisiensis.
3025 4804 3299 4882 Utraque
3361 4801 3568 4863 autem
3632 4801 3824 4865 valde

417 4881 786 4964 imperfecta
828 4890 942 4955 est,
991 4901 1062 4942 ac
1109 4902 1340 4961 paucos
1383 4885 1723 4944 admodum
1767 4891 2069 4946 tractatus
2113 4885 2608 4964 comprehendit.

545 4968 642 5024 ost
685 4964 844 5024 duos
888 4983 1087 5024 annos
1129 4982 1255 5024 non
1299 4964 1678 5024 mediocrem
1739 4963 1989 5027 laudem
2051 4961 2276 5026 retulit
2329 4967 2603 5026 Joannes
2664 4963 3138 5036 Amerbachius,
3202 4962 3355 5022 civis
3417 4961 3817 5036 Basileensis,

415 5043 583 5121 quod
628 5045 995 5126 conquisitis
1039 5045 1558 5123 congregatisque
1604 5046 2013 5126 undecunque
2056 5046 2472 5125 plurimorum
2515 5065 2586 5104 ae
2649 5045 3113 5126 praecipuorum
3173 5043 3488 5126 Ambrosii
3551 5060 3817 5120 operum

415 5121 898 5206 exemplaribus,
969 5121 1186 5187 eadem
1249 5121 1438 5203 opera
1498 5126 1562 5184 in
1607 5132 1729 5185 tres
1791 5121 1998 5206 paries
2055 5121 2390 5187 distributa
2454 5121 2712 5186 totidem
2775 5121 3198 5206 voluminibus
3268 5121 3634 5206 complexus
3697 5129 3816 5206 est.

412 5204 616 5281 Atque
660 5205 847 5264 etiam
893 5225 1016 5284 quo
1063 5207 1399 5266 editionem
1445 5224 1619 5264 suam
1665 5203 1978 5269 utiliorem
2022 5208 2314 5278 efﬁceret,
2364 5207 2609 5283 rogavit
2652 5207 2959 5266 Joannem
3003 5204 3078 5264 de
3137 5203 3392 5282 Lepide,
3430 5203 3821 5284 iCarthusiﬁa—

412 5300 564 5341 num
609 5283 1040 5356 Parisiensem,
1089 5293 1178 5358 ut,
1227 5285 1488 5364 singulis
1532 5285 1706 5346 libris
1750 5288 1812 5347 in
1857 5294 2093 5348 certum
2139 5288 2414 5366 capitum
2458 5303 2793 5366 numerum!
2831 5285 3068 5366 divisis,
3117 5302 3300 5344 suum
3345 5283 3567 5366 cuique
3623 5283 3819 5366 capiti

411 5367 655 5500 aptaret
699 5373 1177 5442 argumentum:
1227 5359 1393 5458 quod
1438 5373 1509 5459 et.
1540 5367 1774 5426 factum
1836 5375 1948 5428 est.
2015 5359 2374 5459 Optandum
2435 5385 2584 5426 vero
2646 5363 2800 5456 illud
2861 5365 3085 5431 fuerat,
3140 5369 3218 5456 .ut
3279 5359 3813 5456 quemadmodum

411 5461 452 5500 D
485 5459 623 5500 ures
667 5447 966 5500 tractatus
1008 5448 1188 5500 nobis
1231 5448 1446 5500 edidit.
1494 5452 1582 5500 ita
1625 5448 1808 5500 etiam
1857 5447 1999 5500 illns
2061 5447 2352 5500 edidisset
2413 5446 2888 5500 emendatiores.
2957 5443 3076 5500 Sed
3135 5463 3200 5500 1n
3260 5444 3383 5500 hoc
3444 5443 3813 5500 industriam

411 5443 623 5520 plures
667 5447 966 5505 tractatus
1008 5448 1188 5506 nobis
1231 5443 1446 5517 edidit,
1493 5447 1582 5507 ita
1625 5448 1810 5507 etiam
1855 5447 1999 5507 illos
2061 5443 2352 5507 edidisset
2413 5445 2888 5506 emendatiores.
2957 5443 3076 5503 Sed
3135 5445 3200 5502 in
3260 5444 3383 5506 hoc
3444 5443 3815 5504 industriam

410 5520 872 5606 diligentissimi
915 5527 1276 5606 bibliopolae
1321 5527 1740 5604 agnoscimus,
1790 5528 1957 5604 quod
1999 5532 2126 5585 tam
2175 5526 2406 5585 multos
2448 5526 2716 5606 reperit:
2784 5523 2951 5600 quod
2994 5528 3124 5606 tam
3185 5524 3584 5606 depravatos,
3648 5521 3816 5601 inju-

406 5601 518 5661 riae
563 5606 916 5682 temporum
960 5601 1312 5666 tribuimus.
1361 5601 1534 5666 Hanc
1579 5612 1786 5664 autem
1809 5601 2169 5665 'editionem
2228 5624 2392 5665 anno
2456 5601 2609 5666 1506
2669 5605 2893 5662 iterum
2928 5603 3151 5682 praelo
3218 5602 3481 5681 subjecit
3537 5603 3812 5682 Joannes

405 5681 575 5764 Petri
616 5681 1152 5763 delLangendorf,
1199 5685 1636 5764 typographus
1680 5703 1930 5764 quoque
1973 5685 2383 5746 Basileensis:
2433 5705 2470 5744 a
2512 5682 2840 5764 quo-nihil
2883 5681 3052 5764 aliud
3097 5682 3430 5764 prioriilli
3492 5681 3809 5764 adjectum

404 5761 532 5849 fuit
564 5757 1102 5849 praeterindieem
1139 5757 1494 5849 admodum
1533 5757 1906 5849 copiosum,_
1923 5765 2478 5849 quodRegistrum
2519 5757 2866 5849 florigerum
2908 5757 3242 5849 inscripsit.
3267 5761 3482 5849 _Cujus
3552 5757 3806 5849 quidem

399 5829 662 5931 regis-tri
694 5843 930 5906 utilitas
973 5845 1260 5931 Conrado
1304 5829 1636 5931 Leontorio
1679 5863 1755 5914 ex
1798 5829 2020 5915 ordine
2060 5829 2452 5915 Cistei'ciensi
2491 5829 2685 5911 tanta"
2709 5844 2843 5910 visa
2885 5848 2998 5921 est,
3032 5829 3120 5910 et.
3133 5842 3289 5910 illud
3330 5829 3516 5909 vcrsu
3557 5829 3620 5911 ἐι
3661 5862 3806 5931 pro-
3905 5829 3907 5889 ⁴

401 5921 493 5990 ιω
514 5921 830 5990 celebrare
869 5941 999 5991 non
1041 5925 1120 5992 sit
1161 5928 1480 6015 gravatus.
