3938 6214
171 169 236 234 Si
1671 163 2111 234 PWATIO.
3508 165 3590 234 93

188 297 433 376 Erasmi,
495 295 750 364 Gelenii
791 314 866 364 ac
922 303 1294 364 ceterorum
1355 297 1463 382 qui
1505 298 1846 364 Basileensi
1909 299 2169 364 editioni
2233 306 2378 366 ante
2437 299 2786 366 Costerium
2827 318 3088 367 manum
3148 299 3586 379 admoverunt,

189 390 428 464 peccata
472 387 536 442 et
585 401 905 444 summam
947 383 1012 444 in
1053 382 1385 462 sequendis
1429 383 1806 462 conjecturis
1847 383 2166 444 licentiam
2210 392 2389 446 caute
2431 385 2852 446 dissimulant.

248 463 768 546 Ceterumiillud
813 483 928 546 nos
971 464 1345 524 conﬁdimus
1389 465 1506 522 hac
1549 471 1763 546 ucstra
1808 465 2079 546 editione
2125 473 2461 533 assecutos,
2510 473 2572 525 ut
2620 485 2692 526 ea
2735 467 2858 526 tela
2905 487 3050 546 quia
3097 475 3401 546 perpetuo
3444 485 3592 529 con-

181 551 261 604 tra
299 545 629 626 Ambrosii
692 545 1130 604 auctoritatem
1191 546 1568 620 torquebant
1635 545 1962 604 catholica:
2029 546 2319 626 Ecclesia?
2391 547 2755 614 adversarii,
2813 545 2949 623 jam
3013 545 3460 626 in’po’sternm
3513 566 3588 608 ex

181 643 374 685 eorum
437 625 746 684 manibus
807 626 1171 703 eripiantur.
1239 626 1518 684 Primum
1584 625 1751 683 enim
1815 626 1979 684 hanc
2041 625 2243 702 legem
2301 627 2484 686 nobis
2549 627 2976 687 inviolabilem
3059 625 3192 686 esse
3249 628 3587 692 voluimus,

177 705 395 766 nullam
461 705 530 763 in
617 711 860 764 textum
920 705 1345 782 conjecturam
1425 722 1742 785 unquam~
1791 705 2142 764 admittere.
2211 707 2390 770 Nam.
2438 708 2970 785 quemadmodum
3014 709 3350 768 aCosterio
3417 709 3590 767 vide-

181 805 320 851 mus,
377 785 880 868 prudentissime
967 786 1368 868 observatum
1444 785 1660 862 tEpist.
1719 783 1854 868 jam
1927 785 2256 855 laudata):
2325 783 2477 860 0m"
2508 787 2741 865 ingenio
2803 786 3102 847 duntaxat
3165 807 3272 848 suo
3314 786 3586 868 judicab-

176 885 274 947 qae
317 866 666 947 plusquam
699 864 968 947 debeant,
1040 863 1261 942 fidunt,
1319 882 1507 944 neque
1571 864 1914 947 prafsidium
1975 884 2156 947 omne
2201 885 2264 924 ιη
2324 863 2708 947 antiquorum
2769 868 3198 947 eretriplarium
3267 863 3587 928 collatione

175 944 552 1016 constituunt,
618 945 769 1026 ﬁeri
819 945 1054 1024 quidem
1103 951 1296 1024 potest
1358 953 1428 1004 ut
1481 944 1837 1026 quandoque
1906 945 2194 1006 nonnulla
2266 965 2399 1025 qua,
2465 944 2690 1008 'contra
2749 944 3276 1026 grammaticorum
3340 966 3586 1008 canones

174 1026 532 1106 depugnem,
623 1025 944 1106 restituant
993 1045 1017 1086 ,ο
1072 1035 1142 1084 at
1205 1043 1368 1106 voces
1440 1025 1598 1084 male
1653 1034 2034 1084 commutatus
2058 1072 2072 1094 ,
2137 1027 2449 1086 sententias
2515 1038 2623 1086 aut
2700 1025 2940 1086 oinnino
2997 1029 3258 1102 omissas,
3353 1037 3460 1087 aut
3521 1029 3584 1088 in

171 1103 433 1186 alii-num
483 1105 692 1166 locum:
745 1105 995 1185 rejectas
1047 1123 1111 1164 eo
1167 1103 1712 1186 moq’ogpersanare
1767 1107 2106 1184 neutiquam
2169 1116 2428 1185 possunt.
2503 1108 2590 1165 Ne
2654 1108 2792 1185 quis
2863 1127 3010 1167 vero
3054 1127 3168 1167 nos
3227 1114 3403 1186 putet
3438 1126 3585 1186 pro-

173 1187 358 1244 missis
400 1185 534 1244 illis
583 1184 814 1244 fucum
844 1186 1068 1252 facere,
1115 1204 1240 1244 non
1284 1184 1486 1243 solum
1535 1186 2102 1263 manuscriptorum
2149 1184 2374 1263 quibus
2417 1187 2492 1246 ad
2542 1184 2822 1262 singulos
2881 1194 3187 1248 tractatus
3233 1184 3586 1263 recognos-

172 1266 385 1326 cendos
429 1266 534 1324 usi
581 1285 825 1330 sumus,
871 1265 1229 1342 catalogum
1275 1265 1354 1323 ad
1398 1264 1632 1323 calcem
1677 1265 2013 1324 voluminis
2056 1267 2477 1332 exhibuimus,
2523 1285 2742 1325 verum
2787 1268 2977 1326 etiam
3025 1267 3290 1343 singulis
3335 1268 3585 1345 paginis

170 1347 225 1405 in
265 1345 554 1404 inferiori
605 1346 905 1426 margine
936 1346 1086 1426 quid
1129 1351 1188 1403 et
1233 1363 1369 1426 qua
1401 1345 1772 1426 auctoritate
1815 1352 2268 1426 commutatum
2301 1346 2505 1426 fuerit,
2533 1347 3150 1408 submonuimusl‘bi
3174 1348 3361 1407 etiam
3385 1347 3586 1426 cujus-

172 1443 279 1504 que
307 1427 547 1485 codicis
592 1432 733 1484 tum
796 1425 1006 1502 scripti
1049 1432 1184 1484 tum
1229 1425 1376 1482 editi
1413 1425 1618 1504 varias
1679 1426 2034 1483 curavimus
2116 1425 2301 1500 adjici
2365 1425 2700 1497 lectiones;
2785 1446 2860 1485 eo
2904 1434 3114 1486 tamen
3194 1425 3469 1492 delectu.
3519 1435 3587 1486 ut

169 1503 310 1584 quas
350 1505 622 1565 levioris
680 1505 1046 1565 duceremus
1089 1504 1413 1569 momenti,
1495 1503 1899 1579 rejicerentur
1959 1505 2022 1562 in
2085 1505 2272 1564 finem
2332 1505 2671 1564 voluminis
2717 1506 2847 1580 (ai;
2898 1525 3054 1584 quas
3113 1525 3263 1565 vero
3325 1506 3581 1572 nullius,

169 1587 624 1645 omitterentur.
677 1588 804 1645 Hac
848 1585 1134 1644 videlicet
1180 1585 1421 1643 ratione
1467 1585 1874 1661 providimus,
1923 1591 1989 1642 ut
2034 1592 2091 1643 et
2139 1585 2352 1644 lectori
2399 1604 2588 1662 quam
2634 1586 3026 1662 potissimum
3071 1585 3401 1645 lectionem
3447 1605 3584 1645 amo

169 1665 491 1741 plectatur,
554 1665 792 1743 eligere
847 1665 1110 1724 liberum
1158 1665 1284 1723 sit:
1352 1682 1464 1722 nec
1521 1670 1731 1723 tamen
1795 1665 2040 1742 paginzr
2087 1664 2328 1724 levibus
2388 1665 2793 1724 inutilibusve
2837 1665 3001 1724 notis
3062 1665 3456 1744 oppleantur.
3504 1669 3584 1726 At

169 1746 226 1804 in
283 1747 636 1824 Scriptura?
682 1745 837 1804 locis
880 1745 983 1822 qui
1039 1745 1271 1822 passim
1334 1745 1606 1803 citantur
1646 1745 1725 1804 ah
1788 1745 2138 1810 Ambrosio,
2205 1744 2594 1821 diligentiam
2655 1764 2730 1803 ac
2791 1745 3158 1821 religionem
3206 1746 3410 1805 adhuc
3453 1763 3584 1806 ma-

164 1824 352 1902 jorem
407 1825 869 1889 adhibuimus:
933 1825 1296 1884 eorumdem
1357 1825 1522 1882 enim
1586 1824 1865 1883 locorum
1945 1825 2279 1883 varietates
2351 1825 2662 1883 interdum
2727 1826 2918 1883 etiam
2977 1826 3144 1884 haud
3211 1826 3296 1884 ita
3357 1845 3582 1903 graves

172 1924 283 1964 non
327 1906 540 1966 solum
587 1924 664 1965 ex
713 1905 1023 1964 Ambrosii
1067 1904 1408 1973 codicibus,
1457 1903 1564 1962 sed
1609 1921 1642 1962 e
1683 1904 1945 1963 diversis
2006 1923 2254 1982 quoque
2297 1903 2643 1964 Bibliorum
2707 1905 3024 1966 idiomatis
3087 1905 3322 1983 placuit
3390 1924 3583 1964 anno-

169 1992 310 2045 tare.

242 2066 700 2126 Submovimus
745 2071 952 2124 autem
994 2063 1312 2141 longiores
1355 2063 1499 2122 illos
1561 2069 1908 2131 contextus,
1958 2064 2205 2140 quibus,
2273 2069 2338 2122 ut
2380 2063 2616 2122 dictum
2661 2069 2775 2131 est,
2841 2064 2904 2123 in
2966 2065 3236 2124 editione
3302 2067 3586 2124 Romana

175 2164 302 2204 cum
345 2146 492 2204 libri
544 2146 631 2204 ab
685 2145 980 2214 invicem,
1037 2150 1172 2202 tum
1234 2145 1424 2202 etiam
1469 2161 1595 2202 non
1639 2162 1781 2202 raro
1843 2144 2047 2202 media
2106 2144 2228 2221 ipsi
2295 2144 2505 2221 capita
2564 2144 3044 2216 dividebantur;
3110 2163 3184 2203 eo
3247 2145 3414 2222 quod
3477 2144 3588 2204 illa

169 2225 376 2285 divisio
442 2243 720 2303 operum
786 2225 1348 2283 Ambrosianorum
1411 2241 1659 2299 corpus,
1723 2224 1890 2303 quod
1956 2242 2146 2282 unum
2211 2241 2364 2291 esse,
2435 2224 2643 2300 quoad
2699 2223 2835 2300 ejus
2898 2225 3030 2284 fieri
3091 2231 3318 2302 potest,
3379 2224 3587 2295 debet,

175 2306 335 2383 quasi
379 2302 794 2365 membratim
841 2305 1150 2362 distrahat
1192 2309 1252 2362 et
1296 2303 1628 2380 discerpat.
1680 2306 1765 2363 De
1808 2302 2110 2383 librorum
2173 2321 2323 2360 vero
2380 2303 2651 2361 sectione
2695 2303 2756 2362 in
2801 2304 3031 2381 capita,
3087 2323 3328 2363 necnon
3373 2322 3592 2363 eorum

175 2382 578 2461 argumentis,
631 2385 760 2443 sive
806 2383 1185 2453 summariis,
1234 2390 1300 2441 ut
1340 2388 1592 2453 vocant,
1639 2382 1960 2441 sententiis
2024 2384 2334 2459 tantisper
2395 2389 2702 2441 certatum
2757 2389 2897 2453 est;
2947 2402 3090 2442 cum
3134 2403 3258 2443 non
3302 2385 3589 2444 deessent

178 2467 270 2541 qui
313 2483 384 2524 ea
426 2465 656 2524 omnia
700 2483 842 2542 quae
885 2482 1008 2522 non
1055 2463 1432 2522 haberentur
1490 2463 1552 2521 in
1598 2462 2064 2537 manuscriptis,
2130 2480 2206 2542 ex
2271 2461 2651 2542 editionibus
2712 2461 2991 2542 tollenda
3053 2481 3188 2522 esse
3249 2464 3586 2524 contende-

176 2551 348 2604 rent:
393 2545 502 2604 alii
553 2541 776 2603 contra
821 2543 1145 2602 retinenda
1208 2543 1460 2620 quidem
1503 2543 1975 2612 existimarent;
2043 2541 2148 2600 sed
2212 2541 2357 2618 quia
2420 2547 2631 2600 vetera
2687 2541 2797 2599 illa
2863 2549 3231 2619 argumenta
3293 2544 3582 2602 Auctoris

179 2643 413 2684 sensum
458 2631 658 2702 atque
706 2623 1059 2691 consilium,
1105 2621 1205 2680 vel
1269 2623 1472 2680 minus
1515 2622 1862 2699 perspicue,
1898 2621 2027 2702 vel
2072 2620 2279 2702 minus
2321 2620 2513 2702 latine
2573 2627 3114 2702 reprzesentarent,
3180 2622 3570 2699 corrigenda.

182 2706 380 2764 Potior
441 2700 679 2764 horum
740 2703 874 2762 visa
935 2709 1026 2762 est
1086 2703 1340 2779 Opinio;
1403 2708 1647 2760 constat
1709 2701 2014 2778 siquidem
2067 2700 2345 2759 animum
2409 2700 2658 2759 lectoris
2716 2701 3070 2778 defatigari,
3136 2702 3256 2761 nisi
3313 2702 3576 2762 subinde

181 2786 342 2862 quasi
383 2785 584 2844 variis
631 2783 1005 2842 stationibus
1049 2783 1414 2862 requiescat.
1465 2783 1584 2842 Sed
1628 2782 1692 2840 in
1737 2781 1856 2840 hoc
1901 2780 2176 2839 maxima
2206 2779 2388 2862 illius
2449 2780 2715 2840 instituti
2773 2781 3021 2840 videtur
3081 2781 3352 2862 utilitas;
3401 2783 3570 2862 quod

175 2860 444 2924 eumdem
516 2865 824 2923 lectorem
867 2868 1204 2940 antequam
1249 2861 1326 2920 ad
1371 2880 1601 2920 novam
1663 2867 1939 2919 transeat
1998 2860 2350 2931 materiam,
2427 2868 2757 2938 praeparet,
2820 2880 2943 2938 quo
3005 2862 3248 2921 facilius
3306 2861 3572 2938 legenda

173 2943 489 3022 intelligat.
545 2947 622 3004 Et
666 2944 787 3002 hoc
830 2960 977 3002 sane
1034 2941 1243 3000 nullus
1285 2941 1540 3017 negabit
1583 2941 1785 3022 magis
1829 2941 2246 3022 necessarium
2309 2959 2441 3000 esse
2485 2941 2546 3022 in
2601 2959 2674 3000 eo
2717 2942 3185 3022 scripiorekad
3232 2940 3410 3022 cdjus
3451 2941 3576 3002 lec-

176 3020 390 3084 tionem
436 3030 636 3102 atque
679 3021 1762 3102 intelligentiam,quemadmodum
1806 3021 2247 3079 animadvertit
2321 3021 2626 3079 Antonius
2686 3021 2980 3102 Codellus
3023 3020 3202 3102 (Hist.
3250 3020 3420 3082 Eccl.
3471 3041 3570 3082 an.

175 3105 318 3182 397),
367 3101 676 3182 magnum
723 3101 1014 3163 Ecclesiae
1056 3101 1394 3162 Gallicana-3
1437 3101 1628 3159 decus
1671 3107 1731 3160 et
1774 3107 2234 3171 ornamentum,
2282 3118 2439 3178 opus
2484 3107 2574 3159 est
2635 3101 2982 3161 eruditione
3053 3101 3388 3180 plusquam
3451 3119 3581 3162 me-

187 3183 388 3243 diocri.

248 3264 318 3323 Ut
377 3265 578 3341 igitur
641 3263 762 3322 hac
824 3263 887 3321 in
948 3281 1012 3322 re
1072 3261 1471 3341 potissimum
1528 3259 1903 3341 junioribus
1949 3258 2263 3341 theologis
2306 3277 2446 3341 pro
2485 3259 2742 3341 modulo
2805 3265 3020 3341 nostro
3084 3259 3578 3341 consuleremus,

177 3339 474 3421 receptam
533 3343 677 3421 jam
739 3342 891 3401 olim
951 3339 1482 3421 tractatuum__in_
1515 3340 1723 3416 capita
1782 3339 2154 3421 divisionem
2224 3339 2616 3408 retinuimus,
2682 3339 2822 3421 ipsa
2881 3339 3087 3417 capita
3161 3339 3227 3398 in
3290 3357 3584 3421 numeros

180 3442 275 3482 seu
305 3419 646 3483 'sectiones
707 3421 1160 3490 distribuimus,
1217 3419 1632 3496 explicuimus
1690 3438 1875 3478 voces
1946 3420 2243 3478 obscuras
2295 3424 2403 3477 aut
2467 3437 2689 3495 parum
2735 3419 3044 3490 usitatas;
3113 3437 3329 3479 eorum
3395 3419 3584 3479 etiam

182 3521 306 3580 qua:
350 3505 428 3563 ad
494 3501 856 3572 historiam,
920 3501 1315 3580 disciplinam
1379 3507 1595 3580 atque,
1628 3498 1980 3580 doctrinam
2041 3504 2346 3575 spectant,
2422 3498 2529 3557 ubi
2591 3517 2690 3580 res
2746 3499 2834 3559 ita
2896 3498 3216 3580 postulare
3275 3499 3433 3580 visa,
3467 3504 3581 3570 est,

180 3578 413 3643 brevem
479 3581 968 3642 subnotavimus
1027 3579 1500 3658 expositionem.
1569 3579 1662 3638 Ad
1733 3580 1871 3638 huic
1949 3585 2229 3638 veterum
2295 3596 2543 3656 quoque
2607 3578 2859 3638 illorum
2934 3579 3107 3639 locos
3169 3579 3586 3639 indicavimus

187 3680 326 3738 quos
369 3661 742 3722 Ambrosius
782 3667 993 3720 noster
1033 3660 1150 3720 sibi
1192 3664 1599 3738 proposuerat
1641 3658 1997 3718 imitandos.
2047 3659 2114 3716 In
2159 3659 2384 3736 quibus
2427 3658 2716 3718 omnibus
2759 3678 2885 3719 non
2938 3661 3172 3720 famam
3217 3659 3584 3720 eruditionis

188 3737 472 3820 aucupari
528 3741 862 3801 consilium
907 3740 1045 3811 fuit,
1089 3740 1194 3798 sed
1241 3737 1542 3820 lectorum
1588 3757 1658 3797 ac
1703 3758 1918 3820 eorum
1980 3738 2294 3816 praecipue
2357 3738 2485 3816 qui,
2551 3744 2617 3798 ut
2661 3739 2956 3811 diximus,
3005 3745 3283 3800 recentes
3328 3759 3366 3800 a
3409 3739 3587 3820 theo-

189 3818 357 3898 logia}
391 3821 654 3891 scholis,
689 3839 752 3880 se
797 3820 874 3879 ad
897 3819 1244 3879 evolvenda
1273 3819 1555 3879 Doctoris
1585 3819 1780 3878 nostri
1811 3824 2213 3878 monumenta
2236 3823 2626 3896 comparant,
2673 3819 2852 3880 unice
2896 3820 3313 3898 spectavimus
3355 3818 3590 3898 utilita-

189 3897 320 3960 tem.
367 3904 770 3979 Quapropter
810 3901 1096 3960 doctores
1137 3898 1278 3968 viri,
1328 3899 1552 3979 quibus
1597 3898 1906 3958 eruditum
1967 3899 2087 3979 hoc
2148 3904 2432 3979 nostrum
2495 3899 2793 3959 swculum
2854 3897 3154 3979 abundat,
3220 3898 3394 3959 nullo
3464 3897 3590 3979 dis-

189 3981 400 4058 pendio
444 3977 705 4040 notulas
749 3986 994 4039 nostras
1039 3979 1332 4039 emittant
1376 3977 1542 4047 licet,
1589 3996 1702 4038 nec
1747 3983 1958 4037 tamen
2001 3977 2141 4037 illas
2202 3977 2511 4058 tironibus
2563 3985 2752 4056 atque
2795 3979 2858 4038 in
2902 3978 3339 4057 hujuscemodi
3381 3977 3588 4058 studio

191 4057 535 4122 candidatis
575 4060 933 4131 invideant;
985 4059 1210 4138 quibus
1253 4076 1325 4117 eo
1370 4058 1572 4136 magis
1622 4057 2004 4118 necessarias
2063 4075 2194 4116 esse
2261 4057 2416 4116 illud
2481 4058 2772 4129 ostendit,
2836 4060 3010 4138 quod
3073 4059 3137 4118 in
3181 4058 3396 4118 multis
3436 4057 3591 4117 locis

195 4141 356 4200 llom.
405 4141 708 4210 editores,
753 4140 922 4198 viros
967 4137 1247 4216 alioquin
1291 4138 1589 4208 eruditos,
1623 4139 1909 4198 Auctoris
1953 4155 2200 4197 sensum
2234 4143 2707 4216 noniassecutos
2749 4137 3019 4198 inducta:
3064 4138 3129 4198 in
3171 4143 3412 4197 textum
3456 4155 3594 4216 mu-

197 4221 447 4281 tationes
495 4220 900 4298 patefaciant.
949 4219 1026 4280 Hi
1065 4215 1216 4278 vero
1259 4217 1410 4276 dum
1458 4218 1875 4298 qualicunque
1918 4218 2039 4278 hoc
2082 4222 2296 4298 nostro
2351 4215 2742 4298 juvabuntur
2800 4216 3036 4298 labore,
3079 4218 3263 4298 quod
3295 4215 3595 4296 pauciora

197 4295 685 4378 exposuerimus,
731 4317 860 4360 non
903 4298 1339 4378 expostulent;
1372 4295 1530 4378 cum
1573 4297 1730 4357 nihil
1775 4295 1964 4378 quod;
2003 4297 2186 4378 valde
2239 4295 2657 4378 necessarium
2701 4297 2908 4366 fuerit,
2955 4295 3435 4376 neglexerimus,
3481 4313 3596 4356 nec

198 4376 447 4440 fusiores
498 4379 943 4440 annotationes
984 4376 1169 4438 facile
1213 4377 1598 4436 admissurus
1639 4377 1824 4436 fuerit
1866 4376 2203 4436 voluminis
2245 4377 2488 4436 modus.

270 4460 440 4530 Quod
493 4478 684 4537 porro
746 4459 823 4519 ad
868 4459 1142 4518 universi
1186 4457 1392 4537 operis
1433 4457 1838 4536 partitionem
1882 4457 2124 4527 attinet,
2171 4456 2352 4516 nobis
2395 4474 2595 4537 neque
2642 4457 2921 4517 Romana
2963 4475 3164 4536 neque
3232 4454 3601 4518 Erasmiana

203 4540 341 4628 satis
398 4535 860 4628 probata‘est;
911 4539 1244 4628 utrobique
1298 4535 1466 4628 enim
1523 4556 1664 4597 cum
1721 4537 1881 4628 bene
1927 4537 2125 4597 multa
2153 4543 2316 4628 ‘sunt
2363 4536 2617 4628 proprio
2665 4557 2777 4598 suo
2820 4537 2963 4628 loco
3011 4535 3139 4599 non
3187 4537 3413 4628 posita,
3465 4541 3600 4596 tum

207 4619 366 4678 nulla
401 4616 631 4679 exstat
689 4617 1114 4696 legitimorum
1172 4616 1747 4677 adulterinorumve
1813 4618 2077 4677 fmtuum
2133 4616 2442 4676 discretio.
2507 4616 2724 4695 Itaque
2773 4617 2932 4677 nihil
3003 4619 3394 4679 commodius
3466 4632 3600 4676 esse

207 4699 517 4769 duximus,
571 4717 761 4776 quam
812 4704 877 4758 ut
926 4717 1117 4776 opera
1183 4697 1396 4756 omnia
1444 4715 1584 4778 quae
1651 4697 1903 4757 nomine
1951 4697 2267 4756 Ambrosii
2302 4696 2735 4778 reperiuntur
2770 4697 3090 4778 inscripta,
3149 4698 3215 4758 in
3269 4703 3396 4759 tres
3445 4697 3604 4778 dun-

208 4784 368 4838 taxat
415 4775 632 4840 tomo’s
679 4775 1119 4850 divideremus,
1174 4795 1442 4855 quorum
1493 4777 1730 4857 priores
1779 4778 1902 4837 duo
1949 4793 2122 4848 vera,
2172 4777 2391 4836 tertius
2439 4777 2834 4854 supposititia
2882 4775 3488 4857 comprehenderet:
3537 4775 3604 4834 in

213 4876 322 4938 quo
379 4877 414 4918 a
478 4859 765 4918 Romana
820 4857 1278 4929 distributione,
1340 4857 1438 4938 cui
1494 4857 1685 4938 longo
1745 4877 1858 4938 usu
1901 4875 2063 4938 nunc
2117 4875 2349 4938 omnes
2391 4858 2620 4938 assueti
2668 4864 2833 4930 sunt,
2885 4878 3075 4938 quam
3123 4858 3453 4938 minimum
3497 4873 3606 4934 po-

211 4937 338 5009 tuit,
387 4939 784 4999 recessimus.
847 4938 1046 5014 Igitur
1100 4938 1219 4998 hoc
1271 4937 1474 5015 primo
1521 4937 1840 4997 volumine
1909 4937 2212 5016 quidquid
2278 4937 2356 4996 ad
2417 4937 2750 5016 Scriptura:
2808 4936 3262 5016 expositionem
3317 4936 3602 5005 refertur,

215 5017 514 5096 complexi
562 5035 818 5078 sumus:
869 5019 946 5078 de
995 5015 1172 5096 cujus
1223 5016 1475 5095 quidem
1522 5018 1892 5078 tractatibus
1939 5015 2064 5077 non
2113 5022 2204 5076 est
2254 5036 2363 5076 cur
2391 5017 2510 5076 hoc
2554 5015 2695 5077 loco
2725 5015 2906 5096 plura
2935 5018 3243 5090 dicantur,
3275 5035 3416 5077 cum
3449 5033 3610 5096 prte-

216 5094 405 5176 missa:
438 5098 523 5158 ad
553 5097 836 5176 singulos
883 5094 1342 5158 admonitiones
1389 5115 1606 5156 eorum
1657 5103 1930 5166 aatatem,
1981 5097 2370 5175 prepositum
2419 5094 2744 5170 Auctoris;
2789 5103 2850 5157 et
2898 5097 3024 5176 alia
3071 5116 3211 5176 quas
3259 5094 3612 5176 necessaria

213 5174 954 5252 judicavimusfabunde
1071 5177 1342 5256 prodant
1401 5176 1888 5256 edisserantque.
1965 5174 2119 5236 Nam
2180 5178 2256 5235 dc
2313 5176 2647 5256 recognitis
2702 5175 3054 5256 Augustini,
3093 5174 3414 5248 'Gratiani,
3473 5193 3614 5256 neo-

221 5273 330 5337 non
383 5264 442 5318 et
501 5258 710 5318 citatas
771 5253 1108 5337 Scriptura:
1165 5257 1562 5329 testimoniis,
1615 5253 1842 5318 additis
1891 5256 2171 5335 ejusdem
2205 5253 2564 5337 versiculis,
2617 5253 2824 5316 variis
2853 5255 3162 5316 indicibus
3209 5255 3274 5317 in
3321 5257 3443 5316 ﬁne
3490 5253 3616 5316 col-

221 5333 446 5411 locatis,
483 5345 550 5398 ut
581 5333 1068 5417 sileamusfipse
1097 5336 1296 5398 lector
1327 5357 1438 5417 usu
1469 5338 1754 5416 Proprie,
1790 5333 2094 5416 quantum
2129 5335 2415 5395 utilitatis
2445 5336 2742 5406 habeant,
2777 5337 2928 5397 satis
2957 5341 3272 5414 agnoscet.

289 5417 492 5498 Neque
541 5436 694 5478 vero
741 5436 816 5478 ea
859 5413 1156 5479 videntur
1208 5418 1330 5478 hoc
1389 5416 1528 5476 loco
1587 5413 2146 5498 praetermittenda,
2205 5432 2466 5493 quorum
2520 5435 2636 5498 ope
2696 5436 2767 5476 ac
2825 5413 3100 5498 subsidio
3149 5417 3244 5498 usi
3291 5433 3504 5478 sumus
3551 5413 3618 5498 in

221 5493 324 5555 hac
378 5493 799 5559 Ambrosiana
855 5499 1284 5578 castigatione.
1348 5497 1526 5557 Certe
1585 5493 1839 5576 quidem
1898 5496 2300 5558 manifestum
2359 5500 2449 5554 est
2499 5496 2576 5554 ad
2627 5514 2886 5575 Operum
2941 5495 3291 5577 cujuspiam
3349 5493 3618 5558 auctoris

280 5659 345 5727 (α)
374 5665 485 5732 Nos
508 5681 576 5718 ex
601 5665 848 5732 utrisque
874 5680 1055 5732 unum
1083 5665 1495 5718 adnotationum
1525 5678 1719 5730 corpus
1769 5665 2060 5726 effecimus,
2092 5677 2161 5716 ne
2194 5663 2334 5714 inter
2385 5661 2673 5728 legendum
2717 5663 2920 5730 aliquid
2961 5663 3246 5717 desiderari
3276 5661 3444 5730 possit
3471 5659 3618 5724 quod

226 5734 332 5777 non
355 5730 522 5783 oculis
551 5729 847 5795 subjaceat.
873 5730 998 5784 Enn.
