3938 6214
330 179 409 245 ΞἹ
966 214 975 220 -
1700 192 1713 197 ’
1812 176 2258 246 ΡΗιΕΕἏΤΙΟ.
3652 181 3734 251 28

330 315 860 402 quemadmodum
904 338 1045 403 quae
1105 317 1183 383 de
1214 317 1610 403 patriarchis
1669 316 2010 403 Abraham,
2069 317 2268 403 Isaac,
2334 322 2395 403 et
2444 316 2639 403 Jacob
2699 321 2911 403 narrat
2964 315 3314 403 Scriptura,
3380 334 3453 384 eo
3497 319 3731 385 Doctor

327 399 578 463 sanctus
622 403 867 483 referat,
916 399 981 463 ut
1023 401 1088 463 in
1130 399 1333 483 primo
1375 403 1649 463 debitam
1694 402 2005 464 mandatis
2047 401 2274 462 divinis
2316 400 2758 483 obedientiam,
2802 400 2869 483 in
2926 399 3129 464 altero
3182 402 3488 464 sinceram
3533 403 3729 464 animi

324 483 682 562 puritatem,
749 482 1031 543 laborum
1095 485 1489 544 tolerantiam
1552 483 1614 542 in
1673 483 1880 553 tertio,
1948 488 2246 563 tanquam
2311 482 2372 540 in
2432 483 2693 544 totidem
2754 482 2913 542 vivis
2972 483 3353 562 imaginibus
3407 502 3733 563 expressas

324 569 513 641 atque
574 563 852 624 omnium
924 563 1257 625 imitationi
1320 563 1670 642 propositas
1732 582 1863 623 esse
1924 562 2132 641 palam
2194 562 2400 622 faciat.
2470 563 2587 623 Sed
2653 564 2757 643 qui
2820 563 2999 642 plura
3042 564 3119 624 de
3162 565 3278 623 hac
3322 582 3388 623 re
3430 562 3726 633 v01uerit,

326 645 509 703 adeat
552 644 843 702 eumdem
888 644 1209 703 Sinensem
1255 644 1394 705 loco
1437 644 1649 704 citato.

402 723 515 783 Hic
557 723 718 782 forte
763 723 1062 783 lectorum
1128 725 1485 802 quempiam
1548 730 1817 792 moveat,
1886 724 2053 803 quod
2114 741 2254 782 cum
2316 740 2441 781 non
2502 741 2721 801 pauca,
2788 725 2878 783 uti
2919 725 3155 783 dictum
3200 730 3314 791 est,
3360 725 3610 802 petierit
3653 743 3730 783 ex

322 803 551 863 Grzecis
611 803 996 873 Ambrosius,
1061 805 1139 863 ab
1192 806 1279 863 eis
1338 810 1549 864 tamen
1611 804 1876 863 citandis
1938 802 2413 864 nominandisve
2474 804 2669 863 ferme
2732 804 3062 863 abstineat.
3132 804 3249 863 Sed
3309 811 3733 882 praeterquam

321 884 487 961 quod
534 883 699 942 haud
745 883 1168 962 infrequenter
1210 902 1540 962 suppresso
1584 884 1837 943 nomine
1879 889 2228 953 auctorum,
2275 882 2546 942 alienam
2591 885 2966 944 sententiam
3029 904 3066 943 a
3127 903 3191 944 se
3253 885 3517 962 proponi
3562 884 3729 943 clare

318 969 604 1033 testatur,
652 966 942 1023 Erasmus
984 965 1300 1041 geminam
1344 963 1477 1041 ejus
1522 964 1608 1022 rei
1652 964 1956 1023 rationem
2000 963 2204 1032 affert,
2250 963 2547 1022 nimirum
2612 965 2779 1041 quod
2843 964 3094 1024 eosdem
3155 964 3389 1023 imitari
3436 964 3728 1034 voluerit,

318 1061 445 1123 non
488 1043 905 1123 interpretari,
956 1045 1248 1122 quodque
1293 1063 1402 1121 per
1460 1043 1519 1102 id
1584 1044 1883 1122 temporis
1946 1043 2278 1122 scriptores
2337 1042 2535 1103 Graeci
2595 1043 2759 1103 male
2822 1044 3160 1123 audiebant
3220 1045 3384 1123 apud
3432 1045 3725 1123 Latinos.

318 1119 444 1183 Nec
490 1119 806 1204 Cicer—oni,
834 1124 920 1182 ait
964 1119 1068 1182 ille
1113 1119 1326 1200 (Epist.
1376 1124 1521 1183 edit.
1571 1119 1733 1183 suae—
1764 1119 2091 1201 praeﬁxa,),
2136 1124 2450 1204 quisquam
2508 1123 2662 1204 Avitio
2705 1124 2900 1200 vertit,
2980 1122 3145 1204 quod
3210 1119 3279 1183 iri
3308 1122 3735 1204 plcilosophicis

317 1204 681 1285 argumentis
754 1201 989 1264 Graecos
1054 1212 1396 1285 sequeretur
1462 1221 1580 1285 rion
1648 1211 1715 1263 ut
1780 1204 2088 1285 interpres,
2128 1201 2251 1285 _§ed_
2272 1201 2351 1285 at;
2407 1202 2718 1264 imitator:
2766 1201 3046 1285 ncc_crat_
3082 1201 3398 1264 corniculae
3466 1201 3727 1283 furtum,

315 1280 479 1364 quod
522 1280 855 1364 Graecorum
899 1280 1159 1364 nomina,
1233 1302 1364 1364 quae
1428 1282 1717 1364 pleraque
1784 1292 1908 1343 tum
1930 1280 1945 1285 ⁷
1977 1282 2143 1363 apud
2206 1282 2452 1343 Latinos
2518 1302 2741 1364 magna
2809 1281 3163 1364 laborabant
3220 1280 3558 1363 dogmatam
3617 1285 3729 1343 im-

305 1361 701 1445 probatorum
754 1362 1035 1445 invidia,
1120 1361 1395 1445 pressit;
1477 1362 1577 1445 sed
1610 1361 1626 1364 ⁷
1662 1365 1830 1424 cauti
1868 1361 2154 1445 pastoris,
2237 1380 2460 1423 omnem
2538 1361 2889 1445 fo/fcndiculi
2918 1444 2925 1445 ί
2966 1361 3333 1445 άιίςείᾀιϊίμιὲ,
3418 1365 3731 1445 materiam

315 1441 699 1503 excludentis.
752 1444 887 1501 Non
950 1441 1168 1520 parum
1233 1443 1645 1521 probabiliter
1706 1445 1767 1503 id
1832 1441 2134 1522 quidem;
2204 1462 2389 1501 nemo
2452 1441 2617 1502 enim
2679 1448 2769 1502 est
2824 1444 2930 1521 qui
2993 1441 3225 1503 nesciat
3291 1463 3445 1522 quas
3488 1444 3727 1509 turbas,

361 1542 454 1583 ure
492 1522 701 1601 jurgia
746 1523 873 1581 illis
930 1523 1318 1601 temporibus
1361 1524 1647 1583 doctrina
1694 1524 1979 1601 Origenis
2023 1525 2186 1582 inter
2227 1522 2361 1598 ejus
2404 1524 2678 1583 fautores
2721 1529 2909 1601 atque
2952 1524 3343 1583 adversarios
3404 1524 3723 1583 concierit.

361 1542 454 1583 ure
492 1543 701 1601 jurgia
746 1542 873 1581 llllS
930 1542 1318 1601 temporibus
1361 1542 1647 1583 uocmna
1694 1542 1979 1601 urigems
2023 1542 2186 1582 inter
2227 1542 2361 1598 ejus
2404 1542 2678 1583 ramores
2721 1542 2909 1601 atque
2952 1542 3343 1583 adversarios
3404 1542 3723 1583 concierit.

314 1542 473 1673 guin
518 1604 706 1663 etiam
766 1603 925 1662 forte
987 1604 1285 1680 suspicari
1346 1605 1541 1681 possit
1600 1603 1831 1681 aliquis
1891 1603 2291 1662 Ambrosium
2353 1621 2480 1661 non
2542 1602 2666 1663 alio
2728 1602 3005 1673 nomine,
3071 1622 3260 1680 quam
3303 1604 3470 1681 quod
3516 1604 3735 1680 Orige-

312 1683 643 1743 nianorum
688 1700 947 1760 operum
1000 1684 1313 1742 studiosus
1375 1690 1555 1752 esset,
1622 1683 1851 1742 alicubi
1916 1684 2296 1759 Hieronymo
2360 1682 2770 1759 displicuisse.
2831 1682 3087 1741 Ruﬁnus
3147 1688 3312 1742 certe
3374 1689 3595 1742 auctor
3637 1689 3731 1741 est

317 1762 515 1842 [ApoL
580 1762 643 1841 ιι]
724 1762 1014 1822 eumdem
1076 1763 1526 1839 Hieronymum
1607 1762 1853 1823 duobus
1914 1762 2192 1822 tribusve
2258 1761 2561 1821 librorum
2626 1780 2883 1823 suorum
2953 1761 3109 1821 locis
3168 1763 3245 1821 de
3296 1762 3733 1822 Ambrosianis

311 1841 493 1902 tibris
537 1842 817 1902 locutum
862 1860 992 1901 esse
1034 1842 1439 1920 petulantius,
1488 1861 1676 1920 quam
1738 1842 1896 1902 tanti
1956 1841 2072 1900 viri
2133 1842 2429 1901 sanctitas
2489 1847 2677 1919 atque
2740 1842 3017 1919 dignitas
3060 1846 3439 1920 paterentur.
3489 1845 3563 1902 Et
3608 1843 3733 1902 hoc

312 1921 417 1981 isti
460 1921 839 1982 accusationi
883 1922 1009 1980 vim
1055 1923 1393 2000 quamdam
1436 1922 1633 1991 addit,
1698 1940 1823 1982 non
1886 1923 2074 1983 modo
2137 1921 2300 1999 quod
2363 1939 2500 1979 eam
2562 1921 2785 1981 tacitus
2830 1922 2892 1980 in
2935 1921 3247 2000 Apologia
3293 1940 3403 1981 sua
3448 1923 3733 1999 praeterit

312 2002 750 2079 Hieronymus,
799 2019 999 2080 neque
1045 2003 1268 2061 Ruﬁno
1312 2001 1641 2061 calumniae
1686 2020 1913 2061 nomen
1958 2001 2246 2080 impingit
2291 2018 2304 2059 :
2352 2001 2457 2060 sed
2502 2001 2773 2062 maxime
2818 2002 2983 2079 quod
3032 2001 3095 2060 in
3138 2001 3300 2062 libro
3356 2000 3445 2062 De
3488 2019 3500 2059 :
3551 2001 3731 2062 Scri-

302 2080 580 2163 ptoribus
642 2080 1071 2142 Ecclesiasticis
1130 2082 1681 2163 Ambrosianarum
1744 2081 2344 2163 Commentationum
2406 2080 2787 2163 catalogumr
2830 2086 3063 2151 texere,
3129 2100 3218 2163 ac
3263 2099 3438 2163 suam
3482 2082 3560 2140 dc
3602 2080 3734 2141 illis

313 2159 687 2241 sententiam
749 2162 1024 2240 proferre
1085 2162 1561 2221 detrectaverit:
1626 2180 1698 2220 ne
1757 2162 1819 2220 in
1879 2161 2233 2222 alterutram
2293 2169 2552 2241 partem,
2618 2162 2843 2239 inquit,
2910 2170 3013 2241 aut
3072 2159 3336 2221 adulatio
3400 2162 3461 2219 in
3504 2179 3594 2220 me
3635 2180 3734 2220 re-

355 2240 735 2311 rehendatur,
783 2251 893 2301 aut
931 2243 1168 2302 veritas.
1221 2242 1392 2301 Unde
1436 2261 1559 2301 non
1605 2242 1872 2301 absurde
1934 2241 2148 2319 colligi
2212 2241 2409 2318 possit
2469 2240 2525 2299 ei
2591 2242 2879 2319 quaedam
2942 2240 3005 2299 in
3066 2241 3285 2300 iisdem
3348 2240 3471 2299 illis
3532 2242 3735 2317 operi-

355 2261 735 2311 renenaamr,
783 2261 893 2301 aut
931 2261 1168 2302 vernas.
1223 2261 1392 2301 unde
1436 2261 1559 2301 non
1605 2261 1872 2301 absurde
1934 2261 2148 2319 couigi
2212 2261 2409 2318 pOSSlI.
2469 2261 2525 2299 e1
2591 2261 2879 2319 quaenam
2942 2261 3005 2299 1n
3066 2261 3285 2300 nsaem
3348 2261 3471 2299 uus
3532 2261 3729 2317 operi-

307 2261 428 2382 ξαρ,
471 2322 810 2382 occurrisse
855 2341 993 2399 quae
1039 2341 1163 2382 non
1223 2322 1535 2399 probaret,
1600 2340 1781 2381 suum
1840 2328 2049 2381 tamen
2104 2321 2412 2399 judicium
2470 2326 2724 2399 propter
2778 2320 3086 2399 insignem
3134 2321 3253 2379 viri
3295 2320 3729 2380 auctoritatem

312 2402 593 2480 proferre
638 2401 1045 2461 subveritum.

394 2482 643 2541 Minime
684 2488 896 2541 tamen
938 2487 1230 2558 putamus
1274 2481 1520 2541 unicam
1565 2479 1700 2557 ejus
1743 2482 1829 2557 rei
1886 2499 2138 2541 causam
2198 2480 2389 2540 fuisse
2448 2480 2643 2557 ipsius
2704 2488 2919 2541 contra
2981 2480 3388 2557 Origenianos
3432 2480 3727 2540 offensio-

312 2579 495 2633 nem;
543 2562 774 2621 ibidem
819 2562 984 2620 enim
1027 2562 1185 2621 alios
1228 2561 1334 2620 ille
1377 2562 1544 2620 haud
1590 2561 1779 2639 paulo
1823 2560 2336 2621 honorificentius
2394 2565 2620 2619 tractat
2660 2578 2674 2631 ;
2743 2579 2898 2638 quos
2958 2561 3151 2638 probe
3211 2565 3393 2619 norat
3434 2579 3562 2620 non
3604 2560 3724 2620 mi-

310 2660 429 2701 nus
473 2660 661 2720 quam
705 2642 1128 2711 Ambrosium,
1176 2641 1459 2717 Origenis
1516 2641 1853 2700 imitationi
1913 2641 2196 2701 addictos
2258 2657 2391 2699 esse
2433 2657 2447 2698 :
2504 2640 2631 2699 imo
2692 2658 2841 2720 vero
2883 2640 3015 2717 ipse
3058 2642 3389 2701 Doctorem
3434 2646 3722 2699 nostrum

312 2726 373 2780 et
414 2719 945 2799 in’supcrioribus
989 2721 1115 2779 suis
1157 2721 1334 2779 libris
1377 2725 1521 2779 ante
1581 2721 1968 2791 laudaverat,
2034 2726 2093 2780 et
2155 2724 2380 2799 postea:
2432 2737 2681 2798 quoque
2742 2719 2805 2779 in
2865 2720 3117 2798 propria
3161 2724 3393 2799 contra
3424 2720 3715 2779 Ruﬁnum

311 2798 619 2878 Apologia
680 2819 803 2859 non
866 2800 1057 2859 semel
1126 2798 1340 2859 laudat
1386 2817 1399 2858 :
1466 2819 1589 2877 quo
1650 2800 1837 2859 etiam
1898 2799 2037 2860 loco
2097 2818 2223 2859 non
2283 2798 2527 2860 dubitat
2586 2817 2816 2861 nomen
2870 2819 3049 2859 suum
3092 2800 3257 2860 inter
3297 2798 3706 2877 Origenianos

311 2879 658 2939 imitatores
700 2879 998 2957 proﬁteri.
1046 2879 1370 2949 Quocirca,
1417 2879 1465 2938 si
1511 2896 1656 2939 vera
1717 2886 1808 2939 est
1870 2879 2076 2939 Ruﬁni
2136 2878 2429 2957 objectio,
2493 2879 2653 2939 forte
2713 2881 3083 2939 sententiam
3147 2898 3320 2938 suam
3384 2879 3523 2940 ideo
3564 2899 3707 2958 pro-

312 2959 472 3019 ferre
515 2958 807 3027 noluerit,
854 2977 932 3017 ne
975 2959 1025 3017 si
1068 2960 1145 3018 (le
1187 2958 1361 3017 libris
1404 2978 1440 3017 a
1482 2977 1547 3019 se
1590 2960 1783 3037 prius,
1848 2959 2151 3020 incertum
2212 2978 2333 3037 qua
2395 2978 2602 3025 causa.
2665 2960 3032 3038 vituperatis
3075 2978 3216 3019 cum
3260 2960 3445 3019 laude
3489 2960 3709 3037 loque-

310 3044 504 3109 retur,
551 3044 915 3117 argueretur
972 3039 1299 3109 levitatis;
1350 3039 1443 3098 sin
1504 3045 1711 3098 autem
1776 3040 2025 3099 eosdem
2088 3039 2470 3116 contemptui
2531 3039 2760 3099 habere
2819 3046 3127 3117 pergeret,
3193 3038 3535 3100 offenderet
3576 3058 3711 3099 om-

310 3120 486 3178 nium
529 3120 793 3187 animos,
841 3138 877 3177 a
940 3119 1165 3197 quibus
1227 3125 1476 3178 sanctus
1535 3119 1771 3179 Praesul
1834 3120 2108 3179 maximo
2170 3119 2408 3179 honore
2469 3137 2541 3178 ac
2603 3121 2949 3179 reverentia
3009 3120 3348 3179 colebatur.
3417 3119 3592 3189 Quod
3655 3120 3711 3178 si

309 3198 537 3258 falsum
581 3199 959 3269 adversario,
1010 3206 1076 3258 ut
1118 3217 1260 3258 eum
1303 3205 1555 3258 vocaret
1598 3200 1660 3257 in
1704 3199 2028 3269 invidiam,
2099 3199 2353 3257 Ruﬁnus
2415 3199 2733 3276 imposuit,
2797 3217 2923 3260 non
2975 3199 3156 3259 facile
3200 3200 3385 3258 fuerit
3425 3199 3710 3259 divinare

311 3297 500 3357 quam
542 3279 934 3357 potissimum
979 3280 1060 3338 ob
1103 3296 1352 3357 causam
1398 3284 1647 3337 sanctus
1689 3279 1796 3339 ille
1838 3280 2060 3340 doctor
2099 3280 2177 3338 de
2218 3279 2379 3338 tanti
2420 3279 2696 3339 doctoris
2739 3279 3030 3356 operibus
3072 3297 3199 3338 non
3242 3279 3374 3339 sine
3434 3279 3711 3357 quodam

310 3356 558 3418 fastidio
602 3359 783 3418 silere
826 3359 1114 3418 voluerit.
1163 3356 1290 3419 Nec
1346 3358 1500 3418 scire
1557 3360 1652 3436 fas
1709 3369 1791 3419 est
1846 3360 2067 3430 omnia,
2132 3358 2336 3437 inquit
2379 3357 2486 3418 ille
2531 3376 2545 3417 :
2592 3376 2795 3437 neque
2847 3358 2967 3419 hoc
3028 3377 3408 3437 magnopere
3452 3356 3533 3419 ad
3577 3375 3709 3417 rem

309 3438 618 3498 credimus
665 3438 989 3516 pertinere.
1040 3440 1117 3498 Ut
1162 3445 1227 3497 ut
1270 3438 1370 3509 sit,
1418 3439 1748 3499 Ambrosio
1792 3445 2005 3501 nostro
2067 3457 2193 3499 non
2254 3443 2458 3517 potest
2520 3438 2938 3499 honoriﬁcum
2982 3458 3109 3498 non
3154 3457 3307 3509 esse,
3356 3439 3523 3517 quod
3568 3457 3711 3497 cum

309 3517 630 3577 sententiae
676 3519 752 3593 de
813 3518 1073 3595 singulis
1146 3518 1494 3596 quibusque
1558 3519 1743 3578 rebus
1813 3537 2058 3598 semper
2127 3526 2255 3579 tam
2325 3519 2587 3578 diversae
2660 3519 2908 3590 abeant,
2984 3519 3153 3580 solus
3194 3524 3474 3597 repertus
3526 3518 3711 3577 fuerit

310 3597 726 3674 Hieronymus
793 3598 900 3675 qui
970 3617 1163 3657 unum
1234 3598 1579 3658 alterumve
1648 3598 1815 3659 illius
1885 3597 2115 3659 librum
2184 3598 2390 3657 minus
2460 3598 2772 3676 probaret.
2849 3600 3009 3659 Sane
3070 3599 3238 3678 pleni
3282 3602 3424 3658 sunt
3467 3598 3713 3658 codices

313 3693 528 3738 omnes
571 3695 712 3735 cum
755 3678 1135 3747 Graecorum,
1183 3682 1317 3736 tum
1362 3679 1721 3737 Latinorum
1766 3679 2056 3739 laudibus
2100 3679 2293 3739 sancti
2339 3678 2653 3738 Ambrosii
2694 3697 2707 3738 :
2755 3680 2861 3739 sed
2905 3679 3150 3738 etiamsi
3210 3680 3286 3737 de
3348 3678 3458 3738 illo
3501 3679 3714 3737 caeteri

310 3762 587 3837 tacerent
629 3756 981 3835 scriptores,
1030 3758 1228 3817 instar
1270 3758 1545 3817 omnium
1593 3764 1751 3818 esset
1796 3777 1957 3818 unus
2001 3760 2402 3837 Augustinus.
2451 3758 2563 3818 Hic
2606 3758 2773 3819 enim
2816 3759 3055 3818 nullam
3100 3759 3263 3819 elabi
3319 3758 3437 3817 sibi
3478 3758 3714 3835 patitur

311 3836 726 3906 occasionem,
803 3838 951 3914 quin
1023 3836 1421 3896 Ambrosium
1466 3844 1525 3897 et
1570 3839 1745 3916 quasi
1788 3836 2119 3917 parentem,
2163 3839 2351 3904 colat,
2426 3843 2487 3897 et
2557 3840 2737 3916 quasi
2805 3840 3127 3898 doctorem
3196 3857 3268 3897 ac
3340 3839 3713 3915 magistrum

311 3921 628 3994 sequatur.
702 3918 1020 3976 Contende
1089 3918 1413 3995 utriusque
1481 3919 1857 3987 doctrinam,
1930 3924 1991 3978 et
2061 3919 2353 3979 fateberis
2422 3936 2548 3977 non
2618 3924 2849 3978 temere
2927 3919 3163 3979 dictum
3233 3938 3269 3977 a
3339 3918 3714 3978 doctissimis

312 3996 685 4073 quibusdam
726 3997 899 4064 viris,
947 3998 1074 4056 fere
1118 3998 1398 4057 omnium
1443 4016 1584 4136 qua:
1627 3999 1810 4058 docet
1853 4003 2103 4059 sanctus
2163 3997 2568 4077 Augustinus,
2633 3998 2871 4059 semina
2931 3998 3186 4076 reperiri
3239 3998 3403 4076 apud
3447 3998 3715 4056 Ambro-

312 4077 470 4135 sium
517 4075 765 4136 [Anton.
813 4077 1053 4136 Godell.
1104 4076 1245 4136 loco
1292 4076 1419 4136 iam
1488 4078 1767 4136 audatol.
1815 4079 1993 4136 cuius
2036 4079 2142 4136 ille
2185 4078 2437 4136 brevius
2479 4084 2667 4136 atoue
2709 4077 2983 4136 strictius
3038 4077 3231 4136 dicta.
3296 4077 3516 4136 fusius.
3561 4076 3715 4136 dila-

311 4077 470 4135 sium
517 4075 765 4155 [Anton.
813 4077 1053 4137 Godell.
1104 4076 1245 4136 loco
1282 4076 1419 4154 jam
1462 4075 1767 4157 laudato],
1815 4079 1993 4157 cujus
2036 4079 2142 4140 ille
2185 4078 2437 4140 brevius
2479 4084 2667 4156 atque
2709 4075 3231 4148 strictius’dicta,
3282 4075 3516 4148 fusius,
3561 4076 3717 4138 dila-

309 4161 443 4216 tare
485 4157 994 4236 ampliﬁcareque
1036 4157 1269 4236 passim
1314 4158 1656 4218 consuevit.
