3944 6216
878 595 1353 758 VITA
1434 590 2073 756 SANCT
2078 591 2152 753 Ι
2228 592 3212 758 AMBROSII

1516 886 2151 948 MEDIOLANENSIS
2191 886 2570 960 EPISCOPI,

719 1079 772 1144 Α
815 1077 1159 1144 PAULINO
1200 1077 1384 1143 EJUS
1423 1073 1772 1142 NOTARlO
1812 1073 1914 1140 AD
1957 1074 2275 1140 BEATUM
2315 1075 2834 1144 AUGUSTINUM
2876 1078 3386 1147 CONSCRIPTA.

425 1431 477 1485 1.
512 1431 799 1495 Hortaris,
817 1429 1164 1487 venerabilis
1195 1431 1364 1485 Pater
1391 1430 1734 1502 Augustine,
1761 1433 1824 1485 ut
1850 1429 2002 1485 sicut
2032 1430 2084 1496 Α
2115 1432 2218 1483 aut
2246 1429 2440 1484 videre
2471 1429 2652 1502 potui.
2687 1431 2848 1486 Unde
2879 1449 2912 1486 a
2942 1432 3036 1488 die
3080 1434 3396 1491 nativitatis
3443 1438 3571 1508 ejus
3621 1455 3751 1493 nar-

347 1518 506 1574 beati
523 1519 630 1574 viri
653 1519 1011 1575 Athanasius
1028 1519 1334 1591 episcopus
1357 1522 1414 1574 et
1429 1518 1815 1591 Hieronymus
1839 1534 1996 1590 pres-

346 1607 514 1680 byter
553 1607 701 1681 style
731 1607 1021 1680 prosecuti
1074 1611 1211 1663 sunt
1253 1607 1399 1662 vitas
1442 1611 1781 1663 sanctorum
1837 1605 1997 1662 Pauli

347 1701 404 1752 et
429 1696 669 1752 Antonii
712 1696 770 1752 in
803 1713 997 1752 eremo
1030 1696 1374 1769 positorum,
1408 1695 1560 1752 sicut
1599 1695 1771 1751 etiam
1808 1695 2000 1751 Marti-

348 1784 408 1841 ni
437 1784 788 1842 venerabilis
833 1785 1088 1857 episcOpi
1137 1785 1495 1841 Turonensis
1546 1783 1810 1840 Ecclesiae
1840 1789 2000 1839 Seve-

349 1891 452 1930 rus
499 1889 704 1930 servus
752 1873 853 1929 Dei
897 1873 1192 1929 luculento
1231 1890 1498 1929 sermone
1526 1872 1867 1939 contexuit;
1919 1873 2002 1927 sic

351 1963 526 2018 etiam
560 1979 697 2034 ergo
729 1961 1051 2018 beatissimi
1084 1963 1375 2018 Ambrosii
1426 1961 1683 2034 episcopi
1727 1959 2000 2017 Mediola-

353 2053 555 2107 nensis
599 2051 863 2107 Ecclesiae
913 2067 1042 2106 meo
1089 2067 1412 2123 prosequar.
1461 2050 1629 2123 style.
1663 2051 1770 2106 Sed
1805 2067 1910 2122 ego
1941 2055 2007 2105 ut

355 2139 583 2195 meritis
638 2143 938 2195 tantorum
986 2140 1265 2207 virorum,
1300 2140 1400 2212 qui
1432 2140 1585 2194 muri
1617 2139 2003 2195 Ecclesiarum

357 2233 520 2300 sunt,
556 2232 613 2284 et
644 2227 989 2302 eloquentiae
1021 2229 1231 2294 fontes,
1266 2229 1348 2283 ita
1372 2229 1545 2284 etiam
1599 2243 1866 2283 sermone
1914 2244 2008 2282 me

360 2317 647 2391 imparem
679 2318 1066 2374 novi.Tamen
1099 2317 1239 2389 quia
1266 2318 1588 2372 absurdum
1622 2333 1750 2372 esse
1780 2317 2004 2389 opinor,

365 2407 517 2479 quod
564 2406 851 2480 praecipis,
886 2406 1196 2472 declinare,
1229 2424 1297 2462 ea
1339 2423 1466 2478 quae
1503 2423 1537 2462 a
1573 2405 2009 2478 probatissimis

359 2495 520 2563 viris,
555 2495 654 2569 qui
687 2495 770 2551 illi
797 2500 929 2551 ante
961 2513 1054 2551 me
1084 2495 1415 2561 astiterunt,
1449 2499 1505 2550 et
1535 2494 1786 2550 maxime
1819 2495 1887 2550 ab
1922 2512 2010 2549 so-

360 2602 489 2641 rore
535 2585 722 2656 ipsius
772 2584 1088 2640 venerabili
1135 2583 1472 2639 Marcellina
1526 2583 1724 2648 didici,
1753 2582 1840 2639 vel
1884 2601 2010 2653 quae

358 2673 481 2746 ipse
509 2673 649 2740 vidi,
682 2691 814 2730 cum
849 2673 934 2728 illi
965 2679 1236 2734 astarem,
1263 2673 1350 2729 vel
1383 2691 1508 2744 quae
1539 2673 1612 2727 ab
1643 2672 1714 2726 iis
1769 2672 2008 2743 cognovi

359 2763 456 2835 qui
490 2763 659 2817 illum
682 2763 741 2817 in
775 2763 1020 2818 diversis
1047 2761 1362 2833 provinciis
1396 2767 1525 2832 post
1554 2761 1777 2815 obitum
1823 2761 2010 2832 ipsius

361 2868 422 2906 se
451 2851 671 2907 vidisse
693 2856 1025 2916 narrarunt,
1048 2851 1132 2905 vel
1153 2867 1276 2922 qua:
1309 2851 1380 2905 ad
1410 2849 1576 2904 illum
1610 2850 1828 2921 scripta
1849 2855 2006 2916 sunt,

358 2957 492 2995 cum
529 2940 724 2996 adhuc
754 2940 968 2996 obiisse
997 2939 1353 2995 nesciretur:
1379 2939 1616 3009 adjutus
1647 2938 2009 2994 orationibus

366 3030 500 3097 tuis,
537 3034 593 3084 et
639 3030 865 3085 meritis
914 3029 1059 3084 tanti
1105 3028 1238 3095 viri,
1271 3027 1404 3084 licet
1447 3027 1669 3083 inculto
1719 3044 2008 3092 sermone,

363 3118 611 3174 breviter
639 3118 1006 3190 strictimque
1031 3117 1360 3172 describam
1378 3133 1390 3172 :
1408 3120 1472 3171 ut
1492 3116 1722 3172 lectoris
1743 3116 2007 3172 animum

363 3207 467 3263 etsi
500 3224 692 3263 sermo
715 3207 1043 3272 offenderit,
1076 3207 1328 3262 brevitas
1357 3209 1550 3261 tamen
1583 3206 1654 3260 ad
1697 3205 2006 3278 legendum

364 3301 632 3368 provocet
660 3313 673 3351 :
709 3313 814 3353 nec
842 3297 1152 3353 verborum
1186 3295 1335 3351 fucis
1365 3296 1665 3351 veritatem
1697 3296 2008 3362 obducam,

362 3401 431 3440 ne
461 3385 605 3440 dum
633 3385 882 3457 scriptor
906 3385 1203 3458 elegantiae
1235 3401 1510 3456 pompam
1542 3383 1806 3456 requirit,
1831 3383 2010 3439 lector

360 3478 657 3529 tantarum
705 3474 991 3530 virtutum
1037 3475 1267 3529 amittat
1309 3472 1633 3538 scientiam,
1668 3489 1841 3544 quem
1893 3490 2006 3528 non

361 3563 550 3633 magis
579 3563 869 3634 phaleras,
900 3579 1263 3634 pompasque
1311 3563 1642 3627 verborum,
1677 3579 1849 3632 quam
1890 3562 2008 3615 vir-

359 3657 542 3707 tutem
577 3668 793 3718 rerum,
828 3653 1192 3724 gratiamque
1233 3651 1488 3722 Spiritus
1522 3649 1705 3705 sancti
1748 3654 2009 3721 spectare

359 3739 680 3794 conveniat.
717 3740 1015 3812 Siquidem
1051 3739 1382 3794 noverimus
1415 3738 1662 3794 viatores
1693 3738 2006 3810 gratiorem

360 3828 573 3884 habere
603 3845 818 3900 aquam
849 3828 1004 3883 brevi
1037 3845 1180 3883 vena
1208 3827 1551 3890 stillantem,
1587 3826 1729 3882 forte
1760 3843 1894 3882 cum
1926 3828 2008 3881 si-

362 3917 534 3985 tiunt,
569 3935 743 3990 quam
794 3917 1139 3991 proﬂuentis
1180 3910 1354 3972 fontis
1403 3916 1576 3984 rivos,
1613 3933 1862 3988 quorum
1914 3933 2008 3971 co-

365 4006 517 4078 piam
547 4007 677 4063 sitis
709 4011 970 4080 tempore
1025 4006 1277 4079 reperire
1325 4022 1437 4061 non
1472 4009 1737 4078 possunt.
1770 4005 1841 4060 Et
1871 4004 2008 4061 hor-

367 4096 612 4151 deaceus
659 4096 832 4168 panis
879 4095 1069 4151 dulcis
1131 4095 1278 4150 solet
1347 4111 1474 4150 esse
1539 4093 1714 4150 etiam
1766 4093 1858 4150 his
1907 4095 2008 4166 qui

2110 1518 2277 1572 randi
2311 1517 2543 1573 initium
2573 1536 2826 1585 sumam,
2852 1525 2915 1575 ut
2935 1521 3122 1593 gratia
3150 1521 3255 1577 viri
3289 1524 3360 1579 ab
3381 1523 3756 1583 incunabulis

2109 1622 2238 1677 quae
2273 1606 2464 1677 fuerit,
2497 1613 2868 1681 agnoscatur.

2181 1696 2234 1748 3.
2269 1694 2454 1766 Igitur
2500 1697 2690 1768 posito
2741 1699 2798 1752 in
2850 1700 3358 1757 administratione
3406 1704 3755 1775 praefecturae

2109 1781 2432 1839 Galliarum
2463 1790 2624 1856 patre
2655 1788 2782 1856 ejus
2810 1789 3138 1858 Ambrosio,
3172 1795 3345 1846 natus
3377 1798 3466 1847 est
3511 1795 3755 1850 Ambro-

2114 1872 2240 1927 sius
2273 1873 2368 1943 (4).
2403 1872 2510 1935 Qui
2542 1873 2737 1930 infans
2769 1877 2825 1931 in
2857 1893 2992 1932 area
3025 1880 3272 1950 praetorii
3305 1880 3362 1935 in
3405 1898 3557 1937 cuna
3599 1885 3756 1954 posi-

2110 1964 2230 2031 tus,
2283 1978 2414 2016 cum
2480 1963 2760 2019 dormiret
2827 1972 3025 2037 aperto
3086 1984 3205 2033 ore,
3252 1969 3446 2025 subito
3515 1987 3758 2029 examen

2111 2067 2288 2121 apum
2322 2052 2656 2120 adveniens,
2691 2053 2898 2109 faciem
2930 2057 3059 2127 ejus
3087 2062 3261 2129 atque
3291 2075 3393 2114 ora
3418 2060 3755 2130 complevit;

2113 2139 2195 2194 ita
2242 2144 2308 2194 ut
2351 2139 2716 2211 ingrediendi
2746 2142 2806 2198 in
2839 2159 2925 2209 os,
2957 2147 3412 2219 egrediendique
3441 2147 3594 2204 vices
3641 2151 3759 2206 fre-

2116 2233 2478 2298 quentarent.
2516 2230 2647 2294 Quae
2682 2236 2865 2303 pater,
2900 2233 2997 2304 qui
3032 2240 3270 2307 propter
3298 2253 3431 2291 cum
3464 2242 3649 2293 matre
3669 2237 3758 2292 vel

2117 2315 2238 2370 ﬁlia
2287 2317 2718 2385 deambulabat,
2753 2337 2824 2375 ne
2864 2322 3238 2394 abigcrcntur
3267 2326 3337 2380 ab
3369 2325 3598 2396 ancilla,
3634 2343 3760 2398 quae

2118 2421 2317 2460 curam
2372 2406 2665 2462 nutricndi
2731 2408 2974 2465 infantis
3042 2419 3397 2485 susceperat,
3443 2415 3761 2486 prohibens

2119 2493 2392 2566 (sollicita
2439 2496 2594 2550 enim
2644 2502 2767 2552 erat
2805 2514 2876 2553 ne
2907 2499 3115 2554 infanti
3144 2503 3435 2573 nocerent)
3465 2508 3759 2573 exspecta-

2119 2584 2220 2638 bat
2249 2583 2436 2654 patrio
2466 2584 2696 2648 affectu,
2725 2603 2839 2657 quo
2872 2587 2985 2642 line
3015 2587 3160 2642 illud
3203 2589 3549 2644 miraculum
3604 2591 3761 2646 clau-

2119 2672 2354 2727 deretur
2379 2674 2473 2743 (2).
2501 2676 2572 2728 At
2619 2673 2730 2729 illa:
2779 2681 2910 2745 post
2961 2676 3324 2747 aliquamdiu
3357 2678 3668 2745 evolantes,
3701 2681 3761 2736 in

2118 2765 2340 2816 tantam
2374 2761 2525 2816 aeris
2555 2762 2925 2818 altitudinem
2961 2765 3270 2820 sublevatee
3301 2772 3454 2833 sunt,
3475 2773 3537 2822 ut
3555 2767 3763 2823 huma-

2119 2849 2210 2903 nis
2259 2850 2443 2904 oculis
2485 2850 2724 2906 minime
2771 2853 3124 2909 viderentur.
3158 2854 3279 2918 Quo
3331 2855 3480 2909 facto
3523 2857 3763 2912 territus

2119 2941 2283 3010 pater
2326 2938 2450 2993 ait:
2485 2940 2542 2994 Si
2593 2941 2798 2996 vixerit
2842 2941 3171 2999 infantulus
3215 2943 3344 3009 iste,
3369 2944 3589 3017 aliquid
3639 2963 3762 3001 ma-

2117 3026 2215 3098 gni
2265 3028 2393 3082 erit.
2427 3028 2790 3099 Operabatur
2836 3030 2993 3084 enim
3035 3031 3161 3101 jam
3203 3035 3343 3087 tunc
3374 3032 3659 3089 Dominus
3702 3035 3761 3090 in

2120 3115 2332 3170 servuli
2357 3117 2448 3170 sui
2473 3117 2739 3184 infantia,
2759 3123 2818 3173 ut
2847 3119 3190 3191 impleretur
3220 3123 3373 3192 quod
3399 3123 3620 3177 dictum
3644 3127 3760 3179 est:

2117 3206 2249 3260 Favi
2314 3205 2495 3260 mellis
2534 3223 2810 3263 sermones
2868 3208 2992 3262 boni
3041 3210 3223 3278 (Prov.
3277 3227 3391 3276 xvx,
3441 3212 3573 3281 25);
3621 3211 3764 3266 illud

2118 3294 2275 3348 enim
2304 3311 2549 3349 examen
2583 3312 2759 3366 apum
2793 3296 3145 3367 scriptorum
3179 3295 3366 3368 ipsius
3394 3298 3562 3353 nobis
3593 3316 3764 3371 gene-

2119 3382 2284 3437 rabat
2334 3383 2513 3449 favos,
2565 3383 2665 3454 qui
2715 3383 2972 3439 ccelestia
3020 3385 3173 3441 dona
3226 3387 3664 3454 annuntiarent,
3712 3391 3769 3443 et

2119 3476 2344 3527 mentes
2376 3472 2683 3527 hominum
2716 3473 2788 3527 de
2818 3474 3065 3530 terrenis
3098 3476 3168 3530 ad
3201 3474 3410 3530 caelum
3455 3476 3762 3548 erigerent.

2189 3562 2238 3614 4.
2273 3561 2480 3616 Postea
2507 3578 2638 3616 vero
2666 3577 2798 3617 cum
2852 3561 3219 3620 adolevisset.
3253 3569 3310 3617 et
3347 3571 3500 3618 esset
3531 3567 3587 3618 in
3623 3567 3767 3620 urbe

2119 3649 2302 3704 Roma
2332 3650 2688 3705 constitutus
2719 3667 2850 3705 cum
2888 3656 3071 3707 matre
3101 3653 3275 3706 vidua
3307 3657 3363 3708 et
3395 3668 3609 3718 sorore,
3636 3669 3764 3723 quaa

2115 3737 2507 3810 virginitatem
2537 3739 2660 3810 jam
2690 3740 2876 3794 fuerat
2900 3741 3181 3810 professa,
3216 3741 3427 3796 comite
3449 3740 3563 3796 alia
3589 3741 3763 3813 virgi-

2117 3843 2211 3886 ne.
2236 3827 2403 3897 cujus
2442 3826 2686 3899 virginis
2724 3845 2888 3883 soror
2917 3828 3195 3896 Candida,
3230 3833 3286 3884 et
3330 3829 3458 3900 ipsa
3504 3829 3764 3900 ejusdem

2118 3914 2666 3988 professionis,quae
2689 3933 2844 3971 nunc
2875 3917 3224 3990 Carthagine
3255 3916 3412 3989 degit
3434 3916 3561 3986 jam
3593 3935 3761 3975 anus:

2119 4019 2252 4058 cum
2296 4003 2516 4059 videret
2553 4005 2956 4060 sacerdotibus
2987 4022 3020 4059 a
3057 4005 3394 4071 domestica,
3428 4021 3644 4072 sorore,
3677 4005 3764 4062 vel

2119 4096 2305 4147 matre
2359 4108 2571 4148 manus
2623 4091 2874 4148 osculari
2925 4093 3021 4164 (3),
3057 4093 3181 4164 ipse
3231 4093 3440 4148 ludens
3491 4094 3767 4150 olferebat

364 4185 621 4240 centenis
685 4185 912 4240 vicibus
975 4184 1328 4240 ferculorum
1387 4183 1711 4254 quotidiani
1759 4183 2005 4238 convivii
2036 4168 2078 4236 C
2117 4181 2435 4247 dexteram,
2469 4181 2668 4236 dicens
2699 4186 2755 4236 et
2784 4180 2896 4236 sibi
2928 4181 2984 4236 id
3013 4183 3085 4236 ab
3119 4197 3188 4236 ea
3218 4181 3342 4236 ﬁeri
3373 4186 3658 4252 oportere,
3691 4183 3766 4240 si-

362 4273 558 4344 copias
589 4278 817 4329 ructare
847 4277 1220 4329 consuerunt.
1238 4271 1347 4328 Sed
1371 4277 1426 4326 et
1445 4271 1748 4327 hortorum
1779 4288 2010 4327 amoena

362 4361 712 4417 mirantibus
745 4363 935 4417 herbae
968 4366 1227 4434 agrestes
1257 4360 1483 4432 placere
1523 4364 1970 4416 consueverunt.

429 4453 483 4504 2.
517 4451 908 4515 Quamobrem
958 4451 1197 4505 obsecro
1243 4466 1347 4504 vos
1393 4465 1616 4517 omnes,
1651 4449 1709 4503 in
1753 4465 2005 4520 quorum

361 4538 632 4593 manibus
659 4537 808 4594 liber
835 4539 944 4594 iste
974 4539 1319 4605 versabitur,
1353 4542 1419 4593 ut
1447 4537 1698 4593 credatis
1726 4553 1861 4593 vera
1880 4553 2008 4593 esse

363 4641 483 4698 qua:
532 4627 880 4699 scripsimus
915 4646 927 4683 :
958 4643 1063 4684 nec
1111 4631 1276 4699 putet
1319 4643 1411 4682 me
1459 4627 1773 4699 quisquam
1810 4627 2005 4683 studio

360 4714 574 4771 amoris
604 4714 825 4788 aliquid
854 4717 1006 4790 quod
1037 4717 1148 4772 fide
1180 4719 1392 4782 careat,
1425 4714 1692 4788 posuisse
1721 4733 1734 4783 ;
1769 4716 2004 4787 quando

359 4804 595 4875 quidem
628 4805 840 4862 melius
872 4807 949 4861 sit
978 4805 1216 4878 penitus
1248 4804 1394 4861 nihil
1427 4804 1638 4872 dicere,
1674 4821 1851 4877 quam
1893 4804 2004 4860 ali-

361 4892 496 4964 quid
545 4891 678 4949 falsi
726 4894 1003 4965 proferre,
1050 4911 1186 4949 cum
1247 4894 1506 4949 sciamus
1565 4910 1670 4948 nos
1736 4893 2004 4949 omnium

360 4997 695 5037 sermonum
747 4987 1082 5038 nostrorum
1141 4981 1473 5038 reddituros
1539 4997 1668 5036 esse
1717 4981 2005 5037 rationem

359 5069 564 5139 (Matth.
596 5087 697 5137 vn,
733 5073 841 5144 16).
874 5072 990 5128 Nec
1019 5072 1305 5138 dubitem,
1337 5071 1445 5126 etsi
1476 5087 1591 5126 non
1624 5070 1695 5125 ab
1727 5071 2001 5128 omnibus

360 5159 573 5228 omnia,
601 5163 796 5216 tamen
830 5177 866 5215 a
895 5160 1140 5218 diversis
1168 5161 1398 5215 diversa
1427 5158 1582 5224 sciri,
1602 5161 1658 5214 et
1677 5175 1746 5214 ea
1775 5159 2006 5231 cognita

359 5246 657 5303 nonnullis
689 5263 840 5313 esse,
877 5265 1005 5320 quas
1037 5250 1214 5306 etiam
1246 5249 1444 5304 minus
1486 5248 1612 5319 ipse
1660 5253 1761 5302 aut
1803 5248 2005 5304 audire

425 5407 499 5476 (l)
545 5406 738 5462 Codex
784 5408 983 5478 Mich.,
1027 5412 1190 5466 Patre
1233 5410 1376 5465 beati
1438 5407 1730 5474 Ambrosii,
1780 5410 2006 5464 nomine

358 5479 652 5552 Ambrosio,
685 5482 857 5552 natus,
880 5481 996 5552 ipse
1028 5482 1210 5537 beatus
1243 5481 1556 5535 Ambrosius
1583 5487 1684 5552 est).

419 5549 494 5617 (2)
538 5549 699 5604 Idem
760 5549 959 5608 codex.

356 5621 558 5676 scilicet
583 5620 775 5677 ordine
798 5621 940 5678 illud
959 5620 1296 5680 miraculum
1314 5620 1680 5678 clauderetur.

1023 5536 1196 5621 ﬁnem,
1247 5554 1336 5607 rei
1393 5550 1832 5622 prgrstolabalur,
1903 5565 2006 5619 quo
2035 5536 2084 5602 D

2117 4270 2352 4342 quidem
2393 4269 2733 4341 episcopum
2783 4287 2844 4325 se
2890 4271 3152 4325 futurum
3186 4287 3314 4326 esse
3364 4272 3761 4341 memorabat;

2115 4357 2462 4430 loquebatur
2491 4358 2648 4412 enim
2670 4357 2728 4412 in
2762 4357 2858 4413 illo
2888 4359 3140 4430 Spiritus
3170 4358 3427 4426 Domini,
3459 4359 3561 4431 qui
3593 4359 3763 4416 illum

2116 4447 2188 4503 ad
2219 4446 2610 4502 sacerdotium
2670 4447 2966 4503 nutriebat
2995 4466 3007 4503 :
3041 4447 3142 4504 illa
3168 4465 3301 4504 vero
3333 4454 3395 4504 ut
3426 4448 3761 4506 adolescen-

2113 4541 2230 4592 tem
2263 4540 2318 4592 et
2349 4535 2703 4591 nescientem
2735 4536 2876 4608 quid
2909 4537 3146 4604 diceret,
3180 4539 3510 4612 respuebat.

2184 4627 2237 4681 5.
2273 4625 2383 4680 Sed
2414 4628 2723 4697 postquam
2755 4626 2994 4683 edoctus
3021 4627 3360 4685 liberalibus
3410 4627 3759 4701 disciplinis,

2115 4733 2185 4773 ex
2233 4714 2382 4770 Urbe
2431 4729 2703 4787 egressus
2752 4719 2858 4784 est,
2902 4717 3319 4790 professusque
3365 4718 3426 4772 in
3473 4716 3760 4773 auditorio

2114 4805 2465 4879 praefectura;
2505 4804 2777 4877 pratorii,
2809 4804 2891 4861 ita
2936 4806 3239 4880 splendide
3281 4821 3490 4861 causas
3527 4820 3762 4876 perora-

2112 4896 2214 4966 vit,
2248 4897 2310 4949 nt
2354 4893 2669 4966 eligeretur
2697 4910 2731 4949 a
2759 4893 2879 4950 viro
2927 4893 3143 4952 illustri
3183 4893 3389 4960 Probo,
3422 4897 3562 4948 tunc
3610 4909 3760 4964 pra:-

2113 4985 2262 5040 fecto
2296 4982 2571 5054 praetorii,
2606 4983 2676 5037 ad
2709 4982 3023 5038 consilium
3057 4982 3456 5037 tribuendum.
3484 4981 3619 5036 Post
3639 4979 3761 5036 haec

2114 5069 2549 5129 consularitatis
2563 5069 2822 5141 suscepit
2837 5069 3111 5142 insignia,
3122 5074 3187 5124 ut
3204 5073 3425 5142 regeret
3436 5069 3757 5143 Liguriam,

2112 5160 2523 5231 [Emiliamque
2552 5157 2902 5230 provincias,
2936 5157 3209 5230 venitque
3249 5157 3666 5216 Mediolanum.

2181 5252 2235 5306 6.
2271 5250 2375 5304 Per
2422 5245 2578 5302 idem
2629 5249 2884 5316 tempus,
2929 5249 3159 5304 mortuo
3204 5248 3489 5305 Auxentio
3533 5249 3758 5306 Arianae

2183 5409 2259 5481 (3)
2291 5407 2507 5464 Omnes
2553 5404 2692 5461 edit.
2739 5419 2806 5481 ac
2859 5419 3002 5481 mss.
3053 5404 3686 5481 nonnulli,_sacerdotis
3725 5423 3762 5462 α

2113 5477 2406 5536 domestica
2447 5493 2629 5536 sorore
2666 5477 2748 5530 vel
2789 5479 2964 5532 matre
2994 5492 3186 5533 manus
3224 5478 3530 5535 osculari...
3564 5482 3632 5535 ab
3681 5481 3762 5536 eis

2115 5553 2237 5675 ﬁer?
2264 5555 2511 5676 oportere
2540 5569 2558 5607 :
2583 5548 2681 5606 alii
2711 5563 2881 5619 mss,
2912 5547 3108 5620 plures
3157 5565 3222 5604 ac
3251 5549 3525 5621 potiores,
3561 5556 3628 5610 ut
3655 5564 3761 5608 nos

2115 5639 2171 5676 in
2213 5638 2289 5676 ex
2316 5639 2377 5676 u.
3345 5651 3354 5658 ο

2112 5639 2171 5677 1n
2196 5638 2377 5677 ῑθχιυ.
3345 5651 3354 5658 ·
