3944 6216
216 247 284 309 31
1557 238 1740 302 Vl'l‘A
1785 238 1849 301 S.
1898 236 2277 305 AMBROSII
3545 249 3623 311 32

212 381 467 458 perﬁdiae
513 380 785 458 episcopo
832 380 957 456 (qui
999 378 1276 456 Dionysio
1326 379 1505 438 beatae
1556 374 1855 435 memoriae
1884 373 1941 442 Α
1969 380 2101 437 ctus
2147 378 2219 437 ad
2267 377 2657 439 sacerdotium
2705 382 3017 456 peteretur.
3060 377 3387 441 Lmtabatur
3435 383 3615 441 etiam

214 474 543 532 confessore
592 473 665 530 ad
715 473 989 530 exsilium
1062 473 1374 543 destinato,
1415 472 1734 531 incubabat
1790 470 1864 544 (4)

212 562 553 636 Ecclesiam)
596 581 728 620 cum
780 564 1032 637 populus
1082 564 1153 620 ad
1201 564 1547 621 seditionem
1600 564 1867 633 surgeret

213 653 272 708 in
316 653 566 725 petendo
617 654 909 726 episcopo,
951 658 1222 726 essetque
1270 653 1353 708 illi
1406 671 1555 709 cura
1591 650 1863 707 sedandae

211 743 535 809 seditionis,
579 760 649 799 ne
698 743 951 815 populus
990 743 1238 800 civitatis
1286 743 1345 799 in
1395 742 1722 815 periculum
1771 744 1865 798 sui

209 834 550 900 verteretur,
581 833 835 905 perrexit
867 834 939 889 ad
969 832 1276 889 ecclesiam
1313 852 1325 890 :
1363 833 1557 905 ibique
1611 850 1743 889 cum
1777 832 1864 889 al-

207 920 546 995 loqueretur
590 921 839 994 plebem,
876 924 1068 978 subito
1112 939 1222 979 vox
1276 924 1460 979 fertur
1508 922 1752 979 infantis
1804 923 1866 978 in

209 1011 425 1084 populo
453 1011 721 1068 sonuisse
743 1013 819 1085 (5)
842 1011 1244 1069 :Ambrosium
1277 1013 1638 1085 episcopum.
1668 1012 1753 1067 Ad
1771 1029 1867 1067 cu-

201 1101 306 1173 jus
353 1100 513 1157 vocis
562 1117 771 1157 sonum
806 1102 986 1158 totius
1018 1101 1219 1174 populi
1250 1119 1351 1158 ora
1382 1119 1658 1159 conversa
1705 1106 1862 1168 sunt,

211 1188 596 1245 acclamantis
627 1190 1005 1246 Ambrosium
1040 1191 1381 1264 episcopum
1407 1210 1418 1256 ;
1455 1191 1536 1247 ita
1564 1191 1664 1263 qui
1696 1194 1867 1247 antea

206 1278 716 1336 turbulentissime
744 1278 1128 1349 dissidebant,
1162 1280 1302 1352 quia
1334 1285 1390 1336 et
1418 1281 1615 1336 Ariani
1654 1279 1764 1338 sibi
1808 1283 1865 1336 et

206 1367 485 1424 Catholici
513 1367 624 1423 sibi
655 1367 993 1439 episcopum
1013 1369 1347 1440 cupiebant,
1366 1368 1657 1441 superatis
1690 1368 1860 1425 alter-

204 1456 374 1523 utris,
408 1457 686 1524 ordinari,
720 1460 955 1527 repente
986 1457 1041 1511 iu
1076 1457 1234 1513 hunc
1264 1474 1449 1514 unum
1499 1457 1756 1514 mirabili
1807 1462 1864 1514 et

202 1544 527 1603 incredibili
561 1544 871 1601 concordia
896 1550 1325 1603 consenserunt
1356 1547 1454 1618 (6).

274 1640 324 1691 7.
358 1636 479 1700 Quo
532 1634 630 1691 ille
672 1634 924 1708 cognito,
971 1652 1244 1709 egressus
1286 1635 1627 1705 ecclesiam,
1672 1635 1860 1691 tribu-

1977 468 2202 527 Probus
2231 470 2561 544 praefectus,
2581 472 2736 545 quod
2765 473 3009 530 verbum
3045 474 3172 546 ejus
3201 473 3546 547 impleretur
3565 475 3624 531 in

1975 560 2280 617 Ambrosio
2314 578 2326 617 :
2358 562 2582 619 dixerat
2610 563 2765 619 enim
2816 563 3228 636 proficiscenti,
3263 581 3397 621 cum
3458 582 3626 622 man-

1976 650 2113 706 data
2140 651 2215 706 ab
2272 652 2475 707 eodem
2506 653 2804 721 darentur,
2838 655 2905 708 ut
2934 653 3115 710 moris
3145 658 3237 710 est
3268 672 3281 710 :
3308 655 3489 723 Vade,
3524 671 3629 728 age

1976 757 2090 799 non
2122 745 2188 796 ut
2209 740 2412 812 judex,
2444 741 2546 799 sed
2580 746 2647 798 ut
2676 742 3010 815 episcopus.

2044 830 2097 884 9.
2134 830 2427 886 Pendente
2458 830 2654 903 itaque
2694 830 2996 900 relatione,
3031 832 3245 890 iterum
3279 834 3477 908 fugam
3530 852 3630 907 pa-

1974 919 2141 985 ravit,
2175 923 2352 992 atque
2401 919 2461 975 in
2494 920 2868 993 possessione
2900 922 3210 993 cujusdam
3239 923 3465 980 Leontii
3509 924 3626 980 cla-

1974 1007 2195 1064 rissimi
2226 1009 2333 1064 viri
2364 1008 2711 1082 aliquandiu
2757 1009 3011 1067 delituit.
3046 1013 3158 1067 Sed
3208 1012 3309 1069 ubi
3358 1013 3627 1070 relationi

1974 1113 2320 1170 responsum
2355 1102 2462 1168 est,
2496 1099 2569 1155 ab
2612 1099 2816 1155 eodem
2860 1100 3102 1158 Leontio
3133 1101 3401 1173 proditur
3435 1121 3448 1159 :
3482 1118 3641 1175 prae-'

1973 1189 2206 1258 ceptum
2256 1187 2413 1243 enim
2453 1191 2578 1244 erat
2604 1184 2819 1245 vicario
2851 1193 2917 1245 ut
2948 1189 3247 1246 insisteret
3286 1191 3463 1247 rebus
3495 1208 3623 1264 per-

1973 1274 2238 1332 ﬁciendis
2271 1294 2284 1332 :
2319 1276 2416 1348 qui
2484 1275 2750 1349 injuncta
2796 1276 2908 1333 sibi
2953 1294 3086 1333 cum
3135 1278 3311 1335 vellet
3359 1279 3624 1352 implere,

1972 1364 2272 1437 proposito
2333 1364 2540 1435 edicto,
2593 1365 2861 1421 convenit
2930 1382 3154 1436 omnes,
3197 1371 3262 1423 ut
3312 1367 3360 1424 si
3414 1368 3629 1426 vellent

1973 1452 2083 1509 sibi
2139 1453 2463 1523 consulere,
2512 1454 2804 1526 rebusque
2853 1454 2997 1521 suis,
3043 1444 3357 1528 proderent
3408 1458 3622 1515 virum.

1973 1542 2243 1598 Proditus
2274 1542 2472 1614 itaque
2502 1546 2559 1598 et
2588 1543 2880 1600 adductus
2911 1544 3332 1615 Mediolanum,
3365 1562 3500 1603 cum
3542 1548 3629 1604 in-

1970 1630 2258 1705 telligeret
2303 1631 2457 1687 circa
2485 1647 2548 1688 se
2587 1632 2688 1689 Dei
2737 1631 3120 1703 voluntatem,
3152 1651 3259 1692 nec
3302 1652 3363 1692 se
3406 1636 3631 1695 diutius

200 1723 297 1782 nal
319 1724 433 1813 sibi
463 1724 651 1813 parari
688 1724 862 1793 fecit;
898 1723 1115 1798 quippe
1164 1742 1299 1781 mox
1345 1726 1579 1781 futurus
1629 1724 1858 1798 episco-
1888 1747 1938 1813 B
1972 1736 2145 1813 posse
2176 1719 2470 1813 resistere,
2502 1720 2844 1813 postulavit
2865 1738 2982 1779 non
3032 1738 3095 1813 se
3134 1723 3249 1779 nisi
3280 1741 3314 1779 a
3346 1725 3630 1784 catholico

199 1830 334 1887 pus,
385 1812 594 1869 altiora
637 1813 1024 1869 conscendit:
1060 1818 1201 1870 tunc
1240 1818 1443 1870 contra
1481 1814 1857 1870 consuetudi-

198 1920 334 1961 nem
366 1904 862 1959 suamtormenta
873 1902 1053 1971 jussit
1089 1903 1355 1975 personis
1388 1902 1855 1967 adhiberi.Quod

200 2008 336 2051 cum
379 1992 613 2059 faceret,
655 1990 908 2063 populus
968 1991 1357 2049 nihilominus
1420 1992 1785 2049 acclamabat
1839 2010 1852 2049 :

198 2082 510 2139 Peccatum
555 2083 727 2136 tuum
775 2096 954 2154 super
996 2096 1124 2139 nos.
1159 2082 1272 2138 Sed
1325 2098 1442 2138 non
1489 2080 1764 2137 similiter
1804 2081 1855 2137 is

200 2170 455 2245 populus
483 2173 626 2225 tunc
683 2168 973 2239 clamavit,
1008 2170 1160 2228 sicut
1189 2170 1441 2244 populus
1470 2171 1808 2227 Judaeorum
1837 2188 1850 2238 ;

198 2258 286 2315 illi
313 2258 469 2316 enim
499 2257 741 2314 vocibus
771 2258 896 2314 suis
944 2258 1290 2331 sanguinem
1340 2256 1714 2314 Dominieum
1766 2257 1850 2312 ef-

198 2349 497 2415 fuderunt,
570 2346 833 2404 dicentes
898 2365 911 2404 :
975 2347 1211 2419 Sanguis
1289 2346 1449 2419 hujus
1522 2362 1688 2419 super
1755 2362 1853 2403 nos

198 2437 412 2511 (Matth.
444 2450 620 2503 xxvu,
653 2437 784 2509 25):
821 2436 918 2493 isti
947 2453 1080 2494 vero
1124 2436 1613 2493 catechumenum
1662 2434 1849 2492 scien-

194 2530 304 2592 tes,
348 2525 504 2583 ﬁdeli
551 2542 687 2582 voce
727 2525 1133 2582 remissionem
1181 2524 1265 2581 illi
1316 2529 1690 2598 peccatorum
1722 2541 1847 2580 om-

196 2616 361 2673 nium
384 2628 486 2688 per
515 2614 888 2688 baptismatis
921 2614 1172 2689 gratiam
1202 2615 1647 2688 promittebant.
1683 2615 1848 2670 Tunc

195 2704 292 2760 ille
320 2704 592 2761 turbatus
623 2707 916 2761 revertens
947 2704 1213 2773 domum,
1246 2703 1682 2776 philosophiam
1712 2719 1845 2774 pro-

193 2791 343 2850 ﬁteri
392 2791 594 2859 voluit,
627 2793 861 2849 futurus
897 2793 999 2849 sed
1041 2808 1213 2849 verus
1253 2792 1641 2866 philosophus
1671 2791 1842 2848 Chri-

195 2882 294 2949 sti,
328 2880 456 2954 qui,
488 2881 842 2953 contemptis
876 2879 1259 2938 saecularibus
1305 2881 1559 2954 pompis,
1592 2882 1843 2954 piscato-

194 2987 326 3027 rum
362 2973 673 3025 secuturus
703 2972 857 3025 esset
884 2968 1147 3042 vestigia,
1179 2970 1280 3042 qui
1316 2970 1545 3027 Christo
1594 2969 1843 3043 populos

195 3060 627 3131 congregarunt
673 3074 789 3114 non
840 3059 989 3115 fucis
1053 3058 1386 3129 verborum,
1428 3060 1530 3115 sed
1589 3057 1841 3132 simplici

201 3163 494 3216 sermone,
524 3150 582 3203 et
618 3163 763 3204 verae
823 3146 959 3203 ﬁdei
1007 3147 1249 3219 ratione,
1301 3148 1468 3206 missi
1512 3150 1637 3206 sine
1678 3165 1838 3220 pera,

201 3236 335 3303 sine
356 3235 537 3309 virga,
571 3232 748 3292 etiam
778 3235 939 3308 ipsos
987 3236 1370 3311 philosophos
1413 3240 1838 3295 converterunt.

199 3325 362 3390 Quod
392 3325 491 3381 ubi
523 3341 596 3381 ne
622 3325 856 3394 faceret,
889 3331 1192 3387 revocatus
1220 3330 1309 3383 est
1339 3346 1352 3384 :
1388 3326 1654 3400 publicas
1712 3342 1840 3380 mu-

198 3413 369 3487 lieres
401 3414 632 3486 publice
658 3414 729 3470 ad
761 3430 823 3471 se
852 3414 1079 3488 ingredi
1119 3415 1275 3488 fecit,
1309 3416 1381 3472 ad
1430 3415 1539 3473 hoc
1585 3417 1839 3483 tantum,

199 3507 264 3559 ut
309 3502 452 3559 visis
495 3502 607 3572 his,
632 3502 831 3576 populi
878 3504 1124 3561 intentio
1171 3508 1558 3563 revocaretur.
1589 3506 1662 3561 At
1707 3520 1842 3560 vero

199 3590 453 3664 populus
482 3592 672 3665 magis
688 3592 992 3666 magisque
1008 3592 1300 3652 clamabat
1315 3612 1328 3651 :
1343 3593 1651 3651 Peccatum
1673 3596 1842 3650 tuum

198 3698 377 3755 super
405 3697 532 3738 nos.

269 3770 323 3826 8.
355 3771 428 3826 At
471 3769 569 3828 ille
618 3787 750 3827 cum
800 3771 1022 3828 videret
1070 3772 1217 3827 nihil
1261 3770 1644 3827 intentionem
1673 3786 1844 3827 suam

197 3875 371 3932 posse
416 3859 715 3932 proﬁcere,
748 3861 948 3934 fugam
993 3860 1264 3932 paravit:
1298 3875 1689 3934 egressusque
1736 3876 1845 3916 no-

199 3948 308 4004 ctis
354 3947 545 4004 medio
590 3948 903 4018 civitatem,
960 3966 1092 4005 cum
1152 3950 1420 4006 Ticinum
1485 3966 1547 4005 se
1607 3965 1846 4022 pergere

198 4040 452 4133 putaget,
483 4054 655 4094 mane
694 4038 766 4094 ad
798 4043 1024 4110 portam
1076 4037 1326 4096 civitatis
1371 4037 1843 4106 Mediolanensis,

200 4126 649 4198 quae'Romana
705 4127 938 4196 dicitur,
972 4127 1298 4198 invenitur;
1343 4132 1494 4185 Deus
1538 4127 1693 4185 enim
1746 4127 1846 4200 qui

198 4213 466 4281 Ecclesiae
498 4232 616 4277 suae
648 4214 946 4274 catholicae
997 4234 1233 4273 murum
1277 4217 1523 4289 parabat
1567 4216 1846 4272 adversus

198 4300 472 4359 inimicus
532 4321 691 4372 suos,
738 4308 797 4360 et
841 4308 1063 4361 turrem
1112 4305 1370 4378 erigebat
1417 4304 1598 4361 David
1647 4308 1850 4362 contra

200 4389 411 4448 faciem
487 4391 756 4449 Damasci
822 4393 921 4465 (7),
972 4393 1082 4450 hoc
1140 4401 1229 4450 cst
1283 4398 1485 4451 contra
1540 4393 1846 4466 perﬁdiam

1972 1809 2245 1882 episcopo
2290 1808 2612 1883 baptizari;
2659 1809 2908 1868 sollicite
2966 1812 3122 1869 enim
3166 1814 3409 1872 cavebat
3454 1816 3630 1888 perﬁ-

1968 1897 2124 1954 diam
2150 1898 2499 1955 Arianorum
2533 1899 2986 1973 (8).Baptizatus
3005 1900 3204 1974 itaque
3226 1902 3411 1960 fertur
3430 1905 3630 1963 omnia

1967 1985 2364 2059 ecclesiastica
2429 1987 2624 2044 ofﬁcia
2685 1987 2986 2062 implesse,
3034 1994 3210 2063 atque
3276 1995 3480 2049 octava
3530 1992 3624 2051 die

1965 2075 2278 2149 episcopus
2330 2076 2634 2133 ordinatus
2683 2080 2773 2134 est
2836 2094 3071 2137 summa
3129 2095 3265 2135 cum
3327 2082 3516 2155 gratia
3564 2086 3622 2139 et

1964 2162 2166 2220 laetitia
2196 2167 2562 2221 cunctorum.
2596 2165 2782 2240 Igitur
2811 2170 2945 2239 post
2974 2184 3161 2225 annos
3200 2166 3424 2242 aliquot
3460 2171 3616 2227 ordi-

1963 2252 2218 2310 nationis
2248 2271 2368 2310 suae
2400 2256 2474 2312 ad
2504 2255 2710 2312 urbem
2750 2256 3018 2327 Romam,
3051 2256 3162 2314 hoc
3213 2261 3303 2315 est
3349 2259 3420 2316 ad
3479 2277 3611 2333 pro-

1962 2341 2159 2416 prium
2208 2342 2422 2411 solum,
2461 2343 2733 2417 perrexit,
2784 2343 2983 2417 ibique
3031 2351 3294 2403 sanctam
3334 2346 3613 2420 puellam,

1960 2431 2031 2488 de
2078 2447 2196 2503 qua
2240 2449 2420 2506 supra
2466 2432 2945 2501 memoravimus,
2979 2434 3074 2488 cui
3118 2452 3361 2492 manum
3410 2437 3614 2494 offerre

1957 2519 2171 2577 solitus
2200 2525 2346 2590 erat,
2377 2521 2438 2577 in
2469 2522 2642 2577 domo
2675 2521 2911 2595 propria
2940 2538 3073 2578 cum
3125 2540 3427 2597 germana,
3462 2528 3615 2584 sicut

1958 2609 2293 2683 reliquerat,
2318 2609 2562 2678 invenit,
2588 2611 2716 2682 jam
2749 2614 2934 2666 matre
2963 2611 3457 2687 defuncta.Atque
3477 2632 3613 2673 cum

1955 2699 2057 2756 illa
2114 2700 2413 2756 dexteram
2476 2698 2638 2755 illius
2707 2698 3092 2768 oscularetur,
3146 2702 3460 2761 subridens
3533 2706 3614 2762 ait

1955 2787 2081 2859 illi;
2131 2793 2293 2857 Ecce,
2345 2791 2411 2844 ut
2456 2788 2724 2846 dicebam
2786 2788 2914 2855 tibi,
2964 2791 3316 2849 sarcerdotis
3368 2811 3609 2852 manum
3654 2826 3661 2833 -

1954 2876 2264 2935 oscularis.

2024 2967 2111 3022 10.
2143 2967 2251 3023 Per
2292 2965 2447 3022 idem
2489 2968 2726 3038 tempus
2772 2982 2908 3023 cum
2956 2972 3121 3025 trans
3157 2969 3416 3028 Tiberim
3449 2973 3604 3047 apud

1954 3056 2271 3129 quamdam
2331 3054 2719 3123 clarissimam
2773 3055 3071 3127 invitatus,
3132 3059 3487 3117 sacriﬁcium
3544 3063 3602 3118 in

1954 3145 2127 3200 domo
2157 3144 2409 3209 offerret,
2441 3145 2709 3216 quaedam
2755 3145 3081 3203 balneatrix
3108 3165 3233 3219 quae
3283 3149 3604 3225 paralytica

1950 3234 2011 3289 in
2061 3232 2209 3290 lecto
2266 3233 2518 3305 jacebat,
2571 3250 2705 3290 cum
2766 3236 3136 3308 cognovisset
3191 3237 3410 3295 ibidem
3468 3256 3598 3297 esse

1951 3322 2183 3379 Domini
2241 3323 2624 3392 sacerdotem,
2658 3323 2718 3379 in
2751 3322 2960 3380 sellula
2991 3341 3051 3380 se
3082 3326 3155 3382 ad
3186 3327 3452 3395 eamdem
3498 3328 3596 3383 εἰο-

1952 3428 2138 3481 mum,
2172 3412 2245 3469 ad
2293 3429 2471 3484 quam
2515 3411 2612 3469 ille
2660 3412 2938 3471 invitatus
2976 3418 3232 3484 venerat,
3264 3416 3480 3487 portari
3515 3417 3596 3473 fe-

1951 3500 2048 3571 cit,
2081 3506 2258 3574 atque
2286 3501 2510 3558 orantis
2540 3504 2597 3558 et
2627 3502 2983 3575 imponentis
3011 3520 3224 3560 manus
3250 3505 3599 3563 vestimenta

1952 3590 2164 3663 attigit.
2222 3589 2355 3654 Quae
2404 3605 2542 3647 cum
2588 3590 3043 3659 exoscularetur,
3099 3592 3297 3649 statim
3347 3594 3598 3651 sanitate

1953 3683 2207 3753 recepta,
2241 3677 2544 3735 ambulare
2584 3679 2793 3752 coepit;
2828 3685 2894 3737 ut
2935 3680 3281 3755 impleretur
3308 3681 3455 3739 illud
3486 3684 3596 3741 Do-

1953 3777 2239 3835 minicum
2290 3776 2514 3833 dictum
2564 3777 2637 3834 ad
2687 3778 2981 3850 apostolos
3011 3796 3023 3834 :
3056 3780 3238 3836 Etiam
3272 3782 3483 3853 majora
3515 3782 3600 3839 his

1952 3866 2199 3942 facietis,
2231 3866 2504 3923 credentes
2552 3868 2615 3922 in
2659 3868 2882 3924 nomine
2935 3882 3055 3926 meo
3106 3871 3283 3938 (Joan.
3334 3887 3453 3939 XIV,
3486 3870 3597 3944 42).

1955 3956 2117 4022 Quod
2167 3959 2363 4011 tamen
2409 3955 2643 4027 signum
2696 3955 2967 4012 sanitatis
3017 3960 3083 4013 ut
3138 3958 3405 4015 mirabile
3468 3960 3597 4030 fuit,

1953 4043 2036 4100 ita
2089 4043 2264 4101 etiam
2315 4059 2422 4100 nec
2466 4043 2801 4114 occultum;
2834 4061 2973 4101 nam
3021 4062 3127 4119 ego
3166 4046 3363 4104 hocin
3396 4049 3599 4106 eadem

1956 4132 2192 4206 regione
2223 4132 2298 4205 (9)
2326 4136 2462 4205 post
2504 4149 2691 4191 annos
2735 4132 3043 4206 plurimos,
3076 4135 3297 4193 sanctis
3338 4136 3478 4194 viris
3507 4155 3600 4194 re-

1954 4221 2301 4291 ferentibus,
2331 4221 2559 4294 positus
2585 4221 2647 4279 in
2678 4222 2830 4280 Urbe
2858 4223 3121 4297 cognovi.

2025 4311 2114 4368 Η.
2149 4310 2432 4369 Sirmium
2461 4326 2594 4368 vero
2642 4328 2779 4368 cum
2829 4312 2903 4369 ad
2941 4312 3332 4371 ordinandum
3380 4315 3602 4388 episco-

1959 4418 2102 4475 pum
2149 4399 2460 4457 Anemium
2512 4401 2883 4474 perrexisset,
2916 4401 3114 4474 ibique
3161 4403 3406 4461 Justinus
3464 4410 3604 4463 tunc

199 4478 629 4548 hereticorum,
650 4481 851 4553 fugam
877 4480 1035 4537 illius
1066 4481 1387 4555 impedivit.
1413 4481 1521 4548 Qui
1553 4481 1848 4550 inventus,
1880 4495 1928 4561 D
1960 4489 2261 4563 temporis.
2290 4488 2504 4563 reginae
2552 4490 2811 4562 potentia
2851 4495 2911 4547 et
2957 4490 3337 4549 multitudine
3390 4495 3603 4551 coadu-

202 4586 339 4627 cum
383 4568 776 4625 custodiretur
813 4587 847 4626 a
888 4569 1127 4642 populo,
1161 4569 1344 4626 missa
1387 4569 1592 4627 relatio
1637 4574 1724 4626 est
1777 4571 1850 4627 ad

203 4655 730 4715 clementissimum
763 4658 1176 4729 imperatorem
1195 4658 1843 4730 tuchalentinianum,

204 4748 306 4820 qui
355 4761 590 4803 summo
637 4746 851 4820 gaudio
888 4747 1113 4827 accepit
1142 4748 1295 4820 quod
1319 4748 1503 4819 judex
1532 4765 1565 4805 a
1601 4764 1664 4804 se
1693 4747 1844 4805 dire-

277 4924 358 5002 (4)
392 4924 672 5002 Nonnulli
721 4941 865 5002 mss.
898 4927 1213 5002 incursabat
1259 4927 1588 5002 ecclesiam;
1634 4931 1845 5002 caeteri,

206 4997 500 5055 incubabat
528 4998 829 5055 Ecclesium
842 5016 863 5062 ;
885 4998 1049 5066 edit.,
1080 4999 1350 5057 Ecclesiae.

277 5067 527 5147 (5)(1011.Δ
554 5070 1124 5147 Ρὶερηᾶῒᾳυθ-Βθοοε,
1158 5072 1391 5147 ingratis
1419 5075 1501 5129 ter
1547 5074 1605 5129 in
1648 5076 1850 5147 populo

204 5140 737 5228 sonuisse._At‘pOst
786 5140 962 5228 paulo
1011 5141 1173 5228 solus
1221 5140 1849 5228 Fisc.,‘per‘t.cr'aécla-

205 5212 441 5287 mantis:
473 5210 535 5267 in
583 5210 746 5287 Becc.
777 5210 972 5271 autem
1024 5219 1082 5272 et
1118 5215 1321 5287 paucis
1372 5210 1504 5273 aliis
1538 5217 1633 5274 hic
1680 5214 1849 5275 voces

206 5281 445 5407 aliquot.
461 5284 1008 5354 praetermittuntur.

280 5353 296 5407 (
339 5354 535 5407 )Flsc.
564 5356 690 5407 cod.
739 5356 983 5407 immani

564 5356 690 5443 eod.
739 5356 984 5443 immapi
1040 5358 1203 5443 hiatu
1250 5358 1398 5443 istic.
1424 5358 1642 5443 fatiscit
1673 5378 1707 5443 ;_
1736 5365 1852 5443 ete-

207 5429 333 5487 nim
380 5429 513 5507 post
553 5433 939 5510 consenserunt
1007 5430 1215 5514 statim.
1267 5430 1574 5514 subjungit
1619 5450 1631 5488 :
1680 5435 1855 5505 Igitur

208 5494 526 5576 Ambrosius
567 5497 755 5569 populi
802 5515 863 5554 in
909 5516 1009 5555 sua
1057 5500 1315 5558 electione
1361 5506 1552 5576 agnito
1610 5520 1852 5572 assensu,

209 5583 341 5649 cum.
376 5565 581 5649 vitet-et
621 5565 809 5625 contra
853 5579 1036 5649 rotam
1082 5588 1244 5628 suum
1285 5565 1425 5630 rem'
1446 5574 1517 5630 ad
1548 5565 1856 5647 profectum

210 5641 418 5703 venire,
449 5641 640 5708 Iugum
666 5644 905 5713 paravit.

1960 4583 2100 4637 nata
2139 4579 2209 4636 de
2254 4578 2500 4636 ecclesia
2544 4578 2900 4652 pelleretur;
2934 4584 2999 4636 ut
3045 4597 3161 4636 non
3205 4581 3278 4637 ab
3322 4581 3472 4655 ipso,
3504 4584 3604 4641 sed

1956 4669 2028 4726 ab
2057 4668 2344 4726 hareticis
2375 4668 2614 4725 arianus
2645 4668 2955 4741 episcopus
2998 4669 3058 4725 in
3106 4671 3309 4727 eadem
3366 4671 3608 4729 ecclesia

1955 4757 2326 4815 ordinaretur
2374 4775 2388 4815 :
2437 4761 2707 4830 essetque
2771 4757 3126 4815 constitutus
3190 4760 3252 4816 in
3304 4759 3605 4830 tribunali,

2031 4936 2108 5011 (7)
2133 4936 2362 4993 Rursus
2408 4935 2471 5011 i_n
2528 4934 2751 5011 eodem
2779 4937 2933 5011 cod,
2959 4936 3107 5011 Fisc.
3142 4936 3354 5011 lacuna
3394 4937 3491 4995 hic
3522 4942 3611 4996 est

1959 5007 2048 5066 ad
2091 5007 2251 5080 eum
2307 5007 2573 5080 modum,
2632 5010 2824 5080 contra
2903 5010 3105 5080 faciem
3163 5010 3439 5067 Damasci.
3502 5011 3609 5067 Hoc

1960 5082 2133 5152 igitur
2189 5079 2259 5135 ad.
2309 5079 2792 5152 clementissimum
2870 5079 3252 5152 imperatorem
3316 5083 3449 5136 tunc
3511 5083 3608 5138 Va-

1961 5150 2332 5209 lentinianum
2398 5150 2632 5223 relatum
2688 5158 2784 5223 est,
2835 5152 2934 5221 qui
2944 5150 2957 5152 ⁷
2986 5168 3193 5208 summa
3230 5152 3452 5223 gaudio
3517 5170 3610 5209 ac-

1960 5224 2118 5295 cepit,
2151 5222 2291 5296 quod
2326 5221 2539 5295 judices
2568 5238 2603 5277 a
2635 5237 2693 5278 se
2724 5221 2911 5278 .iirccti
2939 5223 3008 5278 ad
3054 5221 3418 5280 sacerdotium
3457 5227 3609 5296 pete-

1960 5302 2177 5352 rentur.

2034 5365 2109 5437 (8)
2141 5365 2283 5439 Mss.
2334 5362 2577 5436 aliquot,
2622 5364 2918 5421 sollicitam
2960 5366 3110 5421 enim
3166 5365 3397 5423 habebat
3444 5367 3609 5439 perﬁ-

1962 5436 2116 5493 diam
2145 5436 2499 5492 Arianorum.

2036 5506 2112 5587 (9)
2141 5507 2356 5563 Aberat
2383 5507 2468 5587 pb
2496 5506 2728 5587 editsnet
2754 5522 2899 5563 mss.
2932 5506 3313 5587 quibusdam,l
3344 5509 3405 5564 in
3428 5508 3613 5567 eadem

1963 5581 2188 5660 regione
2232 5596 2251 5634 :
2300 5578 2403 5635 sed
2454 5577 2514 5634 in
2567 5576 2711 5634 aliis
2759 5593 2902 5634 mss.
2948 5576 3399 5651 ‘probatioribus
3446 5595 3612 5653 repe-

1966 5655 2137 5707 ritur.
