3938 6214
234 477 299 536 33

269 721 369 759 una
397 704 473 760 de
502 705 867 778 virginibus
896 703 1246 761 Arianorum
1277 703 1674 776 impudentior
1694 701 1936 771 caeteris,

284 793 522 851 tribunal
547 794 1357 868 conscendens,apprehenso
1380 792 1725 849 vestimento
1749 809 1938 848 sacer-

292 885 447 952 dotis,
480 901 622 941 cum
655 885 834 941 illum
865 884 1152 940 attrahere
1181 882 1351 940 vellet
1378 884 1450 939 ad
1475 887 1701 956 partem
1733 881 1938 938 mulie-

301 993 432 1042 rum,
465 979 531 1032 ut
560 975 634 1030 ab
679 974 828 1046 ipsis
876 991 1061 1030 caesus
1093 974 1162 1029 de
1194 971 1438 1029 ecclesia
1475 971 1822 1044 pelleretur;
1859 972 1941 1028 ait

301 1064 360 1129 ei,
393 1069 455 1119 ut
483 1065 613 1135 ipse
645 1063 859 1119 solitus
891 1067 1015 1119 erat
1064 1063 1275 1118 referre
1307 1079 1320 1118 :
1355 1061 1476 1117 Etsi
1524 1077 1629 1134 ego
1659 1060 1939 1133 indignus

302 1159 444 1210 tanto
474 1153 806 1210 sacerdotio
839 1169 993 1220 sum,
1036 1156 1230 1208 tamen
1276 1155 1332 1207 te
1381 1168 1499 1207 non
1546 1151 1815 1208 convenit
1853 1149 1938 1207 vel

302 1244 716 1316 professionem
775 1246 941 1298 tuam
998 1241 1058 1296 in
1121 1239 1612 1313 qualemcumque
1679 1241 1942 1296 sacerdo-

302 1341 407 1388 tem
464 1349 682 1388 manus
741 1331 981 1403 injicere
1026 1356 1040 1399 ;
1084 1331 1240 1387 unde
1297 1331 1538 1387 deberes
1597 1330 1780 1386 vereri
1837 1329 1940 1386 Dei

297 1421 600 1493 judicium,
663 1437 734 1475 ne
792 1420 900 1476 tibi
959 1419 1180 1491 aliquid
1237 1418 1377 1476 mali
1447 1418 1719 1476 eveniret.
1777 1418 1938 1482 Quod

306 1512 510 1567 dictum
540 1510 732 1566 exitus
753 1509 1155 1577 conﬁrmavit;
1190 1524 1327 1565 nam
1361 1508 1473 1565 alio
1503 1509 1597 1566 die
1647 1511 1940 1566 mortuam

306 1601 370 1656 ad
398 1599 735 1673 sepulcrum
767 1615 953 1671 usque
990 1597 1248 1666 deduxit,
1293 1598 1541 1671 gratiam
1588 1615 1692 1672 pro
1741 1603 1943 1656 contu-

305 1688 468 1746 melia
517 1689 866 1762 rependens.
917 1689 986 1744 Et
1032 1689 1141 1745 hoc
1172 1689 1391 1744 factum
1440 1705 1556 1744 non
1605 1688 1788 1745 levem
1835 1689 1940 1744 ad-

304 1779 565 1836 versariis
636 1778 884 1836 incussit
956 1781 1198 1846 metum,
1269 1794 1587 1851 pacemque
1666 1793 1941 1852 magnam

306 1867 560 1924 Ecclesiie
618 1867 914 1925 catholica:
973 1867 1033 1923 in
1109 1865 1434 1924 ordinando
1504 1867 1778 1940 episcopo
1836 1867 1940 1923 tri-

304 1958 442 2014 huit.

367 2047 453 2103 12.
487 2046 768 2103 Ordinato
797 2046 996 2119 itaque
1046 2045 1326 2102 catholico
1368 2046 1688 2114 sacerdote,
1721 2046 1938 2103 Medio-

305 2137 498 2193 lanum
519 2136 849 2204 revertitur,
883 2135 1081 2208 ibique
1129 2135 1486 2208 supradictae
1531 2135 1777 2192 Justinae
1817 2152 1942 2192 mu-

307 2226 452 2282 lieris
481 2225 826 2283 innumeras
855 2224 1100 2282 insidias
1130 2224 1568 2298 sustinuit,quae
1598 2226 1942 2282 muneribus

308 2320 469 2388 atque
501 2315 824 2373 honoribus
857 2316 1136 2371 adversus
1163 2319 1434 2372 sanctum
1483 2315 1674 2372 virum
1705 2314 1940 2384 oblatis,

310 2407 580 2478 populum
610 2405 917 2462 excitabat.
943 2405 1054 2462 Sed
1107 2405 1479 2461 inﬁrmorum
1510 2405 1694 2461 animi
1726 2405 1941 2461 talibus

311 2495 606 2567 promissis
663 2494 1106 2566 decipiebantur
1131 2512 1143 2563 ;
1179 2495 1556 2567 promittebat
1581 2494 1737 2549 enim
1762 2495 1943 2550 tribu-

311 2589 490 2652 natus,
521 2588 579 2640 et
609 2583 870 2640 diversas
901 2582 1046 2639 alias
1077 2583 1392 2655 dignitates
1422 2583 1514 2650 iis,
1541 2584 1641 2654 qui
1673 2583 1839 2639 illum
1871 2583 1942 2639 dc

310 2674 540 2731 ecclesia
569 2677 826 2745 raptum,
859 2674 930 2728 ad
983 2670 1253 2728 exsilium
1305 2672 1734 2745 perduxissent.
1781 2674 1942 2740 Quod

313 2781 434 2820 cum
466 2762 635 2819 multi
659 2765 1028 2830 conarentur,
1060 2762 1161 2817 sed
1193 2761 1308 2818 Deo
1359 2761 1624 2834 praesule,
1666 2763 1945 2834 perﬁcere

313 2868 418 2906 non
447 2849 719 2918 valerent,
755 2866 910 2904 unus
949 2847 1236 2905 infelicior
1279 2849 1522 2919 caeteris,
1566 2851 1802 2906 nomine
1830 2852 1943 2907 Eu-

313 2939 575 3011 thymius,
609 2939 669 2994 in
697 2942 927 2994 tantum
959 2938 1214 2994 furorem
1246 2938 1528 2994 excitatus
1551 2942 1657 3008 est,
1689 2943 1752 2995 ut
1775 2941 1946 3011 juxta

315 3029 603 3085 ecclesiam
651 3027 764 3084 sibi
814 3028 1054 3083 domum
1106 3032 1357 3099 pararet,
1405 3032 1580 3101 atque
1629 3029 1688 3086 in
1741 3029 1943 3086 eadem

317 3135 530 3173 carrum
562 3116 962 3183 constitueret,
995 3133 1110 3189 quo
1160 3115 1390 3173 facilius
1439 3121 1694 3190 raptum,
1745 3135 1949 3191 super-

318 3207 554 3277 positum
615 3211 890 3278 carpento
947 3206 1062 3278 (10)
1120 3207 1193 3261 ad
1248 3205 1519 3262 exsilium
1579 3209 1939 3278 perduceret.

318 3295 407 3350 Sed
435 3297 695 3366 iniquitas
723 3295 845 3366 ejus
875 3295 936 3348 in
965 3296 1219 3352 verticem
1247 3297 1419 3366 ipsius
1465 3295 1735 3352 descendit
1765 3296 1938 3369 (Psal.

1971 1991 2019 2055 B

1324 483 1685 542 AUCTHRE
1734 481 2092 555 PAULINO,
2150 483 2337 542 FJUS
2386 484 2756 541 Ntl'l‘AIHO.
3619 487 3696 544 34

164 673 197 703 η
257 613 384 670 nihil
409 632 661 673 curans
700 633 1087 689 eorum,quae
1116 633 1149 671 a
1203 614 1443 670 muliere
1493 615 1934 682 excitabantur;
1965 610 2022 679 Α
2052 617 2208 668 runt.
2239 613 2417 684 Cujus
2466 611 2818 670 celebritatis
2858 613 3083 670 devotio
3134 630 3322 686 usque
3366 614 3424 670 in
3475 614 3698 672 hodier-

2051 719 2194 758 num
2244 702 2398 758 diem
2458 719 2573 758 non
2623 701 2816 758 solum
2879 701 2938 758 in
3005 703 3209 759 eadem
3270 701 3533 771 ecclesia,
3600 721 3693 761 ve-

2049 808 2179 846 rum
2210 808 2313 863 per
2364 809 2568 848 omnes
2622 808 2767 865 pene
2823 791 3149 849 Occidentis
3209 792 3539 865 provincias
3569 810 3691 849 ma-

2048 883 2165 937 net.

2122 969 2204 1024 1-4.
2242 973 2350 1025 Per
2380 971 2533 1026 idem
2566 974 2798 1044 tempus
2830 971 3015 1027 sancti
3069 975 3351 1044 martyres
3399 970 3695 1028 Protasius

2047 1062 2105 1114 et
2133 1059 2441 1116 Gervasius
2467 1076 2527 1115 se
2559 1060 2846 1116 sacerdoti
2881 1061 3298 1116 revelaverunt.
3333 1061 3510 1116 Erant
3539 1059 3696 1117 enim

2049 1147 2108 1202 in
2141 1147 2382 1203 basilica
2414 1148 2608 1220 positi,
2645 1149 2704 1207 in
2737 1165 2855 1221 qua
2903 1153 3042 1204 sunt
3086 1149 3259 1205 hodie
3299 1165 3540 1220 corpora
3583 1149 3695 1206 Na-

2049 1237 2208 1291 boris
2251 1240 2308 1291 et
2363 1236 2563 1293 Felicis
2612 1232 2984 1310 martyrum:
3021 1238 3122 1294 sed
3172 1237 3359 1294 sancti
3410 1241 3695 1311 martyres

2049 1325 2241 1380 Nabor
2269 1329 2324 1380 et
2355 1326 2509 1382 Felix
2551 1326 2923 1384 celeberrime
2972 1327 3514 1399 frequentabantur,
3567 1327 3698 1383 Pro-

2050 1413 2183 1471 tasii
2212 1430 2344 1470 vero
2397 1419 2455 1470 et
2503 1415 2760 1472 Gervasii
2793 1419 3120 1488 martyrum
3176 1420 3242 1472 ut
3299 1417 3561 1484 nomina,
3617 1417 3700 1472 ita

2050 1504 2224 1559 etiam
2249 1503 2518 1576 sepulcra
2549 1504 2844 1576 incognita
2871 1510 3057 1575 erant,
3093 1505 3152 1560 in
3183 1508 3411 1561 tantum
3434 1509 3499 1561 ut
3519 1521 3697 1578 supra

2049 1592 2312 1666 ipsorum
2343 1593 2611 1666 sepulcra
2652 1593 3025 1650 ambularent
3064 1611 3290 1660 omnes,
3341 1594 3442 1667 qui
3490 1594 3700 1651 vellent

2050 1683 2122 1738 ad
2154 1682 2441 1739 cancellos
2473 1683 2792 1756 pervenire,
2823 1683 3040 1756 quibus
3083 1687 3421 1741 sanctorum
3453 1684 3698 1741 Naboris

2048 1775 2104 1828 et
2135 1771 2342 1828 Felicis
2373 1776 2696 1844 martyrum
2726 1772 2798 1827 ab
2835 1771 3054 1842 injuria
3097 1772 3369 1845 sepulcra
3416 1773 3699 1830 defende-

2049 1862 2282 1917 bantur.
2339 1861 2448 1917 Sed
2507 1861 2606 1917 ubi
2661 1865 2998 1919 sanctorum
3069 1865 3394 1935 martyrum
3451 1879 3700 1935 corpora

2053 1955 2191 2006 sunt
2218 1949 2426 2017 levata,
2458 1955 2515 2006 et
2570 1950 2630 2006 in
2688 1949 2907 2008 lecticis
2967 1951 3178 2025 posita,
3240 1951 3558 2008 multorum
3617 1951 3699 2008 ibi

2051 2040 2274 2096 Satanae
2336 2039 2710 2112 aegritudines
2778 2041 3186 2113 perdocentur.
3249 2042 3444 2098 Caecus
3520 2041 3697 2098 etiam

2051 2128 2297 2184 Severus
2331 2128 2584 2198 nomine,
2618 2130 2717 2202 qui
2760 2146 2915 2185 nunc
2970 2146 3156 2202 usque
3207 2130 3266 2186 in
3309 2131 3513 2187 eadem
3546 2131 3700 2187 basi~

2051 2216 2164 2272 lica
2202 2235 2328 2289 qua:
2362 2218 2579 2274 dicitur
2619 2219 3023 2288 Ambrosiana,
3056 2219 3116 2274 in
3147 2236 3325 2291 quam
3375 2225 3697 2294 martyrum

2051 2322 2292 2379 corpora
2337 2312 2478 2364 sunt
2529 2307 2830 2377 translata,
2886 2308 3152 2381 religiose
3184 2309 3400 2378 servit;
3435 2311 3534 2366 ubi
3566 2327 3695 2368 ves-

2051 2401 2170 2472 tem
2202 2400 2521 2469 martyrum
2553 2397 2766 2468 attigit,
2815 2398 3011 2454 statim
3059 2397 3258 2454 lumen
3309 2399 3544 2470 recepit.
3588 2399 3698 2455 Ob-

2051 2501 2216 2542 sessa
2246 2485 2420 2542 etiam
2447 2502 2691 2558 corpora
2723 2502 2751 2541 a
2786 2485 3092 2557 spiritibus
3123 2487 3447 2544 immundis
3477 2491 3696 2556 curata,

2051 2592 2288 2632 summa
2336 2592 2468 2630 cum
2526 2574 2714 2647 gratia
2761 2575 3002 2630 domum
3053 2577 3408 2648 repetebant.
3461 2577 3574 2633 Sed
3628 2577 3700 2633 iis

2052 2665 2350 2720 beneﬁciis
2401 2667 2720 2736 martyrum
2769 2663 2828 2718 in
2879 2670 3166 2736 quantum
3217 2665 3512 2722 crescebat
3554 2667 3700 2722 ﬁdes

2053 2751 2320 2808 Ecclesia:
2352 2750 2672 2820 catholicae,
2705 2751 2764 2806 in
2795 2754 3026 2807 tantum
3056 2752 3405 2808 Arianorum
3453 2753 3700 2826 perﬁdia

2055 2841 2447 2896 minuebatur.

2129 2933 2212 2986 15.
2247 2931 2506 3003 Denique
2536 2947 2604 2986 ex
2632 2929 2741 2987 hoc
2772 2934 3030 3003 tempore
3075 2931 3266 2988 sedari
3305 2932 3480 3004 coepit
3510 2948 3700 3006 perse-

2053 3020 2229 3086 cutio,
2262 3037 2389 3092 quae
2419 3019 2663 3076 Justinae
2695 3020 2888 3077 furore
2921 3021 3368 3087 accendebatur,
3418 3026 3479 3078 ut
3508 3038 3699 3078 sacer-

2053 3111 2158 3167 dos
2191 3111 2260 3166 de
2291 3109 2542 3166 Ecclesia
2570 3109 2904 3182 pelleretur.
2940 3111 3160 3166 Tamen
3208 3110 3364 3167 intra
3412 3111 3697 3183 palatium

2055 3199 2368 3256 multitudo
2399 3198 2747 3255 Arianorum
2771 3215 2904 3254 cum
2936 3199 3171 3254 Justina
3200 3199 3518 3256 constituta
3549 3202 3700 3257 deri-

1994 3316 1998 3322 -
2053 3289 2227 3345 debat
2251 3292 2474 3344 tantam
2505 3287 2604 3342 Dei
2654 3286 2922 3360 gratiam,
2957 3304 3136 3359 quam
3177 3287 3444 3345 Ecclesia:
3504 3291 3701 3346 catho-

317 3400 404 3448 νη,
460 3365 542 3456 ,ιη
595 3401 608 3450 ς
660 3365 794 3455 post
850 3399 1070 3438 annum
1132 3365 1347 3439 etenim
1408 3385 1608 3441 εοάοιῃ
1673 3365 1780 3441 (ἥθ’
1824 3405 1939 3459 quo
1972 3365 2014 3434 C
2053 3378 2174 3435 lica:
2241 3378 2518 3434 Dominus
2573 3377 2748 3433 Jesus
2795 3376 3021 3433 meritis
3071 3383 3395 3450 martyrum
3454 3395 3699 3436 suorum

318 3472 469 3528 illum
513 3488 713 3544 rapere
760 3487 822 3528 se
853 3473 1268 3539 arbitrabatur,
1321 3471 1379 3528 in
1412 3475 1614 3530 eodem
1669 3482 1943 3548 carpento

321 3561 630 3633 impositus,
666 3562 737 3617 de
767 3562 968 3617 eadem
997 3563 1168 3619 domo
1200 3562 1323 3634 ipse
1355 3563 1426 3618 ad
1462 3563 1732 3620 exsilium
1766 3566 1943 3622 desti~

319 3655 475 3707 natus
511 3659 616 3720 est,
662 3656 938 3725 reputans
984 3651 1092 3707 sibi
1134 3653 1297 3723 justo
1338 3653 1566 3723 judicio
1617 3653 1714 3709 Dei
1771 3655 1827 3710 id
1886 3657 1944 3712 in

320 3757 374 3795 se
427 3758 548 3798 esse
610 3759 952 3798 conversum
1010 3759 1022 3806 ;
1083 3747 1148 3796 ut
1213 3741 1272 3797 in
1332 3758 1397 3798 eo
1460 3749 1735 3815 carpento
1803 3745 1943 3801 diri-

322 3834 532 3900 geretur
570 3831 638 3886 ad
697 3831 992 3896 exsilium,
1034 3831 1188 3902 quod
1234 3831 1360 3903 ipse
1412 3837 1711 3904 paraverat
1754 3851 1944 3891 sacer-

323 3918 447 3975 doti.
507 3919 606 3975 Cui
663 3937 781 3976 non
844 3919 1158 3974 minimum
1216 3917 1407 3975 solatii
1460 3922 1732 3978 sacerdos
1800 3941 1944 3995 prae-

325 4007 669 4076 buit,dando
723 4013 1020 4081 sumptus,
1070 4007 1158 4064 vel
1218 4009 1332 4065 alia
1359 4027 1487 4082 quae
1545 4016 1712 4068 erant
1741 4029 1943 4070 neces-

325 4098 479 4154 saria.

391 4189 465 4242 13.
514 4189 619 4244 Sed
679 4189 800 4244 haec
858 4187 1148 4244 confessio
1207 4188 1463 4246 hominis
1519 4207 1624 4248 nec
1677 4192 1944 4253 mulieris

324 4275 573 4346 furorem,
620 4294 726 4333 nec
781 4293 1131 4333 vesanorum
1188 4279 1536 4334 Arianorum
1586 4281 1943 4340 dementiam

323 4366 610 4436 repressit;
645 4369 866 4438 majore
902 4367 1120 4422 etenim
1160 4367 1385 4424 accensi
1427 4368 1706 4437 amentia,
1749 4373 1945 4428 basili-

321 4467 435 4508 cam
489 4456 816 4512 Portianam
873 4455 1147 4512 invadere
1205 4457 1542 4513 nitebantur
1595 4477 1608 4516 :
1656 4461 1942 4519 exercitus

323 4542 480 4598 etiam
508 4551 766 4602 armatus
793 4546 864 4601 ad
916 4545 1324 4602 custodiendas
1372 4545 1524 4603 fores
1571 4548 1826 4605 ecclesiae
1855 4556 1944 4608 est

324 4628 573 4701 directus,
624 4641 688 4690 ut
738 4651 908 4690 nemo
959 4637 1199 4690 auderet
1245 4635 1584 4693 catholicam
1636 4639 1942 4697 ecclesiam

2055 3468 2315 3524 conferre
2394 3466 2670 3538 dignatus
2733 3469 2822 3522 est
2871 3483 2884 3521 :
2925 3466 3432 3539 venerabilemque
3509 3468 3700 3524 virum

2052 3557 2427 3613 Ambrosium
2481 3555 2756 3612 narrabat
2807 3553 3053 3626 pecunia
3101 3571 3472 3627 comparasse
3520 3556 3704 3613 homi-

2055 3648 2285 3719 nes,qui
2315 3661 2380 3702 se
2412 3644 2602 3702 vexari
2655 3645 2726 3699 ab
2773 3643 3098 3699 immundis
3147 3645 3451 3716 spiritibus
3492 3647 3700 3702 menti-

2056 3742 2293 3803 rentur;
2327 3740 2503 3808 atque
2535 3735 2616 3789 ita
2647 3735 2717 3790 ab
2749 3733 2870 3800 illo,
2912 3733 3061 3790 sicut
3096 3738 3152 3790 et
3181 3753 3214 3789 a
3246 3737 3599 3808 martyribus
3639 3753 3702 3793 se

2054 3825 2310 3896 torqueri
2342 3825 2618 3880 dicerent.
2662 3823 2773 3879 Sed
2804 3823 2913 3878 hoc
2949 3823 3194 3879 Judaico
3235 3841 3336 3880 ore
3384 3824 3700 3896 loqueban-

2054 3920 2152 3970 tur
2178 3914 2396 3979 Ariani,
2430 3929 2713 3986 suppares
2761 3911 2983 3968 scilicet
3032 3929 3234 3968 eorum
3266 3931 3278 3980 ;
3308 3912 3394 3967 illi
3441 3913 3597 3968 enim
3629 3913 3700 3968 de

2054 4003 2300 4061 Domino
2330 4003 2620 4069 dicebant,
2655 4002 2935 4073 quoniam
2985 4003 3044 4055 in.
3091 4001 3415 4057 Beelzebuth
3449 4003 3703 4074 principe

2053 4095 2451 4150 daemoniorum
2486 4093 2635 4163 ejicit
2684 4091 2957 4147 daemonia
2989 4092 3139 4162 (Luc.
3187 4107 3265 4158 xx,
3318 4091 3406 4161 15)
3439 4108 3452 4146 :
3487 4091 3582 4146 isti
3631 4091 3702 4147 de

2056 4182 2428 4256 martyribus,
2487 4180 2576 4236 vel
2622 4180 2855 4236 Domini
2925 4180 3224 4235 sacerdote
3289 4179 3698 4251 loquebantur,

2055 4275 2211 4347 quod
2243 4289 2358 4329 non
2401 4271 2502 4327 Dei
2555 4269 2760 4342 gratia,
2812 4285 2938 4340 quae
2992 4283 3095 4340 per
3135 4267 3293 4340 ipsos
3329 4269 3698 4340 operabatur,

2053 4362 2347 4419 immundi
2379 4360 2623 4433 spiritus
2654 4357 3011 4431 pellerentur
3035 4374 3048 4426 ;
3074 4358 3174 4413 sed
3197 4360 3434 4429 accepta
3456 4357 3704 4430 pecunia

2053 4470 2115 4510 se
2145 4451 2405 4524 torqueri
2443 4448 2850 4505 mentirentur.
2901 4445 3248 4503 Clamabant
3279 4446 3437 4503 enim
3486 4447 3698 4503 daemo-

2052 4558 2202 4599 nes:
2254 4541 2485 4598 Scimus
2532 4556 2633 4595 vos
2683 4541 3008 4610 martyres;
3038 4541 3091 4592 et
3142 4535 3339 4592 Ariani
3380 4536 3696 4593 dicebant:

2051 4632 2356 4688 Nescimus
2386 4647 2512 4686 esse
2544 4633 2851 4700 martyres.
2891 4631 3022 4682 Jam
3054 4627 3161 4682 hoc
3198 4630 3255 4681 et
3287 4626 3345 4681 in
3390 4625 3699 4698 Evangelio

324 4715 542 4790 ingredi.
567 4725 672 4779 Sed
708 4723 1012 4791 Dominus,
1042 4723 1142 4794 qui
1192 4725 1263 4780 de
1301 4725 1652 4782 adversariis
1685 4728 1811 4784 suis
1841 4729 1941 4785 Ec-
1971 4744 2017 4809 Ι)
2051 4721 2325 4794 legimus,
2363 4719 2462 4775 ubi
2507 4720 2780 4774 dixerunt
2826 4718 3117 4772 diemones
3156 4716 3226 4772 ad
3266 4715 3574 4771 Dominum
3603 4715 3699 4771 Je-

323 4805 489 4864 clesiae
519 4828 631 4867 suae
665 4811 998 4884 triumphos
1020 4813 1236 4868 donare
1275 4814 1596 4882 consuevit,
1630 4817 1701 4871 ad
1751 4817 1936 4874 Eccle-

323 4893 406 4950 size
450 4917 558 4955 suae
604 4901 1038 4957 munimentum
1084 4902 1337 4958 militum
1386 4904 1562 4960 corda
1613 4907 1933 4976 convertit;

323 4989 377 5038 ut
418 4991 619 5046 aversis
677 4989 862 5047 scutis
921 4989 1179 5047 ecclesiae
1246 4992 1396 5049 fores
1453 4999 1770 5064 servarent,
1834 5013 1938 5051 nec

319 5077 490 5144 egredi
545 5079 654 5150 (11)
713 5079 1094 5148 dimitterent,
1167 5081 1268 5136 sed
1337 5081 1564 5155 ingredi
1634 5083 1939 5140 ecclesiam

317 5161 520 5232 plebem
566 5168 918 5226 catholicam
951 5169 1195 5225 minime
1244 5171 1638 5242 prohiberent.
1678 5173 1788 5228 Sed
1835 5191 1940 5230 nec

315 5248 409 5307 hoc
439 5257 572 5313 satis
617 5263 744 5315 erat
804 5257 1005 5315 missis
1065 5258 1367 5327 militibus,
1431 5260 1543 5316 nisi
1603 5262 1781 5317 etiam
1836 5280 1939 5336 pro

314 5343 575 5402 catholica
628 5348 745 5402 ﬁde
812 5364 946 5403 cum
1009 5346 1175 5420 plebe
1247 5348 1465 5420 pariter
1530 5349 1936 5407 acclamarent.

310 5430 496 5489 Hocin
551 5440 813 5508 tempore
871 5436 1130 5508 primum
1185 5436 1539 5508 antiphonae,
1592 5436 1816 5509 hymni,
1874 5457 1939 5496 ac

313 5518 497 5593 vigiliae
549 5524 610 5581 in
659 5525 903 5582 ecclesia
961 5525 1379 5582 Mediolanensi
1428 5524 1708 5583 celebrari
1753 5543 1939 5601 ccepe-

371 5720 467 5793 (10)
494 5721 1050 5803 'Restituituretiam
1082 5741 1112 5780 e
1141 5740 1282 5782 mss.
1316 5739 1498 5798 prope
1529 5723 1825 5796 omnibus,
1847 5742 1936 5784 su-

297 5797 620 5866 perpositum
648 5797 925 5872 carpento.
1027 5820 1033 5826 ·

2049 4827 2182 4868 sum
2216 4828 2228 4866 :
2257 4809 2487 4866 Scimus
2513 4811 2591 4877 te,
2619 4807 2758 4878 quia
2786 4805 2868 4862 sis
2921 4805 3017 4862 Dei
3052 4805 3233 4862 Filius
3263 4806 3466 4876 (Marc.
3500 4821 3538 4871 ι,
3569 4805 3696 4875 24);

2047 4905 2103 4956 et
2131 4900 2319 4956 Judaei
2364 4899 2682 4954 dicebant:
2719 4898 2818 4952 Hic
2861 4901 3047 4951 autem
3096 4895 3240 4950 unde
3288 4896 3379 4962 sit,
3429 4895 3700 4950 nesci-mus

2052 4991 2227 5062 (Joan.
2262 5007 2337 5055 1x,
2359 4988 2476 5059 29).
2509 4988 2621 5042 Sed
2673 5004 2788 5042 non
2835 4986 2930 5040 hic
2979 4982 3379 5040 testimonium
3413 4982 3699 5054 accipitur

2053 5079 2405 5139 daemonum,
2438 5075 2538 5130 sed
2572 5073 2898 5139 confessio;
2934 5072 3086 5126 unde
3119 5069 3450 5125 miseriores
3499 5069 3698 5125 Ariani

2051 5165 2139 5222 vel
2169 5166 2376 5231 Judaei,
2423 5169 2486 5220 ut
2534 5163 2690 5234 quod
2741 5163 3092 5218 conﬁtentur
3131 5161 3446 5227 daemones,
3480 5159 3563 5214 illi
3598 5175 3699 5216 ne-

2050 5259 2208 5329 gent.

2096 5345 2208 5400 16.
2242 5343 2396 5399 Deus
2437 5346 2652 5409 tamen,
2686 5340 2787 5412 qui
2830 5337 3079 5411 gratiam
3129 5336 3394 5394 Ecclesiae
3445 5355 3562 5394 suae
3594 5355 3696 5395 au-

2049 5452 2183 5510 gere
2231 5431 2550 5496 consuevit,
2610 5446 2725 5484 non
2774 5445 2985 5500 passus
3047 5431 3135 5483 est
3183 5427 3282 5483 diu
3334 5427 3606 5484 insultari
3664 5444 3698 5482 a

2050 5525 2290 5598 perﬁdis
2341 5519 2556 5580 sanctis
2601 5518 2745 5575 suis.
2782 5517 2943 5574 Unus
2967 5517 3164 5590 itaque
3187 5534 3254 5574 ex
3284 5517 3412 5590 ipsa
3439 5516 3698 5573 multitu-

2116 5725 2236 5796 (11)
2291 5719 2570 5796 Nonnulli
2597 5721 2916 5796 __mss.,__ut_
2948 5716 3200 5796 adversis
3255 5715 3444 5796 armis.
3601 5726 3698 5796 nec

2048 5781 2398 5869 ingrediendi
2446 5793 2725 5852 licentiam
2773 5781 3136 5862 dimitterent,
3199 5785 3296 5847 sed
3359 5781 3693 5861 egrediendi.
