3938 6214
234 410 314 471 35
1575 393 1762 456 VITA
1807 392 1873 452 S.
1920 388 2299 457 AMBROSII
3570 401 3646 465 36

238 539 370 595 dine
414 535 609 594 subito
655 537 923 606 arreptus
953 549 987 588 a
1017 531 1225 605 spiritu
1272 530 1599 591 immundo.
1635 527 1884 580 clamare
1913 522 1968 589 A
2004 526 2196 595 [psum
2248 548 2378 582 wm
2430 531 2746 590 Maximum
2795 551 2830 589 a
2875 534 3309 591 communionis
3355 537 3649 592 consortio

236 627 415 702 coepit
458 626 542 683 ita
585 623 846 697 torqueri
890 638 991 679 eos
1021 622 1154 693 (l2),
1198 624 1265 676 ut
1310 619 1437 693 ipse
1484 614 1888 702 torquebatur,

235 701 342 790 qui
376 718 657 789 negarent
704 716 1013 785 martyres,
1044 709 1130 767 vel
1169 709 1267 782 qui
1315 725 1431 765 non
1482 705 1785 762 crederent
1830 701 1890 755 in

234 804 536 862 Trinitatis
574 802 881 861 unitatem.
911 816 1087 873 quam
1122 801 1291 856 docet
1319 794 1683 855 Ambrosius.
1707 795 1777 848 At
1806 790 1889 845 illi

234 894 344 951 hac
371 909 510 950 voce
532 889 778 959 confusi,
804 889 905 962 qui
932 886 1186 945 coni‘brti
1212 888 1557 951 debuerant,
1574 887 1632 940 et
1652 882 1889 954 dignam

232 982 338 1039 tali
394 979 761 1038 confessione
808 994 979 1051 agere
1034 975 1460 1051 paenitentiam,
1495 975 1552 1030 in
1603 971 1892 1046 piscinam

236 1074 571 1130 demersum
602 1068 905 1125 hominem
947 1069 1321 1132 necaverunt,
1354 1064 1610 1138 perﬁdiae
1649 1060 1894 1117 homici-

236 1161 401 1216 dium
451 1160 870 1230 adjungentes;
905 1156 1145 1212 deduxit
1198 1155 1353 1212 enim
1416 1152 1551 1208 illos
1608 1151 1676 1206 ad
1737 1149 1894 1204 hunc

235 1251 413 1306 ﬁnem
469 1248 645 1321 digna
699 1244 1040 1301 necessitas.
1084 1245 1339 1301 Sanctus
1368 1258 1504 1298 vero
1550 1238 1894 1295 Ambrosius

235 1338 544 1411 episcopus
584 1335 824 1407 majoris
865 1332 1217 1389 humilitatis
1245 1331 1336 1388 vir
1366 1332 1574 1394 factus,
1607 1329 1891 1384 donatam

235 1426 349 1481 sibi
400 1442 433 1481 a
474 1424 723 1481 Domino
782 1423 1032 1495 gratiam
1081 1420 1436 1486 reservabat,
1482 1417 1894 1489 crescebatque

235 1513 495 1587 quotidie
526 1512 640 1567 ﬁde
672 1515 725 1567 et
758 1525 955 1567 amore
986 1526 1181 1566 coram
1213 1509 1330 1565 Deo
1364 1512 1421 1564 et
1454 1506 1817 1563 hominibus.

306 1605 394 1659 17.
428 1602 536 1658 Per
562 1600 720 1656 idem
752 1603 989 1673 tempus
1031 1602 1155 1654 erat
1198 1598 1437 1671 quidam
1468 1596 1557 1652 vir
1586 1596 1658 1652 de
1686 1593 1893 1650 haeresi

232 1692 603 1755 Arianorum,
630 1689 952 1746 acerrimus
979 1688 1229 1743 nimium
1254 1687 1608 1759 disputator,
1630 1688 1685 1739 et
1707 1684 1892 1739 durus

234 1785 407 1853 atque
434 1777 896 1835 inconvertibilis
926 1778 997 1831 ad
1044 1776 1217 1831 ﬁdem
1270 1774 1640 1831 catholicam.
1671 1773 1725 1827 Is
1756 1788 1893 1827 eon-

235 1869 478 1925 stitutus
496 1868 557 1922 in
581 1866 846 1960 ecclesia,
870 1869 1156 1960 tractante
1177 1865 1468 1960 episcopo,
1491 1862 1637 1917 vidit
1658 1862 1746 1960 (ut
1765 1860 1890 1959 ipse
1914 1893 1964 1960 Β

234 1957 611 2031 postmodum
634 1953 1005 2026 loquebatur)
1028 1952 1303 2026 angelum
1327 1953 1399 2008 ad
1428 1967 1599 2007 aures
1626 1949 1884 2021 episcopi

232 2044 540 2102 tractantis
573 2043 939 2115 loquentem;
973 2045 1039 2097 ut
1078 2041 1256 2098 verba
1302 2037 1495 2113 angeli
1526 2036 1737 2112 populo
1766 2036 1888 2109 epi-

234 2150 449 2207 scopus
496 2131 834 2189 renuntiare
878 2130 1191 2186 videretur.
1229 2129 1352 2194 Quo
1398 2128 1525 2183 viso
1574 2142 1887 2183 conversus

235 2223 412 2279 ﬁdem
443 2237 621 2294 quam
654 2220 1045 2293 expugnabat,
1079 2216 1252 2290 coepit
1280 2217 1406 2290 ipse
1435 2216 1763 2273 defendere.

308 2311 394 2366 18.
428 2311 687 2366 Fuerunt
715 2308 889 2364 etiam
918 2308 1033 2363 duo
1060 2304 1405 2363 cubicularii
1435 2309 1575 2361 tunc
1606 2303 1887 2376 temporis

236 2398 496 2455 Gratiani
552 2396 923 2470 imperatoris
982 2395 1053 2450 de
1109 2394 1316 2450 haeresi
1373 2393 1741 2460 Arianorum,
1784 2392 1886 2465 qui

238 2487 508 2543 tractanti
540 2485 813 2558 episcopo
835 2484 949 2556 (13)
974 2483 1351 2556 quaestionem
1379 2485 1784 2556 proponerent,
1813 2481 1887 2537 ad

238 2592 417 2649 quam
468 2575 822 2631 audiendam
853 2573 1036 2630 altero
1067 2574 1159 2629 die
1208 2574 1281 2629 ad
1334 2570 1637 2628 basilicam
1669 2569 1887 2625 Portia-

236 2682 373 2720 nam
406 2679 468 2721 se
497 2664 805 2720 adfuturos
848 2662 1269 2735 promiserant;
1302 2664 1426 2715 erat
1454 2659 1609 2716 enim
1643 2658 1885 2729 quaestio

236 2754 308 2809 de
351 2753 752 2810 incarnatione
800 2750 1055 2807 Domini.
1101 2751 1211 2804 Sed
1268 2748 1382 2805 alio
1426 2748 1519 2803 die
1569 2745 1886 2802 miserandi

236 2843 507 2899 homines
545 2839 833 2912 superbia:
865 2842 1095 2894 tumore
1135 2836 1428 2908 completi,
1462 2852 1568 2892 nec
1599 2850 1886 2890 memores

237 2929 684 3002 promissorum,
737 2929 1174 2982 contemnentes
1230 2925 1412 2980 Deum
1471 2924 1531 2978 in
1587 2923 1886 2979 sacerdote

236 3018 445 3090 ipsius,
471 3032 576 3072 nec
607 3013 793 3087 plebis
835 3013 1222 3085 exspectantis
1265 3012 1702 3068 considerantes
1729 3011 1885 3081 inju-

238 3107 408 3171 riam,
440 3105 817 3160 immemores
866 3102 1040 3157 etiam
1089 3100 1377 3157 dictorum
1428 3100 1883 3166 Dominicorum,

238 3194 517 3267 quoniam
548 3193 643 3264 qui
678 3189 1136 3246 seandalimverit
1162 3206 1338 3244 unum
1365 3205 1435 3245 ea:
1460 3190 1709 3244 minimis
1743 3190 1880 3253 istis,

2000 619 2346 688 segregavit,
2376 620 2699 677 admonens
2749 626 2815 678 ut
2865 623 3034 679 effusi
3087 621 3392 697 sanguinis
3423 622 3651 680 domini

2001 702 2112 769 sui,
2141 708 2199 760 et
2241 709 2397 779 quod
2431 713 2518 764 est
2550 711 2805 783 gravius,
2840 711 3191 783 innocentis,
3223 716 3419 786 ageret
3462 713 3652 785 pueri-

2000 792 2267 861 tentiam,
2301 796 2350 853 si
2383 796 2495 853 sibi
2525 799 2683 870 apud
2714 798 2899 856 Deum
2928 800 3100 856 vellet
3130 816 3259 856 esse
3289 800 3652 858 consultum.

2002 879 2113 936 Sed
2140 880 2238 939 ille
2265 900 2397 941 cum
2430 886 2833 959 paenitentiam
2857 888 3112 945 declinat
3142 889 3394 962 superbo
3417 889 3651 963 spiritu,

2001 985 2117 1025 non
2150 970 2341 1028 solum
2376 974 2655 1044 futuram,
2684 978 2785 1033 sed
2817 977 2990 1034 etiam
3023 982 3366 1050 praesentem
3401 976 3653 1034 salutem

2002 1058 2223 1125 amisit,
2254 1077 2621 1137 regnumque
2651 1067 2809 1139 quod
2843 1066 2994 1123 male
3037 1067 3380 1139 arripuerat,
3406 1066 3654 1122 femineo

2002 1148 2259 1219 quodam
2285 1152 2478 1224 modo,
2501 1153 2709 1210 timore
2731 1155 3023 1228 deposuit,
3052 1160 3108 1211 ut
3133 1158 3568 1228 procuratorem
3592 1172 3655 1212 se

2001 1236 2479 1308 reipublicaemon
2497 1241 2905 1316 imperatorem
2926 1242 3107 1300 fuisse
3126 1242 3651 1316 (14)(εοι11ἰιθνεῖιιιι.

2073 1326 2161 1381 20.
2187 1327 2414 1384 Mortua
2441 1346 2577 1387 vero
2602 1331 2857 1401 Justiua,
2880 1332 3120 1405 quidam
3152 1332 3443 1405 haruspex
3475 1331 3655 1388 Inno-

2000 1414 2229 1473 centius
2250 1417 2505 1488 nomine,
2530 1436 2644 1475 non
2667 1424 2865 1477 tamen
2885 1437 3076 1496 opere,
3103 1421 3215 1494 (15)
3236 1437 3371 1477 cum
3392 1420 3452 1476 in
3476 1437 3655 1478 causa

2000 1503 2422 1561 maleﬁciorum
2458 1525 2491 1563 a
2513 1508 2715 1578 judice
2746 1513 3121 1582 torqueretur
3155 1508 3311 1565 aliud
3358 1526 3531 1582 quam
3562 1509 3654 1565 in-

2000 1593 2411 1666 terrogabatur
2456 1596 2627 1652 fateri
2670 1597 2844 1670 ccepit
2875 1616 2888 1654 :
2923 1597 3220 1655 clamabat
3244 1598 3401 1657 enim
3445 1598 3517 1654 ab
3550 1615 3656 1654 an-

2001 1679 2128 1751 gelo
2177 1682 2401 1752 majora
2446 1688 2739 1741 tormenta
2767 1685 2880 1741 sibi
2912 1685 3175 1743 adhiberi
3207 1702 3274 1742 eo
3304 1686 3407 1759 qui
3460 1694 3655 1745 custo-

2000 1769 2153 1825 diret
2206 1771 2613 1840 Ambrosium;
2669 1774 2948 1847 quoniam
2996 1775 3362 1848 temporibus
3407 1775 3657 1834 Iustina

2002 1857 2072 1911 ad
2103 1857 2409 1915 excitanda
2441 1862 2574 1916 odia
2603 1862 2955 1934 populorum
2999 1862 3060 1918 in
3103 1863 3444 1936 episcopum
3476 1880 3659 1919 cacu-

1996 1961 2127 2001 men
2163 1948 2297 2002 tecti
2349 1948 2602 2005 ecclesiae
2644 1951 3064 2019 conscendens,
3097 1951 3289 2008 medio
3338 1952 3527 2009 noctis
3557 1969 3652 2010 sa-

1995 2034 2359 2093 criﬁcaverit.
2405 2038 2514 2093 Sed
2573 2044 2791 2111 quanto
2851 2040 3169 2096 instantius
3224 2044 3283 2096 et
3341 2039 3652 2097 sollicitius

1995 2139 2169 2196 opera
2199 2125 2459 2198 maligna
2489 2129 2811 2198 exercebat,
2837 2132 3003 2185 tanto
3035 2129 3223 2202 magis
3253 2145 3420 2186 amor
3448 2128 3653 2203 populi

1996 2212 2150 2267 circa
2223 2213 2398 2270 ﬁdem
2474 2214 2820 2272 catholicam
2878 2220 2936 2273 et
2983 2216 3215 2273 Domini
3290 2217 3651 2274 sacerdotem

1995 2300 2453 2359 convalescebat.
2489 2304 2721 2362 Misisse
2758 2322 2822 2362 se
2868 2306 3045 2362 etiam
3097 2309 3155 2361 et
3201 2306 3515 2373 daemones,
3546 2305 3651 2378 qui

1994 2388 2162 2445 illum
2211 2390 2659 2457 internecarent,
2693 2394 3028 2450 fatebatur:
3063 2395 3164 2450 sed
3214 2394 3508 2451 damones
3559 2410 3651 2450 re-

1995 2477 2300 2535 nuntiasse
2329 2496 2391 2536 se
2422 2497 2537 2536 non
2570 2479 2760 2536 solum
2809 2482 2883 2537 ad
2931 2482 3124 2554 ipsum
3177 2482 3655 2556 appropinquare

1995 2565 2239 2622 minime
2286 2583 2481 2639 posse,
2511 2584 2715 2624 verum
2766 2569 2944 2625 etiam
2976 2586 3082 2625 nec
3130 2570 3202 2626 ad
3253 2570 3405 2627 fores
3436 2571 3655 2627 domus

1993 2655 2052 2710 in
2087 2671 2205 2726 qua
2234 2655 2506 2712 manebat
2552 2657 2892 2730 episcopus;
2926 2658 3067 2730 quia
3095 2658 3251 2731 ignis
3281 2658 3653 2732 insuperabi-

1994 2740 2067 2797 lis
2111 2759 2285 2799 omne
2339 2742 2485 2799 illud
2547 2744 2861 2801 aediﬁcium
2908 2744 3321 2815 cdtnmuniret,
3351 2752 3419 2803 ut
3466 2747 3647 2804 etiam

1993 2828 2163 2903 longe
2215 2831 2390 2903 positi
2437 2837 2790 2890 urerentur:
2827 2838 3002 2906 atque
3046 2834 3128 2890 ita
3176 2851 3439 2892 cessasse
3487 2840 3646 2891 artes

1993 2936 2152 2987 suas,
2186 2920 2403 2991 quibus
2441 2922 2722 2978 adversus
2752 2923 2983 2979 Domini
3014 2924 3376 2981 sacerdotem
3426 2940 3489 2980 se
3533 2924 3645 2981 ali-

1993 3009 2132 3079 quid
2179 3025 2351 3081 posse
2401 3009 2812 3071 anhitrahatur.
2844 3012 3009 3069 Alius
3055 3013 3231 3068 etiam
3262 3012 3525 3086 gladium
3559 3014 3643 3070 fe-

1992 3112 2127 3152 rens
2159 3096 2229 3153 ad
2263 3097 2599 3154 cubiculum
2643 3116 2831 3174 usque
2876 3101 3158 3173 pervenit,
3180 3106 3246 3157 ut
3290 3101 3648 3160 interﬁceret

1994 3186 2520 3244 sacerdotemzsed
2570 3204 2704 3244 cum
2751 3188 3035 3246 elevasset
3079 3206 3345 3262 manum,
3375 3190 3646 3248 districto

237 3255 441 3355 oportet
468 3288 529 3336 ut
553 3255 701 3336 inata
743 3280 995 3334 asinaria
1040 3278 1176 3335 collo
1224 3279 1340 3349 ejus
1386 3278 1664 3349 alligetur,
1704 3285 1756 3333 et
1798 3277 1886 3333 de-
1913 3255 1957 3324 (ἶ
1995 3273 2468 3347 gladio,dextera,
2497 3282 2725 3334 exserta
2752 3277 2812 3333 in
2845 3294 2979 3345 aera
3007 3279 3307 3353 obrigente
3327 3255 3644 3337 remansit.

235 3379 518 3443 mergatur
571 3373 633 3424 in
693 3367 1032 3440 profundum
1095 3369 1267 3423 maris
1320 3366 1525 3439 (Matth.
1584 3383 1743 3433 xvm,
1804 3367 1882 3436 6),

238 3460 622 3517 ascendentes
651 3456 710 3512 in
743 3456 1008 3524 rhedam,
1041 3456 1211 3528 quasi
1251 3455 1438 3529 gratia
1486 3454 1772 3528 gestandi,
1804 3454 1885 3510 ci-

235 3550 475 3605 vitatem
506 3545 725 3619 egressi
749 3548 909 3611 sunt,
931 3532 1299 3617 exspectante
1320 3544 1619 3600 sacerdote
1639 3546 1696 3598 et
1721 3542 1887 3615 plebe

238 3638 297 3692 in
358 3634 604 3693 ecclesia
674 3633 1012 3689 constituta.
1073 3632 1184 3688 Sed
1256 3633 1435 3704 hujus
1506 3631 1887 3688 contumacia;

238 3725 372 3798 quis
419 3724 553 3779 ﬁnis
601 3723 797 3791 fuerit,
831 3722 1105 3777 horresco
1152 3721 1436 3788 referens;
1490 3716 1683 3777 subito
1729 3720 1885 3776 enim

238 3812 581 3887 praecipitati
641 3812 711 3866 de
769 3811 968 3878 rheda,
1031 3810 1261 3867 animas
1313 3810 1655 3877 emiserunt,
1712 3813 1888 3881 atque

238 3918 484 3975 corpora
530 3900 764 3956 illorum
815 3898 1129 3971 sepultum
1178 3903 1318 3955 sunt
1362 3898 1597 3955 tradita.
1638 3898 1888 3954 Sanctus

238 4008 371 4047 vero
399 3989 747 4045 Ambrosius
779 4004 913 4045 cum
955 3988 1248 4061 ignoraret
1285 3988 1425 4060 quid
1458 3987 1674 4042 factum
1710 3990 1885 4051 esset,

240 4095 346 4135 nec
376 4078 601 4134 diutius
650 4082 849 4150 posset
887 4076 1114 4149 plebem
1164 4080 1382 4143 tenere,
1416 4076 1738 4133 ascendens
1784 4092 1889 4148 pro

237 4166 540 4235 tribunali,
570 4167 642 4223 de
688 4167 889 4223 eadem
935 4166 1251 4239 quaestione
1282 4181 1410 4238 quae
1444 4166 1632 4225 fuerat
1679 4181 1888 4238 propo-

239 4257 371 4327 sita,
427 4271 759 4312 sermonem
816 4258 1061 4311 adorsus
1117 4259 1226 4321 est,
1289 4255 1488 4310 dicens
1548 4272 1561 4309 :
1618 4254 1889 4323 Debitum,

238 4348 458 4417 fratres,
505 4346 666 4416 cupio
722 4345 1059 4413 solvendum,
1106 4343 1199 4400 sed
1250 4343 1526 4401 hesternos
1580 4359 1727 4400 meo:
1774 4360 1891 4399 non

239 4435 462 4490 invenio
503 4432 812 4502 creditores,
844 4436 901 4488 et
930 4431 1157 4504 reliqua
1203 4449 1331 4505 quae
1383 4433 1601 4504 scripta
1647 4437 1787 4489 sunt
1834 4432 1891 4487 in

239 4522 392 4577 libro
414 4520 514 4592 qui
536 4520 603 4575 de
623 4520 1005 4576 Incarnatione
1024 4522 1247 4577 Domini
1273 4519 1610 4576 intitulatur
1630 4521 1796 4593 (tom.
1819 4520 1890 4587 II,

240 4625 374 4683 pag.
408 4609 559 4680 703).

1992 3364 2153 3420 Tunc
2183 3381 2246 3420 se
2275 3364 2525 3423 missum
2548 3383 2583 3423 a
2601 3366 2836 3424 Justina
2864 3372 3175 3441 postquam
3198 3368 3501 3425 confessus
3530 3373 3646 3438 est,

1993 3453 2297 3509 brachium
2329 3455 2482 3527 quod
2515 3454 2715 3527 inique
2744 3472 2880 3513 cum
2910 3457 3338 3524 extenderetur,
3369 3457 3647 3531 obrigue-

1993 3546 2105 3609 rat,
2137 3548 2409 3599 sanatum
2443 3548 2533 3600 est
2563 3545 2945 3602 confessione.

2063 3633 2154 3687 21.
2186 3632 2296 3687 Per
2320 3633 2476 3689 idem
2531 3637 2763 3706 tempus
2793 3649 2927 3688 cum
2975 3633 3064 3688 vir
3120 3632 3369 3690 illustris
3419 3633 3648 3691 Probus

1996 3736 2241 3792 puerum
2299 3738 2473 3777 suurn
2536 3721 2848 3790 notarium,
2909 3722 3007 3794 qui
3066 3722 3276 3796 spiritu
3335 3723 3648 3778 immundo

1996 3809 2248 3882 graviter
2274 3810 2610 3880 vexabatur,
2633 3810 2939 3867 direxisset
2967 3811 3036 3866 ad
3070 3811 3434 3884 episcopum,
3458 3826 3653 3884 egres-

1997 3916 2129 3955 sum
2161 3914 2231 3954 ex
2258 3899 2402 3954 urbe
2446 3898 2672 3954 dimisit
2728 3898 3021 3965 diabolus,
3052 3900 3267 3957 timens
3319 3901 3392 3956 ad
3450 3900 3650 3955 virum

1998 3992 2264 4044 sanctum
2298 3988 2556 4060 perduci.
2586 3990 2774 4061 Atque
2815 3987 2896 4044 ita
2946 4004 3091 4061 puer
3121 3990 3378 4061 quandiu
3420 3988 3651 4045 Medio-

1996 4076 2115 4133 lani
2148 4077 2301 4148 apud
2334 4076 2671 4150 episc0pum
2724 4077 2851 4144 fuit,
2886 4076 3049 4133 nulla
3078 4077 3134 4132 in
3168 4076 3266 4133 illo
3300 4077 3514 4135 diaboli
3544 4078 3651 4135 do-

1998 4165 2242 4221 minatio
2272 4165 2544 4238 apparuit
2572 4183 2584 4221 :
2619 4166 2718 4222 sed
2750 4165 2848 4221 ubi
2882 4181 3155 4239 egressus
3183 4166 3507 4223 Mediolano
3537 4170 3653 4233 est,

1999 4260 2056 4311 et
2085 4271 2264 4328 prope
2293 4254 2500 4310 urbem
2551 4255 2834 4326 pervenit,
2866 4253 3019 4310 idem
3054 4254 3299 4327 spiritus
3330 4255 3431 4327 qui
3479 4254 3655 4313 illum

1999 4347 2171 4400 antea
2198 4342 2506 4415 habuerat,
2532 4359 2739 4399 vexare
2769 4360 2905 4400 eum
2944 4344 3136 4416 ccepit.
3160 4343 3269 4410 Qui
3298 4360 3430 4400 cum
3465 4344 3656 4401 inter-

1999 4435 2305 4504 rogaretur
2360 4432 2431 4487 ab
2490 4431 2791 4488 exorcistis
2848 4449 2972 4502 cur,
3019 4432 3279 4505 quandiu
3338 4431 3657 4489 Mediolani

2000 4521 2230 4590 fuisset,
2263 4537 2377 4576 non
2412 4520 2470 4576 in
2501 4519 2603 4578 illo
2634 4521 3007 4594 apparuisset
3037 4539 3051 4577 :
3085 4522 3390 4578 confessus
3418 4526 3508 4577 est
3534 4520 3658 4577 dia-

1924 4628 1971 4694 D
2002 4609 2173 4667 bolus
2200 4609 2471 4666 timuisse
2519 4627 2580 4666 se
2628 4609 3026 4679 Ambrosium,
3058 4615 3116 4667 et
3161 4610 3293 4667 ideo
3342 4609 3657 4667 recessisse

317 4697 404 4752 19.
428 4695 631 4752 Occiso
662 4696 861 4768 itaque
882 4695 1158 4752 Gratiano
1183 4696 1550 4768 imperatore,
1578 4698 1894 4771 recipiendi
2004 4700 2073 4757 ad
2103 4704 2358 4771 tempus,
2392 4702 2569 4771 atque
2598 4702 2968 4771 exspectasse
3016 4699 3076 4754 in
3124 4698 3221 4756 illo
3270 4699 3397 4755 loco
3446 4698 3547 4755 ubi
3580 4698 3655 4755 ab

245 4785 506 4859 corporis
535 4786 664 4858 ejus
696 4802 874 4842 causa
897 4785 1209 4841 secundam
1242 4785 1314 4841 ad
1345 4785 1664 4843 Maximum
1695 4803 1894 4844 susce-

245 4875 333 4947 pit
361 4874 732 4947 legationem.
763 4875 931 4947 Apud
967 4890 1140 4946 quem
1183 4890 1360 4947 quam
1399 4878 1736 4932 constanter
1763 4892 1893 4949 ege-

246 4964 344 5028 rit,
377 4963 475 5036 qui
507 4962 758 5020 voluerit
802 4978 1169 5037 cognoscere,
1203 4962 1391 5036 ipsius
1436 4964 1744 5036 legationis
1774 4965 1895 5038 epi-

249 5051 459 5108 stolam
486 5054 559 5108 ad
589 5052 1067 5109 Valentinianum
1092 5052 1390 5124 juniorem
1421 5053 1618 5109 dat-am
1649 5070 1781 5109 cum
1818 5054 1896 5111 le-

250 5140 399 5214 gerit
426 5140 619 5214 (epist.
650 5143 765 5214 24),
797 5140 1170 5215 approbabit;
1218 5141 1389 5198 nobis
1435 5140 1592 5197 enim
1639 5141 1898 5200 alienum

252 5248 285 5285 a
318 5229 708 5301 promissione
736 5232 926 5287 visum
958 5234 1047 5287 est
1082 5229 1247 5286 illam
1277 5229 1554 5298 inserere,
1586 5247 1658 5288 ne
1689 5232 1897 5304 adjun-

252 5321 357 5373 ctze
387 5316 651 5389 epistola
697 5319 999 5391 prolixitas
1029 5319 1336 5376 fastidium
1381 5318 1597 5392 legenti
1648 5320 1897 5379 afferret.

328 5456 440 5529 (12)
472 5457 688 5514 Omnes
716 5460 854 5517 edit.
888 5477 1021 5517 cum
1067 5461 1265 5517 codice
1303 5477 1420 5518 uno
1449 5461 1538 5519 vel
1586 5462 1788 5533 altero,
1821 5467 1903 5521 ita

254 5537 529 5610 optarese
552 5533 799 5610 torqueri
817 5547 903 5586 eos
923 5550 942 5586 :
966 5534 1155 5588 caeteri
1181 5549 1324 5590 mss.
1349 5550 1582 5591 summo
1613 5552 1902 5593 consensu

255 5600 590 5673 repudiant.
619 5600 804 5673 optare
832 5618 908 5661 se.

329 5670 442 5749 (l3)
474 5671 561 5732 Ita
609 5670 754 5732 mss.
816 5673 954 5733 edit.
987 5690 1019 5733 e
1067 5674 1377 5746 contrario,
1408 5678 1507 5752 qui
1561 5678 1903 5737 tractandam

2003 4788 2102 4844 illo
2129 4791 2465 4854 recesserat,
2499 4787 2682 4844 donec
2712 4791 3134 4845 reverteretur:
3164 4805 3281 4862 quo
3311 4791 3655 4855 revertente,

2002 4894 2105 4933 vas
2136 4877 2290 4949 quod
2322 4876 2681 4944 deseruerat,
2711 4877 3038 4950 repetisset.

2073 4968 2163 5022 22.
2196 4965 2496 5021 Exstincto
2524 4964 2797 5031 Maximo,
2830 4966 3021 5038 posito
3052 4966 3379 5023 Theodosio
3409 4966 3659 5039 impera-

2004 5058 2129 5111 tore
2158 5052 2487 5123 Mediolani,
2514 5053 2822 5112 Ambrosio
2851 5071 2986 5112 vero
3033 5055 3305 5129 episcopo
3336 5055 3659 5112 constituto

2007 5142 2299 5218 Aquileia,
2331 5143 2391 5199 in
2442 5143 2708 5218 partibus
2739 5144 2993 5202 Orientis
3023 5145 3084 5200 in
3115 5144 3368 5217 quodam
3418 5142 3659 5201 castello

2008 5252 2043 5292 a
2100 5232 2445 5290 Christianis
2498 5233 2640 5291 viris
2699 5250 2999 5308 synagoga
3052 5234 3392 5292 Judzeorum
3448 5237 3507 5290 et
3560 5231 3660 5288 lu-

2010 5340 2114 5380 cus
2141 5321 2684 5379 Valentinianorum
2726 5323 2997 5380 incendio
3070 5326 3444 5380 concremata
3489 5327 3657 5391 sunt,
3707 5371 3721 5381 .

2010 5469 2153 5540 epist:
2223 5482 2273 5530 ο,
2304 5469 2403 5521 etc.

2082 5482 2219 5609 (140;)
2227 5538 2445 5593 Omnes
2474 5536 2639 5611 edit.,
2659 5552 2716 5591 se
2742 5536 3062 5608 reipubth
3087 5540 3312 5595 nomine
3334 5537 3660 5611 praefuisse;

2011 5625 2217 5667 omnes
2251 5624 2395 5665 mss.
2428 5612 2495 5663 ut
2524 5609 2580 5663 in
2613 5613 2907 5665 contextu.

2081 5680 2194 5757 (15)
2226 5680 2365 5739 Mss.
2399 5677 2689 5748 nonnulli,
2719 5679 2811 5737 sed
2832 5694 2992 5754 opere
3018 5680 3451 5739 crudelissimus.
