3938 6214
107 440 117 505 ι
226 423 269 484 31
1215 424 1583 486 Aucroaa
1626 416 1988 485 PAULINO,
2037 411 2228 477 EJUS
2272 413 2639 476 NOTARIO.
3041 481 3075 529 ί
3472 412 3480 419 ·
3547 417 3627 476 38

243 563 490 635 propterea
519 561 693 633 quod
732 560 941 617 Judaei
975 557 1059 614 vel
1089 556 1473 611 Valentiniani
1528 553 1867 609 insultarent
1904 551 1955 614 Α
1994 548 2204 602 lii-3.1m
2251 548 2341 601 ubi
2381 549 2647 619 cognovit
2690 534 3243 623 sacerdos/copiam
3290 548 3627 621 imperatori

252 628 500 709 nonachis
519 628 1484 718 Christianis;Valentinianorum
1505 642 1661 700 enim
1686 640 1871 696 haere-
1982 636 2345 709 ingrediendi
2377 635 2681 692 ecclesiam
2711 628 3043 710 denegavit:
3066 653 3169 693 nec
3201 637 3363 710 prius
3383 637 3629 710 dignum

118 744 124 775 ν
265 740 555 814 sistriginta
569 741 722 797 deos
743 738 1028 796 colit.Sed
1054 738 1125 793 de
1146 733 1485 806 huiusmodi
1510 733 1657 789 facto
1678 746 1874 788 comes
1975 724 2265 796 judicavit
2296 729 2444 781 ccetu
2476 725 2765 793 Ecclesiae,
2797 725 2884 784 vel
2924 732 3420 784 sacramentorum
3471 744 3629 783 com-

261 832 468 888 Orientis
496 830 572 887 ad
602 829 1031 902 imperatorem
1080 824 1422 882 relationem
1467 821 1679 878 direxit
1711 838 1723 876 :
1759 835 1877 892 qua
1989 814 2287 884 munione,
2312 832 2488 888 quam
2519 815 2816 887 publicam
2849 820 3044 890 ageret
3073 817 3493 889 poenftentiam.
3527 816 3632 874 Cui

260 924 474 993 accepta,
497 919 827 992 imperator
855 919 1204 990 praeceperat
1233 917 1297 969 ut
1327 926 1620 986 synagoga
1649 909 1721 965 ab
1750 907 1876 981 epi-
1987 903 2305 993 imperator
2334 908 2534 993 contra
2555 904 2853 961 asserebat
2877 905 3057 961 David
3081 906 3435 962 adulterium
3458 904 3636 962 simul

259 991 403 1083 scopo
445 1008 561 1065 loci
592 991 1091 1074 rreaediticaretur,
1122 1002 1179 1057 in
1214 1000 1533 1057 monachos
1571 1014 1706 1055 vero
1754 997 1878 1051 vin-
1990 997 2046 1049 et
2093 991 2475 1048 homicidium
2504 997 2891 1066 perpetrasse.
2927 995 3036 1050 Sed
3086 1012 3433 1067 responsum
3482 994 3636 1053 illico

258 1082 538 1154 dicaretur.
570 1097 685 1154 Sed
732 1096 914 1168 hujus
947 1090 1216 1167 praecepti
1247 1095 1415 1147 tenor
1443 1105 1575 1145 cum
1608 1087 1678 1143 ad
1710 1102 1883 1142 aures
1994 1085 2082 1138 est
2114 1099 2127 1138 :
2164 1082 2270 1150 Qui
2296 1090 2508 1138 secutus
2558 1099 2613 1138 es
2660 1091 2958 1153 errantem,
2989 1100 3212 1156 sequere
3255 1086 3637 1155 corrigentem.

258 1186 589 1261 pervenisset
646 1182 997 1241 venerabilis
1064 1180 1174 1236 viri
1246 1177 1541 1235 Ambrosii
1606 1174 1883 1249 episcopi,
1997 1172 2158 1236 Quod
2209 1171 2308 1226 ubi
2359 1171 2581 1227 audivit
2629 1170 3126 1229 clementissimus
3179 1174 3517 1247 imperator,
3565 1174 3644 1229 ita

258 1259 444 1331 direxit
474 1275 548 1331 ad
591 1275 1002 1347 imperatorem
1033 1266 1343 1343 epistolam
1376 1266 1568 1340 (epist.
1610 1264 1717 1337 10),
1752 1263 1893 1336 quia
1999 1260 2257 1332 suscepit
2286 1259 2503 1332 animo,
2535 1264 2599 1315 ut
2629 1259 2923 1333 publicam
2958 1262 3357 1333 paenitentiam
3392 1282 3506 1320 non
3542 1264 3643 1319 ab-

260 1364 455 1438 ipsein
484 1367 748 1435 tempore
778 1374 1080 1418 excurrere
1126 1373 1243 1414 non
1296 1357 1542 1429 poterat,
1576 1369 1694 1426 qua
1721 1350 1892 1407 illum
2001 1348 2262 1404 horreret
2297 1365 2309 1402 :
2343 1350 2512 1421 cujus
2561 1350 2934 1405 correctionis
2981 1352 3274 1423 profectus
3322 1353 3644 1411 secundam

258 1453 525 1520 convenit,
556 1456 623 1508 ut
668 1452 727 1507 id
779 1450 935 1524 quod
985 1448 1057 1504 ab
1104 1447 1310 1504 eodem
1354 1446 1640 1500 statutum
1680 1442 1893 1510 fuerat,

260 1546 626 1611 revocaretur,
662 1539 996 1612 servarique
1027 1537 1137 1593 sibi
1182 1535 1390 1591 dobere
1422 1534 1494 1589 ab
1545 1549 1611 1591 eo
1656 1532 1895 1589 audien-

261 1632 549 1705 tiam,quia
575 1630 622 1687 si
654 1631 869 1703 dignus
895 1645 1011 1684 non
1033 1629 1188 1685 esset
1207 1625 1308 1697 qui
1366 1625 1437 1684 ab
1456 1624 1556 1682 illo
1577 1628 1897 1696 audiretur,

261 1720 459 1792 dignus
516 1719 690 1776 etiam
739 1734 857 1774 non
907 1720 1061 1773 esset
1104 1716 1202 1789 qui
1262 1733 1364 1789 pro
1425 1716 1520 1773 illo
1571 1735 1605 1774 a
1650 1716 1899 1773 Domino

262 1809 565 1876 audiretur,
587 1807 670 1865 vel
697 1808 789 1864 cui
827 1824 965 1863 suas
988 1800 1324 1879 'preces,aut
1344 1805 1435 1861 cui
1460 1823 1569 1862 sua
1590 1809 1719 1862 vota
1741 1821 1901 1861 com-

2004 1436 2090 1492 illi
2122 1436 2344 1510 paravit
2371 1437 2692 1494 victoriam.

2076 1555 2166 1608 25.
2190 1553 2298 1608 Per
2326 1553 2478 1608 idem
2505 1558 2735 1625 tempus
2765 1554 2880 1609 duo
2915 1556 3305 1625 potentissimi
3331 1561 3388 1613 et
3416 1559 3647 1631 sapien-

2007 1642 2225 1698 tissimi
2255 1642 2359 1697 viri
2390 1642 2701 1697 Persarum
2733 1643 2805 1697 ad
2841 1647 3058 1698 famam
3089 1645 3409 1701 sacerdotis
3445 1664 3651 1706 venere

2009 1731 2422 1798 Mediolanum,
2456 1730 2781 1786 deferentes
2811 1748 3012 1786 secum
3061 1732 3346 1804 plurimas
3376 1738 3650 1806 quaestio-

2012 1837 2137 1889 nes,
2170 1825 2234 1873 ut
2264 1835 2331 1874 ex
2361 1819 2451 1874 bis
2483 1821 2794 1890 probarent
2823 1821 3172 1891 sapientiam
3191 1821 3297 1878 viri
3333 1840 3345 1878 :
3379 1841 3514 1881 cum
3537 1842 3652 1897 quo

270 1900 510 1955 mitteret
541 1916 554 1953 :
586 1903 856 1971 paratum
888 1896 1067 1951 etiam
1098 1913 1159 1951 se
1188 1911 1316 1951 esse
1365 1912 1469 1968 pro
1513 1894 1617 1952 tali
1670 1893 1901 1967 negotio

2071 1928 2084 1964 ›
2115 1909 2260 1964 hora
2288 1907 2401 1963 diei
2432 1908 2623 1980 prima
2652 1925 2838 1980 usque
2866 1907 2927 1963 iu
2956 1908 3161 1965 horam
3197 1911 3423 1969 tertiam
3467 1893 3654 1972 noctis

273 1991 505 2043 mortem
536 1987 833 2054 subire,ne
853 1983 1328 2041 dissimulatione
1368 1984 1459 2039 sui
1497 1982 1898 2057 praevaricato-

277 2094 389 2133 rem
417 2078 624 2133 faceret
653 2076 1086 2148 imperatorem,
1119 2074 1217 2147 qui
1264 2076 1386 2130 tam
1440 2073 1659 2145 injusta
1699 2076 1901 2129 contra

284 2166 579 2223 Ecclesiam
609 2164 997 2238 praecepisset.

345 2255 421 2311 23.
451 2255 649 2312 Postea
676 2270 810 2311 vero
841 2270 1018 2326 quam
1050 2252 1446 2310 Mediolanum
1491 2268 1758 2309 reversus
1788 2254 1897 2318 est,

288 2346 453 2419 posito
501 2345 849 2418 imperatore
911 2342 969 2397 in
1031 2341 1294 2411 ecclesia,
1345 2342 1416 2398 de
1461 2342 1666 2399 eadem
1723 2358 1903 2397 causa

290 2436 529 2491 tractavit
581 2433 640 2489 in
691 2431 929 2506 populo.
978 2432 1043 2487 In
1099 2448 1214 2504 quo
1271 2434 1523 2488 tractatu
1579 2430 1902 2487 introduxit

292 2524 493 2580 Domini
519 2539 827 2597 personam
857 2520 1153 2595 loquentis
1182 2519 1520 2593 imperatori
1554 2537 1567 2576 :
1601 2520 1719 2593 Ego
1748 2524 1805 2575 te
1832 2536 1901 2576 ex

296 2612 473 2670 ultimo
500 2613 905 2686 imperatorem
938 2611 1067 2678 feci,
1122 2626 1227 2683 ego
1259 2609 1366 2666 tibi
1419 2609 1735 2665 exercitum
1784 2608 1900 2663 ini-

294 2703 411 2758 mici
438 2703 513 2758 tui
543 2701 774 2767 tradidi,
809 2717 915 2773 ego
965 2699 1070 2755 tibi
1119 2700 1317 2772 cepias
1366 2716 1512 2772 quas
1559 2698 1655 2755 ille
1698 2698 1900 2754 adver-

297 2808 409 2847 sum
436 2795 485 2848 te
510 2790 777 2848 exercitui
809 2806 917 2845 suo
944 2788 1520 2863 praeparaverat,dedi
1541 2806 1555 2857 ;
1575 2803 1681 2861 ego
1703 2786 1902 2843 inimi-

296 2897 410 2937 cum
437 2885 587 2937 tuum
611 2880 670 2935 in
692 2882 1038 2951 potestatem
1062 2883 1222 2934 tuam
1246 2877 1570 2950 redegi,ego
1592 2877 1661 2933 de
1678 2875 1902 2932 semine

297 2972 383 3026 tuo
426 2987 591 3043 supra
634 2968 850 3026 solium
903 2967 1066 3041 regni
1115 2966 1413 3032 constitui,
1446 2982 1552 3039 ego
1601 2969 1657 3022 te
1700 2964 1904 3021 trium-

297 3057 453 3130 phare
477 3059 596 3115 sine
622 3058 822 3115 labore
856 3056 962 3113 feci
998 3072 1011 3112 :
1044 3060 1099 3113 et
1131 3060 1191 3111 tu
1222 3056 1292 3112 de
1322 3070 1415 3111 me
1453 3054 1710 3111 inimicis
1758 3054 1905 3110 meis

299 3147 458 3203 donas
471 3147 795 3220 triumphos
812 3146 824 3201 l
851 3145 952 3201 Cui
971 3143 1344 3201 descendenti
1366 3144 1437 3199 de
1456 3142 1708 3200 exhedra
1725 3142 1905 3215 impe-

299 3241 435 3292 rator
451 3238 526 3293 ait
546 3254 560 3293 :
583 3237 794 3292 Contra
816 3253 923 3291 nos
945 3233 1299 3307 proposuisti
1324 3232 1811 3305 hodie,episc0pe.
1831 3236 1907 3287 At

298 3323 382 3381 ille
417 3325 703 3399 respondit
749 3341 866 3381 non
916 3340 978 3380 se
1025 3327 1227 3379 contra
1252 3323 1467 3394 ipsum,
1502 3322 1603 3377 sed
1630 3339 1734 3394 pro
1776 3322 1904 3394 ipso

300 3412 456 3471 fuisse
479 3415 753 3472 locutum.
785 3416 948 3470 Tunc
976 3413 1292 3485 imperator
1324 3429 1337 3467 :
1372 3411 1452 3467 Re
1494 3426 1654 3481 vera,
1698 3411 1912 3483 inquit,

304 3502 428 3559 dure
446 3520 819 3578 praeceperam
843 3507 1047 3559 contra
1062 3502 1403 3574 episcOpum
1429 3501 1499 3557 de
1516 3517 1813 3574 synagoga
1836 3517 1916 3557 re-

298 3593 529 3661 paranda
554 3611 567 3649 :
593 3594 653 3647 in
685 3590 1003 3647 monachos
1037 3606 1168 3646 vero
1196 3589 1612 3646 vindicandum
1636 3591 1913 3661 esse(16).

300 3678 374 3734 Ita
397 3686 447 3737 et
479 3699 511 3737 a
540 3680 854 3737 comitibus
884 3679 985 3752 qui
1017 3678 1075 3735 in
1110 3683 1369 3751 tempore
1397 3678 1639 3735 aderant
1687 3679 1917 3735 diceba-

307 3772 402 3825 tur.
432 3770 645 3834 Quibus
693 3769 1006 3842 episcopus
1065 3783 1077 3821 :
1129 3768 1247 3841 Ego
1294 3766 1535 3840 quidem
1568 3784 1702 3823 cum
1733 3768 1917 3840 impe-

306 3861 473 3914 ratore
495 3875 645 3914 nunc
678 3876 806 3930 ago,
836 3856 1141 3912 vobiscum
1185 3871 1316 3912 vero
1366 3854 1509 3911 mihi
1541 3855 1712 3912 aliter
1743 3872 1919 3929 agen-

304 3945 430 4003 dum
475 3936 575 4004 est.
608 3949 795 4020 Atque
846 3946 931 4000 ita
972 3943 1218 4000 obtinuit
1265 3948 1329 4000 ut
1375 3944 1476 4001 illa
1524 3961 1651 4018 quae
1703 3949 1923 4001 statuta

305 4034 526 4104 fuerant,
541 4039 984 4092 revocarentur:
1019 4050 1124 4089 nec
1146 4033 1311 4106 prius
1332 4034 1403 4090 ad
1432 4034 1613 4090 altare
1651 4035 1923 4093 accedere

298 4122 480 4191 voluit,
508 4124 618 4180 nisi
646 4123 763 4179 ﬁde
793 4139 903 4179 sua
928 4122 1246 4194 imperator
1288 4120 1456 4179 illum
1499 4138 1682 4195 agere-
1716 4124 1925 4182 debere

300 4212 481 4279 voluit,
513 4214 621 4270 nisi
654 4213 769 4268 ﬁde
797 4229 906 4268 sua
936 4211 1251 4283 imperator
1296 4210 1467 4267 illum
1511 4228 1682 4285 agere
1713 4214 1923 4271 debere

299 4302 601 4358 testaretur.
635 4302 741 4358 Cui
781 4302 1092 4374 episcopus
1125 4318 1138 4356 :
1168 4301 1308 4369 Ergo
1356 4316 1455 4372 ago
1501 4301 1608 4372 ﬁde
1654 4309 1766 4358 tua.
1814 4303 1922 4360 Re-

301 4391 514 4460 spondit
548 4391 867 4464 imperator
899 4408 912 4445 :
940 4390 1051 4460 Age
1099 4388 1204 4460 ﬁde
1247 4404 1389 4445 mea.
1431 4388 1557 4453 Qua
1603 4391 1921 4463 sponsione

299 4474 499 4547 iterata,
515 4481 640 4551 jam
669 4495 916 4537 securus
946 4478 1172 4551 peregit
1191 4477 1462 4535 sacerdos
1483 4478 1681 4536 divina
1701 4484 1922 4553 myste-

301 4565 392 4621 ria.
424 4567 543 4623 Haec
573 4573 769 4624 autem
801 4566 1023 4639 scripta
1051 4571 1190 4623 sunt
1226 4566 1286 4622 in
1319 4566 1570 4639 epistola
1616 4584 1794 4640 quam
1846 4569 1920 4624 ad

2010 2014 2112 2071 per
2131 1999 2505 2069 interpretem
2537 1996 3005 2068 disputaverunt,
3029 1998 3508 2074 admirantesque
3532 2004 3653 2061 dis-

2008 2092 2309 2142 cesserunt
2339 2085 2410 2141 ab
2446 2101 2532 2141 eo.
2565 2086 2635 2140 Et
2666 2089 2730 2140 ut
2760 2101 2823 2141 se
2855 2087 3172 2158 probarent
3215 2106 3332 2145 non
3364 2090 3436 2146 ob
3480 2091 3656 2149 aliam

2009 2190 2250 2231 causam
2282 2174 2531 2238 venisse,
2565 2173 2678 2229 nisi
2731 2180 2795 2228 ut
2842 2180 2998 2230 certo
3046 2178 3265 2234 certius
3313 2190 3552 2237 nossent
3579 2182 3659 2237 vi-

2008 2280 2164 2332 rum,
2191 2280 2367 2335 quem
2400 2263 2555 2318 fama
2585 2268 3021 2335 compererant;
3051 2264 3166 2321 alia
3190 2267 3283 2323 die
3312 2268 3658 2327 valefacien-

2011 2358 2097 2410 tes
2135 2352 2493 2424 imperatori,
2527 2351 2767 2423 profecti
2825 2358 2967 2407 sunt
3013 2354 3086 2409 ad
3134 2356 3340 2413 urbem
3387 2358 3656 2428 Romam,

2009 2443 2129 2497 illic
2159 2441 2417 2496 volentes
2475 2456 2824 2512 cognoscere
2877 2442 3195 2512 potentiam
3253 2445 3503 2504 illustris
3554 2448 3660 2505 viri

2009 2530 2203 2597 Probi,
2232 2547 2349 2601 qua
2379 2529 2633 2601 cognita,
2667 2529 2739 2585 ad
2772 2530 3008 2601 propria
3030 2542 3388 2589 remearunt.

2080 2657 2169 2711 26.
2204 2654 2314 2710 Sed
2354 2670 2589 2727 egresso
2634 2653 2961 2710 Theodosio
2992 2655 3062 2709 de
3095 2654 3262 2712 Italia
3290 2661 3347 2713 et
3376 2658 3662 2717 Constan-

2009 2744 2254 2816 tinopoli
2321 2742 2656 2810 constituto,
2715 2741 3124 2799 Valentiniano
3179 2746 3444 2818 Augusto
3510 2749 3664 2807 intra

2012 2833 2230 2890 Gallias
2260 2832 2469 2905 posito,
2503 2831 2724 2887 directa
2750 2830 2962 2905 legatio
2991 2832 3103 2905 (18)
3132 2838 3223 2890 est
3268 2836 3378 2892 sub
3425 2838 3662 2896 nomine

2012 2930 2251 2983 senatus
2300 2940 2334 2978 a
2368 2921 2716 2994 Symmacho
2748 2925 2887 2976 tunc
2919 2922 3185 2993 praefecto
3240 2925 3402 2982 urbis
3447 2927 3518 2983 de
3569 2945 3660 2984 re-

2013 3015 2265 3092 petenda
2293 3028 2394 3067 ara
2425 3010 2695 3066 Victoriae
2717 3014 2774 3066 et
2793 3012 3131 3084 sumptibus
3162 3017 3662 3075 ceremoniarum.

2013 3107 2127 3162 Sed
2189 3103 2287 3159 ubi
2342 3100 2625 3171 comperit
2670 3100 2961 3167 sacerdos,
2996 3100 3178 3156 misso
3210 3101 3405 3160 libello
3437 3106 3504 3161 ad
3554 3106 3664 3163 im-

2014 3197 2340 3270 peratorem
2392 3188 2581 3259 (epist.
2628 3188 2694 3241 17
2738 3192 2795 3242 et
2842 3189 2953 3259 18),
3004 3189 3319 3260 postulavit
3367 3197 3432 3247 ut
3479 3196 3550 3250 ad
3602 3213 3664 3252 se

1937 3292 1980 3359 α
2018 3279 2319 3341 relationis
2375 3274 2727 3348 exemplaria
2781 3274 3192 3348 dirigerentur,
3260 3281 3477 3351 quibus
3541 3283 3667 3357 ipse

2024 3390 2127 3447 pro
2159 3368 2425 3443 partibus
2455 3364 2579 3421 suis
2609 3380 3002 3435 responsurus
3032 3371 3204 3422 esset.
3230 3367 3355 3432 Qua
3388 3369 3669 3430 relatione

2024 3464 2279 3533 accepta,
2314 3453 2827 3529 praeclarissimum
2881 3452 3145 3511 libellum
3200 3459 3572 3533 conscripsit,
3604 3466 3671 3518 ut

2025 3555 2226 3607 contra
2255 3544 2401 3602 nihil
2432 3559 2695 3615 unquam
2745 3543 2986 3599 auderet
3014 3545 3403 3617 Symmachus
3432 3549 3521 3607 vir
3550 3550 3667 3607 elo-

2026 3635 2451 3712 quentissimus
2488 3632 2838 3705 respondere
2869 3649 2882 3687 :
2917 3633 3017 3689 sed
3065 3640 3377 3708 postquam
3408 3643 3670 3711 augusta:

2027 3727 2321 3785 memoriae
2374 3721 2845 3778 Valentiniamus
2918 3721 2977 3777 in
3053 3722 3367 3781 Viennensi
3440 3728 3672 3785 civitate

2030 3819 2175 3891 (quae
2201 3820 2291 3871 est
2320 3812 2639 3870 Galliarum
2671 3810 2895 3882 civitas)
2919 3811 3097 3867 vitam
3131 3813 3343 3881 finivit;
3379 3814 3671 3890 Eugenius

2031 3904 2292 3977 suscepit
2336 3901 2669 3973 imperium,
2704 3900 2803 3971 qui
2834 3899 2933 3954 ubi
2974 3900 3263 3972 imperare
3308 3904 3498 3977 coepit,
3555 3923 3671 3962 non

2033 3994 2218 4053 multo
2250 3996 2400 4064 post,
2433 3989 2766 4062 petentibus
2813 3988 3085 4044 Flaviano
3135 3994 3274 4046 tunc
3322 3993 3587 4064 praefecto
3618 3997 3675 4050 et

2032 4085 2351 4155 Arbogaste
2381 4079 2609 4146 comite,
2640 4092 2799 4131 aram
2830 4077 3100 4133 Victoriae
3145 4084 3202 4133 et
3248 4084 3522 4152 sumptus
3568 4099 3674 4138 cre-

2033 4172 2451 4238 remoniarum,
2487 4167 2640 4240 quod
2672 4164 3121 4222 Valentinianus
3158 4173 3418 4241 augustze
3449 4186 3670 4229 memo-

2033 4266 2130 4321 ria:
2160 4261 2352 4319 adhuc
2380 4258 2440 4314 in
2458 4255 2798 4329 junioribus
2850 4255 3020 4311 annis
3067 4258 3443 4325 constitutus,
3472 4264 3674 4332 peten-

2029 4355 2189 4410 tibus
2219 4349 2622 4422 denegaverat,
2653 4344 2870 4401 oblitus
2901 4344 3035 4400 fidei
3072 4362 3189 4401 suae
3220 4348 3528 4405 concessit.

2100 4471 2190 4525 27.
2225 4467 2345 4523 Hoc
2391 4463 2490 4519 ubi
2539 4461 2807 4535 cognovit
2863 4462 3157 4533 sacerdos,
3210 4463 3484 4521 derelicta
3536 4466 3675 4525 civi-

2028 4563 2148 4618 tate
2177 4550 2690 4618 Mediolanensi,ad
2723 4567 2900 4623 quam
2930 4550 3029 4608 ille
3088 4552 3356 4609 festinato
3387 4554 3671 4626 veniebat,

299 4667 611 4725 germanam
638 4673 809 4712 suam
841 4655 978 4711 fecit
1006 4654 1330 4727 (epistJt):
1363 4655 1423 4710 in
1454 4671 1572 4727 qua
1602 4659 1915 4712 tractatum
1946 4659 1993 4724 Ι)
2026 4650 2097 4707 ad
2128 4644 2554 4725 Bononiensem
2606 4640 2896 4696 civitatem
2944 4642 3270 4716 emigravit,
3316 4647 3491 4716 atque
3540 4644 3676 4701 inde

302 4739 543 4813 inseruit,
574 4762 750 4818 quem
782 4744 986 4800 eodem
1018 4743 1110 4799 die
1140 4742 1348 4799 habuit
1373 4743 1445 4799 de
1472 4743 1683 4800 baculo
1711 4760 1915 4813 nuceo,

306 4831 389 4899 qui
420 4848 451 4888 a
477 4833 758 4907 prOpheta
785 4831 1041 4889 Jeremia
1062 4830 1224 4887 visus
1252 4847 1381 4889 esse
1410 4832 1782 4888 describitur.

362 4921 443 4975 24.
474 4925 578 4978 Per
635 4923 793 4978 idem
842 4925 1094 4993 tempus,
1141 4937 1320 4977 causa
1374 4919 1917 4977 Thessalonicensis

307 5007 529 5067 civitatis
574 5028 692 5068 non
745 5009 995 5066 minima
1050 5010 1335 5067 successit
1379 5008 1680 5066 tribulatio
1728 5026 1918 5067 sacer-

306 5094 430 5165 doti,
470 5116 598 5156 cum
642 5099 934 5156 civitatem
987 5116 1132 5172 pene
1183 5098 1434 5156 deletam
1490 5099 1918 5172 comperisset;

304 5189 625 5254 promiserat
648 5190 806 5246 enim
830 5188 918 5244 illi
941 5188 1259 5261 imperator
1289 5204 1352 5246 se
1379 5188 1611 5245 veniam
1642 5189 1919 5246 daturum

303 5273 501 5335 civibus
543 5277 896 5352 supradictae
928 5276 1180 5334 civitatis
1213 5295 1227 5335 :
1260 5278 1363 5335 sed
1395 5277 1703 5350 agentibus
1741 5279 1920 5335 comi-

302 5361 439 5422 tibus
485 5367 708 5424 occulte
755 5382 891 5423 cum
940 5366 1311 5439 imperatore,
1368 5366 1675 5440 ignorante
1731 5384 1921 5425 sacer-

302 5449 623 5529 dote,usque
652 5456 712 5511 in
741 5455 951 5512 horam
981 5455 1213 5511 tertiam
1244 5454 1437 5527 gladio
1470 5454 1803 5529 civitas(t7)
1834 5460 1924 5513 est

299 5538 691 5616 donata,atque
719 5543 963 5616 plurimi
994 5543 1327 5617 interempti
1364 5543 1725 5600 innocentes.
1758 5545 1922 5610 Quod

357 5667 461 5741 (16)
486 5669 573 5741 Ita
595 5685 764 5737 mss.;
793 5670 932 5725 edit.
962 5684 1119 5741 vero,
1134 5668 1531 5726 vindicandum
1556 5683 1671 5725 esse
1699 5685 1735 5724 a
1758 5671 1925 5726 comi-

298 5737 453 5795 tibus;
478 5740 674 5797 Minus
704 5741 1007 5798 concinne.

356 5810 461 5895 (t7)
490 5812 633 5873 Mss.
658 5811 904 5893 aliquot,
927 5815 991 5873 in
1008 5813 1203 5873 horam
1221 5813 1438 5873 tertiam
1456 5812 1537 5872 eis
1562 5810 1777 5887 civitas,
1809 5814 1919 5873 eto.

2029 4735 2361 4795 Faventiam
2394 4745 2581 4803 usque
2613 4730 2883 4803 perrexit.
2918 4728 3026 4786 Ubi
3059 4747 3190 4787 cum
3224 4730 3546 4804 aliquantis
3573 4733 3674 4789 de-

2028 4830 2187 4901 geret
2215 4823 2448 4899 diebus,
2488 4819 2767 4875 invitatus
2810 4835 2845 4875 a
2884 4818 3251 4889 Florentinis,
3284 4820 3357 4877 ad
3398 4820 3673 4876 Tusciam

2029 4931 2216 4988 usque
2270 4909 2592 4978 descendit,
2637 4908 2937 4965 declinans
2997 4910 3187 4982 magis
3245 4907 3511 4981 sacrilegi
3567 4908 3676 4965 viri

2029 5008 2475 5078 aspectum,non
2508 4998 2832 5053 formidans
2856 4995 3201 5069 imperantis
3231 4995 3673 5067 injuriam;nam

2029 5098 2087 5151 et
2125 5089 2432 5166 epistolam
2462 5087 2533 5142 ad
2564 5086 2834 5142 eumdem
2875 5084 3032 5140 dedit
3059 5084 3250 5157 (epist.
3282 5085 3396 5155 57),
3446 5083 3506 5141 in
3558 5102 3677 5158 qua

2031 5179 2298 5238 convenit
2328 5174 2744 5232 conscientiam
2775 5171 3036 5239 illius,de
3067 5190 3185 5244 qua
3211 5189 3397 5245 pauca
3425 5175 3496 5230 de
3529 5174 3678 5231 mul-

2030 5271 2107 5327 tis
2138 5267 2408 5341 ponenda
2437 5262 2592 5319 duxi.
2640 5263 2759 5319 Etsi
2805 5262 3151 5333 imperatoris
3192 5265 3431 5334 potestas
3470 5280 3679 5334 magna

2029 5361 2120 5427 sit,
2170 5360 2354 5411 tamen
2411 5350 2710 5421 considera,
2760 5352 3072 5421 imperator,
3115 5355 3352 5422 quantus
3394 5353 3467 5408 sit
3514 5352 3673 5409 Deus.

2033 5447 2206 5507 Corda
2251 5445 2537 5500 hominum
2585 5440 2748 5508 videt,
2797 5441 3182 5497 conscientiam
3226 5442 3543 5499 interiorem
3586 5443 3677 5497 in-

2031 5542 2286 5608 terrogat,
2318 5533 2469 5590 novit
2498 5531 2687 5587 omnia
2733 5536 3027 5601 antequam
3069 5530 3226 5602 ﬁant,
3258 5531 3408 5587 novit
3456 5531 3679 5587 interna

2103 5664 2214 5738 (18)
2247 5661 2463 5738 Omnes
2493 5655 2657 5738 edit.,
2689 5656 2899 5738 directa
2925 5656 3120 5738 relatio
3147 5654 3673 5738 estagmnesnnmss:
3760 5702 3767 5707 .

2031 5724 2241 5869 graeca
2266 5733 2462 5809 legatio
2490 5736 2601 5796 est;
2631 5724 2759 5808 quae
2802 5725 3143 5788 relationem
3185 5724 3410 5788 scilicet
3445 5724 3677 5789 oti'erret

2077 5824 2265 5869 assert.

2077 5824 2265 5871 8881⁸1.
