3938 6214
363 489 441 546 39
1706 484 1888 543 Vl'l‘A
1939 486 2000 545 S.
2048 483 2423 546 AMBllOSll
3716 485 3801 545 40

357 619 590 692 pectoris
651 619 753 673 tui.
803 619 915 688 Ipsi
958 617 1088 688 falli
1130 633 1221 674 vos
1246 633 1356 673 non
1398 617 1682 688 patimini,
1733 620 1783 671 et
1841 616 2011 672 Deum
2041 617 2094 684 Α
2124 621 2308 672 scunt.
2344 618 2488 672 Nam
2518 621 2574 673 et
2607 633 2732 685 nos,
2758 616 3039 673 referente
3062 616 3278 688 juvene
3298 614 3558 688 quodam
3591 616 3794 674 Arbo-

359 711 528 764 vultis
559 707 776 764 celare?
822 707 938 764 Non
980 705 1174 762 cecidit
1220 708 1280 760 in
1337 707 1588 766 animum
1642 708 1800 759 tuum
1847 705 2010 776 quid-

361 795 568 870 quam?
623 796 683 852 Si
741 795 831 851 illi
883 795 1114 867 agebant
1181 804 1292 850 tam
1343 798 1772 868 perseveranter,
1831 809 2014 849 nonne

362 894 517 942 tuum
543 886 674 958 fuit,
705 886 1020 957 imperator,
1044 899 1147 956 pro
1179 885 1274 940 Dei
1300 884 1507 939 summi
1556 891 1606 938 et
1646 883 1762 937 veri
1807 885 1856 938 et
1906 883 2014 938 viri

365 975 712 1030 ueneratione
753 973 1190 1046 perseverantius
1243 971 1520 1037 obsistere,
1554 974 1606 1026 et
1633 986 1834 1042 negare
1874 970 2013 1043 quod

361 1065 480 1119 erat
509 1064 571 1118 in
591 1061 860 1134 injuriam
885 1075 1061 1118 sacrae
1091 1061 1226 1130 legis
1256 1060 1452 1132 (Num.
1505 1061 1580 1130 7).
1634 1060 1704 1115 Et
1745 1058 1960 1115 iterum
1995 1076 2007 1114 :

362 1154 631 1222 Quoniam
681 1153 857 1221 igitur
907 1153 1043 1206 meis
1091 1150 1309 1206 vocibus
1339 1153 1388 1206 et
1417 1149 1562 1222 apud
1593 1149 1759 1204 Deum
1789 1152 1838 1204 et
1867 1147 2012 1220 apud

359 1257 543 1299 omnes
572 1239 819 1298 homines
848 1249 1032 1296 teneor
1059 1258 1078 1296 :
1109 1239 1251 1294 illud
1297 1240 1440 1295 mihi
1484 1255 1596 1295 non
1645 1239 1806 1294 licere
1843 1238 2008 1292 intel-

361 1332 494 1400 lexi,
540 1329 696 1386 aliud
739 1346 851 1386 non
882 1337 1146 1401 oportere,
1197 1330 1310 1384 nisi
1357 1331 1417 1383 ut
1464 1328 1798 1384 consulerem
1843 1327 2004 1395 mihi,

359 1423 492 1494 quia
520 1435 630 1476 non
657 1421 818 1492 potui
845 1419 965 1474 tibi.

426 1511 516 1565 28.
543 1510 606 1565 In
637 1507 975 1580 supradicta
1005 1507 1201 1579 itaque
1244 1505 1475 1562 civitate
1515 1504 2004 1573 Florentinorum,

358 1615 492 1655 cum
521 1596 582 1653 in
612 1597 786 1652 domo
817 1594 1128 1651 clarissimi
1161 1595 1460 1666 quondam
1490 1593 1600 1649 viri
1627 1593 1915 1660 Decentis,
1951 1597 2008 1648 et

355 1687 511 1759 quod
541 1689 632 1742 est
659 1682 1278 1758 amplius,Christiani,
1300 1686 1582 1750 maneret,
1616 1681 1775 1738 ﬁlius
1794 1681 2004 1753 ipsius,

353 1774 728 1848 Pansophius
757 1773 1016 1842 nomine,
1045 1773 1364 1828 admodum
1395 1771 1694 1844 parvulus,
1727 1788 1861 1827 cum
1885 1771 2003 1844 spi-

355 1865 473 1921 ritu
501 1863 808 1920 immundo
838 1862 1148 1923 laboraret.
1181 1861 1470 1934 frequenti
1519 1860 1778 1917 oratione
1809 1865 1865 1916 et
1895 1861 2004 1915 im-

355 1953 648 2028 positione
697 1969 910 2008 manus
955 1950 1273 2008 sacerdotis
1320 1950 1507 2023 ipsius
1556 1953 1646 2006 est
1697 1953 1939 2006 sanatus
1986 1966 1999 2006 :

355 2043 458 2100 sed
488 2047 622 2116 post
648 2041 979 2114 aliquantos
1023 2041 1148 2096 dies
1193 2039 1390 2096 subita
1432 2039 1772 2095 infirmitate
1813 2055 2002 2094 corre-

356 2136 492 2204 ptus
543 2130 868 2187 infantulus
919 2128 1209 2185 exhalavit
1261 2128 1554 2200 spiritum.
1590 2127 1772 2197 Cujus
1819 2131 2004 2181 mater

354 2220 524 2276 valde
552 2219 844 2292 religiosa,
878 2223 936 2275 et
964 2217 1138 2290 plena
1167 2217 1280 2272 ﬁde
1311 2233 1376 2272 ac
1402 2217 1610 2272 timore
1651 2216 1776 2287 Dei,
1809 2215 2002 2271 ablato

355 2309 456 2366 illo
485 2311 556 2365 de
586 2309 886 2381 superiore
917 2312 1080 2379 parte
1111 2307 1420 2374 domus,ad
1461 2305 1734 2361 inferiora
1762 2305 2000 2360 descen-

356 2403 463 2467 dit,
495 2419 563 2458 ac
607 2400 666 2454 in
718 2398 863 2454 lecto
911 2395 1250 2461 sacerdotis,
1302 2395 1429 2466 ipso
1477 2395 1737 2462 absente,
1773 2410 2002 2465 compo-

357 2491 494 2547 suit.
550 2489 729 2553 Quem
788 2503 921 2541 cum
990 2490 1282 2540 revertens
1347 2483 1617 2538 sacerdos
1675 2483 1733 2538 in
1793 2481 2000 2538 lectulo

354 2579 690 2644 invenisset,
721 2580 844 2632 erat
871 2575 1028 2630 enim
1061 2573 1158 2630 illo
1189 2573 1248 2628 in
1276 2577 1537 2644 tempore
1567 2575 1728 2628 extra
1759 2572 2001 2627 domum

354 2669 601 2742 positus,
634 2666 946 2722 miseratus
989 2669 1239 2720 matrem
1297 2667 1353 2718 et
1405 2663 1578 2717 ﬁdem
1627 2661 1812 2733 ipsius
1865 2677 2000 2715 con-

353 2757 696 2830 templatus,
729 2754 918 2810 Eliseo
950 2751 1183 2820 similis,
1218 2768 1397 2822 supra
1424 2767 1637 2822 corpus
1670 2749 1911 2805 infantis
1942 2766 2002 2804 se

354 2849 479 2920 ipse
525 2842 872 2916 composuit,
923 2846 1099 2912 atque
1158 2839 1376 2895 orando
1438 2837 1652 2894 meruit
1701 2842 1764 2892 ut
1808 2838 2002 2893 vivum

357 2934 622 2990 redderet
643 2929 1019 3000 matri,quem
1053 2931 1347 2982 mortuum
1371 2926 1695 2994 invenerat;
1731 2926 1802 2981 ad
1827 2942 2001 2998 quem

355 3023 530 3080 etiam
562 3018 920 3076 infantulum
952 3015 1218 3073 libellum
1247 3015 1686 3087 conscripsit,ut
1715 3016 1868 3088 quod
1904 3031 2004 3088 per

356 3111 541 3169 atatis
571 3107 879 3166 infantiam
911 3106 1059 3161 scire
1091 3123 1207 3160 non
1238 3107 1486 3178 poterat,
1519 3103 1762 3176 legendo
1790 3122 2001 3177 cogno-

355 3204 558 3257 sceret.
592 3198 1006 3252 Verumtamon
1040 3195 1259 3249 factum
1293 3193 1530 3265 scriptis
1559 3193 1682 3249 suis
1715 3210 1827 3249 non
1851 3210 2004 3250 com-

352 3287 742 3346 memoravit:
778 3285 876 3342 sed
929 3300 1044 3356 quo
1093 3283 1299 3340 affectu
1344 3282 1717 3338 declinaverit
1749 3299 2001 3338 comme-

351 3394 602 3444 morare,
635 3392 752 3432 non
785 3378 874 3430 est
906 3377 1172 3428 nostrum
1191 3372 1480 3443 judicare.

420 3469 511 3523 29.
542 3467 605 3522 In
637 3465 839 3520 eadem
870 3463 1044 3520 etiam
1075 3461 1302 3517 civitate
1342 3460 1645 3517 basilicam
1678 3460 1997 3529 constituit,

352 3557 412 3612 in
440 3573 557 3628 qua
587 3552 857 3626 deposuit
887 3550 1162 3621 reliquias
1185 3554 1506 3622 martyrum
1531 3550 1736 3606 Vitulis
1757 3555 1813 3606 et
1835 3551 1998 3623 Agri-

352 3644 511 3712 colae,
545 3659 798 3715 quorum
831 3657 1072 3712 corpora
1102 3640 1160 3694 in
1194 3639 1544 3695 Bononiensi
1577 3638 1804 3694 civitate
1856 3639 2001 3695 leva-

351 3737 512 3790 verat
541 3731 788 3802 (Ex/tori.
831 3731 971 3800 Virg.
1009 3745 1139 3800 pag.
1171 3730 1328 3798 277);
1384 3728 1574 3800 posito.
1621 3728 1778 3783 enim
1837 3733 2001 3784 erant

353 3839 596 3895 corpora
626 3823 952 3892 martyrum
985 3817 1137 3872 inter
1166 3833 1408 3889 corpora
1444 3817 1779 3872 Judaeorum
1833 3835 1844 3872 :
1897 3834 2000 3872 nec

352 3916 477 3968 erat
522 3909 823 3984 cognitum
874 3905 1090 3980 populo
1144 3905 1494 3978 Christiano,
1535 3905 1646 3961 nisi
1702 3922 1764 3962 se
1815 3906 2000 3961 sancti

353 4003 639 4073 martyres
667 3996 953 4054 sacerdoti
982 3995 1170 4068 ipsius
1200 3994 1470 4052 Ecclesiae
1502 3995 1908 4065 revelassentﬂ
1921 3996 1997 4066 9).

351 4090 486 4155 Quae
536 4106 670 4144 cum
725 4088 1155 4159 deponerentur
1202 4085 1314 4140 sub
1362 4084 1550 4149 altari,
1593 4085 1746 4158 quod
1802 4089 1891 4140 est
1941 4085 1999 4140 in

351 4180 553 4236 eadem
584 4176 828 4234 basilica
858 4175 1270 4243 constitutum,
1296 4191 1509 4248 magna
1530 4173 1648 4230 illic
1678 4173 1857 4229 totius
1887 4173 2002 4246 ple-

350 4269 440 4324 bis
469 4272 685 4324 sanctte
718 4264 917 4321 laetitia
946 4269 1121 4335 atque
1151 4262 1460 4319 exsultatio
1514 4262 1644 4330 fuit,
1680 4280 1847 4335 pinna
1884 4264 2000 4319 daa-

352 4373 595 4413 monum
627 4353 1030 4410 confitentium
1063 4358 1386 4425 martyrum
1420 4352 1644 4408 merita.

419 4447 509 4502 30.
542 4445 650 4500 Per
680 4443 834 4498 idem
876 4431 1109 4514 tempus
1158 4443 1511 4515 Arbogastes
1553 4457 1747 4497 comes
1797 4441 1995 4497 adver-

350 4551 484 4590 sum
534 4536 764 4604 gentem
819 4547 1011 4596 suam,
1054 4529 1162 4585 hoc
1211 4535 1298 4586 est
1352 4531 1724 4597 Francorum,
1778 4528 1997 4586 bellum

350 4621 777 4696 paravit,atque
809 4619 1124 4692 pugnando
1154 4635 1268 4674 non
1291 4636 1529 4691 parvam
1559 4617 1995 4674 multitudinem

351 4728 532 4768 manu
563 4709 736 4773 fudit,
763 4725 896 4763 curn
930 4707 1182 4764 residuis
1213 4724 1346 4764 vero
1379 4724 1579 4780 pacem
1612 4707 1996 4762 firmavit.Sed

348 4818 483 4858 cum
516 4800 576 4855 in
608 4797 868 4854 convivio
899 4814 933 4852 a
964 4797 1199 4869 regibus
1231 4797 1423 4870 gentis
1455 4815 1571 4852 suae
1603 4797 1992 4869 interrogare-

345 4895 444 4945 tur
465 4892 665 4944 utrum
685 4887 860 4943 sciret
880 4886 1285 4954 Ambrosium;
1319 4892 1374 4942 et
1401 4885 1797 4958 respondisset
1823 4902 1995 4942 nosse

346 4996 408 5036 se
437 4978 650 5045 virum,
679 4980 736 5032 et
765 4975 930 5047 diligi
961 4976 1032 5030 ab
1065 4991 1152 5043 eo,
1177 4979 1351 5047 atque
1383 4976 1714 5047 frequenter
1735 4992 1868 5031 cum
1895 4975 1993 5030 illo

346 5065 638 5123 convivari
700 5063 963 5131 solitum,
1015 5063 1238 5118 audivit
1271 5081 1282 5118 :
1315 5064 1448 5120 Ideo
1503 5064 1712 5136 vincis,
1773 5081 1989 5130 comes,

349 5155 489 5228 quia
519 5155 591 5210 ab
623 5152 724 5209 illo
763 5153 886 5208 viro
937 5151 1218 5225 diligeris,
1253 5153 1352 5224 qui
1403 5152 1543 5208 dicit
1589 5153 1696 5209 soli
1730 5171 1742 5209 :
1776 5154 1895 5222 Sta,
1937 5157 1994 5208 et

348 5248 484 5301 stat.
517 5243 678 5307 Quod
705 5259 810 5314 ego
841 5242 969 5297 ideo
1002 5241 1190 5314 posui,
1215 5247 1278 5297 ut
1307 5243 1474 5313 cujus
1507 5243 1674 5299 fama)
1707 5243 1878 5298 fuerit
1907 5243 1994 5297 vir

349 5335 589 5389 sanctus
619 5331 795 5386 etiam
819 5331 974 5403 apud
993 5331 1270 5388 barbaras
1293 5336 1514 5404 gentes,
1544 5330 1802 5404 legentes
1821 5348 1995 5405 agno-

421 5491 535 5574 (l9)
565 5489 1132 5574 Eaedem-editqcum
1163 5492 1290 5546 cod.
1324 5507 1440 5574 uno
1479 5490 1697 5574 Germ._,
1729 5488 1993 5546 sacerdoti

348 5563 854 5646 ipsareuelassent;
885 5563 1073 5631 caateri
1107 5579 1248 5646 mss.
1287 5563 1438 5646 ut‘in
1466 5566 1759 5646 contextu.

367 5634 380 5635 ί
421 5634 534 5708 (20)
566 5634 651 5688 lta
682 5649 825 5687 mss.
862 5649 977 5686 uno
1007 5639 1275 5706 excepto;
1310 5634 1445 5690 edit.
1481 5636 1670 5688 autem
1716 5650 1848 5689 cum
1897 5649 1991 5690 eo-

350 5706 641 5780 dem,qu_o
671 5703 790 5762 haec
819 5703 1155 5780 loquebatur.
1182 5778 1188 5780 _
1314 5777 1339 5780 _

421 5776 560 5856 (2t)
593 5777 810 5838 Omnes
857 5776 1023 5850 edit,
1070 5778 1258 5837 contra
1302 5777 1508 5848 Deum;
1564 5790 1767 5836 omnes
1821 5791 1988 5847 mea,

2120 705 2302 777 gastis
2334 705 2651 762 admodum
2702 704 2992 778 religioso,
3043 704 3441 778 cognovimus,
3477 704 3584 778 qui
3639 709 3797 776 tunc

2119 793 2415 862 interfuit;
2463 797 2586 850 erat
2635 793 2812 862 enim,
2863 793 2923 848 in
2981 797 3240 866 tempore
3271 810 3386 866 quo
3417 793 3538 850 haec
3571 793 3799 866 loque-

2121 882 2336 938 bantur
2365 883 2501 954 (20),
2533 881 2650 938 vini
2684 881 2971 938 minister.

2188 971 2584 1027 31.Profectus
2605 971 2801 1044 itaque
2823 969 3094 1026 sacerdos
3125 969 3195 1024 de
3223 969 3445 1026 Tuscia:
3479 971 3792 1044 partibus,

2121 1059 2514 1116 Mediolanum
2548 1059 2871 1128 revertitur,
2897 1059 3024 1130 jam
3066 1059 3202 1115 inde
3243 1075 3477 1131 egresso
3509 1060 3794 1134 Eugenio

2119 1153 2322 1204 contra
2349 1148 2760 1217 Theodosium;
2782 1148 2862 1204 ibi
2883 1147 3196 1204 Christiani
3218 1148 3598 1220 imperatoris
3633 1166 3793 1221 prae-

2116 1236 2484 1294 stolabantur
2539 1238 2874 1306 adventum,
2921 1253 3164 1292 securus
3225 1237 3295 1292 de
3343 1237 3440 1293 Dei
3502 1237 3791 1310 potentia

2088 1328 2272 1397 _quod
2305 1343 2419 1383 non
2453 1328 2703 1406 traderet
2746 1326 3076 1382 credentem
3107 1325 3166 1381 in
3199 1342 3261 1382 se
3292 1325 3643 1382 hominibus
3688 1327 3784 1382 in-

2108 1415 2312 1485 justis,
2362 1432 2466 1471 nec
2513 1415 2868 1488 relinqueret
2915 1414 3137 1487 virgam
3188 1419 3560 1488 peccatorum
3596 1432 3791 1489 super

2116 1509 2332 1562 sortem
2371 1507 2695 1578 justorum,
2728 1523 2799 1562 ne
2847 1506 3220 1563 extenderent
3259 1505 3407 1578 justi
3439 1507 3511 1562 ad
3547 1506 3788 1580 iniqui-

2115 1597 2263 1650 tates
2324 1612 2536 1652 manus
2593 1613 2730 1652 suas
2801 1596 2974 1668 (Psal.
3032 1612 3214 1661 cxxlv,
3273 1595 3350 1668 3).
3411 1595 3787 1654 Promiserat

2115 1683 2272 1741 enim
2303 1685 2657 1757 Arbogastes
2707 1688 2846 1740 tunc
2893 1701 3109 1752 comes,
3161 1688 3218 1740 et
3265 1684 3578 1741 Flavianus
3631 1703 3783 1758 pra:-

2117 1775 2304 1829 fectus
2337 1773 2662 1830 Mediolano
2691 1773 3076 1846 egredientes,
3109 1790 3241 1828 cum
3272 1776 3518 1830 victores
3553 1775 3783 1832 reversi

2115 1863 2635 1929 essent,stabulum
2669 1879 2730 1918 se
2760 1879 2888 1918 esse
2919 1863 3178 1919 facturos
3203 1861 3264 1917 in
3295 1862 3543 1919 basilica
3589 1863 3782 1921 eccle-

2115 1951 2211 2007 siae
2243 1950 2690 2008 Mediolanensis
2721 1955 2897 2023 atque
2929 1950 3170 2007 clericos
3201 1951 3312 2008 sub
3346 1951 3533 2008 armis
3557 1953 3779 2026 proba-

2111 2045 2274 2098 turos
2309 2057 2320 2096 :
2355 2040 2455 2096 sed
2508 2040 2825 2097 miserandi
2883 2039 3151 2097 homines
3204 2056 3338 2096 cum
3397 2040 3781 2098 daemonibus

2112 2130 2237 2186 suis
2289 2129 2439 2186 male
2490 2129 2710 2185 creduli
2766 2134 2927 2196 sunt,
2961 2133 3019 2186 et
3064 2128 3335 2202 aperiunt
3383 2146 3447 2186 os
3498 2148 3686 2187 suum
3716 2130 3778 2187 in

2112 2219 2537 2292 blasphemiam
2571 2219 2724 2291 apud
2757 2219 2938 2274 Deum
2969 2219 3105 2289 (2|),
3140 2235 3302 2291 spem
3353 2217 3466 2275 sibi
3511 2219 3777 2276 victoria)

2113 2309 2476 2364 ademerunt.
2511 2311 2698 2363 Causa
2753 2311 2949 2363 autem
3008 2307 3417 2363 commotionis
3475 2307 3604 2364 haec
3639 2309 3774 2377 fuit,

2111 2398 2250 2469 quia
2284 2414 2528 2453 munera
2557 2396 2928 2469 imperatoris
2955 2395 3055 2468 qui
3089 2413 3150 2452 se
3181 2395 3483 2468 sacrilegio
3520 2396 3777 2454 miscue-

2112 2491 2220 2552 rat,
2253 2487 2324 2542 ab
2367 2485 2624 2541 Ecclesia
2649 2486 3052 2557 respuebatur,
3088 2502 3193 2542 nec
3241 2485 3444 2541 orandi
3499 2485 3586 2541 illi
3633 2503 3774 2542 cum

2112 2575 2366 2632 Ecclesia
2422 2575 2670 2632 societas
2724 2574 3107 2630 tribuebatur.
3159 2575 3269 2630 Sed
3332 2573 3627 2631 Dominus
3668 2576 3775 2648 qui

2112 2664 2432 2721 Ecclesium
2464 2681 2634 2720 suam
2666 2664 2815 2719 tueri
2871 2663 3265 2731 consuevit,de
3296 2662 3438 2718 cmlo
3461 2663 3774 2738 jaculatus

2111 2760 2199 2810 est
2219 2753 2716 2826 judicium,atque
2739 2770 2971 2809 omnem
2993 2752 3294 2808 victoriam
3325 2752 3396 2808 ad
3421 2753 3771 2827 religiosum

2111 2843 2523 2915 imperatorem
2555 2841 2855 2898 transtulit
2887 2841 3624 2912 Theodosium.Exsytincto
3660 2842 3770 2898 ita-

2111 2949 2224 3005 que
2256 2931 2513 3004 Eugenio
2546 2930 3020 3003 satellitibusque
3051 2932 3340 3001 ejus,cum
3373 2930 3597 3004 scripta
3619 2932 3770 2988 acci-

2112 3025 2272 3094 peret
2315 3019 2701 3093 imperatoris,
2731 3036 2845 3075 non
2904 3019 2989 3074 illi
3040 3019 3153 3075 alia
3203 3037 3343 3075 cura
3400 3021 3599 3092 major
3659 3020 3771 3076 fuit

2112 3127 2288 3181 quam
2320 3113 2386 3164 ut
2417 3127 2518 3182 pro
2549 3108 2622 3165 iis
2651 3109 3200 3181 interveniret,quos
3225 3109 3765 3166 reatusinvenerat.

2113 3199 2461 3255 Obsecratus
2491 3201 2580 3254 est
2611 3198 2799 3271 primo
2833 3197 3066 3270 scriptis
3113 3197 3527 3269 imperatorem
3582 3197 3766 3254 misso

2112 3286 2356 3342 diacono
2387 3285 2565 3358 (epist.
2599 3287 2662 3340 61
2697 3290 2754 3341 et
2781 3285 2872 3357 62)
2908 3302 2920 3340 :
2959 3289 3160 3358 postea
3208 3301 3339 3340 vero
3390 3302 3572 3357 quam
3605 3285 3766 3341 dire-

2111 3379 2240 3431 ctus
2271 3379 2360 3430 est
2395 3375 2654 3430 Joannes
2701 3379 2842 3430 tunc
2889 3373 3164 3430 tribunus
3213 3379 3270 3430 et
3322 3374 3610 3446 notarius,
3663 3375 3764 3447 qui

2111 3481 2266 3520 nunc
2308 3464 2612 3537 praefectus
2655 3468 2761 3532 est,
2796 3464 2867 3519 ad
2918 3463 3226 3519 tuitionem
3276 3480 3479 3519 eorum
3533 3463 3635 3536 qui
3686 3463 3759 3520 ad

2109 3553 2415 3610 ecclesiam
2441 3554 2841 3626 confugerant,
2873 3553 3049 3609 etiam
3080 3554 3202 3625 ipse
3242 3552 3575 3625 Aquileiam
3628 3569 3761 3625 per-

2111 3643 2254 3698 rexit
2285 3647 2626 3715 precaturus
2658 3659 2758 3714 pro
2789 3641 2892 3709 eis,
2926 3641 3136 3713 quibus
3164 3642 3329 3697 facile
3363 3641 3534 3697 venia
3574 3641 3758 3714 impe-

2114 3738 2261 3788 trata
2289 3737 2406 3799 est;
2437 3731 2573 3803 quia
2603 3731 2726 3803 ipse
2767 3730 3136 3786 Christianus
3185 3732 3500 3802 imperator
3550 3746 3756 3804 provo-

2111 3821 2270 3876 lutus
2301 3820 2550 3892 pedibus
2580 3820 2899 3876 sacerdotis
2931 3821 3256 3876 testabatur
3285 3819 3510 3875 meritis
3540 3823 3598 3874 et
3628 3835 3758 3874 ora-

2110 3911 2368 3966 tionibus
2399 3911 2524 3980 ejus
2555 3927 2617 3965 se
2648 3925 2775 3964 esse
2807 3914 3122 3964 servatum.

2181 4001 2265 4056 32.
2306 4000 2618 4055 Revertens
2683 3998 2880 4070 itaque
2911 3999 2982 4053 de
3011 3998 3151 4053 urbe
3209 3995 3593 4069 Aquileiensi,
3647 4012 3759 4052 uno

2110 4088 2201 4144 die
2234 4088 2530 4161 praecessit
2561 4087 2968 4160 imperatorem
2995 4104 3006 4142 :
3035 4102 3138 4141 nec
3161 4085 3259 4140 diu
3285 4085 3761 4142 clementissima)

2110 4178 2402 4233 memoria:
2434 4177 2798 4232 Theodosius
2838 4175 3156 4247 imperator
3187 4175 3477 4247 susceptis
3518 4174 3657 4230 ﬁliis
3701 4173 3760 4229 in

2109 4265 2366 4322 Ecclesia
2410 4270 2466 4321 et
2515 4266 2746 4321 traditis
2777 4263 3082 4330 sacerdoti,
3133 4265 3189 4319 in
3242 4262 3348 4319 hac
3398 4261 3530 4320 luce
3580 4263 3692 4318 fuit
3741 4279 3755 4317 :

2109 4358 2241 4428 post
2271 4356 2440 4427 cujus
2471 4354 2696 4410 obitum
2747 4356 2862 4410 fere
2909 4352 3228 4408 triennium
3259 4351 3600 4424 supervixit.
3635 4351 3756 4415 Quo

2109 4445 2168 4499 in
2199 4448 2458 4515 tempore
2505 4443 2692 4499 sancti
2745 4441 2971 4498 Nazarii
3019 4442 3291 4514 martyris
3332 4458 3568 4514 corpus,
3599 4438 3753 4511 quod

2106 4537 2229 4589 erat
2258 4533 2317 4587 in
2350 4531 2514 4588 horto
2547 4531 2806 4604 positum
2836 4534 2998 4586 extra
3036 4530 3349 4594 civitatem,
3382 4528 3637 4585 levatum
3682 4525 3752 4582 ad

2105 4621 2410 4678 basilicam
2443 4620 2840 4692 apostolorum
2891 4635 3018 4690 quas
3074 4624 3161 4674 est
3203 4617 3260 4674 in
3315 4619 3577 4674 Romana
3616 4615 3749 4687 (22),

2027 4731 2074 4795 D
2106 4709 2426 4767 transtulit.
2461 4709 2730 4764 Vidimus
2763 4711 2959 4763 autem
2993 4707 3050 4762 in
3083 4707 3493 4780 sepulcro,quo
3517 4703 3754 4795 jacebat

2105 4815 2317 4870 corpus
2348 4797 2622 4869 martyris
2651 4796 2775 4868 (qui
2826 4797 3058 4868 quando
3092 4796 3169 4852 sit
3210 4812 3438 4868 passus,
3475 4808 3662 4865 usque
3691 4791 3750 4846 in

2103 4887 2451 4944 hodiernum
2467 4885 2613 4942 scire
2628 4903 2743 4941 non
2765 4883 3459 4958 possumus)sanguinem
3479 4880 3750 4952 martyris

2105 4977 2186 5032 ita
2244 4979 2552 5042 recentem,
2610 4975 2779 5046 quasi
2837 4975 3040 5031 eodem
3090 4974 3182 5029 die
3245 4973 3452 5029 fuisset
3507 4971 3746 5028 effusus.

2104 5065 2290 5136 Caput
2319 5064 2494 5119 etiam
2526 5063 2733 5135 ipsius,
2768 5063 2921 5134 quod
2955 5063 3027 5119 ab
3059 5061 3258 5135 impiis
3307 5063 3496 5117 fuerat
3526 5055 3746 5114 abscis-

2104 5170 2260 5222 sum,
2287 5153 2369 5208 ita
2400 5153 2693 5224 integrum
2725 5155 2898 5225 atque
2928 5151 3334 5223 incorruptum
3366 5166 3501 5206 cum
3523 5142 3747 5218 capillis

2103 5241 2314 5314 capitis
2362 5245 2538 5312 atque
2595 5241 2795 5308 barba,
2847 5244 2912 5296 ut
2968 5240 3136 5296 nobis
3193 5239 3487 5296 videretur
3542 5233 3742 5290 eodem
3846 5233 3858 5248 ‘

2104 5335 2364 5402 tempore
2410 5346 2526 5401 quo
2557 5328 2878 5397 levabatur,
2911 5327 3096 5385 lotum
3139 5332 3314 5401 atque
3359 5322 3744 5398 compositum

2101 5489 2247 5562 apud
2275 5491 2467 5546 Deum.

2172 5563 2287 5634 (22)
2313 5562 2528 5618 Omnes
2575 5560 2736 5634 edit_.,
2771 5574 2891 5630 qua
2934 5563 3014 5616 est
3059 5563 3512 5634 Romanagmss.
3545 5565 3740 5634 econ-

2101 5624 2300 5700 trarid,
2333 5648 2457 5706 qum
2481 5634 2650 5706 est_in
2681 5624 2942 5697 Romana,
2987 5624 3484 5706 regigne__scilicet
3508 5644 3522 5700 ;
3546 5625 3603 5682 id
3633 5624 3736 5688 est,

2101 5721 2280 5783 prope
2308 5701 2538 5781 p‘ortam
2570 5703 2893 5762 Romanam
2923 5701 3088 5764 urbis
3119 5701 3451 5762 Mediolani.
