3938 6214
466 304 542 371 43

1796 306 1982 369 VITA
2027 301 2087 362 S.
2119 298 2484 366 AMBROSII
3770 307 3825 373 44

468 438 729 521 episcopi
763 445 1034 520 tempore
1056 458 1173 520 quo
1207 439 1486 514 decessit,
1520 439 1613 500 vix
1642 431 2461 518 implerent.Sol-Aradicem
2494 438 2758 499 omnium
2772 439 3057 501 malorum
3071 436 3368 502 avaritiam
3397 438 3828 522 pullulare,qu:e

468 528 668 592 licitus
699 528 877 591 etiam
926 529 1175 591 nimium
1221 548 1322 609 pro
1362 528 1717 609 pauperibus
1739 538 1796 589 et
1825 527 2111 607 captivis;

469 637 603 679 nam
636 618 696 678 in
728 626 999 697 tempore
1027 637 1141 698 quo
1175 620 1488 698 episcopus
1518 617 1824 679 ordinatus
1856 625 1965 696 est,
2000 634 2110 676 au-

466 727 598 769 rum
632 724 809 768 omne
865 715 1039 786 atque
1096 715 1401 784 argentum
1459 706 1615 786 quod
1675 705 1895 767 habere
1952 713 2112 785 pote-

466 795 875 876 rat,Ecclesiaa
910 795 994 856 vel
1024 794 1384 875 pauperibus
1412 793 1917 856 contulitPraadia
1931 793 2106 853 etiam

466 904 598 966 quae
610 883 1190 962 habebat,reservato
1205 882 1640 945 usufructuario
1655 900 1952 963 germanae
1963 899 2104 953 suae,

467 972 1018 1047 donavitEcclesiaa,
1043 971 1191 1033 nihil
1224 972 1338 1033 sibi
1366 972 1523 1053 quod
1547 972 1642 1033 hic
1659 990 1829 1032 suum
1853 970 2100 1043 diceret,

466 1062 908 1141 derelinquens;
963 1069 1025 1121 ut
1083 1060 1282 1123 nullus
1337 1070 1512 1141 atque
1572 1061 1882 1141 expeditus
1932 1059 2105 1120 miles

461 1150 758 1213 Christum
824 1149 1141 1211 Dominum
1202 1158 1589 1230 sequeretur:
1629 1150 1742 1224 Qui
1773 1166 1909 1211 cum
1940 1148 2104 1209 dives

464 1246 635 1319 esset,
665 1246 914 1319 prepter
942 1255 1051 1299 nos
1104 1255 1334 1318 pauper
1378 1238 1577 1317 factus
1606 1246 1719 1312 est,
1752 1244 1819 1300 ut
1844 1256 1950 1298 nos
1978 1239 2105 1312 eius

463 1330 675 1408 inopia
699 1329 1036 1390 ditaremur
1067 1326 1155 1406 (II
1189 1329 1334 1390 Cor.
1363 1343 1466 1401 vn,
1499 1327 1582 1397 9).

545 1415 642 1480 39.
678 1418 819 1479 Erat
869 1417 1048 1477 etiam
1104 1416 1369 1495 gaudens
1421 1435 1552 1477 cum
1605 1414 2017 1492 gaudentibus,
2053 1424 2111 1477 et

466 1507 619 1568 flens
651 1524 785 1566 cum
812 1503 1094 1567 ﬂentibus
1122 1506 1317 1574 (Rom.
1343 1520 1449 1578 xu,
1486 1506 1611 1585 15);
1644 1503 1935 1583 siquidem
1968 1524 2109 1584 quo-

464 1595 832 1675 tiescumque
859 1595 941 1655 illi
974 1593 1191 1674 aliquis
1220 1593 1294 1655 ob
1327 1592 1772 1674 percipiendam
1808 1592 2107 1669 paeniten-

2197 540 2390 602 neque
2419 526 2587 606 copia
2618 546 2812 607 neque
2842 528 3043 608 inopia
3072 529 3264 589 minui
3298 529 3827 609 potest,magisma-

2194 610 2399 693 gisque
2429 614 2765 677 increscere
2800 616 2858 676 in
2889 616 3254 696 hominibus,
3307 626 3363 677 et
3396 619 3647 679 maxime
3676 617 3731 677 in
3764 618 3826 678 iis

2193 700 2290 779 qui
2323 701 2383 763 in
2408 705 2795 781 potestatibus
2820 714 2988 766 erant
3019 706 3346 779 constituti;
3377 706 3454 769 ita
3484 714 3543 765 ut
3576 704 3822 767 interve-

2192 789 2395 852 niendi
2426 792 2508 853 illi
2540 794 2691 874 apud
2728 793 2864 858 illos
2895 794 3272 873 gravissimus
3302 793 3470 857 labor
3498 805 3674 867 esset,
3700 796 3825 875 quia

2190 880 2390 939 omnia
2421 883 2611 961 pretio
2644 882 3297 955 distrahebanturﬂua:
3326 902 3421 944 res
3448 883 3636 963 primo
3658 902 3824 945 omne

2190 968 2406 1029 malum
2442 970 2667 1031 invexit
2696 971 2903 1045 Italiae,
2942 980 2998 1032 et
3028 971 3241 1034 exinde
3271 971 3474 1032 omnia
3514 980 3823 1049 verguntur

2188 1055 2248 1115 in
2283 1059 2472 1137 pejus.
2504 1058 2575 1120 Et
2605 1060 2745 1139 quid
2781 1060 2998 1139 dicam,
3025 1060 3074 1121 si
3099 1061 3156 1120 in
3193 1060 3530 1141 hujusmodi
3562 1061 3823 1139 personis

2186 1144 2267 1206 ita
2299 1146 2523 1208 rabiem
2555 1167 2718 1209 suam
2755 1160 3016 1222 exercet,
3067 1149 3167 1229 qui
3199 1151 3390 1210 solent
3444 1159 3544 1211 aut
3575 1147 3819 1208 ﬁliorum

2188 1242 2286 1294 aut
2319 1242 2783 1317 prepinquorum
2843 1257 3049 1299 causas
3100 1238 3599 1318 praetenderezAd
3646 1255 3818 1299 excu-

2190 1326 2414 1386 sandas
2435 1328 2856 1389 excusationes
2875 1329 2943 1390 in
2957 1325 3817 1407 peccatis-(Psal.exc,4);quau-

2191 1411 2507 1495 duquidem
2542 1415 2854 1495 plerosque
2885 1417 3110 1494 ceperit
3139 1417 3315 1477 etiam
3345 1416 3593 1477 caelibes
3620 1432 3814 1474 sacer-

2192 1500 2362 1561 dotes
2393 1504 2481 1563 vel
2511 1503 2735 1575 levitas,
2772 1504 2985 1584 quibus
3018 1505 3207 1584 portio
3234 1502 3389 1565 Deus
3415 1513 3527 1577 est,
3557 1512 3619 1563 ut
3648 1502 3817 1562 etiam

2191 1589 2305 1668 ipsi
2336 1590 2492 1651 illam
2513 1602 2791 1671 appetant
2814 1593 3001 1668 (Deus
3030 1593 3305 1671 Χγιιι,⁶.ὶ)ἳ
3322 1591 3388 1653 Et
3419 1611 3501 1652 vae
3524 1590 3695 1652 nobis
3717 1590 3820 1651 mi-

464 1685 602 1746 tiam
636 1684 837 1764 lapsus
868 1700 1007 1744 suos
1035 1682 1343 1743 confessus
1379 1690 1562 1756 esset,
1597 1681 1677 1742 ita
1727 1680 1923 1753 ﬁebat,
1960 1689 2022 1741 ut
2051 1696 2112 1747 et
2137 1744 2170 1764 η
2194 1678 2364 1740 seris!
2399 1679 2533 1758 quia
2564 1699 2673 1742 nec
2725 1682 2840 1742 ﬁne
2899 1681 3100 1742 mundi
3157 1699 3568 1761 provocamur,
3605 1689 3666 1740 ut
3710 1688 3816 1741 tam

467 1775 631 1836 illum
665 1776 809 1836 ﬂere
839 1771 1248 1851 compelleret;
1275 1770 1586 1832 videbatur
1625 1769 1781 1830 enim
1835 1768 1948 1829 sibi
1975 1788 2107 1830 cum
2136 1768 2172 1793 ⁰
2194 1768 2807 1846 gravijugoservitutis
2828 1770 3068 1831 liberari
3086 1769 3518 1850 velimus,quod
3539 1769 3817 1847 demergit

456 1864 694 1943 jacente
717 1863 943 1940 jacere.
988 1860 1206 1922 Causas
1235 1868 1430 1921 autem
1485 1859 1800 1920 criminum
1852 1877 1984 1938 qua;
2023 1859 2109 1920 illi

2190 1856 2260 1916 ad
2284 1858 2640 1935 profundum
2664 1858 2905 1935 inferni;
2935 1868 2996 1919 ut
3025 1860 3306 1921 faciamus
3324 1858 3494 1919 nobis
3512 1865 3735 1920 amicos
3754 1860 3819 1918 tle

464 1949 875 2020 conﬁtebatur,
932 1948 1079 2009 nulli
1131 1948 1245 2007 nisi
1297 1947 1550 2009 Domino
1580 1947 1711 2019 Soli,
1752 1947 1903 2026 apud
1930 1966 2105 2027 quem
2190 1946 2399 2025 iniquo
2430 1966 2791 2029 mammona,
2825 1952 3054 2027 quinos
3075 1951 3367 2028 recipiant
3394 1951 3452 2009 in
3480 1954 3818 2009 ostentatu-

464 2037 888 2110 intercedebat,
914 2035 1515 2116 loquebatur;bonum
1537 2036 1882 2116 relinquens
1911 2054 2108 2097 exem-
2191 2033 2513 2097 hernae-uia
2540 2036 2710 2113 (Luc.
2757 2056 2874 2117 xw,
2919 2037 2997 2103 9;.
3034 2040 3313 2099 Attamen
3343 2037 3548 2098 beatus
3598 2037 3700 2099 ille
3730 2036 3819 2116 qui

468 2128 627 2209 plum
663 2127 909 2208 posteris
939 2123 1370 2201 sacerdotibus,
1400 2133 1459 2185 ut
1492 2125 1917 2187 intercessores
1952 2124 2102 2205 apud
2190 2124 2543 2205 quandoque
2573 2126 3172 2203 conversus,diruptis
3194 2125 3653 2205 vinculis,atque
3688 2143 3817 2205 pro-

468 2221 652 2281 Deum
686 2214 866 2293 magis
888 2214 1207 2293 sint,quam
1232 2222 1605 2274 accusatores
1626 2212 1783 2292 apud
1806 2212 2102 2276 homines.
2183 2215 2342 2293 jecto
2358 2214 2499 2292 jugo
2522 2214 2858 2293 hujusmodi
2878 2215 3319 2288 dominationis,
3348 2215 3651 2286 tenebit,et
3673 2213 3815 2275 alli-

463 2306 610 2368 Nam
643 2315 702 2366 et
730 2302 1055 2364 secundum
1088 2301 1431 2381 Apostolum
1470 2301 1561 2381 (ΙΙ
1590 2302 1728 2363 Cor.
1763 2318 1828 2375 ll,
1862 2302 2108 2376 8),circa
2188 2302 2292 2365 det
2312 2303 2598 2382 parvulos
2619 2305 2746 2383 ejus
2765 2305 2845 2363 (ul
2863 2307 3149 2383 petram(
3158 2303 3321 2365 Psul.
3349 2302 3690 2382 cxxxvu,9l,
3717 2304 3821 2363 hoc

469 2392 806 2474 bnjusmodi
852 2391 1156 2452 hominem
1201 2390 1609 2452 conﬁrmanda
1657 2390 1912 2452 cbaritas
1976 2399 2105 2467 est;

470 2484 604 2562 quia
628 2482 755 2561 ipse
776 2481 866 2541 sui
895 2487 1201 2541 accusator
1222 2487 1329 2553 est,
1379 2497 1489 2540 nec
1519 2488 1817 2560 exspectat
1861 2498 2107 2541 accusa-

470 2580 682 2645 torem,
717 2569 819 2631 sed
871 2568 1174 2650 praavenit;
1223 2574 1287 2629 ut
1335 2568 1672 2630 confitendo
1729 2587 1898 2629 suum
1957 2568 2107 2629 alle-

470 2670 559 2722 vet
599 2660 721 2741 (29)
750 2658 878 2739 ipse
909 2657 1216 2731 delictum;
1277 2674 1353 2717 ne
1395 2656 1608 2718 habeat
1638 2656 1795 2738 quod
1829 2657 2106 2718 adversa-

469 2750 595 2811 rius
623 2748 992 2809 criminetur.
1040 2749 1301 2825 Ideoque
1332 2745 1634 2825 Scriptura
1682 2745 1829 2806 dicit
1861 2763 1875 2807 :
1905 2746 2111 2808 Justus

470 2844 535 2899 in
563 2837 867 2917 principio
885 2835 1181 2895 sermonis
1196 2839 1502 2895 accusator
1520 2841 1606 2895 est
1627 2835 2108 2909 sui(Prov.xvut,

470 2922 821 2995 i7).Vocem
845 2922 1003 2981 enim
1029 2920 1204 2996 eripit
1244 2920 1603 3001 adversario,
1640 2931 1697 2982 et
1718 2923 1883 3001 quasi
1908 2921 2114 2984 dentes

471 3012 756 3095 quosdam
794 3018 1027 3091 paratos
1048 3010 1119 3071 ad
1152 3008 1408 3088 praedam
1435 3009 1863 3072 criminationis
1888 3011 2115 3072 infesta:

471 3108 851 3183 peccatorum
909 3115 1149 3158 suorum
1200 3097 1573 3159 confessione
1622 3100 1937 3179 confringit
1966 3100 2111 3161 dans

476 3192 763 3251 honorem
797 3186 1045 3267 Deo,cui
1078 3186 1234 3247 nuda
1264 3194 1399 3246 sunt
1430 3188 1628 3248 omnia
1654 3187 1870 3262 (Hebr.
1895 3189 2107 3265 Iv,13),

474 3287 532 3340 et
558 3278 658 3358 qui
691 3275 1003 3339 vultvitam
1039 3274 1220 3353 magis
1260 3276 1588 3355 peccatoris
1635 3296 1808 3356 quam
1857 3286 2109 3338 mortem

475 3367 714 3441 (Ezech.
747 3380 909 3438 xvnt,
937 3365 1062 3443 3‘2).
1098 3365 1244 3424 Nam
1276 3373 1334 3425 et
1365 3363 1477 3443 ipsi
1512 3366 1816 3443 poenitenti
1850 3385 1965 3426 non
1995 3366 2110 3427 suf-

474 3457 555 3518 cit
611 3454 737 3515 sola
781 3452 1102 3534 confessio,
1152 3451 1264 3512 nisi
1326 3452 1723 3533 subsequatur
1776 3455 2109 3517 emendatio

474 3544 636 3618 facti;
662 3552 725 3603 ut
755 3542 1044 3622 pmnitens
1096 3560 1211 3601 non
1253 3541 1805 3624 faciatpmnitenda,
1839 3545 2114 3607 humiliet

476 3640 649 3694 etiam
681 3632 936 3691 animam
970 3647 1135 3689 suam
1167 3629 1319 3690 sicut
1352 3630 1526 3691 David
1563 3632 1930 3712 sanctus,qui
1962 3643 2113 3713 post-

475 3739 650 3801 quam
682 3720 898 3780 audivit
926 3736 959 3778 a
989 3717 1312 3797 propheta:
1339 3717 1665 3781 Dimissum
1699 3728 1780 3783 est
1800 3729 2113 3801 peccatum

476 3818 643 3871 tuum
678 3807 767 3885 (II
785 3808 934 3887 Reg.
969 3822 1073 3878 χιι,
1111 3807 1243 3886 l4),
1276 3805 1559 3867 humilior
1604 3807 1790 3869 factus
1816 3810 1876 3871 in
1911 3829 2111 3872 emen-

476 3898 715 3959 datione
745 3894 996 3976 peccati,
1032 3894 1111 3954 ita
1140 3904 1206 3958 ut
1227 3895 1491 3956 cinerem
1521 3896 1673 3957 sicut
1696 3917 1905 3977 panem
1940 3919 2109 3960 man-

477 3986 722 4047 ducaret
745 3993 801 4046 et
830 3993 1030 4065 potum
1054 4003 1224 4045 suum
1262 4003 1395 4045 cum
1428 3984 1570 4045 ﬂetu
1611 3991 1887 4049 misceret
1916 3987 2108 4062 (Psal.

471 4091 546 4148 οι,
586 4074 709 4150 10).

558 4163 654 4227 40.
693 4161 898 4224 Flebat
920 4160 1095 4223 etiam
1126 4159 1473 4221 amarissine
1499 4162 1969 4245 quotiescunque
2001 4167 2115 4226 for-

476 4260 533 4312 te
582 4252 915 4314 nuntiatum
945 4251 1029 4313 illi
1087 4251 1277 4312 fuerat
1334 4251 1408 4313 de
1459 4252 1870 4333 cujuscunque
1921 4255 2116 4317 sancti

473 4341 636 4403 obitu
667 4340 1011 4419 sacerdotis,
1048 4340 1106 4399 in
1140 4347 1365 4400 tantum
1395 4346 1458 4400 ut
1482 4359 1587 4401 nos
1616 4340 1781 4403 illum
1822 4343 2115 4405 consolari
2199 4340 2212 4419 ξ

2193 2399 2302 2464 est,
2339 2411 2547 2454 omnes
2593 2392 2951 2454 intentiones
3002 2393 3130 2472 ejus
3159 2393 3363 2454 allidet
3403 2392 3473 2452 ad
3506 2391 3819 2463 Christutu,

2192 2479 2292 2560 qui
2322 2481 2648 2541 secundum
2682 2482 3012 2561 apostolum
3064 2490 3227 2561 petra
3256 2490 3364 2561 est,
3390 2500 3523 2562 qua:
3552 2499 3729 2541 omne
3758 2479 3823 2539 ad

2193 2586 2258 2629 se
2286 2569 2486 2630 allisus
2510 2569 2822 2644 interimit,
2854 2571 2983 2650 ipsa
3015 2570 3372 2631 inviolabilis
3416 2588 3692 2643 manens,
3727 2588 3826 2629 nec

2192 2674 2358 2718 reum
2391 2659 2614 2719 faciens
2645 2678 2801 2733 eum,
2837 2659 2936 2739 qui
2987 2658 3057 2719 ad
3109 2678 3174 2720 se
3202 2660 3450 2721 alliserit
3484 2658 3826 2739 nequissimi

2194 2746 2345 2806 uteri
2394 2749 2726 2810 deteriores
2782 2757 3006 2828 partus,
3065 2748 3169 2808 sed
3212 2748 3614 2822 innocentem;
3652 2748 3731 2809 ita
3771 2756 3828 2807 ut

2194 2853 2438 2897 securus
2465 2837 2644 2916 possit
2676 2836 2896 2897 dicere:
2936 2835 3146 2916 Portio
3171 2854 3303 2898 mea
3330 2835 3823 2916 Dominus(Psal.

2196 2930 2393 2983 cxvut,
2418 2915 2540 2983 57).
2574 2915 2723 2988 Quia
2761 2916 2853 2977 cui
2902 2915 3051 2976 nihil
3105 2916 3165 2977 in
3196 2916 3408 2978 saeculo
3439 2924 3550 2987 est,
3582 2915 3669 2976 illi
3701 2929 3827 2976 vere

2198 3006 2388 3084 portio
2432 3012 2520 3065 est
2563 3003 2869 3067 Christus:
2901 3003 2970 3065 Et
3015 3005 3112 3085 qui
3159 3004 3583 3085 contempserit
3633 3021 3825 3084 parva,

2196 3094 2379 3154 multa
2418 3094 2709 3174 percipiet
2750 3094 2997 3174 insuper
3026 3105 3083 3157 et
3117 3093 3290 3155 vitam
3323 3102 3601 3154 aeternam
3638 3092 3824 3173 possi—

2195 3181 2363 3245 debit
2394 3182 2630 3255 (Matth.
2664 3200 2784 3255 xix,
2820 3183 2944 3261 29).

2271 3326 2375 3386 4'2.
2408 3328 2563 3387 Ante
2594 3344 2811 3406 paucos
2839 3345 2974 3387 vero
2997 3326 3127 3388 dies
3153 3344 3319 3407 quate
3351 3325 3567 3389 lectulo
3598 3326 3825 3389 detine-

2192 3427 2381 3496 retur,
2407 3434 2539 3476 cum
2572 3416 3084 3495 quadragesimum
3119 3416 3355 3476 tertium
3388 3420 3681 3496 psalmum
3717 3417 3827 3476 dic-

2198 3512 2368 3579 taret,
2402 3524 2495 3565 me
2518 3514 2575 3565 et
2604 3504 2934 3583 excipiente
2966 3512 3025 3565 et
3056 3504 3313 3578 vidente,
3363 3504 3556 3565 subito
3607 3504 3669 3566 in
3704 3523 3825 3565 mo-

2195 3592 2335 3654 dum
2369 3594 2520 3655 scuti
2553 3594 2745 3654 brevis
2766 3593 2916 3671 ignis
2940 3601 3113 3673 caput
3142 3593 3268 3672 ejus
3298 3594 3625 3673 cooperuit,
3658 3602 3825 3674 atque

2198 3683 2474 3761 paulatim
2502 3701 2607 3761 per
2632 3700 2697 3741 os
2727 3682 2911 3762 ipsius
2940 3689 3211 3762 tanquam
3247 3686 3305 3742 in
3337 3682 3574 3743 domum
3612 3683 3827 3743 habita-

2197 3781 2289 3832 tor
2318 3772 2622 3849 ingressus
2652 3778 2738 3831 est
2773 3791 2785 3831 :
2818 3779 2950 3850 post
2989 3770 3145 3849 quod
3196 3771 3346 3832 facta
3377 3782 3463 3832 est
3494 3771 3678 3833 facies
3708 3773 3824 3850 ejus

2193 3861 2351 3920 velut
2398 3860 2520 3931 nix,
2554 3868 2612 3919 et
2640 3866 2840 3938 postea
2893 3878 3166 3920 reversus
3197 3871 3287 3920 est
3334 3860 3525 3920 vultus
3581 3861 3715 3939 ejus
3763 3859 3826 3921 ad

2194 3949 2454 4028 speciem
2482 3948 2849 4019 suam.Quod
2875 3967 3008 4009 cum
3034 3948 3224 4020 ﬁeret,
3242 3958 3482 4026 stupore
3524 3950 3829 4029 perculsus

2196 4038 2571 4119 obrigui,nec
2604 4037 2765 4116 potui
2794 4036 3054 4099 scribere
3082 4056 3211 4114 quae
3232 4037 3304 4099 ab
3324 4038 3425 4098 illo
3454 4038 3821 4113 dicebantur,

2197 4126 2310 4188 nisi
2344 4136 2721 4207 posteaquam
2758 4126 2902 4186 visio
2933 4126 3061 4206 ipsa
3083 4127 3375 4189 transivit:
3406 4128 3639 4190 dicebat
3678 4128 3827 4190 enim

2196 4217 2257 4277 in
2289 4235 2357 4276 eo
2390 4224 2655 4295 tempore
2676 4215 3077 4276 testimonium
3100 4215 3415 4296 Scripturae
3437 4216 3826 4300 divinae,quod

2199 4325 2306 4385 ego
2337 4304 2558 4384 optime
2588 4303 2940 4365 retinebam.
2971 4306 3117 4367 Nam
3136 4305 3437 4367 scribendi
3467 4308 3557 4369 vel
3577 4303 3829 4370 dictandi

474 4430 807 4490 niteremur
829 4393 1331 4507 (30),ignorantes
1364 4428 1525 4508 pium
1558 4431 1827 4493 aﬂ'ectum
1860 4431 2112 4507 viri,nec
2138 4419 2180 4469 θ
2200 4393 3710 4508 “fidi?_ﬁ‘1‘f{’},,{°“§jf"1‘f[‘le‘i‘,‘PEEET’iﬂfT‘B”)
3744 4414 3829 4508 Ex:

476 4535 590 4597 qua
608 4518 838 4578 ratione
867 4517 946 4577 ita
976 4518 1143 4578 ﬁeret
1166 4516 1584 4595 intelligenles.
1618 4518 1842 4590 Quibus
1874 4520 1971 4582 ille
1992 4521 2106 4582 hu-

467 4605 734 4687 jusmodi
771 4622 1120 4685 responsum
1145 4604 1430 4665 reddebat
1466 4623 1480 4667 :
1508 4604 1636 4667 Non
1666 4627 1729 4668 se
1771 4610 1938 4683 ﬁere,
1972 4610 2109 4690 quia

473 4701 827 4762 recesserat.
884 4692 983 4774 qui
1040 4692 1229 4753 fuerat
1289 4703 1554 4755 mortuus
1603 4697 1942 4761 nuntiatus:
2004 4700 2109 4761 sed

473 4786 610 4864 quia
640 4791 1041 4863 praecesserat,
1086 4781 1177 4842 vel
1225 4781 1361 4863 quia
1389 4782 1629 4845 difﬁcile
1659 4794 1815 4847 esset
1844 4787 2110 4849 invenire

472 4872 686 4945 virum,
720 4872 819 4953 qui
849 4889 1081 4933 summo
1112 4871 1443 4933 sacerdotio
1497 4872 1708 4953 dignus
1766 4876 2105 4954 haberetur,

472 4960 604 5043 Ipse
633 4968 829 5024 autem
854 4961 928 5023 de
947 4979 1050 5021 sua
1075 4970 1262 5021 morte
1284 4967 1422 5021 ante
1455 4963 1723 5041 prmdixit
1745 4965 1901 5045 quod
1925 4985 2110 5047 usque

473 5051 545 5111 ad
573 5050 799 5113 Pascha
828 5048 1136 5112 nobiscum
1169 5048 1400 5109 futurus
1422 5059 1578 5111 esset
1613 5074 1624 5111 :
1678 5055 1833 5133 quod
1866 5056 2108 5134 quidem

474 5142 690 5200 meruit
734 5138 1051 5201 Dominum
1082 5137 1473 5214 obsecrando,
1507 5158 1622 5220 quo
1655 5144 1943 5205 maturius
1973 5145 2113 5207 hinc

474 5226 847 5291 liberaretur.

554 5316 655 5380 41.
688 5318 1113 5395 Ingemiscebat
1142 5317 1299 5380 enim
1329 5319 1716 5382 vehementer
1730 5339 1861 5383 cum
1884 5320 2115 5387 videret

555 5483 679 5563 (29)
712 5485 1157 5570 Msanuatuor,
1182 5497 1247 5549 ut
1273 5485 1541 5570 absoluat
1563 5506 1584 5565 ;
1608 5508 1784 5570 unus,
1814 5498 1876 5550 ut
1904 5489 2119 5554 abluat

477 5560 746 5639 alius,'ut
779 5560 1031 5642 alliget;
1080 5565 1195 5625 duo
1247 5565 1461 5645 reliqui
1491 5560 1853 5648 et’edit.,'ut
1880 5570 2112 5637 allevat.

2194 4487 2357 4569 plere
2388 4500 2501 4544 non
2538 4482 2747 4562 potuit.
2779 4480 2899 4561 Ego
2957 4499 3095 4544 vero
3156 4483 3212 4543 id
3260 4485 3415 4564 quod
3463 4485 3651 4546 visum
3683 4505 3715 4547 a
3744 4502 3828 4545 me

2192 4578 2402 4647 fuerat,
2430 4571 2777 4634 honorabile
2823 4571 2948 4632 viro
3001 4572 3174 4633 (Σθειο
3205 4571 3478 4653 diacono,
3512 4574 3620 4635 sub
3670 4577 3831 4653 cujus

2191 4682 2333 4727 cura
2362 4659 2877 4741 degebam,statim
2921 4660 3133 4722 retuli:
3162 4670 3219 4723 at
3242 4661 3341 4723 ille
3372 4663 3633 4743 repletus
3656 4662 3830 4742 gratia

2192 4753 2323 4828 Dei,
2390 4750 2641 4831 Spiritus
2687 4750 2874 4810 sancti
2926 4750 3241 4811 adventum
3274 4769 3369 4812 me
3399 4753 3459 4811 in
3490 4751 3589 4812 illo
3620 4752 3830 4813 vidisse

2192 4842 2434 4903 edocuit
2466 4838 2721 4900 lectione
2752 4839 3008 4900 Actuum
3041 4839 3464 4919 apostolorum.

2276 4968 2372 5031 43.
2409 4965 2831 5046 Superioribus
2855 4976 3047 5029 autem
3082 4965 3293 5028 diebus
3341 4987 3496 5042 cum,
3538 4968 3829 5030 Stiliconis

2196 5066 2333 5119 tunc
2365 5055 2599 5118 comitis
2624 5074 2852 5131 servus,
2897 5055 2997 5136 qui
3029 5054 3322 5118 daemonio
3354 5056 3743 5134 laboraverat,
3776 5058 3826 5117 in

2194 5145 2582 5207 Ambrosiana
2613 5144 2859 5206 basilica
2879 5145 3001 5225 jam
3028 5163 3205 5206 sanus
3236 5154 3827 5221 maneret,commen-

2198 5234 2366 5296 datus
2396 5252 2430 5295 a
2460 5232 2701 5296 domino
2724 5253 2859 5309 suo;
2881 5232 3178 5295 ferebatur
3215 5233 3371 5296 enim
3406 5234 3564 5315 quod
3584 5235 3830 5297 libenter

2197 5323 2271 5385 ab
2316 5323 2522 5385 eodem
2578 5323 3302 5404 habereturzlaccretque
3344 5324 3517 5386 falsas
3562 5323 3828 5406 epistolas

2278 5490 2404 5571 (30)
2433 5489 2655 5554 Omnes
2683 5491 2855 5572 edit.,
2886 5489 3190 5555 consolari
3215 5492 3594 5569 niteremur;
3626 5512 3826 5558 omnes

2200 5588 2342 5632 mss.
2377 5574 2675 5633 consolari
2704 5574 3070 5634 videremur.
