3938 6214
95 276 135 347 l5
1136 317 1486 383 AUGTORE
1527 311 1864 380 PAULINO
1905 316 2083 381 EJUS
2125 322 2483 387 NOTARIO.

3412 331 3492 396 46

109 426 333 538 “iw-Pl“?
351 439 539 538 (βυ,
579 450 677 512 in
719 460 983 516 tantum
1012 459 1445 517 uttenerentur
1473 453 1770 523 homines,
1792 454 1835 504 Α
1856 467 2014 512 nunc
2044 472 2229 535 usque
2259 456 2697 520 Bononiensem
2727 458 2876 538 regit
2896 458 3220 526 Ecclesiam
3246 482 3260 528 :
3288 467 3494 532 Castus

120 523 180 608 qui
193 526 246 589 ad
263 528 815 604 ministrantium
857 544 1176 625 pergebant
1210 565 1223 604 :
1255 541 1359 604 sed
1392 541 1493 605 ubi
1520 543 1590 604 ad
1625 561 1765 623 per-

130 637 257 683 suntm
276 627 421 685 servi
470 628 593 690 sui
654 633 966 711 pervenit
994 651 1191 695 comes
1224 631 1454 712 Stilico,
1489 631 1675 694 noluit
1704 632 1764 693 in

139 730 223 774 eum
240 711 916 785 vindicare.Homines
946 724 1116 783 etiam
1136 722 1237 802 qui
1258 711 1490 801 decepti
1510 721 1762 802 fuerant,

144 804 387 867 interventu
416 804 825 873 Sacerdotis
850 812 1096 885 dimisit,
1132 812 1208 873 de
1237 811 1364 892 ipso
1406 828 1543 872 vero
1592 828 1762 872 servo

145 895 367 959 Sacerdoti
382 907 670 978 questus
706 908 831 964 est.
858 900 1043 975 Quem
1064 900 1398 963 virsanctus
1419 918 1552 963 cum
1577 899 1651 961 de
1667 899 1764 961 ba-

144 984 263 1046 silica
288 985 703 1050 Ambrosiana
737 988 1553 1070 egrederetur,requirifecit,
1585 999 1764 1069 atque

144 1074 192 1135 ad
213 1092 264 1136 se
288 1076 562 1156 perduci.
601 1076 803 1148 Quem
835 1098 969 1140 cum
1000 1079 1441 1157 interrogasset,
1475 1091 1533 1139 et
1553 1076 1763 1156 depre-

142 1162 393 1226 hendisset
420 1174 750 1229 auctorem
784 1167 933 1229 tanti
959 1167 1290 1247 ﬂagitii,ait:
1327 1167 1575 1247 Oportet
1595 1166 1763 1227 illum

140 1252 255 1313 tradi
280 1252 515 1317 Satana
569 1255 635 1317 in
693 1255 1000 1318 interitum
1050 1257 1243 1318 carnis
1275 1274 1348 1317 ne
1380 1254 1522 1317 talia
1547 1254 1763 1335 aliquis

133 1344 178 1402 in
203 1352 497 1422 posterum
529 1344 757 1407 audeat
785 1345 1098 1407 admittere
1127 1344 1187 1418 (Ι
1207 1346 1343 1407 Cor.
1376 1361 1436 1421 v,
1467 1347 1547 1418 5).
1573 1342 1761 1415 Quem

127 1433 311 1493 eodem
344 1443 665 1496 momento
705 1454 837 1497 cum
871 1435 1063 1497 adhuc
1122 1454 1318 1497 sermo
1377 1442 1534 1496 esset
1564 1435 1625 1494 in
1659 1450 1763 1494 ore

122 1522 466 1597 Sacerdotis,
482 1523 733 1604 spiritus
751 1523 1090 1586 immundus
1103 1532 1405 1604 arreptum
1424 1522 1763 1603 discerpere

118 1610 315 1691 capit:
340 1629 462 1691 quo
496 1611 648 1685 viso,
674 1630 793 1673 non
810 1612 1055 1673 minimo
1087 1612 1298 1673 timore
1326 1611 1535 1691 repleti
1558 1629 1762 1673 sumus

1847 547 2042 602 autem
2078 556 2133 604 et
2157 542 2455 607 Polemius
2485 546 2690 608 nutriti
2737 548 2810 609 ab
2860 549 3167 617 Ambrosio
3192 553 3364 618 bona
3391 575 3491 619 ar-

1848 626 2011 690 boris
2040 630 2180 693 boni
2206 633 2454 707 fructus,
2510 634 2570 696 in
2602 636 2868 699 Ecclesia
2898 639 3327 706 Mediolanensi
3356 645 3487 708 dia-

1849 716 2003 777 conii
2036 718 2369 800 funguntur
2391 724 2610 787 officio.

1927 806 2027 897 47.
2058 806 2123 869 In
2157 812 2364 873 eodem
2395 820 2590 875 tamen
2621 813 2750 876 loco
2794 815 2854 877 in
2907 835 3022 896 quo
3072 818 3310 897 jacebat
3338 822 3486 884 sicut

1843 893 2144 985 referente
2173 911 2378 962 sancto
2404 900 2678 963 Bassiano
2711 893 2989 985 episcopo
3016 893 3347 970 Laudensis
3376 910 3493 972 Ec-

1846 981 2060 1059 clesia,
2109 987 2210 1067 qui
2239 987 2311 1048 ab
2367 988 2578 1050 eodem
2628 981 2934 1067 audierat;
2970 990 3311 1068 didicimus)
3353 1015 3487 1059 cum

1844 1082 2041 1135 oraret
2069 1095 2186 1137 una
2213 1096 2345 1139 cum
2377 1078 2721 1159 snpradicto
2752 1079 3085 1161 sacerdote,
3110 1082 3336 1146 viderat
3366 1086 3489 1148 Do-

1846 1162 2072 1225 minum
2101 1165 2302 1229 Jesum
2335 1167 2646 1231 advenisse
2667 1167 2739 1230 ad
2764 1187 2850 1243 se,
2886 1178 2945 1231 et
2965 1169 3326 1234 arridentem
3347 1173 3484 1235 sibi:

1844 1268 1954 1312 uec
1988 1254 2196 1315 multos
2227 1264 2359 1336 post
2380 1254 2509 1318 dies
2539 1255 2707 1318 nobis
2735 1256 2964 1319 ablatus
2995 1266 3104 1322 est.
3126 1257 3243 1322 Sed
3276 1261 3487 1323 eodem

1847 1347 2110 1421 tempore
2149 1363 2259 1423 quo
2292 1344 2561 1424 migravit
2591 1346 2663 1407 ad
2691 1346 3034 1422 Dominum,
3066 1347 3140 1409 ab
3160 1349 3306 1412 hora
3324 1349 3490 1413 circi-

1845 1435 1935 1490 ter
1952 1431 2273 1519 undecima
2326 1434 2444 1495 diei
2507 1453 2693 1514 usque
2725 1434 2796 1497 ad
2830 1435 2985 1497 illam
3026 1437 3255 1519 horam,
3284 1439 3344 1500 in
3377 1458 3493 1519 qua

1845 1518 2044 1580 emisit
2060 1521 2640 1603 Spiritum,expansis
2658 1523 2933 1586 manibus
2954 1524 3017 1585 in
3040 1518 3282 1587 modum
3295 1518 3492 1589 crucis

1844 1609 2072 1672 oravit:
2111 1629 2216 1673 nos
2264 1630 2401 1674 vero
2450 1612 2603 1674 labia
2632 1612 2795 1675 illius
2848 1613 3069 1675 moveri
3115 1614 3485 1692 videbamus,

116 1710 165 1760 et
183 1700 612 1763 admiratione.
644 1699 855 1762 Multos
904 1701 1081 1763 etiam
1123 1701 1338 1763 diebus
1388 1699 1529 1779 illis,
1564 1701 1759 1779 impo-
1784 1770 1819 1779 _
1845 1715 2043 1759 vocem
2076 1708 2271 1761 autem
2305 1718 2421 1763 non
2456 1701 2866 1764 audiebamus.
2922 1700 3255 1764 Honoratus
3313 1704 3492 1765 etiam

112 1798 280 1851 neute
301 1788 401 1850 illo
430 1789 1162 1871 manus,etimperanteab
1185 1788 1496 1870 spiritibus
1509 1770 1761 1851 immun-
1784 1770 1820 1819 Β
1842 1787 2123 1849 sacerdos
2152 1786 2433 1851 Ecclesia
2457 1788 2744 1853 Vercellis
2802 1810 2935 1853 cum
2990 1790 3053 1852 in
3085 1792 3492 1872 superioribus

114 1878 197 1937 dis
224 1878 491 1939 vidimus
519 1896 657 1941 esse
688 1886 992 1961 purgatos.

179 1968 280 2027 44.
318 1968 441 2030 Per
470 1967 633 2029 idem
658 1976 890 2048 tempus
913 1966 1224 2033 Nicentius
1273 1966 1511 2048 quidam
1544 1984 1613 2029 ex
1646 1967 1756 2029 tri-

110 2054 261 2117 buno
294 2065 352 2117 et
372 2057 614 2118 notario
642 2055 786 2129 (32),
818 2056 919 2137 qui
970 2057 1048 2117 ita
1104 2056 1322 2137 pedum
1354 2056 1559 2118 dolere
1589 2065 1758 2119 tene-

109 2144 296 2225 batur,
330 2156 395 2206 ut
425 2165 565 2208 raro
597 2146 657 2206 in
684 2146 920 2225 publico
965 2145 1289 2218 videretur;
1324 2164 1460 2207 cum
1480 2145 1553 2207 ad
1577 2146 1761 2207 altare

108 2234 481 2314 accessisset,
514 2242 581 2294 ut
599 2242 969 2296 sacramenta
988 2234 1347 2315 perciperet,
1382 2233 1760 2316 calcatusque

110 2341 241 2384 casu
269 2343 304 2384 a
327 2323 659 2386 Sacerdote
717 2323 1125 2397 exclamasset,
1185 2322 1408 2385 audivit
1441 2343 1455 2384 :
1484 2322 1671 2396 Vade,
1703 2331 1762 2388 et

109 2413 315 2474 amodo
342 2414 548 2475 salvus
572 2413 712 2476 eris.
737 2414 859 2475 Nec
890 2431 955 2474 se
976 2411 1230 2493 amplius
1260 2410 1520 2473 doluisse
1550 2411 1757 2495 pedes,

109 2508 373 2581 tempore
403 2521 523 2583 quo
554 2510 796 2563 sanctus
826 2500 1113 2564 Sacerdos
1143 2500 1217 2562 de
1246 2500 1359 2562 hac
1378 2500 1508 2563 luce
1537 2501 1757 2581 migra-

110 2590 207 2670 vit,
242 2591 549 2672 lacrymis,
584 2590 934 2653 testabatur.

184 2683 285 2744 45.
307 2679 422 2742 Sed
440 2688 575 2760 post
593 2679 720 2741 dies
736 2678 1146 2758 hos,ordinato
1162 2678 1471 2744 sacerdote
1481 2676 1761 2742 Ecclesia

121 2766 651 2844 'Iicinensi,incidit
684 2769 745 2830 in
777 2768 1387 2850 inﬁrmitatem,quam
1411 2788 1542 2832 cum
1569 2768 1759 2849 pluri-

122 2857 219 2918 mis
264 2859 481 2923 diebus
525 2858 895 2921 detineretur
922 2857 983 2919 in
1016 2858 1255 2933 lectulo,
1307 2876 1509 2920 comes
1552 2856 1760 2920 Stilico

121 2945 323 3011 dixisse
352 2948 544 3009 fertur
565 2946 746 3028 quod,
775 2954 935 3009 tanto
982 2947 1109 3010 viro
1158 2946 1484 3009 recedente
1514 2946 1589 3009 de
1620 2965 1761 3008 cor-

119 3051 271 3112 pore,
302 3037 584 3099 interitus
612 3037 954 3100 immineret
973 3036 1179 3101 Italia.
1219 3035 1389 3100 Unde
1420 3036 1763 3100 convocatis

1843 1872 2053 1936 domus
2110 1896 2174 1939 se
2229 1878 2300 1939 ad
2352 1878 2789 1960 quiescendum
2827 1881 3281 1962 composuisset,
3320 1883 3490 1944 tertio

1840 1982 2043 2025 vocem
2080 1967 2342 2029 vocantis
2363 1986 2427 2030 se
2456 1968 3079 2050 audivit,dicentisque
3102 1969 3251 2034 sibi:
3278 1969 3487 2051 Surge,

1842 2051 2223 2135 festina,quia
2255 2056 2429 2119 modo
2449 2065 2921 2122 estrecessurus.
2954 2056 3065 2130 Qui
3088 2057 3487 2135 descendens,

1845 2141 2054 2204 obtulit
2109 2152 2311 2207 sancto
2364 2144 2599 2208 Domini
2658 2164 2913 2228 corpus:
2950 2165 3066 2227 quo
3117 2157 3360 2229 accepto
3390 2148 3493 2210 ubi

1842 2231 2097 2308 glutivit,
2129 2233 2327 2296 emisit
2354 2236 2623 2316 spiritum
2654 2238 2798 2310 (33),
2836 2235 3055 2297 bonum
3085 2235 3353 2298 viaticum
3386 2256 3489 2300 se-

1844 2337 1975 2380 cum
2010 2321 2242 2401 ferens;
2278 2332 2341 2385 ut
2383 2322 2445 2384 in
2475 2323 2691 2386 virtute
2734 2342 2887 2386 esca
2932 2323 3131 2386 anima
3179 2324 3484 2401 refectior,

1841 2408 2189 2486 angelorum
2250 2429 2411 2472 nunc
2440 2411 2762 2486 consortio,
2798 2430 3044 2492 quarum
3095 2412 3215 2474 vita
3263 2412 3403 2476 vixit
3433 2415 3491 2476 in

1842 2498 2105 2573 terris,et
2132 2500 2271 2563 Elia
2298 2500 2582 2561 societate
2608 2499 2862 2575 latetur;
2893 2499 3031 2580 quia
3066 2512 3129 2561 ut
3153 2499 3310 2564 Elias
3338 2523 3492 2566 nun-

1842 2604 2019 2664 quam
2053 2586 2294 2666 regibus
2338 2587 2429 2649 vel
2460 2587 2596 2649 ullis
2651 2587 3067 2668 potestatibus,
3100 2588 3179 2649 ita
3217 2608 3329 2652 nec
3380 2592 3494 2656 iste

1843 2694 1950 2756 pro
1987 2676 2090 2739 Dei
2122 2676 2333 2738 timore
2364 2676 2525 2758 loqui
2557 2676 2776 2738 veritus
2806 2684 2915 2738 est.

1922 2764 2022 2828 48.
2059 2770 2254 2846 Atque
2284 2765 2423 2827 inde
2444 2765 2515 2827 ad
2539 2764 2866 2828 Ecclesiam
2888 2765 3174 2846 majorem
3199 2768 3495 2832 anteluca-

1843 2871 1920 2914 na
1954 2853 2073 2930 (34)
2104 2853 2250 2915 hora
2264 2874 2378 2935 qua
2403 2854 2719 2917 defunctus
2749 2863 2837 2917 est
2866 2872 3083 2936 corpus
3110 2854 3298 2937 ipsius
3348 2877 3489 2940 por-

1842 2951 2027 3005 tatum
2052 2952 2163 3019 est;
2185 2944 2387 3025 ibique
2400 2946 2607 3007 eadem
2636 2944 2746 3006 fuit
2776 2951 3095 3025 nocte,qua
3126 2943 3493 3024 vigilavimus

1842 3032 1905 3093 in
1936 3032 2195 3094 Pascha:
2224 3052 2401 3114 quem
2439 3033 2682 3114 plurimi
2713 3032 2966 3095 infantes
2987 3033 3263 3115 baptizati
3291 3054 3427 3099 cum
3457 3057 3494 3101 a

118 3125 176 3185 ad
198 3145 263 3188 se
296 3127 603 3189 nobilibus
648 3127 792 3188 viris
823 3128 979 3189 illius
1008 3126 1285 3201 civitatis,
1335 3145 1486 3207 quos
1534 3126 1700 3205 diligi
1724 3135 1815 3189 ac
1839 3120 1998 3186 fonte
2029 3122 2323 3194 venirent,
2358 3122 2654 3198 viderunt,
2679 3122 2761 3183 ita
2788 3129 2854 3184 ut
2880 3122 3062 3203 aliqui
3091 3123 3398 3187 sedentem
3429 3127 3493 3189 in

105 3224 308 3277 sancto
338 3216 665 3281 Sacerdote
689 3224 1061 3296 cognoverat,
1097 3217 1311 3297 partim
1343 3215 1759 3278 interminatus

106 3312 189 3364 est
219 3303 366 3379 illis,
397 3306 611 3387 partim
636 3304 854 3367 blando
887 3323 1163 3368 sermone
1195 3305 1507 3386 persuasit,
1533 3312 1597 3366 ut
1626 3321 1756 3385 per-

104 3403 313 3470 gerent
342 3395 420 3457 ad
452 3402 719 3456 sanctum
757 3392 1163 3468 Sacerdotem,
1182 3393 1623 3474 suaderentque
1644 3392 1754 3476 illi,

103 3492 161 3541 ut
206 3483 330 3544 sibi
386 3483 621 3545 vivendi
679 3491 907 3563 peteret
950 3502 985 3545 a
1041 3482 1291 3545 Domino
1336 3492 1753 3555 commeatum,

104 3569 272 3641 Quod
307 3572 411 3633 ille
442 3571 543 3632 ubi
567 3570 641 3633 ab
675 3570 795 3632 illis
828 3570 1069 3648 audivit,
1128 3571 1440 3653 respondit
1473 3593 1486 3631 :
1523 3570 1652 3634 Non
1680 3573 1759 3634 ita

102 3656 255 3719 inter
281 3678 388 3720 vos
415 3658 560 3739 vixi,
619 3666 685 3719 ut
732 3658 947 3738 pudeat
1000 3676 1096 3720 me
1138 3660 1378 3721 vivere:
1412 3677 1522 3721 nec
1574 3659 1755 3722 timeo

106 3748 279 3823 mori;
304 3748 446 3829 quia
477 3746 795 3809 Dominum
828 3746 1048 3810 bonum
1079 3748 1389 3810 habemus.
1502 3760 1505 3763 ‘

178 3836 283 3898 46.
322 3840 439 3899 Per
466 3835 629 3898 idem
656 3844 891 3916 tempus
911 3855 1044 3899 cum
1069 3837 1130 3898 in
1148 3845 1412 3899 extrema
1432 3844 1600 3919 parte
1635 3856 1770 3918 por-

110 3922 244 3987 ticus
273 3927 335 3987 in
364 3944 488 4007 qua
500 3923 740 4004 jacebat
771 3926 831 3987 in
861 3945 978 3988 uno
1006 3925 1176 4007 positi
1203 3927 1762 4007 Castus,Polemius,

108 4011 395 4079 Venerius
421 4023 482 4076 et
511 4013 679 4076 Felix
722 4023 861 4076 tunc
906 4015 1141 4078 diaconi
1189 4033 1392 4079 secum
1438 4024 1766 4087 tractarent

104 4118 233 4167 voce
265 4106 352 4169 ita
381 4122 621 4189 pressa,
652 4112 715 4165 ut
742 4104 836 4165 vix
865 4123 929 4167 se
987 4104 1238 4168 invicem
1291 4106 1590 4174 audirent,
1624 4106 1760 4188 quis

99 4200 219 4269 post
252 4194 492 4255 obitum
519 4191 681 4255 illius
710 4192 1024 4273 episcopus
1079 4194 1442 4257 ordinandus
1473 4205 1757 4271 esset,at-

1840 3211 2126 3273 cathedra
2155 3212 2215 3273 in
2246 3210 2527 3274 tribunali
2561 3211 2848 3283 dicerent,
2872 3210 2973 3272 alii
3003 3229 3143 3272 vero
3172 3214 3489 3277 ambulan-

1840 3307 1959 3361 tem
2017 3301 2140 3363 suis
2197 3301 2535 3380 parentibus
2593 3300 2773 3378 digito
2805 3298 3190 3360 ostenderent
3223 3321 3236 3363 :
3271 3302 3375 3363 sed
3408 3303 3494 3370 illi

1840 3389 2113 3452 videntes
2138 3390 2343 3451 videre
2374 3408 2491 3451 non
2522 3396 2815 3467 poterant,
2848 3387 2990 3466 quia
3024 3387 3338 3451 mundatos
3359 3409 3496 3453 ocu-

1842 3478 1931 3540 los
1954 3478 2071 3553 (35)
2103 3498 2223 3541 non
2255 3476 2586 3540 habebant:
2620 3475 2864 3557 plurimi
2892 3485 3088 3537 autem
3122 3478 3354 3540 stellam
3386 3499 3491 3543 su-

1840 3584 1949 3649 pra
1966 3587 2181 3649 corpus
2194 3568 2324 3648 ejus
2344 3585 2409 3629 se
2429 3566 2642 3628 vidisse
2665 3564 3130 3629 narrabant.Sed
3154 3565 3497 3633 lucesceute

1839 3657 1937 3720 die
1990 3656 2317 3731 Dominico,
2348 3674 2481 3717 cum
2532 3672 2749 3733 corpus
2779 3652 3255 3737 ipsius,peractis
3287 3676 3494 3721 sacra-

1840 3748 2055 3808 mentis
2086 3745 2320 3819 divinis,
2367 3744 2443 3806 de
2475 3743 2752 3805 Ecclesia
2796 3743 3111 3819 levaretur,
3146 3748 3501 3826 portandum

1852 3836 1922 3897 ad
1957 3834 2259 3897 basilicam
2303 3833 2850 3910 Ambrosianum,in
2886 3852 3003 3915 qua
3030 3836 3257 3915 positus
3277 3847 3390 3913 est,
3422 3838 3503 3901 ita

1849 3924 1931 3988 ibi
1983 3924 2319 3986 damonum
2358 3924 2535 3986 turba
2564 3921 2856 3985 clamabat
2880 3941 2945 3985 se
2973 3923 3046 3985 ab
3072 3923 3175 3986 illo
3209 3928 3497 4009 torqueri,

1846 4023 1910 4076 ut
1939 4014 2190 4094 ejulatus
2260 4032 2467 4075 eorum
2500 4012 2644 4075 ferri
2677 4031 2795 4074 non
2828 4021 3096 4093 possent.
3132 4012 3272 4085 Qua
3316 4016 3503 4092 gratia

1842 4103 2181 4167 Sacerdotis
2206 4120 2321 4167 non
2352 4102 2542 4164 solum
2576 4104 2635 4164 in
2664 4101 2784 4163 illo
2814 4100 2967 4177 loco,
2999 4118 3207 4163 verum
3239 4102 3414 4165 etiam
3437 4104 3501 4165 in

1843 4193 2115 4275 plurimis
2149 4191 2475 4273 provinciis
2511 4209 2698 4271 usque
2728 4190 2790 4250 in
2834 4190 3194 4251 hodiernum
3246 4200 3445 4253 manet
3479 4214 3494 4254 :

102 4299 209 4361 que
234 4302 378 4344 cum
411 4282 494 4344 de
523 4280 767 4344 nomine
795 4282 981 4344 sancti
1006 4282 1388 4364 loquerentur
1413 4285 1538 4345 Sim
1548 4285 1758 4366 plicia-
1834 4283 2136 4363 jactabant
2157 4285 2330 4344 etiam
2358 4278 2543 4343 turba
2562 4281 2821 4341 virorum
2841 4297 2909 4340 ac
2935 4276 3249 4341 mulierum
3275 4280 3492 4365 oraria,

99 4369 173 4461 ni,
208 4381 503 4455 tanquam
526 4371 847 4434 interesset
876 4372 1311 4461 tractatui,cum
1330 4373 1503 4453 longe
1532 4375 1757 4454 positus
1779 4373 1931 4461 Dvel
1963 4371 2332 4461 semicinctia
2359 4389 2485 4451 sua,
2519 4377 2581 4431 ut
2611 4386 2828 4461 corpus
2882 4367 3079 4461 Saucti
3126 4366 3497 4461 aliquatenus

96 4458 160 4520 ab
216 4462 379 4542 ipsis
435 4463 686 4541 jaceret,
736 4460 1069 4544 approbans
1119 4461 1463 4524 exclamavit
1529 4463 1702 4526 tertio
1737 4455 1916 4529 z'ab
1974 4461 2117 4542 ipsis
2179 4460 2648 4540 contingeretur.
2681 4459 2827 4521 Erat
2883 4455 3044 4518 enim
3077 4458 3493 4538 exsequiarum

95 4546 317 4627 Senex,
345 4553 462 4616 sed
493 4550 713 4612 bonus.
759 4551 903 4613 Erat
956 4551 1119 4615 enim
1174 4551 1599 4631 Simplicianus
1650 4555 1756 4616 avi

95 4648 393 4705 maturus.
423 4643 559 4715 Qua
580 4658 721 4702 voce
749 4640 1431 4724 audita,expavescentes
1452 4642 1752 4721 fugerunt;

94 4725 381 4793 defuncto
413 4738 615 4792 tamen
645 4747 738 4801 eo,
774 4747 895 4790 non
952 4729 1105 4793 alius
1134 4730 1224 4793 illi
1253 4732 1539 4793 successit
1564 4730 1624 4792 in
1656 4750 1754 4793 sa-

96 4818 436 4882 cerdotium
469 4820 588 4881 nisi
618 4819 671 4879 is
697 4837 875 4900 quem
918 4817 1018 4881 ille
1068 4819 1291 4882 bonum
1341 4838 1547 4883 senem
1602 4821 1757 4883 trina

96 4922 240 4970 voce
272 4910 635 4990 signaverat.
670 4906 776 4972 Cui
806 4907 1190 4990 Simpliciano
1232 4908 1539 4983 Venerius,
1575 4929 1751 4992 quem

86 5012 283 5077 supra
325 4999 815 5071 memoravimus,
874 5015 1181 5062 successor
1236 4998 1379 5062 fuit:
1412 4997 1572 5060 Felix
1615 5018 1754 5062 vero

178 5168 267 5224 i3!
290 5186 303 5241 ,ι
336 5166 420 5228 lla
456 5187 595 5229 mss.
636 5166 792 5229 l'lrlit.
823 5185 984 5243 vero,
1008 5170 1212 5247 faccre
1244 5167 1530 5249 epistolas
1564 5170 1758 5231 (ribu-

106 5254 290 5305 ncrtus
318 5258 690 5328 ίυργιψητιιη)
727 5257 839 5308 est.

184 5328 305 5406 i232,»
342 5326 505 5389 Eras.
528 5342 580 5389 et
611 5328 750 5390 Gill.
780 5345 913 5388 cum
937 5337 1101 5406 parte
1131 5347 1269 5390 mss.
1309 5333 1382 5388 ita
1405 5330 1515 5390 hoc
1543 5348 1755 5392 nomen

114 5405 419 5487 scribunt;
458 5412 599 5469 er'lit.
632 5418 833 5469 autem
863 5405 1032 5470 Rom.
1059 5427 1191 5468 cum
1224 5409 1357 5470 aliis
1382 5429 1552 5487 mss,
1577 5409 1756 5472 Nire-

118 5486 229 5543 tc‘us
261 5486 520 5564 quidam.
557 5488 859 5553 Continuo
893 5506 1030 5549 vero
1055 5498 1305 5569 postpro
1328 5507 1406 5550 (⁷.1)
1436 5486 1678 5552 tribuno
1699 5500 1753 5551 rt

122 5572 371 5642 i_t_utario,
407 5570 570 5632 habet
594 5571 735 5631 cod.
779 5570 948 5630 Becc.
972 5568 1333 5631 cxtrr'buuus
1365 5574 1753 5633 etnolarius.

125 5634 285 5730 Unus
310 5634 518 5730 Germ,
556 5671 639 5713 ι’λσ
674 5649 936 5730 tribuno
966 5652 1264 5730 notarius.

193 5726 291 5803 (33
329 5726 542 5796 Omnes
560 5731 714 5795 edit.
733 5778 750 5809 ,
778 5727 947 5802 Quod
966 5729 1065 5790 ubi
1087 5731 1539 5810 (rr'rcpit,emisit
1561 5729 1758 5808 spiri—

1842 4550 2012 4614 turba
2069 4548 2523 4612 innumerabilis
2571 4547 2751 4610 totius
2808 4544 3127 4627 dignitatis,
3192 4547 3490 4630 totiusque

1838 4658 2015 4701 sexus
2044 4643 2431 4720 omniumque
2453 4656 2607 4721 pene
2638 4644 2876 4701 atatum
2912 4653 3029 4696 non
3059 4632 3250 4697 solum
3291 4636 3486 4699 chris-

1838 4730 2156 4811 tianorum,
2204 4730 2309 4792 sed
2370 4729 2548 4791 etiam
2601 4725 2942 4791 Judaorum
2972 4736 3033 4786 et
3071 4743 3430 4805 paganorum
3471 4748 3486 4788 :

1839 4820 2063 4898 majore
2097 4828 2290 4881 tamen
2313 4818 2499 4898 gratia
2529 4816 2675 4879 ordo
2710 4814 3087 4897 praecedebat
3117 4832 3348 4893 eorum,
3382 4815 3485 4898 qui

1836 4907 2072 4969 fuerant
2100 4908 2398 4990 baptizati.

1884 5032 1887 5035 ν
1920 4998 2015 5060 49.
2054 4998 2273 5061 Eadem
2307 5017 2446 5060 vero
2478 5017 2592 5079 qua
2625 4995 2770 5057 obiit
2800 4993 2897 5055 die
2928 4991 3101 5065 (sicut
3131 4998 3323 5052 textus
3352 4990 3485 5071 epi-

1843 5172 2006 5240 lum;
2039 5185 2248 5229 omnes
2280 5186 2422 5228 mss.
2459 5177 2517 5225 ut
2550 5183 2656 5226 nos
2687 5162 2746 5224 in
2787 5170 2943 5223 textu

1922 5246 2043 5324 {3’1}
2099 5248 2320 5309 Omnes
2377 5247 2544 5316 edit.,
2606 5253 2749 5305 ante
2806 5242 3026 5324 luerunt
3080 5240 3224 5299 Lord
3269 5258 3486 5320 rm'pus

1844 5319 2036 5404 ipsius
2062 5345 2079 5387 :
2118 5328 2313 5405 plures
2337 5346 2473 5385 mss.
2491 5376 2504 5397 ,
2532 5334 2677 5385 (mle
2701 5325 2978 5383 hminum
3003 5319 3216 5380 horam
3244 5340 3256 5381 :
3281 5319 3487 5382 omnes

1845 5424 1980 5464 vero
2013 5407 2348 5475 restituunt,
2384 5425 2499 5484 qua
2532 5406 2842 5482 drfum-tus
2873 5412 2977 5463 est.

1920 5486 2039 5566 (33))
2059 5488 2196 5547 Mss.
2224 5482 2464 5566 aliquot.
2488 5486 2596 5546 alii
2622 5500 2757 5546 vm)
2772 5482 3270 5566 ascendentem...
3295 5491 3491 5566 osten-

1839 5564 2046 5627 derent
2076 5567 2181 5628 sed
2229 5564 2381 5628 nulli
2398 5573 2611 5646 prater
2656 5569 2895 5626 nouiter
2922 5564 3268 5646 baptizatos
3292 5564 3494 5628 videre

1838 5654 2123 5725 poterant
2152 5668 2165 5722 ;
2200 5650 2342 5728 quia
2379 5644 2496 5709 tum
2534 5646 2781 5707 mundos
2812 5644 3035 5717 oculos,
3070 5652 3186 5727 etc.
