3938 6214
197 287 241 353 53
1380 311 1732 380 AUCTORE
1776 312 2366 379 METAPHRASTE.

3482 319 3556 388 54

213 427 1148 513 δεψευωοτοβοιιοτοβεάοωυηι
1173 437 1462 501 doctrina:
1475 458 1595 501 suae
1623 447 1831 502 testem

1985 443 2250 510 ῑασκαλίας
2303 446 2399 513 τὴν
2457 445 2746 507 πολιτείαν.
2813 460 3057 510 Τοιοῦτον
3113 449 3179 520 δὴ
3225 455 3311 509 οὖν
3341 454 3427 510 καὶ
3471 459 3558 509 νῦν

220 521 373 584 habere
395 522 533 586 vitae
570 524 1269 592 institutionem.TaIem
1296 530 1473 611 igitur
1502 537 1559 592 et
1588 549 1744 592 nunc
1773 531 1835 592 in

224 611 483 694 episcopali
511 615 748 680 throno
777 619 1163 692 collocate,ut
1193 638 1304 680 nos
1333 639 1363 680 a
1397 619 1614 702 quibus
1635 619 1834 700 impe-

223 704 330 762 rium
379 702 778 783 gubernatur,
843 709 1082 771 sincere
1140 707 1500 770 inclinemus
1531 710 1582 771 ei
1641 709 1836 789 capita

220 801 395 868 nostra,
447 803 505 858 et
545 796 738 858 factas
792 796 869 860 ab
901 817 973 860 eo
1021 799 1525 880 reprehensiones
1557 806 1832 879 tanquam

217 882 470 946 medicam
500 887 882 948 curationem
915 886 1443 968 excipiamus;cum
1469 888 1628 950 enim
1651 887 1838 949 simus

212 969 477 1054 homines,
514 975 696 1036 etiam
728 975 1102 1038 offendamus
1131 975 1375 1038 omnino
1407 995 1656 1039 necesse
1682 983 1792 1039 est.

275 1059 362 1125 III.
395 1063 769 1142 Religiosum
802 1065 1218 1144 imperatorem
1246 1064 1728 1126 Valentinianum
1759 1064 1840 1125 ita

207 1148 449 1212 locutum
504 1153 759 1234 rogabat
805 1161 1154 1233 conventus,
1209 1161 1270 1214 ut
1332 1155 1461 1233 ipse
1493 1153 1836 1232 suffragium

202 1237 624 1321 ferret,quippe
641 1243 740 1322 qui
761 1241 1054 1320 sapientia
1081 1249 1138 1303 et
1159 1242 1372 1322 pietate
1394 1252 1635 1303 ornatus
1657 1249 1835 1303 esset.

202 1326 297 1388 Ille
324 1346 470 1390 vero
493 1349 509 1394 :
536 1329 712 1392 Vires
735 1349 922 1411 meas,
952 1331 1169 1410 inquit,
1205 1331 1382 1408 longe
1439 1339 1678 1411 superat
1711 1329 1843 1390 talis

201 1427 440 1479 conatus
468 1439 482 1478 :
512 1427 574 1481 at
601 1439 702 1482 vos
732 1420 829 1502 qui
860 1420 1061 1482 divina
1100 1420 1288 1499 gratia
1318 1419 1609 1491 decorati,
1644 1427 1701 1480 et
1730 1420 1845 1481 hoc

201 1508 407 1569 eodem
427 1508 749 1588 Splendore
769 1509 968 1570 donati
988 1508 1345 1588 estis,magis
1367 1527 1630 1586 congrue
1647 1507 1847 1568 feretis

1919 545 2034 595 τοῖς
2079 534 2479 612 ἆρχιερατικοῖς
2540 533 2942 616 ἐγκαθιδρύσατε
3000 541 3222 619 θρόνοις,
3282 539 3428 604 ὅπως
3471 541 3557 596 καὶ

1917 620 2080 694 ἡμεῖς
2142 623 2189 676 οἱ
2241 622 2338 688 τὴν
2407 621 2676 698 βασιλείαν
2745 625 2999 692 ίθύνοντες
3074 628 3344 701 ἐλικρινῶς
3418 631 3559 702 αὖτῴ

1917 711 2010 773 τὰς
2063 709 2326 789 ἡμετέρας
2396 710 2758 787 ὑποκλίνωμεν
2814 717 3072 797 κεφαλὰς,
3131 719 3218 773 καὶ
3271 718 3390 780 τοὺς
3433 713 3556 794 παρ’

1915 799 2117 854 ἑκείνου
2173 799 2482 875 γινομένους
2554 799 2812 882 ἐλέγχους
2870 808 2941 871 ὡς
2995 807 3230 884 ίατρικην
3303 805 3559 862 ἀσπασώ-

1919 890 2052 960 μεθα
2113 887 2387 965 θεραπείαν
2425 904 2438 917 ·
2506 888 2804 968 ἀνθρώπους
2875 895 2974 972 γὰρ
3043 897 3186 968 ἡμᾶς
3261 893 3416 958 ὄντας
3472 894 3560 949 καὶ

1918 976 2258 1051 προσπταίειν
2288 974 2493 1053 ἀνάγκη
2526 978 2759 1044 πάντως.

2005 1053 2085 1123 Γ’.
2116 1072 2288 1122 Ταῦτα
2330 1072 2422 1121 τοῦ
2490 1063 2730 1133 εὕσεϐοὖς
2800 1071 3060 1146 βασιλέως
3131 1071 3561 1130 Οὖαλεντινιανοῦ

1921 1150 2192 1234 εἰρηκότος
2259 1153 2292 1220 ἡ
2352 1151 2562 1217 σύνοδος
2636 1155 2792 1212 αὐτὸν
2869 1158 3012 1226 ἠξίου
3089 1161 3414 1238 ψηφίσασθαι
3466 1181 3558 1215 σο-

1922 1241 2018 1320 φόν
2048 1262 2104 1296 τε
2147 1239 2270 1297 ὅντα
2325 1243 2412 1298 καὶ
2469 1241 2701 1318 εὒσεϐεία
2753 1252 3137 1324 κοσμούμενον.
3189 1241 3246 1307 Ὀ
3306 1247 3359 1305 δὲ
3404 1247 3503 1328 ἔφη
3537 1268 3552 1285 ⁸

1926 1337 2122 1400 Μεῖζον
2163 1331 2198 1397 ἢ
2249 1329 2362 1387 καθ’
2421 1332 2560 1406 ἡμᾶς
2619 1335 2678 1388 τὸ
2730 1335 3030 1416 ἐγχείρημ2
3066 1357 3078 1369 .
3139 1341 3293 1413 ὑμεῖς
3324 1340 3422 1418 γὰρ
3466 1344 3562 1405 τῆς

1925 1421 2066 1483 θείας
2123 1417 2405 1494 ἠξιωμένοι
2463 1422 2683 1499 χάριτος
2744 1428 2830 1481 καὶ
2861 1428 2958 1493 τὴν
2986 1427 3184 1504 αἴγλην
3217 1428 3422 1494 ἐκείνην
3448 1429 3560 1483 εἶσ-

1927 1505 2227 1584 δεδεγμένοι
2284 1507 2495 1578 ἄμεινον
2541 1515 2848 1591 ψηφιεῖσθε.
2897 1515 3048 1572 Οὗτοι
3123 1517 3218 1589 μὲν
3272 1515 3562 1581 ἐξελθόντες

1926 1597 2042 1652 καθ’
2087 1596 2297 1658 ἑαυτοὺς
2354 1595 2689 1655 ἐϐουλεύοντο
2725 1616 2736 1629 ⁸
2801 1605 2846 1658 οἱ
2901 1601 2956 1658 δὲ
3013 1605 3108 1672 τὴν
3157 1605 3310 1661 πόλιν
3359 1605 3564 1670 ἐκείνην

199 1595 671 1674 suﬂ'ragiuszti
694 1598 869 1678 igitur
896 1598 1034 1659 hinc
1055 1606 1338 1660 exeuntes
1364 1597 1517 1677 apud
1542 1615 1606 1658 se
1623 1595 1848 1657 delibe-

199 1694 500 1748 raveruut.
527 1684 700 1748 Cives
717 1705 890 1767 porro
914 1687 1073 1748 illius
1095 1686 1261 1748 urbis
1308 1685 1665 1748 seditionem
1693 1685 1832 1745 intet

1985 1692 2186 1748 κοῦντες
2232 1684 2557 1760 ἐστασίαζον,
2635 1691 2680 1744 οἱ
2735 1691 2833 1764 μὲν
2889 1701 3096 1771 τοῦτυν,
3153 1696 3198 1749 οἱ
3359 1691 3562 1748 ἐκεῖνον

201 1793 266 1836 se
292 1776 838 1852 commovebant,bi
869 1777 1104 1858 quidem
1128 1777 1318 1851 illum,
1345 1777 1431 1836 illi
1461 1785 1654 1837 autem
1688 1776 1832 1836 hunc

1985 1771 2287 1839 ›οὸληθῆναι
2350 1774 2784 1853 φιλονεικοῦντες.
2833 1783 2892 1836 Οἱ
2925 1781 3020 1854 μὲν
3065 1768 3164 1859 γὰρ
3221 1786 3317 1847 τῆς
3369 1779 3561 1845 A65“-

205 1864 1054 1944 praaponicontendentesﬂui
1079 1865 1236 1927 enim
1258 1864 1534 1926 Auxentii
1559 1865 1653 1926 lue
1677 1871 1832 1926 erant

1985 1885 2032 1918 ευ
2091 1863 2244 1918 νόσου
2299 1862 2684 1944 μετειληχότες
2723 1867 2840 1932 τοὺς
2871 1868 3166 1948 ὁμόφρονας
3195 1869 3512 1948 ἐψηφίζοντο
3545 1883 3559 1898 ⁹

206 1952 429 2029 infecti,
466 1973 667 2016 secum
699 1956 1098 2018 sentientibns
1119 1955 1589 2031 sutl‘ragabantur
1619 1953 1734 2016 :illi
1764 1972 1832 2014 ex

2026 1949 2080 2006 δὲ
2123 1955 2221 2016 τῆς
2293 1951 2624 2028 ὑγιαινούσης
2680 1955 2864 2034 μοίρας
2934 1958 3284 2034 ὁμογνώμονα
3349 1957 3564 2028 ἐζήτουν

207 2042 475 2113 adverso,
529 2046 627 2123 qui
658 2045 883 2106 saniori
913 2064 946 2107 a
977 2053 1141 2126 parte
1183 2044 1434 2116 stabant,
1490 2041 1832 2123 expetebant

1985 2061 2070 2120 ,ειν
2102 2040 2372 2119 ἀρχιερέα.

210 2132 342 2193 ﬁdei
373 2141 709 2195 consortem
742 2133 966 2196 habere
995 2133 1338 2196 antistitem.
1382 2132 1585 2212 Itaque
1616 2131 1847 2192 divinus
1876 2128 2226 2192 Ambrosius
2256 2129 2318 2189 in
2349 2129 2752 2192 Romanorum
2785 2130 2978 2194 clarus
3029 2140 3261 2212 senatu,
3296 2141 3425 2213 post
3452 2134 3567 2195 alia

214 2223 384 2281 multa
416 2223 704 2283 honorum
767 2223 1016 2304 fastigia,
1077 2241 1180 2304 per
1238 2222 1296 2282 id
1355 2220 1636 2301 temporis
1668 2217 2074 2301 praefecturam
2109 2217 2353 2280 Italiaaa
2415 2219 2531 2298 piis
2583 2221 3038 2300 imperatoribus
3095 2221 3477 2286 Constantino
3509 2231 3569 2283 et

211 2313 519 2372 Constante
552 2312 910 2375 obtinuerat.
947 2312 999 2374 Is
1029 2321 1154 2375 erat
1182 2330 1322 2373 sane
1351 2310 1436 2371 vir
1465 2311 1578 2370 vita
1611 2328 1816 2389 purus,
1849 2318 1905 2370 et
1961 2306 2191 2368 virtutis
2245 2321 2494 2382 amator,
2556 2309 2836 2388 probatus
2893 2319 3087 2372 autem
3147 2321 3204 2374 et
3256 2311 3450 2374 verbis
3511 2319 3566 2372 et

214 2419 421 2477 opere;
452 2402 745 2482 sapientia
773 2420 908 2463 vero
942 2421 1070 2482 qua:
1103 2402 1371 2462 hauritur
1402 2419 1432 2460 e
1473 2398 1659 2459 sacris
1691 2397 1950 2471 Litteris,
1987 2395 2302 2476 enutritus,
2337 2399 2569 2457 tametsi
2600 2397 2854 2459 necdum
2888 2399 3150 2462 initiatns
3197 2410 3374 2462 esset.
3410 2399 3565 2474 Quin

213 2488 374 2549 etiam
433 2491 772 2572 eloquentia
823 2490 1148 2571 graecanica
1199 2499 1258 2552 et
1313 2490 1541 2570 poetica
1589 2487 1868 2549 facultate
1933 2484 2286 2548 exercitatus
2347 2493 2493 2560 erat,
2556 2505 2762 2567 aequus
2795 2486 3015 2568 pariter
3044 2497 3101 2552 et
3129 2508 3306 2552 sanus
3359 2508 3562 2554 rerum

209 2588 436 2668 arbiter,
470 2607 580 2651 nec
615 2609 730 2650 nou
762 2589 957 2651 omnis
987 2587 1240 2651 actionis
1273 2606 1464 2668 pravae
1493 2587 1773 2667 quaesitor
1802 2592 2136 2668 accuratus.

283 2675 374 2739 IV.
408 2662 760 2739 Ambrosius
789 2678 1005 2738 certior
1035 2677 1220 2738 Iactus
1251 2662 1458 2736 liarum
1507 2662 1831 2749 turbarum,

2006 2662 2089 2734 ιδ’,
2123 2672 2329 2738 Ταύτην
2374 2674 2468 2740 την
2539 2675 2719 2730 στάσιν
2765 2677 2943 2749 μαθὼν
3006 2666 3318 2756 ’Λμϐρόσιος
3372 2681 3399 2734 6
3443 2679 3562 2736 ἀοί-

210 2782 256 2824 et
283 2784 352 2827 ne
373 2766 509 2845 quid
545 2765 679 2826 novi
708 2765 1006 2828 accideret
1027 2765 1268 2838 veritus,
1305 2764 1486 2824 multa
1509 2781 1642 2824 cum
1667 2762 1832 2824 cele—

1985 2783 2094 2836 ιος,
2156 2763 2184 2816 6
2243 2768 2334 2818 τοῦ
2393 2760 2566 2827 ἔθνους
2611 2763 2710 2830 τὴν
2750 2762 3032 2834 πολιτικὴν
3057 2767 3341 2844 ἡγεμονίαν
3400 2789 3561 2824 πεπι-

209 2855 367 2915 ritate
395 2856 706 2916 ecclesiam
741 2855 933 2936 petiit,
969 2855 1394 2935 ambarumque
1416 2855 1667 2932 partium
1691 2870 1832 2936 'mo-

1987 2849 2225 2926 ευμένος,
2272 2851 2360 2906 καὶ
2412 2848 2656 2930 φοϐηθεὶς
2727 2855 2804 2929 μή
2875 2877 2926 2910 τι
2999 2856 3250 2936 νεώτερον
3319 2857 3559 2936 γένηται,

211 2953 290 3002 tus
317 2943 551 3023 sopivit.
603 2943 694 3004 Illi
725 2963 886 3019 vero,
922 2945 1187 3024 deposita
1227 2945 1628 3012 contentione.
1663 2963 1831 3006 com-

1996 2965 2010 2995 δ
2067 2939 2223 3018 τάχει
2268 2939 2363 3006 τὴν
2432 2938 2718 3007 ἐκκλησίαν
2785 2942 3067 3017 κατέλαϐε,
3140 2947 3228 3002 καὶ
3271 2947 3563 3023 εἰρήνευσεν

211 3051 433 3093 munem
463 3031 790 3094 emiserunt
819 3051 1047 3113 vocem,
1082 3033 1402 3112 ipsummet
1432 3033 1668 3095 beatum
1701 3035 1832 3094 Am-

1985 3030 2187 3108 πρότερα
2218 3029 2282 3084 τὰ
2327 3030 2486 3104 μέρη.
2551 3033 2610 3088 Οἱ
2657 3029 2710 3087 δὲ
2757 3032 2853 3100 τῆς
2885 3034 3072 3113 μάχης
3116 3033 3320 3102 ἐκείνης
3351 3036 3562 3093 παυσά-

210 3119 454 3182 brosium
503 3121 760 3182 ordinari
793 3121 905 3182 sibi
962 3131 1254 3202 pastorem
1283 3121 1459 3183 simul
1495 3129 1826 3202 poscentes.

1986 3140 2064 3174 νοι
2122 3119 2306 3185 κοινὴν
2389 3117 2596 3198 αφῆκαν
2653 3123 2856 3200 φωνὴν,
2918 3121 3073 3178 αυτὸν
3143 3126 3234 3180 τὸν
3305 3125 3563 3204 μακάριον

207 3208 335 3279 Qua:
399 3209 717 3287 imperator
761 3229 894 3270 cum
947 3210 1337 3289 cognovisset,
1399 3213 1592 3270 statim
1649 3209 1829 3272 edixit

209 3286 550 3359 laudabilem
607 3299 886 3362 eumdem
921 3286 1106 3359 virum
1142 3312 1198 3360 et
1230 3298 1475 3373 initiari,
1509 3307 1568 3361 et
1614 3286 1890 3360 conse-c

205 3387 384 3460 crati;
438 3397 676 3448 noverat
726 3389 885 3449 enim
947 3388 1104 3449 illius
1150 3395 1410 3449 mentem
1473 3386 1654 3466 magis
1695 3405 1830 3447 rec-

205 3486 310 3534 tam
359 3495 490 3537 esse
522 3476 781 3557 qualibet
806 3476 973 3548 libra,
1011 3478 1259 3557 ejusque
1289 3476 1625 3552 suffragium
1670 3475 1832 3536 omni

205 3566 394 3640 regula
422 3566 770 3626 accuratius.
798 3567 1137 3645 Suspicatus
1165 3572 1360 3625 autem
1393 3574 1482 3624 est
1513 3565 1687 3625 etiam
1716 3583 1832 3624 non

205 3654 324 3714 sine
350 3654 453 3716 Dei
485 3655 715 3715 calculo
759 3654 813 3713 id
848 3653 1186 3734 contigisse,
1222 3672 1348 3714 rem
1402 3652 1729 3732 conjiciens
1763 3671 1832 3713 ex

206 3762 397 3803 eorum
429 3743 844 3817 consensione,
879 3745 976 3822 qui
1026 3743 1338 3805 sententiis
1393 3750 1526 3803 ante
1575 3741 1834 3803 disside-

211 3834 356 3893 liant.

278 4009 341 4070 ν.
382 4012 699 4092 Postquam
726 4029 862 4071 vero
888 4011 1270 4073 sacratissimi
1301 4008 1576 4089 baptismi
1614 4007 1836 4069 donum

203 4098 542 4160 Ambrosius
563 4099 810 4179 adeptus
838 4100 966 4174 fuit,
1000 4109 1058 4161 et
1085 4099 1328 4179 gratiam
1359 4097 1837 4177 accepitepisco-

204 4189 896 4269 palem,S.-tlvatoriatque
915 4190 1165 4252 Domino
1189 4187 1523 4264 hujusmodi
1548 4186 1616 4264 ιι)
1634 4203 1837 4245 mnum

202 4277 908 4358 optimusimperatortltis
921 4277 1076 4339 enim
1110 4277 1292 4338 rebus
1320 4275 1520 4336 aderat
1539 4283 1836 4354 praaScns),

199 4364 409 4428 dicitur
427 4365 716 4427 obtulisse
741 4385 756 4429 :
780 4366 980 4430 Gratia
1011 4365 1138 4437 tibi,
1184 4363 1432 4427 Domine
1463 4364 1838 4442 omnipotens

196 4464 254 4515 ct
285 4454 548 4518 Salvator
581 4464 803 4536 noster,
835 4455 989 4536 quod
1035 4454 1172 4516 huic
1202 4454 1397 4514 eidem
1418 4452 1539 4512 viro
1564 4469 1670 4530 ego
1701 4452 1836 4532 qui-

1916 3203 2231 3284 Ἀμϐρόσιον
2291 3204 2613 3271 ἐξαιτοῦντες
2699 3209 2926 3284 ποιμένα
2996 3211 3192 3266 ἑαυτῶν
3250 3203 3560 3288 προϐληθῆ-

2032 3314 2047 3329 ο
2096 3294 2149 3329 ’θ’
2229 3293 2279 3348 δι
2372 3295 2397 3312 ν
2471 3318 2489 3328 ⁸
2553 3297 2566 3312 ο
2631 3295 2642 3315 r
2839 3296 2866 3318 τ
3073 3306 3090 3316 ~
3324 3301 3337 3319 ς

1915 3318 1996 3350 ναι
2098 3317 2171 3350 ε.ι
2261 3327 2282 3348 .-.
2340 3317 2488 3358 ουτοι⁸
2542 3317 2776 3369 αμυητος
2837 3319 2924 3364 ην.
2989 3308 3162 3355 Ταυτα
3206 3301 3564 3376 μαθωνὸβα-

1914 3383 2089 3446 σιλεῦς
2145 3382 2426 3462 προσέταξε
2484 3385 2775 3461 παραυτίκα
2841 3387 2927 3441 καὶ
2970 3390 3235 3460 μυηθῆναι
3307 3390 3392 3442 καὶ
3436 3409 3562 3467 χει-

1917 3476 2262 3549 ροτονηθῆναι
2306 3479 2486 3529 τοῦτον
2531 3475 2621 3528 τὸν
2660 3471 2957 3537 ἀξιέπαινον
3013 3472 3192 3552 ἄνδρα.
3257 3465 3560 3554 ’Ἠδειᾭίὰρ

1916 3559 2074 3618 αὖτοῦ
2116 3560 2293 3626 πάσης
2349 3560 2444 3631 μὲν
2491 3561 2728 3635 στάθμης
2761 3563 3028 3640 εὖθυτέραν
3059 3563 3214 3620 οὖσαν
3271 3565 3371 3632 τὴν
3415 3566 3560 3644 γνώ-

1916 3671 2048 3724 μην,
2105 3650 2299 3712 παντὸς
2358 3647 2411 3704 δὲ
2467 3648 2686 3714 κανόνος
2743 3649 3116 3731 ἀκριϐεστέρας
3170 3654 3262 3719 τὰς
3293 3656 3503 3733 ψήφους
3539 3673 3551 3685 ⁸

1915 3735 2142 3793 ὑπέλαϐε
2199 3735 2252 3794 δὲ
2309 3741 2398 3794 καὶ
2441 3740 2580 3794 θείαν
2638 3740 2907 3807 εἶναιτὴν
2940 3746 3116 3822 ψῆφον
3160 3749 3251 3798 τοῦ
3280 3741 3460 3821 ἀνδρὸς
3504 3742 3563 3799 ἐκ

1915 3829 2013 3892 τῆς
2070 3829 2134 3882 τὰ
2205 3827 2410 3882 ἐναντία
2450 3829 2794 3906 φρονούντων
2865 3833 3276 3909 τεκμαιρόμενος
3337 3854 3562 3910 συμφω-

1916 3915 2044 3980 νίας,

2005 3995 2084 4064 EO.
2133 4002 2350 4072 Ἐπειδὴ
2393 4003 2564 4061 δὲκαὶ
2616 4009 2715 4073 της
2760 4009 2900 4072 θείας
2931 4019 3022 4067 τοῦ
3065 4009 3322 4085 παναγίου
3365 4009 3560 4084 βαπτί-

1920 4115 2120 4166 σματος
2177 4091 2438 4150 ἀπέλαυσε
2486 4092 2705 4172 δωρεᾶς,
2756 4098 2843 4151 καὶ
2872 4097 2968 4162 τὴν
2999 4097 3387 4176 ἀρχιερατικὴν
3444 4094 3560 4152 ἐδέ-

1922 4179 2042 4246 ξατο
2094 4182 2251 4261 χάριν
2288 4197 2300 4210 ⁸
2368 4189 2551 4238 τοῦτον
2611 4186 2637 4238 6
2683 4183 2852 4238 πάντα
2883 4183 3090 4260 άριστος
3121 4182 3363 4259 βασιλ.ὺς
3394 4206 3557 4261 προσ-

2109 4272 2236 4348 [ἐναι
2321 4269 2529 4348 λέγεται
2613 4279 2689 4345 τῷ
2759 4277 2969 4350 Σωτῆρι
3023 4275 3108 4328 καὶ
3170 4275 3412 4349 Δεσπότῃ
3473 4275 3562 4329 τὸν

1921 4359 2081 4433 ὕμνον
2128 4357 2366 4436 (καὶγὰρ
2398 4373 2512 4423 τοῒς
2572 4360 2948 4437 γεγενημένοις
2993 4360 3216 4440 παρῆν)·
3263 4362 3423 4440 Χάρις
3453 4383 3559 4436 σοι,

1925 4449 2162 4504 Δέσποτα
2224 4449 2598 4527 παντοκράτωρ
2647 4451 2736 4504 καὶ
2793 4456 2970 4528 Σῶτερ
3027 4450 3261 4529 ὴνέτερε,
3321 4450 3400 4507 ὅτι
3432 4449 3563 4522 τῷδε

1924 4272 2236 4348 ενηνοχέναι

193 4546 324 4604 item
359 4563 611 4624 corpora
642 4535 1002 4605 commisi.lu
1025 4561 1161 4604 vero
1191 4541 1439 4619 animas,
1475 4539 1832 4620 etjudiciutu

1985 4564 1995 4592 ι
2037 4535 2178 4616 ἀνδρὶ
2226 4537 2333 4614 ἐγὼ
2387 4537 2483 4612 μὲν
2527 4538 2822 4618 ἐνεχείρισα
2881 4541 3124 4615 σώματα,
3178 4541 3238 4596 σὺ
3269 4538 3322 4598 δὲ
3354 4541 3557 4618 ψυγὰς,

193 4651 386 4693 meum
412 4632 722 4694 ostendisti
748 4633 974 4712 justum
1000 4631 1201 4692 fuisse.

274 4722 341 4784 Vl
368 4721 606 4803 Elapsis
635 4740 808 4803 porro
841 4720 1041 4801 paucis
1061 4719 1436 4791 diebus,cum
1466 4717 1672 4797 majori
1697 4735 1836 4778 usus

189 4811 460 4874 libertate
503 4813 661 4872 idem
697 4811 792 4872 hic
823 4809 993 4871 divus
1023 4808 1369 4871 Ambrosius
1416 4807 1834 4886 imperatorem

185 4903 615 4982 alloqucretur,
670 4918 803 4960 eum
866 4897 1172 4978 arguebat,
1208 4906 1269 4957 ut
1302 4906 1440 4977 puta
1480 4894 1553 4956 ob
1604 4894 1837 4973 negotia

185 4992 454 5071 quaedam
487 5009 522 5051 a
553 4988 848 5069 praefectis
879 4987 1006 5067 ejus
1038 4985 1193 5047 baud
1222 4993 1384 5047 recte
1434 4985 1604 5059 facta;
1643 4983 1832 5063 impe-

185 5090 364 5152 rator,
401 5080 725 5160 Equidem,
762 5077 1030 5151 ait,hanc
1049 5084 1205 5135 tuam
1240 5074 1570 5138 libertatem
1606 5071 1832 5151 pridem

187 5180 560 5243 2.0\'eratn,et
587 5169 787 5230 sciens
807 5166 1182 5248 prudensque
1215 5183 1331 5227 non
1360 5162 1534 5225 modo
1568 5179 1686 5225 non
1705 5180 1832 5222 sum

186 5259 526 5340 refragatus,
561 5257 668 5320 sed
693 5258 866 5318 etiam
896 5255 1186 5316 calculum
1235 5271 1430 5316 meum
1468 5270 1586 5313 una
1612 5251 1836 5340 contuli

188 5357 294 5409 tua:
326 5339 716 5410 orttinationi.
769 5345 1061 5408 Medii-are
1092 5343 1290 5421 igitur,
1317 5342 1487 5403 sicuti
1519 5341 1716 5402 divina
1740 5339 1844 5429 lex_

190 5440 481 5518 ['l'a‘cipll,
518 5436 769 5497 vulnera
791 5433 1119 5496 animarum
1148 5442 1504 5494 nostrarum.

262 5526 379 5592 VII.
416 5528 556 5591 Hart.
581 5528 786 5607 itaque
838 5543 970 5584 cum
1007 5521 1450 5585 Valentinianus
1506 5536 1750 5599 magnus
1778 5523 1833 5576 et

189 5619 309 5697 pius
333 5619 668 5702 imperator
700 5613 1016 5679 Mediolani
1039 5613 1282 5675 dixisset
1311 5620 1486 5694 atque
1510 5609 1763 5686 fecisset,
1782 5615 1837 5668 et

1920 4628 2003 4682 καὶ
2045 4627 2139 4689 τὰς
2180 4628 2321 4701 ἡμᾶς
2354 4629 2564 4706 ψήφους
2595 4625 2796 4692 δικαίας
2827 4628 3121 4708 ἀπέφηνας.

1998 4715 2099 4788 ς’.
2136 4713 2353 4782 Ἐπειδὴ
2398 4713 2452 4770 δὲ
2513 4716 2702 4794 ὀλίγων
2755 4715 3072 4774 διελθουσῶν
3119 4720 3334 4796 ἡμερῶν
3363 4720 3391 4775 6
3419 4721 3560 4780 θεῖος

1919 4805 2068 4868 οὗτος
2115 4803 2429 4884 ’Λμθρόσιος
2481 4806 2572 4860 σὺν
2624 4805 2884 4884 παρρησία
2955 4806 3177 4884 πλείστη
3218 4816 3294 4877 τῷ
3348 4806 3563 4882 βασιλεῖ

1917 4890 2297 4972 διαλεγόμενος
2354 4893 2632 4969 ἐμέμψατο
2673 4897 2746 4958 ὡς
2795 4897 2889 4950 οὐκ
2935 4898 2992 4951 εὗ
3019 4897 3159 4965 παρὰ
3208 4901 3314 4950 τῶν
3357 4894 3562 4972 ἀρχόν-

1919 5004 2024 5037 των
2058 5004 2284 5060 γεγενημ
2300 4981 2432 5046 ένοις
2461 4982 2594 5037 τισίν
2630 4997 2642 5011 '
2679 4985 2707 5038 6
2750 4981 2997 5058 βασιλεὺς
3054 4983 3176 5062 ἕρπ
3233 4982 3439 5047 Ταύτην
3471 5003 3564 5036 σου

1919 5073 2006 5127 καὶ
2033 5070 2196 5127 πάλαι
2251 5068 2396 5146 ᾔδειν
2449 5071 2549 5137 τὴν
2608 5069 2920 5148 παρρησίαν,
2965 5072 3052 5126 καὶ
3099 5075 3280 5150 σαφῶς
3339 5069 3562 5124 ἐπιστά-

1921 5181 2076 5235 μενος
2123 5162 2182 5217 οὒ
2230 5159 2389 5234 μόνον
2423 5151 2517 5213 οὒκ
2546 5158 2820 5237 ἀντεῖπον,
2873 5157 3006 5213 ἀλλὰ
3037 5160 3124 5215 καὶ
3155 5161 3436 5237 σὶμψηφος
3466 5158 3562 5226 τῆς

1922 5249 2250 5329 χειροτονίας
2309 5247 2624 5326 γεγένημαι,
2683 5246 2904 5324 ἰἀτρευε
2937 5250 3049 5326 οὗν,
3094 5250 3165 5312 ὡς
3193 5251 3221 5304 6
3247 5251 3389 5309 θεῖος
3422 5249 3561 5304 ὓπα-

1922 5342 2120 5415 γορεύει
2181 5339 2362 5409 νόμος,
2410 5338 2474 5391 τά
2517 5342 2622 5391 τῶν
2657 5337 2922 5414 ἡμετέρων
2981 5341 3170 5417 ψυχῶν
3229 5335 3562 5414 πλημμελή-

1915 5451 1943 5502 ξᾶ
1959 5449 2077 5489 ατα.

1998 5505 2071 5575 Ζ’,
2124 5523 2296 5574 Ταῦτα
2341 5516 2437 5591 μὲν
2493 5514 2544 5570 ἐν
2609 5511 2911 5590 Μεδιολάνῳ
2957 5518 3045 5574 καὶ
3096 5518 3219 5575 εἶπε
3262 5519 3350 5574 καὶ
3379 5515 3564 5596 δέδρα-

1921 5626 2007 5659 κεν
2081 5603 2509 5666 Οὒαλεντινιανος
2571 5605 2597 5658 6
2658 5603 2821 5682 μέγας
2877 5609 2956 5662 καιἱ
3024 5606 3240 5675 εὐσεϐὴς
3297 5607 3562 5683 βασιλεύς.
