3938 6214
303 274 382 337 ss
1643 280 1828 344 VITA
1871 281 1930 341 s.
1979 280 2340 371 AMBROSII
3589 279 3671 341 se

295 411 459 471 Οὗτος
511 395 692 474 καλῶς
752 407 1030 480 διοικήσας
1071 410 1244 466 πάντα
1300 411 1365 467 τὰ
1417 415 1515 479 τῆς
1555 411 1823 487 βασιλείας
1861 414 1949 469 καὶ

2130 413 2280 474 ηεὴτθ
2355 413 2592 494 quidem
2664 413 3063 475 constituisset
3117 413 3679 494 imperium,recta:

297 495 562 585 ὁρθοόοξίᾳ
603 493 634 554 δ
656 496 910 585 αλάμψας
946 498 1288 585 ἀνεπαύσατο
1335 498 1646 585 βασιλεύσας
1705 500 1790 558 ἐπὶ
1846 500 1939 568 ἔτη

2130 522 2162 566 0
2207 502 2346 565 fidei
2377 493 2768 585 professione
2819 504 3174 578 refulsisset,
3206 493 3209 494 ν
3235 513 3400 564 sexto
3432 503 3676 565 decimo

300 577 390 650 ις’.
428 584 690 645 Κατέλιπε
752 585 808 642 δὲ
851 584 1129 668 διαδόχους
1180 589 1298 653 τούς
1342 584 1536 652 παῖδας
1587 589 1743 645 αύτοῦ
1801 597 1939 669 Γρα-

2130 593 2259 654 )erii
2288 577 2442 656 ann-0
2473 595 2587 656 vita
2632 581 2867 657 decedit
2905 618 2917 652 .-
2944 614 3324 658 successores
3347 603 3547 656 autem
3566 613 3675 656 re-

297 676 476 732 τιανὸν
517 677 606 732 καὶ
648 674 1078 734 Ούαλεντινιανὸν
1119 677 1212 732 τὸν
1255 675 1394 738 νέον,
1447 681 1556 743 Τῆς
1585 675 1641 732 δὲ
1682 677 1943 744 ἀνατολῆς

298 757 598 822 ἐϐασίλευεν
633 763 842 832 Οὐάλης
886 767 914 821 ὃ
943 761 1167 844 ἀδελφὸς
1219 763 1647 826 Οὖαλεντινιανοῦ
1693 773 1783 824 τοῦ
1841 789 1943 842 με-

302 851 492 932 γάλου,
547 851 691 918 ὅστις
741 854 840 922 τῆς
886 850 1162 932 Ἀρειανῆς
1215 850 1395 920 λώϐης
1445 868 1727 936 μετεῖχεν,
1787 857 1950 919 Οὗτος

302 940 586 1016 συμϐαλὼν
655 940 888 1014 πόλεμον
943 942 1080 1017 μετὰ
1121 949 1228 1000 τῶν
1286 943 1516 1018 Γότθων,
1561 943 1815 1013 ἡττηθείς
1863 939 1950 1002 καὶ

303 1033 615 1111 προσφυγὼν
675 1033 748 1095 εἰς
822 1031 1074 1112 ἀχυρῶνα
1143 1034 1200 1088 ἐν
1280 1031 1424 1106 αύτῷ
1493 1035 1613 1112 πυρὶ
1685 1035 1946 1102 κατεκάη.

304 1121 589 1198 Γρατιανδς
647 1117 702 1175 δὲ
757 1122 786 1177 6
843 1119 1276 1202 Οὒαλεντινιανοῦ
1322 1121 1420 1196 μὲν
1475 1123 1610 1202 υίὸς,
1659 1123 1949 1189 Οὖάλεντος

305 1208 360 1266 δὲ
403 1210 645 1284 ἀνεψιὸς,
678 1215 852 1265 πᾶσαν
886 1210 982 1277 τὴν
1011 1216 1116 1266 τῶν
1151 1198 1423 1285 Ῥωμαίων
1464 1198 1752 1288 ἠγεμονίαν
1807 1235 1948 1292 παρ-

307 1293 516 1360 έλαϐεν.
551 1298 765 1376 Πρῶτον
796 1297 896 1373 μὲν
942 1299 1045 1377 γὰρ
1086 1298 1152 1353 τὰ
1195 1303 1295 1364 τῆς
1332 1298 1586 1378 Εὐρώπης
1643 1303 1730 1356 καὶ
1771 1302 1948 1368 πάσης

305 1390 404 1455 τῆς
453 1388 660 1450 Δύσεως
716 1387 858 1464 παρὰ
899 1386 990 1442 τοῦ⁹
1032 1387 1230 1463 πατρὸς
1283 1386 1596 1468 παρειλήφει
1653 1395 1896 1470 σκῆπτρα
1929 1405 1943 1420 ⁸

306 1473 570 1554 παρέλαϐε
627 1473 681 1530 δὲ
725 1476 812 1530 καὶ
862 1477 961 1542 τὴν
1022 1474 1202 1532 Ἀσίαν
1246 1476 1333 1531 καὶ
1391 1477 1458 1532 τὰ
1505 1476 1792 1554 λειπόμενα
1850 1484 1948 1546 τῆς

307 1564 529 1642 Λιϐύης,
591 1564 809 1632 ἄπαιδος
866 1568 1222 1646 ἀναιρεθέντος
1272 1575 1366 1625 τοῦ
1423 1568 1738 1634 Οὐάλεντος.
1785 1574 1951 1629 Εἰσε-

2030 681 2197 763 liquit
2227 683 2383 745 ﬁlios
2412 703 2550 745 sus
2601 683 2942 746 Gratianum
2991 684 3419 765 junioremque
3448 683 3679 745 Valen-

2033 769 2345 852 tinianum,
2381 771 2629 834 Valente
2684 774 2866 836 fratre
2920 774 2980 834 in
3032 771 3292 836 Orientis
3332 771 3680 852 regionibus

2035 878 2233 922 rerum
2267 861 2550 942 potiente,
2583 881 2652 923 eo
2675 861 2900 924 scilicet
2933 861 3033 943 qui
3064 860 3300 926 Arianis
3333 861 3392 921 in
3425 858 3679 938 perﬁdia

2033 968 2165 1012 sese
2219 949 2542 1030 conjunxit.
2603 949 2710 1012 Hic
2757 950 2995 1031 quidem
3058 969 3196 1012 cum
3245 948 3450 1012 Gothis
3481 968 3680 1030 pugna

2031 1057 2385 1118 congressus
2439 1049 2614 1121 atque
2657 1038 2947 1112 devzctus,
2999 1038 3060 1100 in
3103 1039 3417 1118 paleariam
3476 1057 3674 1099 casam

2033 1128 2403 1206 confugiens,
2466 1131 2597 1208 igne
2658 1129 2881 1190 ibidem
2941 1127 3206 1189 interiit:
3242 1128 3297 1188 in
3333 1128 3675 1190 Gratianum

2031 1225 2230 1276 autem
2266 1216 2697 1278 Valentianiani
2732 1217 2972 1296 quidem
3007 1217 3218 1290 tilium,
3249 1216 3507 1277 Valentis
3535 1235 3679 1278 vero

2033 1323 2098 1367 ex
2121 1305 2301 1367 fratre
2323 1314 2597 1386 nepotem
2623 1305 2837 1368 recidit
2869 1307 3139 1366 universa
3178 1307 3462 1368 Romanae
3489 1305 3676 1364 «Ιίιίωο

2035 1393 2124 1455 nis
2149 1395 2426 1472 potentia;
2455 1396 2704 1475 primum
2733 1396 2890 1455 enim
2923 1413 2956 1454 a
2987 1403 3147 1473 patre
3175 1415 3288 1455 non
3316 1400 3487 1455 modo
3507 1416 3684 1472 scep-

2033 1493 2186 1543 trum
2238 1483 2526 1563 Europa},
2577 1503 2784 1545 veium
2840 1485 3016 1546 etiam
3097 1485 3272 1545 totius
3335 1482 3684 1546 Occidentis

2033 1571 2307 1633 relictum
2361 1573 2518 1649 cepit
2566 1595 2580 1634 :
2639 1573 2877 1646 deinde,
2929 1590 3096 1646 vero,
3149 1592 3282 1633 Clttn
3316 1573 3443 1633 sine
3475 1572 3685 1634 liberis

308 1650 406 1723 ϐὴς
438 1653 493 1711 δέ
525 1655 599 1713 ὢν
653 1656 789 1715 κατὰ
846 1658 938 1712 τὸν
992 1657 1194 1736 πατέρα
1224 1655 1578 1714 ἀνεκαλέσατο
1607 1660 1807 1724 πάντας
1838 1662 1954 1726 τοὺς

2130 1659 2254 1720 lens
2289 1679 2320 1722 e
2354 1660 2544 1722 medio
2577 1661 2840 1722 sublatus
2871 1669 3047 1729 esset.
3083 1663 3278 1722 .tsiam
3324 1680 3581 1742 quoque,
3619 1672 3678 1721 et

310 1743 627 1808 ἐπισκόπους
685 1743 878 1824 οὕσπερ
936 1729 1146 1812 Οὐάλης
1202 1747 1230 1802 6
1304 1746 1450 1810 θεῖος
1509 1749 1664 1802 αὐτοῦ
1717 1746 1956 1825 ἐξώρισεν

2130 1748 2324 1830 idquid
2358 1749 2416 1808 in
2455 1749 2651 1810 Africa
2673 1749 2887 1830 reliqui
2917 1757 3066 1822 erat,
3122 1750 3169 1809 is
3199 1729 3478 1812 obtinuit:
3513 1729 3681 1820 Quo-

311 1835 642 1914 ὑπερμαχῶν
695 1839 794 1899 τῆς
839 1832 1116 1909 Ἀρειανῆς
1177 1834 1445 1912 αἱρέσεως.
1495 1836 1683 1892 Μαθὼν
1712 1835 1766 1891 δὲ
1810 1843 1950 1916 Γρα-

2130 1856 2194 1896 .m
2219 1847 2413 1900 autem
2451 1838 2627 1918 patris
2657 1839 2928 1917 exemplo
2959 1838 3188 1899 colebat
3222 1838 3523 1918 pietatem,
3557 1838 3683 1916 epi-

311 1924 488 1986 τιανὸς
515 1924 614 1990 τὴν
649 1923 858 1996 Θρᾴκην
888 1921 1220 1998 ληϊζομένην
1265 1925 1366 1980 ὑπὸ
1422 1930 1525 1980 τῶν
1557 1926 1647 1980 τὸν
1689 1924 1955 1984 Οὐάλεντα

2130 1944 2248 2005 lpos
2307 1945 2535 1999 omnes,
2570 1946 2717 2007 quos
2776 1923 2990 1987 Valens
3041 1927 3097 1986 in
3150 1926 3395 2006 gratiam
3449 1925 3685 1987 Arianae

311 2011 616 2068 γαυσάντων
675 2008 972 2089 βαρϐάρων,
1022 2010 1327 2069 καταλιπὼν
1375 2013 1473 2080 τὴν
1505 2011 1728 2070 Ἰταλίαν
1758 2016 1830 2080 εἰς
1861 2016 1957 2082 τὴν

2133 2014 2283 2076 resis
2313 2015 2500 2095 patria
2532 2015 2757 2095 ejectos
2773 2023 3036 2076 extorres
3067 2014 3313 2084 fecerat,
3366 2014 3438 2074 ab
3472 2014 3685 2074 exsilio

313 2101 569 2158 Πανονίαν
600 2101 839 2179 ἀφίκετο.

2135 2122 2166 2164 e
2200 2105 2512 2166 revocavit.
2551 2103 2714 2164 Idem
2748 2106 2927 2164 etiam
2958 2122 3092 2164 cum
3125 2123 3156 2164 a
3188 2102 3479 2182 barbaris,
3538 2103 3685 2162 dum

311 2188 534 2251 Valens
561 2187 903 2270 imperaret,
936 2187 1094 2250 bello
1123 2187 1447 2253 Victoribus
1476 2189 1829 2254 devastatam
1849 2210 1980 2256 esse
2008 2191 2324 2254 Thraciam
2347 2193 2758 2274 comperisset.
2786 2192 2991 2254 relicta
3014 2191 3198 2262 Italia,
3229 2195 3284 2255 in
3318 2191 3684 2254 Pannoniam

310 2277 491 2340 venit.

395 2359 486 2432 H'.
522 2369 650 2428 Κατ’
696 2367 902 2426 ἐκεῖνον
957 2367 1011 2425 δὲ
1066 2391 1155 2426 τον
1204 2391 1386 2448 καιρον
1441 2368 1717 2434 Θεοδοσιπ
1773 2369 1858 2428 διά
1897 2393 1954 2427 τε

311 2459 411 2526 τὴν
461 2465 568 2516 τῶν
622 2460 896 2537 προγόνων
966 2461 1306 2539 περιφάνειαν
1357 2461 1446 2516 καὶ
1488 2461 1571 2515 διὰ
1613 2461 1707 2528 τὴν
1764 2461 1958 2516 οἰκείαν

312 2547 547 2626 ἀνδρείαν
607 2549 1025 2622 ὀνομαστότατος
1081 2551 1171 2624 ἰν,
1204 2550 1292 2605 καὶ
1321 2549 1507 2605 τούτου
1551 2551 1709 2629 χάριν
1736 2551 1836 2606 ὑπὸ
1868 2556 1960 2607 τοῦ

312 2637 501 2717 φθόνου
554 2637 661 2693 τῶν
718 2637 988 2712 ὁμοτίμων
1031 2635 1358 2714 βαλλόμενος
1413 2637 1468 2693 ἐν
1518 2651 1640 2700 ταῖς
1703 2639 1958 2701 Σπανίαις

311 2724 586 2806 διέτριϐεν.
674 2725 764 2784 Ἐν
847 2725 1068 2791 ἐκείναις
1149 2727 1250 2804 γὰρ
1333 2725 1427 2805 ’ἐφυ
1482 2747 1540 2782 τε
1595 2727 1683 2782 καὶ
1734 2727 1958 2806 ἐτράφη.

317 2806 581 2893 ”Λπορῶν
624 2812 690 2881 δὴ
738 2813 825 2870 οὖν
869 2817 896 2870 6
939 2814 1185 2890 βασιλεὺς
1231 2816 1514 2892 Γρατιανὸς
1543 2813 1571 2870 ὅ
1598 2837 1648 2870 τι
1691 2818 1804 2895 χρή
1833 2813 1961 2892 δρᾶ-

313 2925 401 2960 σαι
445 2904 783 2984 (φυσηθέντες
828 2904 928 2982 γὰρ
983 2903 1045 2959 ἐκ
1069 2903 1168 2971 τῆς
1197 2904 1346 2970 νίκης
1379 2905 1426 2959 οἱ
1457 2901 1709 2982 βάρϐαροι
1752 2901 1961 2979 δύσμα-

313 3015 410 3073 χοι
452 2990 587 3059 ἦσαίν
640 3013 698 3050 τε
754 2993 844 3049 καὶ
883 2990 1148 3072 ἐδόκουν),
1214 2992 1334 3050 τότε
1391 2991 1479 3049 οὖν
1532 2999 1628 3060 τὴν
1689 2990 1961 3050 Θεοδοσίου

314 3081 635 3161 στρατηγίαν
695 3079 844 3138 λύσιν
905 3078 1133 3138 ὑπέλαϐε
1189 3086 1297 3138 τῶν
1353 3081 1532 3138 κακῶν
1575 3081 1827 3160 γίνεσθαι.
1862 3085 1962 3140 A6-

2122 2370 2248 2433 VllI
2294 2371 2414 2434 Sub
2450 2371 2605 2432 i'lem
2635 2380 2865 2450 tempus
2885 2369 3262 2432 Theodosius
3281 2388 3684 2450 quoque,cum

2040 2460 2115 2522 ob
2145 2461 2436 2540 majorum
2474 2460 2858 2529 nobilitatem,
2889 2470 3007 2520 tum
3061 2459 3136 2521 ob
3169 2459 3463 2540 propriam
3494 2477 3686 2535 gene-

2043 2551 2350 2611 rositatem
2378 2549 2810 2610 celeberrimus
2840 2555 2986 2609 erat:
3015 2563 3066 2609 et
3091 2548 3403 2628 aequalium
3437 2564 3682 2606 suorum

2043 2636 2368 2697 invidentia
2399 2637 2692 2716 pulsus,in
2723 2636 3021 2716 Hispaniis
3049 2636 3278 2716 agebat,
3303 2635 3405 2696 ubi
3429 2643 3487 2696 et
3511 2643 3688 2694 natus

2042 2725 2233 2786 fuerat
2261 2733 2322 2786 et
2358 2724 2957 2804 educatungnorans
2983 2726 3156 2802 igitur
3185 2726 3502 2803 imperator
3534 2721 3688 2785 Gra-

2045 2813 2239 2875 tianus
2261 2815 2403 2894 quid
2441 2814 2590 2876 facto
2609 2833 2758 2896 Opus
2781 2823 2959 2889 οδες-ις
2987 2814 3168 2875 inﬂati
3200 2814 3359 2873 enim
3394 2831 3462 2873 ex
3499 2811 3687 2871 victo-

2043 2904 2131 2964 ria
2162 2902 2396 2964 barbari
2421 2904 2848 2984 propemodum
2876 2902 3073 2964 invicti
3095 2911 3261 2963 erant
3283 2912 3339 2963 et
3373 2899 3678 2961 habeban-

2045 3000 2177 3053 tur:
2204 2992 2518 3054 militarem
2551 2991 2874 3053 Theodosii
2932 2991 3206 3072 peritiam
3241 2989 3530 3050 malorum
3562 2987 3690 3048 fore

2041 3081 2454 3161 depulsionem
2487 3080 2803 3142 arbitratus
2833 3082 3020 3142 esti-lt
3043 3077 3352 3142 confestim
3381 3097 3449 3138 ex
3472 3075 3686 3151 Iberia,

314 3171 434 3227 τίκα
465 3168 531 3238 δὴ
560 3171 648 3226 οὗν
701 3169 762 3227 ἐκ
817 3176 921 3226 τῶν
963 3175 1213 3227 Σπανιῶν
1268 3172 1358 3227 τὸν
1402 3168 1558 3246 ἄνδρα
1602 3171 1959 3245 μεταπέμψά-

2130 3187 2174 3230 re
2201 3168 2485 3250 Hispania
2513 3169 2686 3230 etiam
2721 3171 3080 3240 nominatur,
3119 3166 3422 3230 homiuem
3477 3183 3689 3226 accer-

316 3280 476 3336 μενος
531 3260 619 3316 καὶ
674 3261 972 3338 στρατηγὸν
1029 3262 1413 3339 χειροτονήσας
1473 3260 1606 3335 μετὰ
1661 3265 1760 3326 τῆς
1793 3281 1961 3316 συνει-

2130 3277 2206 3331 18,
2242 3277 2310 3319 ac
2361 3259 2516 3320 bello
2568 3259 2920 3338 praeficiens,
2957 3277 3092 3318 cum
3149 3256 3408 3318 exercitu
3441 3255 3691 3315 collecto

315 3348 581 3428 λεγμένης
612 3346 902 3423 ἐξέπεμψεν
962 3356 1235 3428 στρατιᾶς.
1285 3340 1343 3407 Ὀ
1396 3347 1451 3404 δὲ
1493 3357 1562 3426 τῇ
1607 3350 1779 3405 πίστει
1835 3371 1962 3430 φρα-

2130 3347 2336 3410 sit.Hic
2355 3357 2550 3409 autem
2575 3348 2806 3409 invictis
2822 3349 3026 3420 armis,
3054 3346 3379 3408 orthodoxa
3409 3343 3688 3404 nimirum

317 3436 536 3513 ξάμενος
579 3436 880 3515 θαρσαλέως
931 3435 1226 3514 ἐξώρμησε,
1285 3440 1374 3495 καὶ
1426 3443 1526 3506 τῆς
1584 3439 1792 3516 Θρᾴκης
1837 3439 1959 3494 ἐπι-

2130 3456 2159 3496 e
2193 3437 2706 3511 circummunitos,
2745 3455 2955 3515 magna
2983 3455 3114 3497 cum
3151 3434 3365 3495 fiducia
3411 3434 3692 3493 adversus

318 3525 413 3593 ϐὰς
491 3528 578 3584 καὶ
631 3525 916 3602 συμϐαλὼν
999 3527 1235 3585 πόλεμον
1306 3549 1374 3603 με
1387 3529 1442 3585 ιὰ
1522 3534 1628 3584 τῶν
1687 3524 1961 3607 βαρϐάρων

2130 3527 2316 3587 stilem
2347 3527 2532 3588 aciem
2596 3527 2964 3606 procedit.Et
3005 3524 3315 3586 Thraciam
3367 3522 3688 3598 ingressus,

323 3617 461 3672 κατά
527 3616 718 3694 κράτος
777 3616 1018 3684 ἐνίκησεν
1056 3636 1070 3651 θ
1130 3619 1223 3674 οὐκ
1283 3617 1588 3695 ἐνεγκόντες
1630 3617 1730 3695 γὰρ
1771 3615 1966 3674 ἐκεῖνοι

2132 3615 2370 3694 quidem
2421 3634 2527 3695 per
2557 3615 2669 3675 vim
2707 3615 2905 3695 praelio
2949 3615 3130 3674 vicit:
3170 3609 3404 3673 barbari
3436 3629 3574 3673 vero
3619 3628 3693 3670 ne

322 3707 371 3760 οἱ
431 3704 529 3778 μὲν
586 3703 802 3784 ἴιρυγον²
848 3706 895 3762 οἱ
934 3703 988 3760 δὲ
1046 3703 1283 3768 ἐδίωκον,
1329 3694 1500 3770 Πολὺς
1545 3703 1599 3760 δὲ
1649 3694 1817 3782 φόϐος
1864 3711 1966 3761 τῶν

2130 3694 2434 3781 lprimum
2475 3694 2834 3764 sustinentes
2891 3701 3201 3782 impetum,
3237 3701 3427 3760 statim
3485 3718 3694 3762 omnes

323 3789 599 3872 βαρϐάρων
630 3792 839 3871 ἐγένετο
871 3809 885 3822 '
936 3795 994 3850 οὔ
1025 3796 1186 3869 μόνον
1217 3795 1316 3872 γὰρ
1358 3795 1459 3850 ὑπὸ
1507 3799 1612 3850 τῶν
1673 3785 1964 3869 Ῥωμαίων,

307 3878 460 3936 ’ἀλλὰ
499 3882 588 3938 καὶ
631 3883 734 3938 ὑπὸ
761 3880 1012 3951 ἀλλήλων
1042 3883 1358 3944 ἐκτείνοντο.

2053 3790 2228 3850 simul
2261 3798 2422 3868 terga
2442 3791 2759 3864 dederunt;
2788 3797 2846 3850 et
2869 3791 3053 3851 multa
3083 3808 3288 3850 eorum
3341 3807 3456 3848 non
3502 3788 3691 3848 solam

2053 3897 2087 3938 a
2117 3879 2404 3941 Romanis
2433 3879 2628 3940 caedes
2654 3879 2806 3939 facta
2836 3889 2946 3953 est,
2971 3896 3172 3938 verum
3211 3876 3384 3936 etiam
3409 3877 3532 3955 jam
3567 3897 3600 3936 a
3631 3896 3695 3938 se

320 3969 468 4062 ipsis
501 3990 527 4062 :_
553 3977 774 4051 quanto
806 3971 966 4035 enim
999 3972 1255 4053 majores
1284 3978 1454 4034 erant
1481 3969 1696 4033 horum
1754 3969 1963 4051 copiae,
1998 3977 2160 4030 tanto
2194 3970 2376 4048 magis
2433 3968 2547 4030 sibi
2611 3969 2802 4051 potius
2858 3987 3030 4050 quam
3091 3965 3356 4028 hostibus
3413 3965 3691 4062 damnum

319 4059 677 4124 inferebant.

407 4141 492 4210 Θ’.
551 4151 704 4210 Οὕτω
770 4148 824 4206 δὲ
900 4151 1094 4232 σχεδὸν
1163 4153 1375 4210 πάντων
1445 4150 1816 4232 ἀναιρεθέντων
1872 4155 1978 4206 τῶν

2138 4147 2238 4211 ΙΧ.
2263 4147 2368 4211 His
2399 4150 2591 4230 itaque
2623 4166 2806 4230 prope
2831 4146 3110 4210 omnibus
3138 4145 3218 4207 ita
3265 4143 3498 4213 deletis,
3536 4144 3698 4222 pauci

324 4236 602 4320 βαρϐάρων
665 4239 833 4319 ὀλίγοι
922 4239 1104 4298 λαθεῗν
1185 4239 1489 4308 δυνηθέντες
1573 4237 1828 4306 διέϐησαν¹
1889 4239 1966 4294 τὸη

2142 4241 2405 4312 modum,
2439 4239 2537 4319 qui
2571 4246 2883 4320 potuerunt
2922 4256 2986 4298 se
3010 4236 3334 4306 occultare,
3369 4233 3698 4294 Danubium

356 4318 571 4404 Ἰστρον.
637 4318 837 4394 Ἡσθεὶς
890 4328 945 4386 δὲ
988 4331 1016 4386 ό
1072 4329 1316 4406 βασιλεὺς
1376 4330 1660 4396 Γρατιανὸς
1690 4331 1763 4390 ὼς
1794 4326 1966 4406 ἄριστε

2130 4325 2389 4406 tjiciunt.
2425 4318 2618 4390 Laetus
2655 4327 2832 4405 igitur
2861 4325 3176 4388 Gratianus
3200 4323 3355 4404 quod
3385 4321 3522 4382 belli
3547 4337 3701 4381 sum-

327 4417 700 4497 ψηφισάμενος
758 4418 912 4475 αὐτὸν
977 4421 1274 4498 στρατηγὸν
1337 4417 1556 4494 βασιλέα
1598 4417 1972 4497 κεχειροτόνη-

325 4526 409 4577 κε,
457 4507 548 4562 καὶ
601 4511 702 4572 τῆς
746 4505 1038 4571 Οὐάλεντος
1092 4508 1276 4588 μοίρας
1329 4508 1396 4562 τὰ
1453 4509 1695 4585 σκῆπτρα
1742 4503 1976 4584 παρέδω-

323 4616 439 4650 κεν.
505 4596 604 4651 Καὶ
674 4595 829 4658 αὐτὸς
889 4597 986 4669 μὲν
1043 4594 1127 4651 ἐπὶ
1201 4598 1298 4664 τὴν
1353 4593 1577 4653 Ἰταλίαν
1647 4593 1971 4671 ἐξώρμησεν,

325 4685 533 4740 ἐκεῖνον
590 4682 642 4740 δὲ
688 4686 760 4750 είς
814 4688 912 4752 τὴν
971 4682 1212 4740 δοθεῖσαν
1267 4684 1556 4761 ἡγεμονίαν
1603 4683 1971 4761 παρέπεμψεν.

326 4773 488 4837 Εύθύς
519 4771 585 4840 δὴ
629 4775 716 4830 οὖν
745 4774 843 4837 τὴν
881 4773 1151 4850 βασιλείαν
1193 4770 1512 4852 παραλαϐὼν
1568 4771 1662 4839 τῆς
1707 4773 1814 4827 τῶν
1857 4769 1978 4828 Ἐκ-

325 4861 567 4929 κλησιῶν
609 4864 711 4941 πρὸ
772 4868 876 4917 νῶν
933 4861 1109 4919 ἄλλων
1157 4863 1460 4943 συμφωνίας
1512 4859 1841 4936 ἐπεμελήθη,
1887 4861 1972 4915 καὶ

328 4952 420 5010 τοὺ
473 4954 572 5020 τῆς
617 4953 810 5019 οἰκείας
851 4953 1138 5032 ἡγεμονίας
1192 4953 1511 5014 ἐπισκόπους
1557 4953 1628 5013 εἰς
1676 4950 1775 5016 τὴν
1818 4958 1974 5006 Κων-

327 5041 754 5101 σταντινούπολιν
807 5042 1027 5123 δραμεῖν
1085 5042 1463 5121 παρηγγύησεν
1495 5058 1508 5072 ⁶
1544 5040 1677 5107 αὕτη
1734 5039 1834 5118 γὰρ
1867 5039 1970 5113 μό-

326 5154 392 5200 νη
477 5137 574 5200 τῆς
671 5131 1007 5213 Ἀρειανικῆς
1065 5130 1414 5207 ἐμπέπληστο
1479 5127 1655 5196 λώϐης
1687 5146 1702 5162 ⁸
1778 5129 1814 5196 ἡ
1871 5128 1971 5206 γὰρ

326 5218 554 5300 Ἐσπέρα
595 5221 693 5291 τῆς
745 5222 900 5279 νόσου
963 5223 1159 5288 ταύτης
1213 5219 1454 5298 ἐλευθέρα
1483 5217 1765 5294 διέμεινεν.
1816 5227 1970 5276 Κων-

326 5322 603 5376 στανετνος
678 5311 777 5389 γὰρ
853 5313 940 5367 καὶ
1013 5312 1262 5374 Κώνστας
1333 5311 1380 5366 οἱ
1439 5308 1832 5367 Κωνσταντίνου
1882 5314 1974 5364 τοῦ

327 5396 562 5475 μεγάλου
616 5401 715 5454 υἱοὶ
774 5400 870 5468 τὴν
937 5401 1188 5478 πατρῴαν
1242 5401 1414 5456 πίστιν
1484 5397 1748 5476 ἀκήρατον
1789 5395 1974 5466 διετή-

328 5507 469 5562 ρουν⁹
530 5486 618 5542 καὶ
687 5485 846 5543 πάλιν
896 5490 1232 5546 Ούαλεντινια
1250 5492 1322 5552 ὦς
1367 5488 1630 5568 ἀκραιφνῆ
1701 5483 1973 5565 διεφύλαξε

325 5576 425 5644 τὴν
484 5571 750 5632 εὐσέϐειαν
785 5594 800 5610 °
857 5577 919 5632 τὸ
975 5574 1030 5632 δὲ
1059 5582 1250 5652 τμῆμα
1301 5578 1362 5633 τὸ
1423 5577 1577 5657 ἐῷον,
1636 5573 1974 5654 πολλαχόθεν

2063 4433 2216 4474 mam
2275 4416 2627 4477 credidisset
2682 4414 3038 4487 Theodosio,
3088 4417 3508 4492 imperatorem
3567 4427 3698 4468 eum

2057 4503 2250 4564 statim
2283 4505 2562 4584 declarat,
2615 4513 2674 4565 et
2731 4505 2784 4564 ei
2833 4503 3100 4582 ditionis,
3137 4522 3249 4582 qna
3302 4499 3517 4562 Valens
3569 4505 3701 4557 ante

2060 4591 2412 4670 potiebatur,
2440 4603 2738 4673 sceptrum
2761 4593 3176 4654 committitlit
3209 4592 3333 4670 ipse
3361 4588 3598 4670 quidem
3631 4585 3700 4644 ad

2057 4680 2236 4741 Italia:
2265 4681 2832 4743 administrationem
2864 4681 3154 4753 transivit,
3190 4681 3353 4740 illum
3405 4684 3597 4736 autem
3628 4674 3698 4734 ad

2060 4787 2404 4830 concessum
2455 4771 2719 4831 dimitttit
2787 4770 3130 4851 imperium.
3189 4768 3465 4846 Regalem
3526 4763 3704 4842 igitur

2058 4857 2429 4919 Theodosius
2444 4878 2764 4940 capessens
2781 4860 2814 4920 d
2827 4855 3488 4939 ignitatcm,concordim
3507 4853 3700 4915 Eccle-

2056 4947 2483 5030 siarum,quam
2515 4949 2769 5011 maxime
2801 4959 3051 5029 poterat,
3094 4965 3294 5009 curam
3347 4945 3610 5022 gerebat,
3646 4951 3705 5004 et

2057 5039 2366 5118 episcopos
2384 5039 2639 5120 propria:
2662 5035 3396 5106 ditionis.utconvenirent
3421 5035 3700 5095 Constant-

2058 5129 2388 5208 tinopolim,
2423 5129 2762 5191 exhortatus
2791 5136 2918 5188 est:
2956 5128 3081 5188 haec
3104 5125 3262 5186 enim
3315 5123 3440 5184 sola
3482 5121 3626 5184 rifo:
3649 5131 3704 5180 ta

2056 5218 2481 5279 fueratAriana
2509 5227 2693 5298 peste,
2723 5236 2855 5278 cum
2894 5216 3010 5278 illae
3041 5225 3236 5296 partes
3267 5231 3398 5294 quae
3415 5216 3489 5272 ad
3523 5229 3699 5271 occa-

2057 5326 2185 5366 sum
2205 5315 2376 5368 erant
2407 5315 2630 5386 posdaa,
2665 5306 2736 5366 ab
2782 5306 2892 5366 isto
2953 5305 3162 5364 morbo
3216 5302 3418 5362 libi-rae
3476 5310 3698 5361 essent.

2057 5393 2201 5456 Nam
2255 5397 2639 5456 Constantino
2710 5403 2888 5476 atque
2964 5391 3277 5454 Constante
3335 5387 3700 5452 Constantini

2060 5483 2250 5561 Magni
2282 5483 2446 5546 Filiis
2470 5493 2772 5564 paternam
2805 5482 2985 5543 ﬁdem
3009 5481 3419 5541 intcmeratam
3448 5495 3694 5539 t:0tt.~8l‘~

2059 5571 2350 5648 vantibus,
2387 5581 2445 5634 et
2476 5591 2683 5633 rursus
2714 5570 3127 5636 Valentiniano
3158 5569 3431 5654 pietatem
3486 5567 3699 5629 dome-
