3938 6214
162 318 209 383 51
1370 314 1721 383 AUCTORE
1761 313 1812 376 Μ

1978 312 2353 381 ΡΗΒΔΒΤΕ.

3468 318 3545 387 58

176 454 342 519 stium
364 456 757 538 neutiquam
800 455 1108 537 prodente.
1143 452 1462 520 Orientalis
1491 451 1688 533 portio
1715 463 1812 511 va-

1978 469 2003 502 ν
2041 444 2220 515 λώϐην
2262 449 2461 517 ταύτῆν
2515 446 2722 516 ἰδέξατο
2776 450 2883 510 ἀπὸ
2951 448 3336 532 Ἀλεξανδρείας
3382 450 3543 532 dph-

178 544 257 607 riis
280 544 427 607 locis
479 545 657 608 hanc
715 545 874 607 luem
903 543 1162 617 admisit,
1216 561 1349 624 qua
1387 560 1520 605 cum
1551 541 1814 603 Alexan-

184 632 497 787 griz‘prius
525 634 842 717 coepisset,
874 634 937 695 in
967 632 1281 695 ulteriores
1311 633 1509 712 plagas
1562 645 1813 711 progre-

215 744 230 785 t
320 733 441 786 tur.

244 899 306 962 Χ.
338 897 485 962 Hac
513 896 762 980 quidem
788 898 1068 964 Gratiano
1116 896 1311 960 adhuc
1338 895 1653 976 superstite
1669 911 1812 974 age-

181 988 396 1052 bantur.
460 991 679 1052 Postea
737 1006 877 1049 vero
930 1006 1064 1049 cum
1097 986 1225 1067 ipse
1256 984 1517 1047 indolem
1551 1002 1715 1045 suam
1748 982 1811 1044 in

177 1077 337 1140 rebus
397 1076 636 1142 bellicis
665 1077 789 1156 jam
848 1075 1211 1155 ostenderet,
1264 1093 1330 1136 ac
1378 1072 1645 1135 civitates
1674 1090 1808 1132 cum

176 1167 452 1227 modestia
507 1174 685 1246 atque
718 1164 947 1244 justitia
980 1172 1236 1243 regeret,
1287 1181 1393 1244 per
1423 1160 1667 1223 insidias
1697 1159 1813 1221 vita

172 1254 600 1334 excessit,ﬁlios
615 1254 852 1334 quidem
872 1256 970 1333 qui
991 1270 1173 1331 regno
1193 1248 1811 1325 succederent,nullos

170 1344 534 1424 relinquens,
584 1343 821 1403 fratrem
855 1358 992 1403 vero
1043 1339 1365 1402 admodum
1410 1340 1718 1419 juvenem,
1754 1344 1812 1398 et

170 1433 309 1511 patri
339 1433 787 1511 cognominem.
844 1448 1249 1492 successorem
1300 1428 1533 1506 imperii
1563 1426 1806 1489 faciens.

166 1520 309 1583 Tum
351 1540 495 1582 vero
537 1519 781 1601 quidam
812 1521 1126 1592 Maximus,
1162 1526 1359 1597 spreta
1406 1514 1811 1578 Valentiniani

160 1610 437 1689 pueritia,
463 1607 861 1672 Occidentalis
909 1607 1145 1688 imperii
1178 1607 1455 1667 thronum
1486 1604 1805 1684 usurpavit.

1896 534 2064 610 μένης
2120 537 2221 607 τῆς
2275 538 2549 616 αἱρέσεως.
2597 540 2792 600 Τούτου
2854 538 2919 609 δὴ
2991 541 3173 601 εἵνεκα
3228 543 3398 617 μόνης
3441 547 3543 610 τῆς

1895 626 2089 691 οἰκείας
2143 626 2414 703 βασιλείας
2453 630 2574 693 τοὺς
2629 629 2954 695 ἐπισκόπους
2983 633 3057 696 εἰς
3099 632 3197 699 την
3253 641 3540 690 Κωνστανο

1892 715 2193 776 τινούπολιν
2250 722 2674 800 συναθροισθῆναι
2757 718 3069 797 προσέταξε,
3141 721 3371 792 ποιήσας
3439 721 3537 790 τὴν

1892 803 2128 871 σύνοδον,

1971 882 2035 955 Ι’.
2092 901 2265 955 Ταῦτα
2329 896 2428 972 μὲν
2486 903 2773 977 Γρατιανοῦ
2834 897 2909 956 ἔτι
2966 901 3239 979 περιόντος
3302 897 3531 977 ἐγένετο⁶

1892 981 2075 1052 ἐπειδὴ
2116 982 2171 1041 δὲ
2232 983 2436 1050 ἐκεῖνος
2496 986 2548 1044 ἕν
2608 1007 2668 1044 τε
2709 986 2965 1064 πολέμοις
3010 988 3297 1068 ἀριστεύων
3323 988 3533 1050 καὶτὰς

1892 1073 2076 1137 πόλεις
2119 1074 2403 1153 σωφρόνως
2452 1096 2509 1131 τε
2561 1077 2649 1134 καὶ
2704 1074 2916 1142 δικαίως
2973 1078 3155 1133 ἰθύνων
3217 1076 3269 1143 ἐξ
3309 1073 3531 1133 επιϐου-

1892 1160 1992 1228 λῆς
2036 1160 2367 1236 ἐτελεύτησε,
2414 1162 2611 1228 παῖδας
2667 1166 2762 1240 μὲν
2800 1165 2859 1223 οὒ
2900 1164 3208 1223 καταλιπὼν
3263 1164 3531 1245 κληρονό-

1893 1272 2023 1326 μους
2053 1256 2152 1317 τῆς
2208 1250 2500 1332 βασιλείας,
2562 1251 2783 1333 ἀδελφὸν
2826 1253 2881 1311 δὲ
2922 1252 3119 1329 κομιδῆ
3160 1255 3276 1312 νέον
3318 1254 3532 1331 ὸμῶνυ-

1891 1362 1992 1415 μον
2022 1346 2114 1397 τοῦ
2141 1342 2339 1419 πατρὸς
2369 1338 2619 1422 διάδοχον
2658 1348 2757 1409 τῆς
2784 1341 3053 1419 βασιλείας
3098 1342 3478 1401 καταλέλοιπεν
3512 1361 3528 1377 ·

1894 1427 2131 1503 Μάξιμος
2171 1426 2259 1502 δὴ,
2317 1430 2413 1497 τῆς
2471 1429 2900 1491 Οὖαλεντινιανοῦ
2958 1434 3359 1513 καταφρονήσας
3412 1433 3532 1489 νεό-

1891 1538 2077 1597 τητος³
2105 1516 2363 1595 ἥρπασεν,

231 1697 331 1760 ΧΙ.
363 1682 477 1760 Per
526 1698 586 1759 id
618 1697 793 1759 etiam
824 1682 1106 1775 temporis
1145 1694 1396 1761 Justina,
1434 1682 1803 1783 magni-Aqui-

1978 1682 2245 1783 [Λίβαθ
2304 1696 2509 1753 ἐκεῖνον
2566 1695 2621 1754 δὲ
2650 1699 2739 1755 τὸν
2789 1698 2982 1778 χρόνον
3009 1694 3280 1774 Ἰουστίνα,
3313 1695 3540 1756 Οὐαλεν-

154 1788 286 1850 dem
318 1785 719 1849 Valentiniani
752 1785 985 1865 conjux,
1040 1792 1227 1845 mater
1284 1792 1481 1844 autem
1522 1781 1801 1861 junioris,

152 1896 280 1958 quae
341 1877 633 1938 doctrina:
690 1875 927 1936 Arianae
956 1891 1163 1936 semen
1196 1872 1419 1934 dudum
1470 1877 1809 1952 exceperat,

148 1966 293 2027 illud
323 1967 447 2027 tilio
480 1963 1103 2026 manifestavit.Zelum
1136 1964 1294 2023 enim
1322 1960 1520 2023 mariti
1554 1960 1646 2021 sui
1674 1976 1813 2038 erga

149 2058 329 2119 ﬁdem
362 2057 754 2118 orthodoxam
789 2063 1167 2136 perspectum
1201 2053 1454 2127 habens,
1488 2050 1682 2133 quoad
1713 2050 1815 2112 ille

149 2147 211 2207 in
239 2146 389 2207 vivis
416 2144 551 2220 fuit,
590 2146 773 2208 latere
803 2152 1013 2208 conata
1036 2152 1123 2205 est
1157 2164 1171 2206 :
1206 2161 1341 2204 cum
1378 2159 1516 2203 vero
1551 2145 1809 2200 mentem

150 2235 256 2297 ﬁlii
290 2244 557 2297 teneram
609 2252 741 2295 esse
798 2240 975 2314 atque
1033 2231 1297 2294 nobilem
1332 2249 1455 2293 non
1492 2230 1813 2309 ignoraret,

148 2323 421 2385 fraudem
458 2341 627 2385 suam
662 2324 723 2385 in
756 2322 1014 2383 medium
1049 2321 1320 2402 proferre
1350 2338 1467 2381 non
1501 2317 1808 2379 dubitavit.

148 2413 257 2475 Hic
310 2431 452 2474 vero
501 2412 912 2493 suggestiones
968 2410 1175 2472 matris
1230 2409 1405 2471 utiles
1462 2417 1697 2489 putans,
1751 2414 1810 2467 et

152 2510 644 2583 propteraetatem
663 2519 858 2563 escam
872 2498 1284 2562 illecebrosam
1300 2496 1803 2570 naturaeintuitus,

152 2593 482 2671 derepente
511 2590 724 2652 incidit
744 2592 805 2652 in
834 2592 1132 2671 laqueum.
1162 2588 1544 2669 Quapropter
1564 2604 1809 2666 magnus

154 2678 637 2760 Ambrosius,qui
668 2698 905 2742 omnem
939 2678 1181 2760 quidem
1207 2678 1489 2739 Arianam
1519 2676 1807 2737 fallaciam

156 2787 224 2830 ex
273 2770 445 2832 Italia
487 2769 613 2847 jam
660 2768 887 2847 pridem
948 2767 1275 2847 expulerat,
1334 2784 1467 2827 cum
1516 2764 1815 2844 acciperet

158 2876 408 2936 puerum
444 2875 684 2938 quoque
704 2856 1184 2919 Valentinianum
1218 2855 1280 2916 in
1304 2854 1493 2936 ipsam
1522 2853 1809 2931 incidere,

152 2946 388 3024 juvenis
419 2945 681 3007 animam
714 2946 795 3007 ab
852 2964 921 3008 ea
973 2944 1246 3019 liberare,
1280 2950 1562 3024 quantum
1593 2941 1653 3002 in
1684 2942 1812 3020 ipso

1892 1781 2122 1839 τινιανοῦ
2172 1783 2271 1859 μὲν
2327 1786 2535 1862 γαμετὴ
2584 1793 2677 1843 τοῦ
2735 1786 2988 1865 μεγάλου,
3035 1794 3126 1844 τοῦ
3173 1785 3227 1843 δὲ
3274 1787 3391 1845 νέου
3423 1787 3534 1861 μή-

1892 1893 2016 1948 τηρ,
2073 1870 2107 1927 ἃ
2161 1870 2325 1929 πάλαι
2400 1876 2501 1940 τῆς
2552 1872 2883 1953 Ἀρειανικῆς
2940 1874 3274 1940 διδασκαλίας
3329 1872 3539 1940 ἐδέξατο

1893 1961 2169 2039 σπέρματα
2221 1960 2361 2023 δῆλα
2412 1965 2704 2031 πεποίηκεν
2751 1969 2828 2040 τῷ
2897 1962 3063 2022 παιδί.
3124 1972 3227 2022 Τοῦ
3280 1964 3378 2041 μὲν
3439 1963 3538 2042 γὰρ

1895 2052 2153 2130 ὁμοζύγου
2195 2053 2257 2108 τὸ
2297 2054 2489 2131 θερμὸν
2536 2053 2861 2128 ἐπισταμένη
2920 2060 3018 2122 τῆς
3061 2055 3312 2134 πίστεως²
3357 2052 3537 2109 λαθεῖν

1894 2139 2101 2197 ἅπαντα
2141 2142 2232 2198 τὸν
2290 2141 2487 2222 χρόνον
2541 2142 2851 2201 ἐσπούδασε
2901 2152 2991 2204 τοῦ
3020 2143 3076 2200 δὲ
3119 2142 3305 2208 παιδὸς
3334 2144 3395 2199 τὸ
3436 2146 3541 2198 τῶν

1893 2230 2093 2309 φρενῶν
2162 2229 2368 2288 ἁπαλὸν
2426 2233 2514 2289 καὶ
2571 2232 2947 2313 εύπαράγωγον
3019 2234 3283 2310 θεωμένη,
3344 2252 3537 2311 προσε-

1895 2332 2106 2396 νεγκεῖν
2162 2319 2262 2387 τὴν
2320 2317 2586 2388 ἐξαπάτην
2644 2321 2944 2401 ἐθάρρησεν.
3007 2316 3064 2383 Ὀ
3108 2323 3164 2380 δὲ
3192 2329 3289 2391 τῆς
3335 2323 3536 2398 μητρὸς

1894 2407 1988 2471 τὰς
2045 2409 2315 2479 ὑποθήκας
2371 2410 2715 2491 ὀνησιφόρως
2758 2410 3061 2485 ὑπολαϐὼν,
3101 2415 3175 2478 εἰς
3204 2413 3303 2492 γὰρ
3345 2413 3405 2468 τὸ
3434 2410 3533 2480 τῆς

1892 2497 2096 2576 φύσεως
2138 2495 2323 2578 δέλεαρ
2381 2496 2827 2583 ἀποϐλέπωνλτὸ
2850 2504 3211 2583 θανατηφόρον
3254 2502 3533 2581 ἄγκιστρον

1893 2587 1947 2640 ἒν
1988 2591 2057 2662 τῇ
2116 2591 2271 2667 ψυχῇ
2326 2586 2671 2666 περιέπειρεν.
2734 2580 2791 2648 Ὀ
2862 2588 2917 2646 δὲ
2979 2580 3148 2669 μέγας
3218 2580 3534 2668 Ἀμϐρόσιος

1893 2680 2067 2731 πᾶσαν
2120 2676 2218 2751 μὲν
2272 2677 2361 2734 καὶ
2403 2676 2589 2755 πρώην
2647 2677 2981 2758 Ἀρειανικὴν
3036 2680 3244 2749 πλάνην
3267 2680 3329 2739 lx
3357 2680 3535 2746 πάσης

1895 2764 1993 2832 τῆς
2021 2763 2248 2829 Ἰταλίας
2305 2763 2541 2824 ἐκποδὼν
2595 2765 2842 2835 ἐποίησεν
2880 2786 2893 2799 ⁸
2953 2768 3134 2843 μαθὼν
3204 2766 3260 2824 δὲ
3315 2768 3403 2824 καὶ
3443 2767 3534 2824 τὸν

1895 2851 2013 2909 νέον
2064 2852 2495 2912 Ούαλεντινιανὸν
2550 2856 2749 2925 ταύτην
2833 2855 3159 2939 εἰσδέχεσθαι
3214 2858 3314 2926 τὴν
3358 2856 3535 2935 νόσον,

1896 2941 2143 3001 ἔσπευδε»
2182 2943 2244 3000 ὶκ
2284 2948 2382 3011 τῆς
2440 2952 2532 3003 τοῦ
2584 2944 2705 3003 νέου
2762 2951 2948 3027 ψυχῆς
3001 2943 3285 3013 ἀποδιῶξαι
3339 2946 3536 3012 ταύτην

159 3012 303 3115 erat,
329 3034 659 3112 satagebat,
684 3034 795 3096 Hic
832 3044 1031 3096 autem
1063 3012 1254 3095 virum
1277 3012 1445 3093 illum
1469 3012 1811 3111 suspectum

1978 3054 1992 3086 ο
2019 3032 2170 3090 νόσον
2204 3051 2220 3068 ⁸
2254 3033 2409 3099 αὐτὸς
2437 3032 2493 3091 δὲ
2543 3035 2664 3093 οἶον
2706 3012 2992 3093 ἀντίπαλον
3032 3037 3125 3093 τὸν
3153 3033 3313 3114 ἄνδρα
3362 3032 3535 3093 ὶδόκει

158 3122 412 3185 habebat
440 3124 611 3204 quasi
640 3124 1073 3198 adversarium,
1108 3131 1167 3183 et
1201 3122 1483 3183 adversus
1513 3138 1649 3183 eum
1683 3137 1813 3199 per-

163 3212 299 3274 inde
328 3232 400 3275 ac
422 3212 757 3291 professum
789 3215 1019 3275 hostem
1051 3218 1288 3292 paratus
1308 3218 1456 3271 erat.

236 3300 371 3364 XII.
401 3299 516 3362 Hic
542 3319 715 3381 porro
748 3301 809 3361 in
840 3300 1187 3361 memoriam
1213 3299 1268 3360 ei
1290 3297 1606 3360 revocabat
1622 3305 1812 3378 pater-

162 3408 294 3450 nam
322 3391 701 3471 pietatem,et
730 3397 794 3451 ut
819 3400 1009 3470 gquam
1043 3395 1352 3468 acceperat
1382 3386 1810 3460 haereditatem,

157 3477 450 3557 integram
477 3477 1314 3557 conservaret,obtestabatur:
1343 3477 1598 3537 docebat
1617 3483 1811 3537 autem

163 3569 457 3646 quodnam
492 3568 834 3645 dogmatum
865 3566 1185 3627 discrimen
1222 3574 1403 3646 esset,
1442 3576 1500 3627 et
1533 3563 1816 3645 quemad-

162 3658 403 3717 modum
456 3657 583 3717 hazc
602 3655 842 3736 quidem
874 3655 1069 3717 omnia
1103 3654 1321 3717 Christi
1345 3654 1651 3727 doctrinae,
1676 3670 1816 3733 apo-

161 3745 576 3825 stolorumque
602 3744 1007 3824 praedicationi
1038 3752 1173 3823 apte
1203 3750 1621 3823 congruerent,
1652 3741 1752 3804 illa
1780 3759 1813 3802 e

162 3835 465 3895 contrario
498 3832 867 3914 spiritualem
919 3840 1331 3914 oppugnarent
1359 3831 1814 3911 legislationem.

160 3927 231 3982 At
257 3941 399 3985 vero
454 3940 628 4002 puer,
689 3930 892 4003 utpote
949 3923 1051 4002 qui
1084 3940 1231 4003 puer
1269 3928 1447 3996 esset,
1484 3928 1539 3982 et
1570 3939 1603 3981 a
1635 3927 1817 3980 matre

159 4009 408 4092 decepta
443 4009 751 4073 blanditiis
782 4011 1036 4086 illectus,
1074 4019 1132 4072 et
1159 4009 1355 4071 verbis
1387 4008 1820 4082 armabatur,et

159 4098 450 4244 sutilibus
480 4100 723 4163 armatis
751 4098 1036 4162 Ecclesiae
1066 4098 1325 4161 ambitus
1376 4099 1816 4177 circumcinge-

197 4197 274 4244 at.

197 4197 274 4250 at.

1894 3120 2060 3185 εἶναι,

1976 3291 2085 3364 ΙΒ’.
2119 3291 2177 3360 (Ο
2234 3300 2289 3358 δὲ
2331 3302 2425 3371 τῆς
2475 3325 2534 3360 τε
2587 3313 2681 3363 τοῦ
2733 3305 2932 3382 πατρὸς
2975 3302 3364 3380 ἀνεμίμνησκεν
3393 3304 3538 3359 εὗσε-

1894 3388 2061 3466 ϐείας,
2121 3392 2209 3447 καὶ
2264 3393 2354 3448 τὸν
2401 3391 2599 3472 κλῆρον
2648 3392 2914 3471 παρέϐαλε
2966 3393 3245 3474 φυλάττειν
3275 3392 3333 3447 ὃν
3363 3388 3536 3467 παρέ-

1895 3477 2052 3536 λαϐεν
2109 3479 2325 3543 ἄσυλον,
2384 3479 2653 3539 Ἐδίδασκε
2723 3479 2778 3539 δὲ
2835 3484 2924 3540 καὶ
2973 3484 3068 3552 τὴν
3112 3488 3217 3540 τῶν
3260 3479 3541 3559 δογμάτων

1896 3567 2168 3649 διαφορὰν,
2225 3570 2316 3627 καὶ
2356 3569 2503 3637 ὅπως
2561 3573 2627 3629 τὰ
2685 3574 2782 3647 μὲν
2824 3580 2894 3651 τῇ
2936 3581 3029 3631 τοῦ
3075 3573 3260 3651 Κυρίου
3285 3569 3538 3628 διδασκα-

1896 3656 1981 3731 λίᾳ
2013 3660 2101 3715 καὶ
2138 3671 2255 3723 τοῖς
2313 3666 2419 3717 τῶν
2461 3660 2774 3719 ἀποστόλων
2830 3660 3101 3739 συμϐαίνει
3156 3660 3490 3740 κηρύγμασιν
3523 3675 3541 3695 ⁸

1896 3747 1963 3804 τὰ
2003 3745 2060 3803 δὲ
2112 3746 2353 3827 ἄντικρύς
2398 3749 2540 3807 ἐστιν
2586 3749 2792 3808 ἐναντία
2812 3753 2900 3808 καὶ
2955 3758 3024 3829 τῇ
3062 3755 3394 3826 πνευματικῇ
3448 3768 3542 3806 νο-

1899 3838 2116 3911 μοθεσίᾳ
2173 3837 2482 3919 μαχόμενας
2548 3830 2607 3897 Ὀ
2649 3839 2705 3897 δὲ
2766 3841 2881 3905 νέος
2925 3841 3023 3899 οἷα
3049 3839 3114 3909 δή
3146 3840 3260 3904 νέος
3286 3838 3374 3896 καὶ
3403 3837 3547 3914 παρὰ

1900 3927 2102 4003 μητρὸς
2144 3927 2496 4002 ἡματημὲνης
2537 3927 2855 4007 θελγόμενος
2899 3932 2960 3989 ού
3004 3929 3167 4005 μόνον
3197 3932 3257 3988 οὐ
3297 3925 3543 4006 προσίετο

1899 4016 1965 4071 τὰ
2016 4014 2280 4093 λεγόμενα
2336 4018 2477 4095 παρὰ
2530 4020 2626 4075 τοῦ
2679 4019 2995 4100 ἀρχιερέως,
3066 4016 3205 4074 ἀλλὰ
3240 4017 3330 4074 καὶ
3375 4018 3541 4088 θυμοῦ

1900 4102 2116 4183 πλήρης
2145 4104 2344 4183 ἐγίνετο
2400 4108 2489 4163 καὶ
2544 4106 2735 4187 λόχοις
2793 4107 3029 4166 ὁπλιτῶν
3081 4128 3140 4165 τε
3210 4106 3297 4163 καὶ
3339 4101 3543 4161 πελτα-

1901 4198 2041 4249 στῶν
2070 4193 2191 4258 τοὺς
2222 4192 2692 4261 ἐκκλησιαστικοὺς
2736 4195 3044 4274 περιϐόλους
3070 4194 3312 4256 έκύκλου.

237 4276 391 4342 XIlI.
420 4277 641 4340 Postea
682 4295 823 4340 vero
846 4296 1019 4358 quam
1046 4278 1360 4339 maximum
1381 4275 1547 4337 illum
1582 4274 1812 4365 praelia-

1983 4274 2089 4346 lI“.
2124 4282 2342 4351 Ἐπειδὴ
2400 4283 2454 4341 δὲ
2509 4287 2601 4342 τὸν
2647 4285 2897 4365 μέγιστον
2926 4286 3132 4343 ἐκεῖνον
3174 4283 3412 4364 ἀριστέα,
3455 4283 3544 4338 τὸν

159 4376 372 4439 torem,
433 4366 703 4429 divinum
745 4365 1149 4437 Ambrosium,
1213 4385 1415 4428 eorum
1452 4383 1581 4446 quae
1609 4366 1686 4427 ab
1718 4364 1819 4427 illo

158 4455 401 4531 ﬁebant,
432 4456 586 4518 nihil
627 4456 918 4517 deterruit
938 4456 1010 4525 (is
1036 4455 1191 4517 enim
1227 4456 1335 4516 ista
1361 4464 1635 4534 tanquam
1674 4472 1820 4533 pue-

161 4562 364 4607 rorum
403 4545 891 4607 terriculamenta
924 4544 1343 4618 existimabat),
1390 4544 1488 4604 ille
1518 4543 1820 4623 impendio

160 4636 413 4697 moleste
465 4635 692 4708 ferens,
752 4634 949 4715 ipsum
1008 4645 1175 4695 extra
1225 4634 1581 4714 templorum
1614 4632 1823 4695 limina

162 4725 319 4786 exire
346 4724 559 4805 jussit.
592 4723 700 4785 Hic
731 4734 959 4800 autem,
993 4724 1217 4805 Sponte
1251 4743 1406 4796 mea,
1441 4722 1653 4803 inquit,
1681 4722 1823 4783 illud

159 4813 383 4887 facere,
417 4828 604 4894 atque
635 4814 831 4875 ovium
867 4815 1065 4876 caulas
1091 4814 1247 4894 lupis
1277 4814 1554 4894 prodere,
1593 4811 1827 4873 etiamsi

160 4905 405 4981 sanguis
432 4902 891 4984 profundendus
924 4902 1020 4976 sit,
1056 4904 1303 4964 minime
1344 4904 1555 4964 feram.
1609 4899 1824 4963 Verum

162 4992 208 5051 si
240 5002 360 5055 tua:
390 4992 712 5053 voluntatis
741 5001 831 5053 est
863 4992 1023 5052 intus
1056 5012 1150 5053 me
1208 4992 1481 5071 interﬁci,
1530 4990 1814 5069 gladium,

164 5082 379 5163 inquit,
410 5082 503 5144 vel
527 5080 789 5145 securim
824 5081 967 5142 mihi
1000 5083 1276 5149 admove;
1325 5080 1664 5159 liujusmodi
1708 5099 1817 5142 ne-

161 5188 290 5232 cem
324 5192 435 5253 ego
456 5172 789 5254 amplectar
810 5189 989 5249 quam
1019 5171 1436 5232 libentissime.
1463 5168 1531 5230 Et
1553 5170 1661 5232 ista
1683 5172 1818 5252 qui-

164 5258 296 5320 dem
319 5263 489 5325 divus
517 5259 903 5326 Ambrosius.

247 5349 389 5414 XIV.
409 5352 625 5415 Exacto
651 5359 857 5413 autem
905 5351 1091 5430 spatio
1128 5352 1411 5431 temporis
1440 5368 1555 5414 non
1583 5351 1820 5430 exiguo,

180 5441 384 5502 certior
399 5443 586 5506 factus
618 5450 711 5504 est
734 5438 1029 5502 Maximus
1064 5458 1272 5501 eorum
1296 5448 1638 5522 conatuum,
1675 5459 1825 5523 quos

175 5538 361 5595 contra
377 5532 780 5597 clarissimum
800 5528 1059 5594 veritatis
1073 5547 1411 5611 praeconem
1431 5538 1595 5592 atten
1609 5539 1821 5594 tarant.

176 5616 515 5704 Mittitigitur
544 5621 1000 5703 Valentiniano,
1025 5620 1127 5705 qui
1146 5638 1281 5682 eum
1302 5638 1339 5683 a
1359 5618 1516 5683 bello
1545 5620 1827 5691 adversus

1904 4372 2053 4430 θεῖον
2112 4371 2453 4455 Ἀμϐρόσιον,
2496 4373 2639 4432 οὐδὲν
2697 4374 2929 4455 ὶφόϐησε
2971 4376 3076 4432 τῶν
3114 4373 3202 4431 ὑπ’
3246 4374 3405 4432 αὺτοῦ
3454 4394 3545 4450 γι-

1905 4461 2139 4537 νομένων
2197 4462 2581 4543 (μορμολύκεια
2658 4466 2758 4544 γὰρ
2813 4462 3040 4523 ὑπέλαϐε
3123 4471 3285 4521 ταῦτα
3356 4483 3548 4541 μειρα-

1904 4550 2137 4615 κυλλίοις
2165 4553 2268 4610 ὑπό
2296 4576 2451 4610 τινων
2504 4555 2935 4635 προσφερόμενα)
2967 4571 2981 4585 ⁸
3016 4555 3136 4611 τότε
3184 4553 3250 4622 δὴ
3293 4550 3548 4634 χαλεπήν

1905 4662 1997 4703 νας
2040 4644 2316 4723 προφανιῦ,
2361 4644 2516 4700 αὐτὸν
2588 4642 2827 4703 ἐκέλευσε
2896 4650 3003 4702 τῶν
3055 4646 3209 4723 ἱερῶν
3251 4641 3350 4709 ἔξω
3392 4642 3549 4718 βῆναι

1907 4730 2200 4810 προθύρων.
2251 4720 2310 4789 Ὀ
2351 4730 2428 4813 δὲ,
2468 4732 2638 4791 Ἐκὼν
2697 4734 2819 4815 μὲν,
2866 4733 2991 4811 ἔφη,
3036 4720 3193 4794 τούτο
3238 4734 3298 4791 οὗ
3351 4729 3546 4810 δράσω,

1944 4821 1956 4842 ι
1974 4817 1996 4836 λ
2222 4820 2232 4839 ο
2572 4824 2584 4845 ι
2767 4826 2779 4843 ε
2919 4832 2944 4842 ~
3467 4821 3480 4835 ‘

1909 4819 2024 4875 ουοὲ
2064 4818 2326 4899 προδωσω
2364 4836 2484 4886 τοῖς
2525 4821 2703 4887 λυκοις
2732 4846 2823 4881 τον
2878 4848 2983 4883 των
3026 4823 3301 4903 προϐάτων
3358 4841 3545 4892 σηκον,

1910 4906 2025 4965 οὖδέ
2056 4922 2172 4973 τοῖς
2228 4910 2604 4992 βλασφημοῦσι
2648 4915 2738 4970 τὸν
2793 4918 2939 4972 θετον
2983 4912 3366 4994 παραδωσομεν
3394 4907 3548 4964 νεών⁶

1914 4996 2119 5089 ἀλλἐἴ
2145 5022 2227 5057 σοι
2271 5016 2479 5059 κτεῖναι
2508 5000 2678 5083 δοκεῖ,
2727 5002 2868 5061 ἔνδον
2911 5002 3185 5083 ἑπένεγκαί
3218 5023 3311 5077 μοι
3353 5000 3415 5055 τὸ
3470 4995 3551 5061 ξί-

1904 5110 2000 5166 φος
2060 5089 2096 5157 ἢ
2152 5091 2250 5159 τὴν
2321 5090 2499 5160 ἀξίνην
2533 5108 2546 5123 ⁸
2632 5094 2902 5160 ἀσπασίως
2979 5095 3078 5174 γὰρ
3159 5094 3373 5170 δέξομαι
3452 5095 3552 5162 τὴν

1903 5180 2156 5248 τοιαύτην
2215 5182 2449 5260 σφαγήν.
2497 5184 2595 5240 Καὶ
2664 5190 2827 5241 ταῦτα
2887 5184 2984 5259 μὲν
3041 5187 3070 5241 ὁ
3112 5187 3255 5247 θεῖος
3313 5181 3552 5265 Ἀμϐρό-

1903 5291 2042 5335 σιος.

1987 5348 2101 5418 ΙΔ’.
2133 5358 2331 5438 χρόνου
2383 5358 2438 5417 δὲ
2493 5368 2693 5442 συχνοῦ
2763 5360 3072 5441 τριϐομένου
3133 5364 3409 5440 μεμάθηκε
3453 5367 3551 5441 μὲν

1908 5448 1936 5506 ὁ
1995 5446 2232 5525 Μάξιμος
2287 5449 2355 5507 τὰ
2409 5451 2544 5508 κατὰ
2598 5459 2691 5510 τοῦ
2754 5451 3132 5536 μεγαλοφώνου
3186 5455 3414 5533 κήρυκος
3457 5462 3554 5525 τῆς

1914 5537 2159 5605 ἀληθείας
2211 5537 2529 5616 τολμώμενα
2564 5559 2576 5574 ·
2650 5540 2923 5600 ἐπέστειλε
2976 5542 3031 5602 δὲ
3074 5551 3149 5621 τῷ
3177 5542 3552 5604 Οὐαλεντινια-

1914 5634 2010 5708 νῷ,
2043 5629 2135 5685 τὸν
2192 5630 2328 5687 κατὰ
2368 5630 2465 5699 τῆς
2496 5630 2757 5699 εὐσεϐείας
2801 5632 3038 5714 πόλεμον
3091 5633 3379 5693 καταλῦσαι
3412 5658 3554 5723 παρ.
