3938 6214
205 366 284 442 ’θὶ

1458 375 1815 442 AUCTORE
1856 367 2450 434 METAPHRASTE.

3571 372 3649 436 62

297 506 496 574 XVIII
507 508 986 573 .Fidelissimus
1002 520 1193 573 autem
1207 508 1532 588 imperator
1551 499 1926 567 Theodosius

2097 489 2200 564 [Η’.
2235 499 2517 569 θεοδοσϊος
2547 500 2601 560 δὲ
2643 525 2672 561 ο
2701 503 3018 569 πιστότατος
3061 501 3308 581 βασιλεὺς
3354 510 3517 562 ταῦτα
3544 525 3648 563 πε-

250 601 442 664 ἱειὶιωε
477 599 704 661 omnia
757 617 795 661 ε
827 599 1027 661 medio
1055 598 1136 660 ita
1175 596 1433 670 sustulit,
1466 614 1535 658 ac
1565 595 1616 656 si
1646 593 1719 654 ab
1748 590 1920 654 initio

256 709 358 753 non
391 688 827 752 exstitissent:
855 689 914 749 in
945 705 1194 768 quorum
1225 685 1413 748 vicem
1446 682 1795 747 Christianis
1823 680 1918 740 in-

265 779 436 843 stituit
463 777 590 840 alia
619 777 949 859 plura.Sed
977 776 1136 838 enim
1169 776 1302 855 ejus
1331 772 1434 855 qui
1463 791 1497 835 a
1517 771 1734 859 primis
1758 777 1918 832 retro

268 858 637 951 temporibus
667 868 856 929 hostis
909 866 1213 928 hominum
1246 871 1356 937 est,
1390 861 1592 951 omnia
1621 858 1771 922 retia
1802 875 1921 919 non

271 950 560 1038 nisisgre
592 958 999 1038 effugiuntur;
1061 953 1280 1034 saepius
1323 953 1481 1015 enim
1515 950 1735 1038 aliquis
1781 965 1915 1010 cum

271 1037 515 1112 luxurias
537 1037 820 1110 morbum
853 1045 1128 1124 evaserit,
1183 1041 1440 1106 avaritiae
1470 1039 1681 1121 laqueo
1714 1037 1915 1100 forsan

273 1139 495 1220 capitur
529 1157 545 1202 :
577 1137 631 1199 si
657 1143 856 1198 autem
892 1134 992 1197 illa
1020 1133 1197 1196 fuerit
1226 1131 1416 1220 major
1434 1129 1676 1192 aliunde
1705 1144 1915 1189 rursus

272 1215 468 1290 livoris
520 1243 740 1304 vorago
789 1222 1172 1286 subnascitur
1205 1239 1219 1284 :
1255 1227 1313 1282 et
1358 1219 1503 1281 licet
1532 1219 1684 1279 hanc
1714 1215 1914 1278 denuo

272 1316 642 1387 transilierit,
670 1313 870 1394 plagas
889 1310 1213 1374 iracundiae
1242 1307 1502 1370 oﬂ‘eudet
1537 1312 1912 1394 praeparatas:

273 1415 329 1468 et
356 1390 687 1467 sexcentas'
729 1390 875 1464 alias
915 1397 1255 1461 hominibus
1304 1395 1635 1458 tendiculas
1683 1390 1919 1454 instruit

272 1493 572 1572 malignus
600 1491 718 1563 ille,
755 1491 853 1571 qui
883 1488 944 1549 in
971 1488 1278 1550 hominum
1294 1491 1543 1572 venatur
1561 1479 1913 1563 perniciem.

273 1569 442 1646 Sane
457 1579 703 1664 quidem
741 1569 1060 1659 corporeos
1090 1582 1284 1664 motus
1314 1571 1606 1635 machinis
1635 1569 1920 1634 adversus

269 1663 532 1735 animam
549 1668 625 1731 ab
645 1686 716 1731 eo
745 1667 1046 1730 fabricatis
1067 1663 1247 1726 habet
1275 1667 1663 1742 cooperantes
1698 1679 1712 1719 :
1750 1673 1919 1720 mens

269 1770 470 1823 autem
503 1759 607 1820 illa
635 1775 766 1838 quae
793 1755 1042 1834 vigilans
1098 1753 1298 1823 fuerit,
1332 1750 1460 1812 sola
1488 1755 1752 1838 superat,
1779 1765 1917 1828 prc-

2000 588 2170 665 ριεῖλε
2210 589 2408 672 πάντα,
2467 591 2644 672 ὥσπερ
2696 591 2758 649 ἂν
2795 594 2839 650 εί
2868 591 3003 668 μηδὶ
3029 593 3130 662 τὴν
3158 593 3337 674 ἀρχὴν
3365 594 3643 676 γεγονότα,

1999 679 2086 736 καὶ
2139 677 2308 736 πλείω
2366 688 2709 760 Χριστιανοῐς
2766 681 3211 762 άντεισηνέγκατο
3256 683 3429 763 ἕτερα,
3479 680 3647 740 Ἀλλὰ

2000 767 2100 847 γὰρ
2149 775 2243 826 τοῦ
2281 776 2460 828 κοινοῦ
2505 773 2610 827 τῶν
2667 771 2954 850 ἀνθρώπων
3005 769 3200 828 ἄνωθεν
3243 771 3497 849 πολεμίου
3551 770 3645 834 τὰς

2000 853 2158 933 ἄρκυς
2229 855 2504 938 διαφυγεῖν
2573 859 2784 925 ἁπάσας
2827 858 2887 917 οῦ
2944 857 3119 938 ῥᾴδιον
3156 880 3170 895 ⁸
3230 860 3490 925 πολλάκις
3546 859 3646 939 γάρ

1997 943 2384 1031 τιςγδιαδράσας
2445 953 2544 1015 τῆς
2601 947 2879 1028 ἀσελγείας
2938 950 2999 1005 τὸ
3039 951 3230 1031 πάθος,
3274 957 3342 1028 τῇ
3378 955 3479 1017 τῆς
3511 947 3648 1004 πλε-

1999 1030 2197 1099 ονεξίας
2255 1032 2390 1100 ἴσως
2463 1033 2731 1092 ἁλίσκεται
2787 1034 2993 1116 παγίδι.
3067 1040 3126 1096 Et
3197 1030 3252 1095 δὲ
3307 1039 3394 1095 καὶ
3448 1035 3644 1103 ταύτης

1997 1122 2248 1200 κρείττων
2281 1125 2494 1204 φανείη,
2553 1123 2802 1204 ἑτέρωθεν
2849 1126 3134 1204 ὑποφύεται
3177 1127 3336 1186 πάλιν
3364 1132 3456 1183 τοῦ
3511 1123 3643 1204 φθό-

1997 1233 2087 1267 νου
2141 1213 2202 1268 τὸ
2255 1213 2510 1293 βάραθρον
2539 1229 2554 1245 ⁸
2599 1213 2696 1270 κᾶν
2738 1223 2894 1274 τοῦτο
2936 1213 2991 1271 δὲ
3048 1214 3209 1272 πάλιν
3265 1210 3641 1297 ὑπερπηδήσῃ,

1998 1301 2059 1356 τὸ
2099 1307 2189 1358 τοῦ
2229 1304 2390 1378 θυμοῦ
2445 1301 2648 1360 δίκτυον
2699 1304 2906 1382 εὑρήσει
2964 1306 3307 1384 προκείμενον
3341 1325 3357 1340 ο
3399 1309 3486 1365 καὶ
3539 1304 3642 1363 ἄλ-

1998 1386 2096 1451 λας
2125 1387 2180 1444 δὲ
2231 1391 2415 1468 μυρίας
2475 1403 2590 1455 τοῖς
2647 1391 2942 1471 ἀνθρώποις
2985 1395 3154 1460 τίθησι
3197 1394 3422 1473 παγίδας
3454 1397 3482 1454 6
3535 1417 3640 1453 πο-

2001 1478 2184 1556 νηρὸς,
2239 1477 2471 1558 ἂγρεύων
2531 1480 2602 1543 εἷς
2647 1479 2883 1560 ὄλεθρον.
2935 1482 3032 1540 Καὶ
3071 1483 3138 1538 τὰ
3207 1483 3305 1558 μὲν
3360 1485 3502 1553 πάθη
3558 1493 3650 1544 τοῦ

2000 1567 2255 1642 σώματοσ
2283 1569 2640 1647 ὑπουργοῦντα
2687 1569 2805 1649 ἔχει
2848 1582 2971 1635 ταῖς
3020 1571 3156 1630 κατὰ
3197 1577 3296 1638 τῆς
3326 1577 3511 1652 ψυχῆς
3553 1594 3648 1628 τε-

1999 1656 2370 1732 κταινομέναις
2428 1656 2516 1715 ὑπ’
2562 1659 2722 1714 αὑτοῦ
2764 1672 3045 1738 μηχαναῖς
3081 1680 3096 1696 ·
3130 1661 3289 1736 μόνος
3319 1659 3373 1718 δὲ
3407 1662 3646 1742 ἐγρηγο-

2001 1745 2106 1824 ρὼς
2151 1747 2180 1801 6
2237 1748 2356 1812 νοῦς
2399 1747 2746 1825 περιγίνεται,
2793 1752 2860 1823 τῇ
2901 1748 3017 1826 περὶ
3058 1749 3123 1805 τὰ
3164 1753 3284 1806 θεῖα
3329 1757 3501 1828 τροπῇ
3543 1755 3649 1806 τῶν

267 1849 561 1932 pensione
591 1834 774 1908 in'res
797 1843 1028 1932 divinas
1057 1839 1561 1902 machinationum
1595 1836 1757 1899 illius
1790 1853 1915 1897 ma-

2097 1835 2423 1932 χανημάτων
2460 1834 2786 1932 -διελέγχων
2836 1836 2932 1903 τὴν
2988 1839 3327 1916 κακουργίαν.
3386 1844 3494 1906 Τῆς
3551 1838 3649 1894 ἇν-

267 1928 454 2001 litiam
487 1931 1231 2018 reprimens.Quapropter
1251 1946 1385 1990 cum
1409 1928 1683 1989 humanae
1700 1932 1923 1988 natura;

265 2015 578 2110 particeps
591 2030 753 2086 esset
771 2021 1096 2103 imperator
1124 2017 1226 2080 ille
1255 2015 1645 2110 admirabilis,
1680 2023 1919 2110 pertur-

268 2104 579 2180 bationum
610 2112 768 2175 illius
817 2128 1030 2192 expers
1083 2124 1199 2171 non
1240 2123 1478 2186 semper
1535 2104 1664 2166 fuit.
1699 2105 1922 2166 Verum

269 2222 554 2269 excessus
573 2201 780 2266 nescio
799 2199 930 2282 quis
954 2199 1053 2259 iraa
1070 2196 1348 2277 legitimae
1370 2193 1744 2273 conjunctus,
1778 2210 1920 2254 cru-

269 2295 404 2360 dele
435 2291 722 2375 quiddam
785 2287 1053 2371 parturiit
1095 2294 1270 2375 atque
1321 2283 1648 2375 injustam;
1683 2282 1758 2343 de
1805 2299 1920 2362 quo

269 2370 549 2446 videlicet
596 2370 798 2443 statim
857 2378 1110 2440 dicetur.
1143 2373 1346 2455 Neque
1374 2370 1535 2433 enim
1567 2378 1788 2432 tantum
1819 2389 1921 2432 re-

270 2471 734 2555 prehensionem
768 2467 946 2530 habet
986 2461 1781 2555 admirabilis-imperatoris,
1817 2459 1922 2522 sed

271 2549 448 2626 etiam
481 2555 968 2642 praedicationem
995 2553 1280 2616 memoria
1309 2549 1918 2642 admodrumdignam:

272 2639 533 2714 maxime
567 2666 709 2711 vero
767 2644 1040 2725 generosi
1064 2642 1225 2704 illius
1255 2641 1555 2705 Ambrosii
1583 2639 1921 2702 libertatem

275 2742 394 2804 huc
425 2737 885 2811 succedentem,
921 2753 988 2796 ac
1018 2733 1265 2795 multum
1297 2731 1622 2807 illum,quo
1651 2727 1926 2791 utebatur

274 2830 334 2892 in
364 2827 551 2892 rebus
580 2827 654 2889 ad
681 2826 958 2907 pietatem
1023 2819 1478 2904 pertinentibus,
1512 2817 1695 2879 animi
1731 2817 1926 2907 fervo-

276 2938 427 2982 rem.
462 2906 767 2998 Quidquid
797 2913 944 2976 illud
978 2912 1074 2983 sit,
1107 2920 1307 2972 tamen
1355 2907 1680 2970 declarabit
1709 2906 1921 2998 oratio.

363 3006 529 3070 Xer
558 2995 984 3068 Thessalonica
999 3001 1203 3062 civitas
1233 3016 1441 3078 magna
1473 3005 1580 3074 est,
1601 3014 1668 3058 ac
1697 2995 1931 3078 populis

2003 1923 2263 2001 θρωπείας
2305 1923 2372 1993 δὴ
2431 1925 2518 1982 οῦν
2585 1927 2789 2005 φύσεως
2841 1926 2930 1981 καὶ
2983 1927 3011 1982 6
3067 1927 3356 2003 Θαυμάσιος
3403 1926 3650 2005 βασιλεὺς

2006 2013 2295 2093 μετασχὼν
2354 2015 2505 2079 οὗτος
2560 2012 2674 2072 οῦδὲ
2733 2016 2838 2070 τῶν
2896 2014 3100 2083 ἐκείνης
3157 2019 3338 2074 παθῶν
3395 2016 3649 2095 ἄγευστος

2005 2100 2212 2177 ἔμεινεν
2247 2118 2262 2134 °
2310 2100 2445 2163 ἄλλά
2486 2125 2567 2169 τις
2596 2102 2816 2182 ἀμετρία
2865 2110 2942 2178 τῷ
2984 2101 3170 2179 δικαίῳ
3209 2108 3359 2183 θυμῷ
3414 2127 3649 2186 προσγε-

2007 2189 2204 2266 νομένη
2262 2191 2466 2260 ἀπηνές
2515 2214 2566 2249 τι
2608 2190 2760 2249 ὤδινε
2801 2192 2890 2249 καὶ
2946 2194 3273 2273 παράνομον,
3347 2197 3528 2275 ὥσπερ
3583 2192 3648 2261 δὴ

2006 2279 2100 2336 αῦν
2143 2280 2328 2338 αὐτίκα
2369 2283 2653 2360 ῥηθήσεται
2688 2301 2702 2317 ⁶
2739 2281 2798 2339 οὑ
2863 2281 2962 2362 γὰρ
3018 2285 3339 2364 κατηγορίαν
3381 2284 3499 2366 ἔχει
3543 2284 3650 2360 μό-

2006 2390 2092 2425 νον
2149 2375 2242 2426 τοῦ
2296 2373 2597 2447 θαυμαστοῦ
2673 2369 2956 2451 βασιλέως,
3043 2370 3179 2430 ἀλλὰ
3247 2375 3333 2430 καὶ
3391 2373 3652 2454 εὔφημίαν

2006 2459 2228 2534 μνήμης
2267 2457 2590 2536 ἆξιωτάτην,
2645 2461 2733 2516 καὶ
2791 2459 3022 2536 μάλιστα
3079 2462 3178 2530 τὴν
3235 2470 3327 2521 τοῦ
3417 2463 3654 2542 γενναίου

2005 2548 2192 2606 τούτου
2259 2547 2582 2629 Ἀμόροσίαυ
2635 2546 3006 2628 διαδεχθεϊσαν
3053 2549 3271 2609 ἐνταῦθα
3332 2551 3650 2631 παρρησίαν,

2007 2638 2093 2694 καὶ
2121 2637 2212 2693 τὸν
2268 2636 2436 2695 πολὺν
2487 2639 2693 2695 ῐεκετνον
2736 2639 2782 2712 ᾧ
2823 2639 2940 2718 περὶ
2969 2647 3066 2706 τὴν
3097 2640 3360 2698 εὐσέϐειαν
3387 2640 3654 2721 ὶκέχρητο

2006 2723 2190 2799 ζῆλονο
2225 2724 2454 2794 δηλώσει
2484 2724 2530 2783 δ’
2560 2729 2647 2784 οῦν
2675 2725 2821 2803 ὅμως
2851 2730 2880 2785 6
2920 2725 3103 2808 λόγος,

2092 2980 2202 3054 ιϐ’.
2237 2993 2596 3063 Θεσσαλονίκη
2650 2995 2808 3062 πόλις
2867 2998 2976 3057 ἐστὶ
3036 2997 3248 3078 μεγάλη
3291 2996 3383 3058 καὶ
3433 2994 3659 3055 πολυάν-

277 3092 878 3177 frequens,attributa
899 3089 1139 3172 quidem
1151 3083 1935 3177 Macedonibus,Th_essalite

2097 3103 2244 3177 οπος,
2287 3081 2513 3177 τελοῦσα
2569 3085 2668 3161 μὲν
2697 3087 2771 3150 εἰς
2817 3086 3144 3168 Μακεδόνας,
3174 3088 3447 3167 ἡγουμένη
3477 3084 3532 3142 δὲ
3575 3085 3661 3142 καὶ

276 3169 477 3249 autem
535 3190 717 3264 atque
769 3169 1005 3242 Achaia)
1065 3184 1261 3257 caput,
1321 3174 1819 3264 quemadmodum
1878 3181 1935 3234 et

2097 3169 2459 3264 “diuini-
2484 3170 2719 3264 ἶᾼχαΐας
2760 3176 2848 3232 καὶ
2902 3175 3079 3235 ἄλλων
3134 3175 3346 3234 πολλῶν
3373 3178 3535 3234 ἒθνῶν
3563 3173 3661 3230 ὅσα

276 3275 527 3336 aliarum
563 3257 905 3342 multarum,
939 3275 1225 3349 quotquot
1272 3265 1667 3346 subjiciuntur
1721 3262 1934 3342 Illyria:

2097 3264 2221 3349 5τῷ
2278 3263 2384 3316 τῶν
2445 3257 2712 3338 Ἰλλυριῶν
2763 3264 2991 3345 ὑπάρχῳ
3019 3278 3219 3326 κεῖται.
3265 3266 3511 3327 Στάσεως
3542 3263 3658 3320 τοί-

279 3359 900 3445 praefecto.Seditione
927 3347 1106 3437 igitur
1138 3355 1255 3416 illic
1297 3352 1778 3445 exorta,quidam_
1801 3370 1931 3412 ma-

2097 3371 2102 3397 ν
2145 3347 2198 3404 ἐν
2242 3350 2376 3445 αὐτῇ
2419 3350 2708 3445 γενομένης
2751 3351 3172 3422 κατελεύσθησαν
3237 3375 3294 3411 τε
3349 3354 3437 3410 καὶ
3497 3373 3659 3409 κατε-

275 3437 628 3532 gistratuum
663 3447 906 3529 lapidati
938 3455 1095 3526 sunt,
1134 3455 1192 3506 et
1225 3467 1236 3522 ι
1266 3462 1332 3505 er
1362 3443 1485 3504 vias
1521 3440 1935 3532 tracti,vitam-

2097 3459 2249 3504 ›ησαν
2280 3439 2386 3493 τῶν
2441 3437 2719 3532 ἀρχόντων
2773 3441 2936 3521 τινὲς,
2997 3444 3083 3499 καὶ
3127 3445 3218 3500 τὸν
3261 3443 3374 3520 βίον
3401 3441 3664 3522 αἴσχιστα

277 3519 390 3623 que
421 3519 774 3620 turpissimo
825 3536 981 3598 exitu
1029 3519 1331 3596 ﬁnierunt.
1365 3532 1488 3594 Rex
1523 3531 1700 3610 igitur
1727 3548 1931 3591 eorum

2097 3547 2154 3582 τω
2181 3527 2565 3623 κατέστρεψαν.
2619 3519 2675 3586 Ὀ
2725 3529 2812 3587 οὖν
2843 3519 3090 3608 βασιλεὺς
3138 3519 3270 3598 ταῖς
3290 3533 3395 3590 τῶν
3425 3519 3662 3608 cup:de-

276 3622 408 3711 quaa
437 3627 810 3705 acciderant,
840 3625 1062 3686 nuntiis
1087 3622 1632 3695 excaudescens,ea
1663 3638 1779 3680 non
1815 3637 1932 3679 mo.

282 3710 487 3781 derale
512 3717 648 3779 tulit
681 3715 822 3777 :sed
846 3732 1080 3776 omnem
1105 3710 1476 3776 stomachum
1501 3718 1704 3772 contra
1729 3725 1938 3771 omnes

279 3809 689 3886 eﬂ‘undens,et
704 3804 1254 3884 injustosexserens
1269 3799 1787 3880 gladios,insontes
1799 3815 1935 3857 cum

278 3885 647 3960 nocentibus
679 3893 1000 3963 interfecit,
1061 3891 1342 3953 nimirum
1375 3897 1604 3969 septem
1637 3885 1841 3959 millia,
1877 3893 1940 3947 ut

279 3993 679 4064 memoratur,
713 4001 846 4044 cum
879 3981 1104 4043 nullum
1138 3996 1380 4062 prorsus
1417 3978 1491 4039 ab
1547 3995 1618 4039 eo
1646 3974 1936 4056 judicium

280 4074 658 4156 praemissum
683 4080 863 4134 esset.

360 4163 487 4226 XX.
523 4160 931 4226 Calamitatem
994 4159 1143 4220 hanc
1171 4155 1320 4218 adeo
1364 4154 1678 4235 lugendam
1712 4154 1812 4216 ubi
1843 4172 1940 4216 re-

278 4254 449 4317 scivit
473 4269 723 4332 magnus
740 4245 1382 4322 Ambrosius,venienti
1413 4243 1811 4308 Mediolanum
1830 4243 1938 4304 im-

279 4342 572 4423 peratori,
606 4341 747 4402 etin
779 4338 1062 4418 templum
1112 4336 1216 4396 Dei
1273 4354 1340 4396 ex
1377 4353 1543 4395 more
1575 4333 1802 4412 ingredi
1834 4352 1938 4392 cu.

2019 3637 2124 3671 των
2182 3614 2454 3694 ἀγγελίαις
2515 3615 2826 3698 ἀναφλεγεὶς
2883 3621 2978 3678 οὒκ
3018 3619 3208 3701 ἤνεγκε
3239 3622 3419 3702 πράως
3466 3635 3482 3651 ⁸
3527 3617 3665 3676 ἀλλὰ

2019 3705 2192 3762 πάντα
2233 3706 2395 3781 θυμὸν
2453 3705 2665 3763 πάντων
2712 3708 2860 3788 ἀφεὶς
2903 3712 2991 3767 καὶ
3022 3709 3175 3768 ἄδικα
3204 3711 3324 3792 ξίφη
3355 3709 3662 3790 γυμνώσας,

2019 3795 2140 3860 τοὺς
2198 3793 2397 3858 ἆθώους
2443 3795 2579 3871 μετὰ
2616 3803 2723 3853 τῶν
2779 3799 3070 3859 ὑπευθύνων
3103 3800 3337 3876 ἀνεῖλεν,
3396 3799 3530 3857 έπτὰ
3567 3821 3666 3878 χι-

2021 3882 2205 3987 λιρίδας
2265 3884 2292 3940 ὃ
2335 3882 2565 3960 λάθεται,
2619 3884 2756 3961 μηδὲ
2814 3895 2941 3964 μιᾶς
3000 3893 3141 3963 αὑτῷ
3190 3911 3410 3969 κρισεως
3445 3890 3666 3967 ἡγησα-

2021 3993 2209 4049 μενης.

2102 4138 2188 4209 Κ’.
2236 4149 2440 4216 Ταύτην
2473 4151 2653 4225 μαθὼν
2672 4151 2772 4220 τὴν
2799 4149 3033 4224 δακρύων
3090 4153 3355 4233 γέμουσαν
3398 4154 3667 4234 συμφορὰν

2022 4240 2050 4294 6
2093 4237 2262 4317 μέγας
2322 4234 2664 4318 Ἀμϐρόσιος,
2725 4239 3045 4321 ἀφικόμενον
3103 4244 3174 4307 εἰς
3203 4243 3302 4310 τὴν
3333 4240 3668 4300 Μεδιολάνων

2019 4330 2111 4386 τὸν
2154 4325 2377 4404 βασιλέα
2434 4329 2521 4384 καὶ
2565 4330 2799 4398 συνήθως
2868 4329 3002 4386 εἴσω
3045 4339 3135 4388 τσιῦ
3199 4331 3335 4388 θείου
3391 4330 3672 4411 παρελθεῖν

280 4415 489 4512 pienti,
542 4415 775 4491 etninus
830 4415 1061 4487 ob—viam
1124 4423 1535 4504 progrediens,
1599 4442 1673 4484 ne
1745 4430 1935 4502 portas

2097 4415 2346 4515 ,δληθὲντα
2400 4419 2547 4490 ναοῦ,
2607 4417 2871 4498 πόῤῥωθεν
2913 4423 3348 4500 προϋπαντήσας,
3393 4417 3508 4480 οῦδὲ
3565 4426 3672 4478 τῶν

277 4505 520 4601 quidem
585 4517 790 4596 templi
849 4516 1072 4576 intrare
1133 4512 1447 4592 permisit:
1519 4537 1542 4566 ε
1582 4509 1808 4591 Nescis,
1855 4511 1935 4571 in-

2097 4508 2174 4564 ὡν
2229 4505 2380 4563 εἴασε
2427 4505 2608 4564 πυλῶν
2647 4506 2921 4592 ἒπιϐἧναι,
2967 4508 3080 4573 Οὔκ
3129 4508 3310 4584 οἶσθα,
3344 4510 3539 4590 λέγων,
3598 4511 3671 4573 ὡς

281 4595 522 4689 quiens,
588 4605 674 4666 uti
716 4595 986 4677 videtur,
1025 4602 1264 4662 nefariae
1312 4599 1512 4680 caedis,
1547 4618 1678 4680 quas
1711 4607 1935 4679 peracta

2097 4617 2216 4666 κεν,
2275 4596 2321 4651 ὦ
2364 4595 2614 4689 Δβασιλεῦ,
2670 4598 2766 4667 τῆς
2849 4600 3198 4680 εἰργασμένης
3255 4601 3557 4679 μιαιφονίας
3613 4601 3674 4656 τὸ

283 4684 397 4769 est,
425 4693 899 4774 magnitudinem
931 4710 946 4755 ε
985 4709 1179 4771 neque.
1215 4696 1346 4769 post
1399 4689 1590 4769 ipsum
1623 4689 1935 4750 iracundia:

2097 4689 2271 4764 γεθος,
2328 4684 2446 4742 οῦδὲ
2495 4689 2630 4764 μετὰ
2684 4689 2781 4758 τήν
2813 4691 2904 4748 τοῦ
2931 4694 3095 4766 θυμοῦ
3125 4691 3273 4759 λῆξιν
3324 4694 3352 4748 6
3413 4690 3675 4769 Λογισμὸς

284 4795 398 4848 tuae
433 4789 647 4858 ﬁnem,
679 4785 908 4844 ratione
954 4778 1276 4859 cognovisti
1307 4778 1478 4858 quale
1510 4777 1736 4838 facinus
1765 4795 1935 4837 au~u5

2099 4775 2235 4852 ἐγνω
2277 4775 2339 4832 τὸ
2383 4775 2666 4853 τολμηθὲν·
2715 4781 2808 4837 οὔκ
2863 4783 2925 4853 ἑᾷ
2979 4782 3078 4861 γὰρ
3116 4781 3252 4846 ’ίσως
3281 4786 3378 4848 τῆς
3407 4778 3678 4856 βασιλείας

287 4874 498 4936 fueris.
525 4872 846 4935 Enimvero
903 4880 958 4931 te
1023 4871 1273 4930 fortasse
1308 4886 1422 4928 non
1455 4867 1595 4927 sinit
1626 4865 1935 4947 imperiali:

2109 4862 2381 4921 δυναστεία
2424 4865 2708 4944 ἐπιγνῶναι
2779 4871 2874 4938 τὴν
2933 4870 3215 4950 ἁμαρτίαν,
3273 4867 3394 4926 ἀλλ’
3451 4867 3677 4946 ἐπιπρο-

293 4967 561 5046 potentia
591 4967 819 5024 crimen
871 4976 1254 5038 cognoscere,
1288 4957 1391 5018 sed
1454 4955 1668 5018 talioni
1713 4954 1949 5032 objecla

295 5051 668 5116 auctoritatis
727 5050 926 5110 lumen
985 5048 1213 5107 adimit.
1279 5047 1700 5110 Verumtamen
1746 5053 1954 5105 natura

302 5161 548 5206 necesse
600 5147 694 5201 est
727 5137 938 5200 habeat
967 5135 1093 5216 ipsa
1141 5153 1205 5196 se
1257 5143 1653 5214 perspectam,
1687 5141 1740 5193 et
1773 5132 1950 5193 simul

302 5241 420 5295 tum
452 5228 614 5312 quod
641 5229 796 5290 inest
828 5225 908 5287 illi
933 5225 1199 5287 mortalis
1240 5243 1306 5285 ac
1334 5222 1495 5296 ﬂuxi,
1523 5232 1643 5283 tum
1675 5221 1953 5301 progeni-

306 5310 507 5383 triceni
536 5318 702 5380 illam
733 5315 1161 5396 glebam,untle
1193 5314 1329 5374 facti
1362 5319 1656 5391 sumus,et
1684 5310 1744 5371 in
1779 5328 1955 5390 quam

303 5408 739 5471 dissolvimur:
779 5422 898 5466 non
955 5422 1089 5465 vero
1155 5419 1435 5483 purpurae
1470 5401 1615 5462 ﬂore
1648 5399 1951 5473 fascinata,

303 5500 488 5580 cpevti
527 5493 805 5576 corporis
829 5493 1102 5572 ignorare
1132 5491 1311 5554 debet
1344 5491 1745 5552 inﬁrmitatem
1808 5487 1958 5550 Sub-

303 5588 431 5649 ditis
450 5587 555 5670 qui
590 5583 803 5647 eadem
839 5593 1030 5646 tecum
1086 5591 1293 5642 natura
1337 5588 1631 5655 constant,
1671 5579 1953 5659 imperas,

301 5697 333 5739 o
358 5667 482 5759 rex,
513 5676 642 5738 imo
695 5673 872 5736 etiam
922 5671 1224 5736 conservis
1273 5671 1426 5748 tuis;
1470 5687 1622 5730 unus
1652 5667 1810 5729 enim
1847 5669 1958 5730 Do-

2033 4957 2150 5011 σθετ
2203 4955 2239 5021 ἡ
2292 4953 2498 5018 ἐξουσία
2551 4963 2629 5031 τῷ
2669 4956 2931 5036 λογισμῷ,
2985 4961 3098 5038 Χρὴ
3151 4958 3328 5034 μέντοι
3386 4957 3485 5025 τὴν
3529 4957 3681 5035 φύσιν

2035 5041 2247 5117 εἰδέναι,
2307 5043 2394 5098 καὶ
2451 5042 2512 5098 τό
2568 5045 2766 5112 ταύτης
2824 5049 3014 5115 θνητόν
3058 5069 3116 5102 τε
3158 5048 3246 5104 καὶ
3276 5043 3533 5124 διαρῤέον,
3590 5044 3680 5101 καὶ

2037 5133 2130 5188 τὸν
2173 5130 2432 5208 πρόγονον
2474 5139 2606 5210 χοῦν
2655 5133 2708 5200 ἐξ
2765 5135 2824 5192 οὗ
2866 5136 3160 5214 γεγόναμεν
3187 5135 3276 5191 καὶ
3306 5135 3379 5194 εἰς
3419 5133 3477 5190 ὃν
3507 5131 3679 5207 ἀπορε

2038 5220 2246 5300 ῥέομεν,
2305 5221 2392 5275 καὶ
2437 5222 2514 5295 μὴ
2569 5229 2647 5297 τῷ
2677 5222 2814 5280 ἄνθει
2858 5225 2955 5292 τῆς
3014 5221 3318 5304 ἁλουργίδος
3376 5220 3683 5280 ἀποϐουκο-

2039 5306 2326 5407 λουμένην,
2386 5307 2600 5407 διγνοετν
2678 5319 2770 5370 τοῦ
2824 5311 3222 5389 καλυπτομένου
3278 5314 3526 5390 σώματος
3583 5313 3684 5379 τὴν
3729 5315 3736 5321 ’

2040 5394 2331 5455 ἀσθένειαν.
2395 5394 2674 5477 Ὀμοφυῶν
2726 5399 2938 5481 ἄρχεις,
2969 5404 3014 5457 ὧ
3064 5401 3301 5480 βασιλεῦ,
3347 5402 3576 5478 καὶμὴν
3618 5399 3684 5469 δὴ

2037 5486 2126 5544 καὶ
2183 5481 2488 5559 ὁμοδούλων
2523 5500 2538 5516 ⁰
2595 5488 2682 5554 εἷς
2723 5492 2823 5572 γὰρ
2865 5492 3078 5548 πάντων
3105 5491 3371 5560 δεσπότης.
3397 5493 3486 5549 καὶ
3540 5493 3686 5568 βασι-

2037 5575 2158 5638 λεὺς
2285 5579 2391 5630 τῶν
2447 5573 2587 5631 ὅλων
2635 5574 2978 5662 δημιουργός,
3025 5581 3203 5646 Ποίοις
3254 5582 3424 5637 τοίνυν
3489 5578 3686 5660 ὀφθαλ-

2038 5677 2167 5743 μοῖς
2222 5661 2369 5740 ὄψεις
2396 5665 2486 5723 τὸν
2545 5672 2639 5724 τοῦ
2691 5676 2870 5728 κοινοῦ
2917 5671 3182 5728 Δεσπότου
3223 5670 3396 5749 νεώνς
3429 5668 3604 5733 Ποίοις
3631 5665 3686 5723 δὲ
