3938 6214
282 365 360 430 63
1622 371 1811 435 νιτΑ
1853 373 1916 433 8.

2090 374 2322 436 BROSII
3580 380 3653 443 64

283 504 411 559 ποσὶ
449 504 513 560 τδ
553 500 741 585 ἔδαφος
794 503 974 563 ἐκεῖνο
1014 507 1273 576 πττήσεις
1316 507 1377 561 τὰ
1446 506 1645 584 ἅγιον;
1692 510 1813 568 Πῶς
1870 500 1923 557 δὲ

2098 521 2206 564 nus
2235 513 2293 566 et
2323 523 2425 567 rex
2457 506 2721 569 omnium
2752 516 2864 587 est,
2900 508 3168 569 omnium
3200 509 3474 572 videlicet
3496 528 3656 572 crea-

282 592 378 692 ‘ff‘x:
431 605 627 673 χεῖρας
655 592 892 657 ἃιιτενεῖς
921 594 1116 672 θερμοῧ
1174 593 1249 650 ’ἐτι
1294 594 1584 666 σταζοόσας
1645 593 1877 669 αἵματος
1912 612 1928 665 ;

2090 592 2359 692 LQuibus
2380 614 2520 692 ergo
2540 596 2731 658 oculis
2748 597 3082 692 communis
3104 599 3341 661 Domini
3357 600 3655 692 templum

329 686 370 735 Η
432 687 549 743 πῶς
604 683 873 746 τοιαύταις
929 682 1153 759 ὑποδέξῃ
1210 686 1365 763 χερσὶ
1422 690 1515 740 ταὶ
1548 684 1817 741 Δεσπότου
1870 684 1933 737 τὸ

286 770 546 848 πανάγιον
579 778 735 847 σῶμα
770 792 787 852 ;
836 774 952 839 [Ιῶς
993 770 1048 829 δὶ
1098 775 1187 831 καὶ
1236 781 1313 847 τῷ
1356 774 1580 849 στόματι
1634 773 1931 851 προσοίσεις

285 859 348 914 τὸ
387 863 526 934 αἷμα
582 862 644 917 τὸ
683 862 880 941 τίμιον,
933 862 1201 941 τοσούτων
1250 860 1343 918 διὰ
1387 864 1481 918 τὸν
1512 862 1678 937 θυμὸν
1702 860 1932 940 παρανό-

288 970 405 1019 μως
464 951 604 1021 αἷμα
651 940 895 1030 ἐκχέας,
931 940 1123 1007 ’Ἄπιθι
1151 952 1344 1023 τοίνυν,
1391 952 1479 1007 καὶ
1508 951 1587 1026 μὴ
1614 951 1783 1027 πειρῶ
1810 961 1930 1009 τοῖς

287 1034 545 1113 δευτέροις
596 1038 694 1104 τὴν
750 1039 1006 1118 προτέραν
1058 1038 1227 1105 αὔξειν
1294 1040 1648 1118 παρανομίαν,
1705 1039 1794 1094 καὶ
1848 1033 1929 1092 δέ·

286 1148 389 1204 χοε)
439 1127 534 1182 τὸν
575 1125 767 1203 δεσμόν
811 1133 858 1204 ᾤ
900 1131 1030 1191 Θεὸς
1060 1133 1088 1186 ὁ
1117 1135 1224 1185 τῶν
1252 1128 1390 1186 ὅλων
1426 1131 1700 1196 Δεσπότης
1731 1128 1925 1185 ἄνωθεν

2013 680 2333 761 adspicies,
2390 683 2679 764 quibusve
2735 686 2989 766 pedibus
3029 696 3295 746 sanctum
3357 687 3470 749 hoc
3501 688 3659 767 pavi-

2014 780 2277 831 mentum
2307 779 2586 852 premes?
2617 774 2916 854 quomodo
2960 782 3159 836 autem
3202 794 3410 837 manus
3444 785 3656 839 exten-

2013 857 2365 936 des,calenti
2385 860 2577 923 adhuc
2600 863 2885 941 sanguine
2906 861 3330 927 stillantesaut
3357 863 3656 944 quomodo

2014 946 2234 1008 talibus
2255 948 2529 1011 manibus
2552 950 2813 1030 excipies
2826 959 3269 1012 sacrosanctum
3289 950 3660 1013 Dominicor.

2012 1046 2209 1114 pus,et
2233 1037 2321 1097 ori
2352 1038 2529 1099 etiam
2564 1040 2882 1118 pretiosum
2908 1038 3257 1117 sanguinem
3288 1040 3655 1113 admovebis,

2010 1143 2142 1184 cum
2179 1144 2288 1203 per
2314 1125 2418 1187 ira;
2438 1127 2849 1208 impotentiam
2873 1136 3102 1187 tantum
3129 1129 3433 1207 sanguinis
3455 1136 3663 1190 contra

284 1215 483 1291 γίνεται
538 1218 848 1296 σύμψηφος.
932 1215 1186 1292 Ἰατρικὸς
1258 1217 1315 1274 δὲ
1386 1219 1539 1281 οὗτος
1592 1220 1679 1275 καὶ
1729 1219 1926 1296 ὑγιείας

2090 1232 2106 1273 5
2136 1233 2315 1274 omne
2342 1234 2412 1276 ac
2463 1220 2545 1276 fas
2575 1216 2905 1277 effuderis?
2933 1216 3206 1277 Abscede
3260 1218 3458 1297 igitur,
3493 1227 3552 1279 et
3584 1236 3660 1278 ne

287 1324 371 1358 σοι
411 1300 681 1384 πρόξενος,
730 1308 774 1362 εί
816 1308 893 1381 μή
950 1328 1050 1362 που
1104 1306 1428 1385 ἀθεράπευτα
1486 1308 1718 1387 πάσχειν
1762 1326 1929 1384 προῃ-

284 1411 454 1462 ρησω.

2008 1303 2369 1380 aggrediaris
2401 1306 2658 1384 priorem
2693 1306 2922 1385 culpam
2957 1307 3220 1366 secunda
3246 1307 3571 1381 cumulare;
3602 1315 3664 1369 et

2011 1392 2221 1471 excipe
2252 1392 2399 1453 illud
2446 1394 2749 1456 vinculum
2797 1394 2953 1474 quod
3009 1396 3241 1456 coalitus
3289 1396 3520 1475 judicio
3551 1413 3660 1459 suo

278 1475 438 1539 Deus
465 1480 873 1542 universorum
905 1481 1191 1545 Dominus
1218 1482 1548 1544 conﬁrmat.
1580 1480 1704 1543 Erit
1730 1489 1928 1543 autem
1963 1481 2109 1542 illud
2144 1482 2245 1543 tibi
2294 1482 2666 1563 medicinale,
2712 1502 2780 1544 ac
2812 1484 3079 1544 sanitatis
3109 1484 3476 1558 conciliator,
3538 1484 3658 1553 nisi

277 1565 429 1629 forte
456 1568 791 1653 insanabile
817 1571 1035 1633 vulnus
1064 1570 1293 1653 perpeti
1324 1571 1603 1652 elegeris.
1642 1596 1666 1630 ι

361 1646 496 1717 KA'.
546 1659 762 1723 Τούτοις
825 1660 975 1726 εἴξας
1032 1646 1082 1717 ὁ⁷
1119 1646 1368 1735 βασιλεὺς
1411 1646 1533 1725 τοῖς
1578 1660 1759 1739 λόγοις
1791 1660 1931 1740 (τοῖς

286 1746 386 1822 γὰρ
439 1748 596 1811 θείοις
654 1748 837 1823 νόμοις
879 1749 1295 1827 ἰντεθραμμὲνος
1327 1752 1403 1806 ὢν
1448 1749 1561 1826 ᾔδει
1594 1756 1774 1829 σαφῶς
1816 1750 1932 1805 τίνα

282 1834 380 1907 μὲν
422 1842 529 1891 τῶν
565 1836 768 1914 ἱερέων,
824 1838 937 1895 τίνα
993 1838 1051 1893 δὲ
1096 1844 1202 1894 τῶν
1230 1838 1492 1915 βασιλέων
1525 1838 1690 1917 ἴδια),
1736 1839 1931 1895 στένων

2092 1657 2241 1719 XXI.
2304 1659 2633 1741 Imperator
2672 1679 2887 1741 parens
2927 1661 3018 1722 his
3076 1660 3454 1722 sermonibus
3498 1674 3656 1738 (nam

2012 1766 2146 1808 cum
2179 1766 2211 1808 a
2246 1768 2429 1828 puero
2462 1751 2520 1810 in
2547 1751 2775 1828 legibus
2794 1750 3013 1811 divinis
3045 1751 3661 1831 esseteducatus,quaa

2012 1837 2081 1896 ad
2098 1838 2439 1899 sacerdotes
2454 1840 3048 1918 pertinerent,quaave
3059 1840 3129 1899 ad
3145 1841 3660 1919 reges,perspicue

282 1924 417 2009 ξ)μοῦ
440 1926 528 1980 καὶ
584 1923 820 2003 δακρύων
876 1925 1166 1993 ἐπανῆλθεν
1209 1929 1281 1991 εἷς
1314 1929 1379 1983 τὰ
1408 1927 1668 2003 βασίλεια.
1705 1925 1925 2006 Ὀγδόου

2092 1937 2298 1999 verat),
2334 1930 2590 2005 gemitus
2620 1948 2688 1989 ac
2720 1930 3008 2009 lacrymas
3055 1928 3233 1989 simul
3268 1930 3654 2008 profundens,

278 2008 332 2065 δὲ
389 2011 737 2090 παρελθόντος
795 2013 847 2079 ἒξ
907 2014 1105 2071 ἐκείνου
1153 2018 1320 2090 μηνὸς
1364 2017 1459 2084 ἤιε
1491 2017 1587 2091 μὲν
1616 2019 1651 2084 ἡ
1680 2026 1772 2077 τοῦ
1800 2023 1925 2071 Σωο

278 2098 438 2177 τῆρος
495 2102 651 2177 ἡμῶν
700 2102 965 2179 γενέθλιος
1010 2104 1166 2180 ἑορτή
1200 2122 1215 2137 ⁸
1264 2108 1499 2172 καθῆστο
1530 2104 1584 2162 δὲ
1635 2108 1766 2185 πρὸς
1808 2117 1925 2169 τοῖς

281 2189 568 2265 βασιλείοις
627 2195 891 2272 βαρύτατα
934 2197 1137 2253 πενθῶν
1191 2195 1489 2261 Θεοδόσιος.
1552 2206 1715 2256 Τοῦτο
1774 2190 1924 2256 ιῬω·-

280 2280 435 2358 ιρϊνός
495 2304 575 2345 τις
620 2284 908 2365 μάγιστρος
938 2295 1225 2353 τηνικαῦτα
1269 2284 1413 2361 ἰδὼν,
1474 2287 1777 2366 προσελθὼν
1831 2290 1927 2344 οἶα

278 2366 345 2435 δὴ
377 2374 615 2450 χρηστὸς
672 2377 813 2448 αὖτῷ
867 2376 955 2431 καὶ
1013 2376 1242 2444 συνήθης
1303 2376 1618 2434 ἐπυνθάνετο
1684 2378 1783 2445 τὴν
1840 2382 1925 2433 αἶ-

276 2479 414 2516 τιαν.
483 2451 540 2518 ’0
598 2460 651 2517 δὲ
711 2465 903 2519 πικαὸν
962 2463 1256 2539 ἀνοιμώξας
1296 2468 1383 2521 καὶ
1431 2466 1743 2543 θερμότερον
1794 2489 1927 2543 προ-

278 2547 415 2625 χέας
442 2550 505 2605 τὸ
534 2548 775 2630 δάκρυον.
823 2554 895 2609 Σὺ
966 2554 1083 2629 μὲν,
1122 2557 1167 2611 ὦ
1213 2546 1474 2634 Ῥουφτνε,
1507 2557 1735 2635 παίζεις,
1796 2555 1919 2635 ἔφη,

277 2640 383 2691 τῶν
427 2638 528 2717 γὰρ
564 2638 705 2715 ἕμῶν
776 2642 873 2699 οὐκ
915 2642 1204 2719 ἐπαισθάνῃ
1238 2650 1416 2700 κακῶν
1451 2662 1465 2675 ·
1500 2643 1607 2721 ἐγὼ
1649 2643 1704 2700 δὲ
1760 2644 1925 2701 στένω

277 2726 365 2781 καὶ
420 2729 764 2807 ὀλοφύρομαι,
814 2732 912 2799 τὴν
983 2730 1208 2807 ἐμαυτοῦ
1282 2734 1549 2811 συμφορὰν
1606 2732 1923 2811 ἀναλογιζό-

276 2834 461 2889 μενος,
507 2816 653 2881 ὅπως
716 2832 834 2883 τοῖς
894 2821 992 2894 μὲν
1032 2820 1260 2885 οἰκέταις
1318 2822 1404 2877 καὶ
1446 2835 1565 2883 τοῖς
1617 2825 1923 2897 προσαίταις

277 2903 536 2975 ἀνέῳκται
593 2909 621 2962 ὁ
674 2910 818 2988 θεῖος
862 2910 1017 2985 νεὼς,
1077 2910 1165 2964 καὶ
1218 2910 1435 2966 εἰσίασιν
1473 2909 1660 2990 ἀδεῶς,
1706 2913 1793 2967 καὶ
1834 2914 1925 2968 τὸν

277 2995 472 3051 οίκεῐον
523 2993 854 3056 ἆντιϐολοῦσι
917 2998 1193 3064 Δεσπότην
1228 3014 1241 3029 ⁸
1305 2998 1421 3074 ἐμοὶ
1503 2997 1557 3055 δὲ
1613 3002 1701 3056 καὶ
1768 3000 1924 3064 αὖτὸς

276 3079 495 3159 ἄϐατος,
555 3088 644 3141 καὶ
687 3087 817 3165 πρὸς
874 3096 1029 3145 τοῦτο
1085 3089 1113 3143 ὃ
1194 3089 1409 3167 οὖρανὸς
1466 3088 1871 3147 ἀποκέκλεισται
1905 3108 1923 3127 ο

2010 2016 2071 2076 in
2130 2017 2406 2095 palatium
2468 2037 2530 2079 se
2579 2019 2813 2098 recipit.
2866 2023 3085 2082 Octavo
3115 2028 3314 2079 autem
3349 2036 3553 2078 mense
3582 2019 3659 2079 ab

2011 2105 2150 2166 hinc
2178 2105 2405 2185 elapso,
2441 2108 2599 2168 venit
2630 2108 2873 2188 quidem
2907 2108 3226 2170 Salvatoris
3258 2108 3443 2168 nostri
3466 2109 3662 2169 natale

2010 2192 2247 2268 festum,
2279 2195 2651 2258 Theodosius
2700 2214 2837 2257 vero
2871 2199 2927 2256 in
2970 2197 3134 2274 regia
3161 2196 3376 2257 sedens
3407 2196 3656 2256 amaris-

2010 2282 2160 2343 sime
2193 2283 2389 2345 ﬁebat.
2418 2283 2479 2345 Id
2519 2286 3025 2366 Ruﬁnusquidam
3051 2295 3189 2345 tunc
3225 2284 3505 2364 temporis
3524 2303 3656 2346 ma-

2009 2372 2189 2449 gister
2241 2372 2440 2452 palatii
2474 2392 2605 2434 cum
2642 2374 3011 2453 pervidisset,
3043 2373 3115 2433 ad
3173 2391 3308 2433 eum
3340 2372 3651 2441 accedens.

2009 2459 2184 2520 homo
2203 2460 2473 2522 videlicet
2496 2461 2738 2522 domino
2768 2462 2934 2523 utilis
2964 2480 3031 2521 ac
3062 2462 3389 2534 familiaris,
3418 2479 3653 2523 causam

2007 2548 2268 2627 rogabat.
2305 2549 2452 2610 Tum
2487 2568 2621 2612 vero
2647 2551 2747 2612 ille
2776 2550 2993 2613 acerbe
3023 2568 3291 2629 gemens,
3328 2558 3386 2611 et
3413 2550 3656 2611 calidio-

2006 2637 2172 2698 ribus
2225 2657 2468 2701 manans
2516 2640 2799 2702 ﬂetibus:
2862 2639 2948 2701 Tu
3009 2640 3275 2720 quidem,
3315 2639 3522 2719 inquit,
3558 2639 3651 2700 lu-

2011 2724 2123 2804 dis,
2152 2729 2385 2801 Ruﬁne;
2411 2747 2543 2792 mea
2562 2730 2717 2791 enim
2746 2728 2898 2790 mala
2918 2747 3033 2789 non
3066 2728 3272 2789 sentis.
3306 2727 3425 2806 Ego
3455 2736 3654 2789 autem

2009 2833 2182 2892 gemo
2199 2825 2377 2896 atque
2400 2817 2645 2898 deploro
2671 2836 2862 2879 meam
2886 2818 3072 2897 ipsius
3090 2815 3655 2888 calamitatem,dum

2012 2922 2242 2965 mecum
2260 2915 2468 2986 reputo
2493 2907 2751 2968 divinum
2774 2906 3059 2986 templum
3086 2904 3321 2966 famulis
3353 2904 3529 2965 etiam
3562 2913 3654 2965 at-

2008 3011 2124 3073 que
2142 2995 2429 3056 mendicis
2450 3004 2719 3075 apertum
2744 3012 2899 3076 esse,
2928 2994 3387 3074 ingressumque
3406 2992 3546 3054 illuc
3568 3000 3656 3053 tu-

2010 3090 2132 3142 tum
2160 3083 2498 3146 acliberum
2525 3094 2724 3165 patere
2748 3083 2960 3164 illis,ut
2991 3082 3299 3164 prOprium
3334 3081 3653 3145 Do'ninum

275 3172 550 3249 μέμνημαι
577 3174 679 3254 γὰρ
725 3180 823 3242 τῆς
872 3180 1202 3245 Δεσποτικῆς
1267 3182 1467 3257 φωνῆς,
1507 3202 1531 3233 σ
1566 3168 1643 3236 ”Ο
1713 3178 1776 3234 ἂν
1819 3178 1913 3248 δή·

2094 3170 2493 3235 ieonveniant
2526 3195 2540 3231 :
2595 3172 2740 3234 mihi
2791 3181 2986 3235 autem
3014 3172 3127 3232 hoc
3169 3169 3565 3244 interdicitur,
3598 3180 3656 3232 et

274 3282 429 3341 σητε,
469 3285 499 3317 ε
544 3262 827 3343 λεγούσης,
880 3288 910 3320 ε
960 3266 1047 3322 ὶπὶ
1100 3270 1199 3335 τῆς
1265 3266 1393 3346 γῆς,
1454 3266 1599 3323 ἔσται
1644 3265 1918 3345 δεδεμένον

274 3351 362 3406 καὶ
402 3352 458 3407 iv
499 3366 617 3417 τοῖς
662 3356 929 3432 οὖρανοτς.
968 3374 998 3413 ι

358 3519 486 3589 ΚΒ’.
543 3522 601 3586 Ὀ
655 3529 709 3585 δὲ
769 3522 1039 3597 Ῥουφῖνος
1096 3535 1421 3614 ὑπουργῆσαι
1464 3557 1539 3608 τῳ
1588 3535 1801 3611 βασιλεῖ
1858 3538 1920 3593 τὰ

280 3617 414 3694 πρὸς
483 3620 760 3697 θεραπείαν
801 3622 1121 3697 βουλόμενος
1178 3625 1266 3680 καὶ
1322 3625 1479 3704 χάριν
1535 3624 1774 3702 εὔκαιρον
1823 3648 1920 3682 πα-

278 3718 530 3786 ρασχεῖν,
587 3716 926 3786 Δραμοῦμαι,
992 3732 1036 3766 ει
1081 3734 1163 3769 σοι
1195 3711 1364 3791 δοκεῖ,
1395 3712 1520 3793 ἔφη,
1554 3714 1642 3769 καὶ
1683 3716 1775 3769 τὸν
1823 3714 1920 3793 ἆρ-

275 3793 462 3873 χιερέα
514 3797 683 3852 πείσω
739 3796 937 3874 πολλὰ,
1010 3802 1160 3880 φησὶ,
1220 3798 1421 3867 δεηθεὶς
1475 3800 1629 3857 λῦσαί
1687 3823 1744 3858 σε
1814 3809 1919 3859 τῶν

274 3880 505 3957 δεσμῶν.
564 3882 716 3941 Ἀλλ’
759 3888 818 3943 οὐ
874 3890 1242 3962 πεισθήσεται,
1275 3887 1376 3969 ἔφη
1409 3891 1436 3945 ὁ
1466 3887 1711 3965 βασιλεὺς
1746 3907 1762 3922 ’
1798 3889 1918 3947 οἶδα

276 3971 376 4058 γαρ
420 3970 529 4049 ἐγὼ
574 3973 668 4041 τῆς
725 3974 1037 4055 Ἀμϐροσίου
1088 3979 1267 4056 ψήφου
1308 3980 1370 4033 τὸ
1424 3976 1621 4035 δίκαιον
1656 3994 1669 4008 ’
1707 3984 1767 4038 οὗ
1824 3981 1923 4058 γὰρ

278 4057 525 4126 αἰδεσθεὶς
584 4069 683 4131 τῆς
740 4064 1011 4141 βασιλείας
1052 4067 1149 4134 τὴν
1204 4066 1437 4133 ἓξουσίαν
1480 4070 1572 4123 τόν
1614 4071 1759 4124 θεῖον
1821 4057 1920 4125 πα-

273 4145 559 4223 ραόἡσεταί
598 4175 726 4211 ποτε
771 4156 955 4231 νόμον,
1016 4154 1235 4224 Ἐπειδὴ
1288 4155 1343 4211 δὲ
1371 4158 1461 4213 καὶ
1489 4155 1672 4221 ἄλλοις
1717 4156 1919 4214 πλείοσι

271 4239 617 4317 χρησάμενος
657 4246 685 4300 ὁ
719 4236 989 4325 ιΡοικξιῒνος
1032 4244 1213 4324 λόγοις
1272 4246 1474 4302 πείσειν
1502 4246 1772 4325 ὑπέσχετο
1828 4248 1917 4304 τὸν

271 4326 439 4404 μέγαν
494 4329 837 4414 Ἀμϐρόσιον,
912 4333 1162 4391 ἀπελθεῖν
1214 4335 1369 4393 αὐτὸν
1413 4337 1441 4390 ὁ
1496 4334 1742 4410 βασιλεὺς
1784 4337 1919 4393 κατὰ

268 4416 440 4495 τάχος
470 4417 701 4500 ἰκέλευε,
761 4425 851 4479 καὶ
905 4423 1061 4486 αὐτὸς
1108 4422 1163 4479 δὲ
1204 4424 1307 4479 ὑπὸ
1360 4428 1461 4490 τῆς
1504 4421 1713 4486 ἓλπίδος
1742 4423 1919 4481 δελεα-

2006 3268 2290 3339 praeterea
2328 3262 2542 3324 ccelum
2601 3261 2777 3324 etiam
2829 3260 3225 3323 interclusum
3254 3267 3371 3321 est.
3408 3258 3651 3321 Memini

2004 3350 2556 3429 quippeDominicae
2571 3351 2875 3430 vocis,qua
2888 3350 3316 3430 promulgatur:
3331 3345 3653 3427 uQuidquid

2006 3438 2323 3515 ligaveritis
2356 3456 2540 3521 super
2562 3439 2927 3512 terram,erit
2958 3438 3197 3516 ligatum
3226 3444 3285 3497 et
3308 3435 3369 3496 in
3394 3436 3582 3497 ccelis.
3622 3463 3649 3491 ι

2088 3528 2265 3592 XXII.
2299 3528 2549 3591 Ruﬁnus
2579 3546 2715 3589 vero
2768 3527 3121 3588 medicinam
3163 3525 3285 3604 regi
3316 3523 3656 3586 ministrare

2012 3618 2234 3691 volens,
2267 3635 2334 3679 ac
2366 3617 2777 3698 tempestivum
2813 3614 3171 3677 beneﬁcium
3205 3613 3288 3675 illi
3333 3612 3601 3694 praebere
3636 3634 3649 3675 :

2010 3709 2247 3785 Curam,
2282 3706 2495 3788 inquit,
2541 3706 2590 3767 si
2622 3706 2729 3766 tibi
2780 3704 2993 3785 placet,
3026 3712 3082 3765 et
3112 3702 3395 3783 episcopo
3418 3702 3480 3763 id
3510 3720 3651 3782 per-

2010 3796 2269 3857 suadebo
2302 3796 2501 3857 multis
2532 3793 2837 3875 precibus,
2872 3801 2934 3853 ut
2963 3801 3018 3853 te
3050 3810 3085 3853 a
3116 3790 3364 3853 vinculis
3396 3790 3522 3851 istis
3552 3791 3653 3851 ab-

2008 3884 2212 3947 solvat.
2244 3890 2277 3947 ε
2289 3888 2361 3948 ed
2390 3905 2505 3946 non
2540 3886 2641 3945 ille
2672 3882 3147 3965 persuadebitur,
3175 3880 3256 3941 ait
3284 3880 3607 3961 imperator
3633 3898 3647 3951 ;

2006 3992 2179 4054 quam
2215 3975 2372 4036 enim
2402 3976 2627 4053 justum
2682 3970 2983 4036 Ambrosii
3032 3969 3323 4049 judicium
3355 3970 3448 4043 sit,
3484 3987 3651 4030 com-

2008 4072 2233 4142 pertum
2262 4064 2476 4127 habeo.
2509 4064 2631 4124 Nec
2662 4079 2839 4142 porro
2876 4059 2977 4121 ille
3007 4075 3265 4138 unquam
3295 4056 3643 4131 committet,

2006 4162 2067 4213 ut
2129 4152 2454 4233 imperialis
2512 4150 2787 4232 potentia;
2836 4157 3107 4229 respectu
3165 4144 3421 4208 divinam
3455 4145 3645 4223 legem

2004 4242 2493 4320 transgrediatur.
2526 4246 2597 4305 At
2642 4248 3019 4320 posteaquam
3070 4234 3352 4296 adhibitis
3382 4234 3651 4315 pluribus

2002 4330 2133 4391 aliis
2165 4330 2514 4404 rationibus,
2550 4330 2799 4394 Ruﬁnus
2822 4324 3202 4409 promittebat
3224 4342 3259 4384 a
3281 4342 3488 4404 magno
3512 4324 3650 4385 Am-

2010 4418 2211 4481 brosio
2245 4438 2370 4481 rem
2405 4438 2470 4482 se
2529 4418 2683 4481 haud
2742 4416 2920 4479 dubie
2973 4416 3451 4495 impetraturum,
3479 4415 3649 4492 jussit

270 4507 408 4601 σθεὶς
438 4506 794 4601 iaciemus:
852 4512 986 4587 μετὰ
1056 4513 1228 4591 βραχὺ
1282 4524 1404 4574 ταῖς
1462 4512 1786 4601 ὑποσχέσεσι
1831 4520 1922 4571 τοῦ

2094 4517 2328 4590 perator
2354 4528 2529 4591 quam
2562 4508 2848 4570 citissime
2882 4506 3046 4566 illum
3077 4502 3261 4565 abire.
3290 4500 3422 4582 Ipse
3453 4512 3648 4564 autem

273 4584 538 4673 Ῥουφίνου
616 4600 925 4664 πιστεύσας,
1014 4598 1229 4657 ’Λῦτίκα
1286 4606 1411 4677 γοῦν
1481 4600 1572 4655 τὸν
1649 4591 1916 4680 Ῥουφῖνον

2090 4584 2112 4658 Ξ
2132 4584 2455 4677 inescatus,
2489 4606 2619 4678 post
2650 4614 2770 4657 non
2804 4596 3050 4656 multum
3103 4600 3386 4672 temporis
3414 4604 3653 4680 secutus

268 4686 297 4739 ὁ
325 4686 471 4770 θεῖος
504 4684 845 4765 Ἀμϐρόσιος,
885 4712 905 4743 ι
944 4690 1053 4756 Τὴν
1096 4695 1201 4745 τῶν
1245 4694 1438 4767 κυνῶν,
1473 4687 1597 4766 ἔφη,
1631 4687 1915 4770 ἀναίδειαν,

268 4772 316 4827 ὦ
362 4763 883 4853 Ῥουφτνεςζηλοτς,
942 4779 1029 4835 καὶ
1073 4776 1189 4835 οὔτε
1246 4763 1666 4855 ὶρυθριᾷςξοῦτε
1723 4763 1912 4859 δέδιας,

266 4868 517 4920 τοσοῦτον
546 4866 684 4921 κατὰ
725 4867 824 4933 τῆς
852 4867 993 4930 θείας
1022 4865 1286 4937 λυττήσας
1343 4865 1543 4927 εἰκόνος
1576 4881 1593 4939 ;
1635 4887 1659 4921 ο
1697 4864 1913 4934 Ἐπιιδῆ

264 4946 319 5005 δὲ
348 4952 377 5006 ὁ
409 4942 681 5032 Ῥουφῖνος
725 4952 1017 5030 ἠντιϐόλει,
1079 4956 1167 5011 καὶ
1222 4955 1315 5011 τὸν
1367 4951 1590 5029 βασιλέα
1648 4954 1786 5027 μετὰ
1829 4978 1912 5030 μι-

262 5040 387 5117 κρὸν
429 5040 573 5108 ἥξειν
602 5042 807 5126 ἔλεγεν,
864 5046 967 5101 ὑπὸ
1016 5052 1109 5103 τοῦ
1149 5044 1287 5102 θείου
1315 5041 1478 5126 ζήλου
1503 5042 1857 5121 πυρποληθεὶς
1888 5046 1915 5101 ὁ

261 5131 409 5193 θεῖος
440 5124 848 5212 Ἀμὸρόσιοςε
885 5132 1046 5215 Ἐγὼ,
1082 5134 1209 5215 ἔφη,
1241 5136 1287 5189 ὦ
1334 5124 1597 5213 Ῥωφῐνε,
1645 5133 1785 5213 φημὶ
1833 5135 1913 5190 ὃτι

261 5216 483 5276 κωλύσω
535 5224 642 5280 τῶν
690 5228 843 5303 ίερῶν
899 5226 1055 5283 αὐτὸν
1112 5222 1359 5292 ἐπιϐῆναι
1402 5224 1674 5302 προθύρων
1709 5242 1721 5255 ·
1774 5225 1818 5279 εἰ
1859 5222 1913 5282 δέ

260 5328 320 5383 γε
365 5309 438 5371 είς
496 5312 763 5390 τυραννίδα
819 5315 918 5382 τὴν
999 5314 1270 5392 βασιλείαν
1344 5315 1645 5390 μεθίστησι,
1701 5310 1912 5388 δέξομαι

261 5397 557 5485 καγὼᾲμεθ
584 5400 781 5469 ἡδονῆς
811 5404 910 5470 τὴν
954 5406 1183 5485 σφαγήν.
1225 5426 1252 5457 ι»

2005 4696 2113 4761 est,
2151 4689 2337 4769 utqui
2390 4687 2588 4751 Ruﬁni
2622 4680 3114 4766 promissionibus
3154 4681 3331 4742 ﬁdem
3381 4679 3647 4744 haberet.

2000 4777 2325 4839 Confestim
2362 4795 2499 4839 vero
2528 4776 2821 4837 allocutus
2869 4773 3149 4837 Ruﬁnqu
3178 4770 3347 4831 divus
3399 4770 3652 4832 Ambro-

1999 4865 2123 4928 sius
2154 4887 2166 4927 :
2213 4866 2497 4945 «Canum,
2533 4864 2745 4946 inquit,
2769 4861 3218 4943 impudentiam,
3250 4858 3485 4940 Ruﬁne,
3507 4859 3649 4920 imi-

1998 4954 2168 5033 taris;
2203 4965 2260 5018 et
2307 4973 2499 5036 neque
2530 4952 2859 5031 erubescis,
2895 4968 3087 5031 neque
3115 4948 3648 5030 pertimescis,cum

2000 5054 2157 5106 tanta
2188 5045 2354 5107 rabie
2384 5045 2669 5106 adversus
2699 5042 3014 5119 imaginem
3048 5039 3155 5102 Dei
3185 5038 3510 5103 saavierisﬁ
3538 5039 3649 5103 Ubi

1997 5152 2133 5195 vero
2161 5135 2368 5196 institit
2406 5135 2681 5208 Ruﬁnus,
2714 5141 2774 5193 et
2816 5131 3235 5211 imperatorem
3266 5128 3428 5191 brevi
3460 5130 3649 5211 spatio

1997 5224 2311 5304 interjecto
2368 5234 2681 5285 venturum
2728 5221 2900 5294 dixit,
2963 5219 3243 5280 incensus
3293 5218 3493 5280 divino
3525 5219 3651 5281 zelo

1996 5312 2230 5375 divinus
2250 5312 2604 5376 Ambrosius
2639 5332 2650 5371 :
2693 5313 2872 5388 «Ego.
2909 5307 3123 5389 inquit,
3156 5323 3192 5368 0
3226 5309 3456 5382 Ruliue,
3494 5327 3647 5388 prai-

1997 5402 2132 5463 dico
2190 5422 2282 5463 me
2335 5402 2800 5483 prohibiturum,
2833 5418 2908 5459 ne
2964 5396 3053 5459 vel
3084 5396 3275 5477 ipsum
3308 5399 3514 5479 templi
3543 5418 3650 5461 ve-

255 5482 539 5576 stibulum
568 5488 795 5553 calcet:
830 5490 924 5553 sin
944 5482 1146 5555 autem
1176 5490 1227 5553 is
1256 5489 1489 5572 regiam
1524 5495 1877 5576 potestatem
1911 5489 1969 5551 in
2005 5482 2375 5575 tyrannidem
2412 5499 2617 5565 vertat,
2683 5508 2775 5550 me
2832 5505 3040 5550 necem
3094 5493 3482 5569 excepturum
3514 5506 3647 5551 cum

252 5572 575 5661 voluptate.
613 5601 643 5635 ι
