3938 6214
244 289 309 353 65
1429 289 1782 359 AUCTORE
1830 291 2415 361 METAPHRASTE.
3532 297 3611 359 66

312 424 487 487 XXIII
542 426 643 486 His
676 427 1188 499 auditis,Ruﬂnus
1218 439 1278 492 et
1299 430 1597 492 Ambrosii
1631 436 1873 491 menten

2056 420 2184 491 Kl“.
2231 433 2439 490 Τούτων
2497 434 2525 488 6
2582 421 2855 512 Ῥουιρτνος
2913 430 3142 496 ἀκούσας
3184 433 3381 508 μηνύει
3436 453 3494 488 τε
3524 431 3625 488 αύ-

244 515 575 593 imperatori
594 534 703 595 per
724 517 1046 596 quemdam
1074 519 1232 579 illico
1258 519 1646 594 nuntiavit,et
1673 528 1733 579 ut
1764 536 1873 579 ma-

2052 539 2093 573 ια
2137 517 2221 579 διά
2276 541 2419 584 τινος
2461 528 2539 595 τῷ
2599 522 2815 596 βασιλεῖ
2873 520 2971 588 τὴν
3012 522 3104 576 τοῦ
3145 519 3436 600 ἀρχιερέως
3479 520 3625 598 γνώ-

244 613 401 664 neret
434 605 492 664 in
529 604 771 683 palatio,
820 605 1163 666 exhortatus
1198 616 1311 669 est.
1369 605 1698 685 Imperator
1730 624 1866 666 vero

2052 628 2109 681 ,ν,
2154 610 2242 664 καί
2286 607 2463 684 μένειν
2506 607 2641 665 εἴσῶ
2682 614 2787 665 τῶν
2859 606 3139 686 βασιλείων
3183 610 3501 687 παρῄνεσεν,
3566 600 3623 666 Ὀ

242 692 330 770 qui
362 692 431 752 ad
486 692 751 753 medium
806 695 997 755 forum
1024 695 1147 774 jam
1184 704 1559 775 pervenerat,
1598 714 1732 755 cum
1766 696 1873 755 beet

2086 696 2331 778 βασιλεὺς
2388 697 2491 766 ἤδη
2535 700 2671 754 κατὰ
2713 699 2884 773 μέσην
2940 699 3036 766 τὴν
3080 697 3277 778 ἀγορὰν
3305 706 3468 756 ταῦτα
3510 720 3622 774 μα-

244 781 453 841 au+tivit
489 800 502 843 :
536 780 658 860 Ego
694 802 961 862 pergam,
991 784 1200 864 inquit,
1235 795 1293 846 et
1318 784 1562 846 insaniae
1593 804 1739 846 meae
1772 803 1873 864 pce

2052 807 2100 862 ν,
2151 775 2407 861 "Anapi,
2456 785 2582 867 ἔφη,
2640 788 2729 843 καὶ
2783 789 2875 852 τὰς
2932 784 3130 851 δικαίας
3182 784 3394 862 δέξομαι
3427 808 3621 865 παροι-

246 886 340 930 nas
371 871 691 934 exsolvam.
754 876 1065 953 Postquam
1121 891 1260 935 vero
1292 875 1350 933 in
1383 893 1619 935 sacrum
1652 883 1873 953 septurr

2056 895 2104 937 ς.
2154 872 2371 941 Ἐπειδὴ
2416 872 2470 930 δὲ
2533 876 2655 940 τοὺς
2712 876 2880 953 ἱεροὺς
2938 872 3249 943 περιϐολους
3308 872 3619 952 κατέλαϐεν,

234 958 346 1036 jam
382 967 622 1021 ventum
654 961 784 1021 fuit.
833 961 891 1021 in
914 963 1017 1023 Dei
1040 962 1280 1042 quidem
1306 962 1464 1023 mdes
1490 982 1605 1023 non
1639 971 1764 1024 erat
1791 963 1873 1022 in-

2089 961 2187 1035 μὲν
2246 963 2338 1019 τὸν
2390 966 2536 1021 θετον
2594 964 2688 1021 οὒκ
2736 961 3057 1029 εἰσεληλύθει
3123 964 3253 1020 νεών
3288 979 3302 993 ⁶
3350 968 3406 1020 ιν
3447 962 3502 1021 δέ
3543 970 3621 1039 τῷ

239 1065 493 1122 gressus,
554 1067 756 1109 verum
822 1050 881 1110 in
913 1050 1254 1111 salutatoria
1284 1050 1459 1112 domo
1509 1051 1873 1125 consederat,

2052 1054 2283 1125 παστικῷ
2340 1053 2477 1127 οῗκῳ
2558 1056 2821 1128 καθῆστο,
2892 1050 3192 1129 έκλιπαρῶν
3248 1060 3355 1109 τῶν
3411 1052 3618 1130 δεσμῶν

242 1137 352 1194 suis
382 1156 446 1196 se
481 1137 731 1197 vinculis
754 1138 898 1197 solvi
931 1139 1221 1217 ﬂagitans.

2052 1136 2315 1207 ολυθῆναι,

312 1222 493 1286 XXIV
552 1224 657 1286 Ille
690 1245 826 1288 vero
857 1228 1225 1307 tyrannicum
1258 1229 1499 1291 vocabat
1520 1230 1647 1308 ejus
1666 1228 1873 1289 adven-

2052 1217 2177 1289 KA'.
2216 1219 2274 1286 Ὀ
2317 1227 2373 1284 δὲ
2428 1231 2743 1307 τυραννικὴν
2801 1229 2981 1287 ἐκάλει
3024 1236 3124 1299 τὴν
3173 1231 3483 1311 παρουσίαν,
3528 1234 3617 1288 καὶ

244 1322 377 1389 tum,
411 1332 485 1371 ac
516 1312 921 1375 Theodosium
956 1325 1157 1377 contra
1175 1317 1357 1378 Deum
1391 1318 1726 1388 furere,nec
1760 1336 1873 1378 non

2052 1316 2096 1370 ιὰ
2156 1323 2291 1376 Θεοῦ
2334 1319 2627 1391 μεμηνέναι
2669 1320 2760 1375 τὸν
2805 1316 3080 1376 Θεοδόσιον
3140 1318 3319 1399 ἔλεγε,
3350 1322 3436 1377 καὶ
3493 1320 3616 1383 τοὺς

242 1400 416 1479 ipsius
448 1403 614 1480 leges
638 1405 867 1465 calcare
892 1405 1665 1486 pronuntiabat.lmperator
1681 1418 1873 1466 autem

2054 1404 2159 1459 ίνου
2203 1406 2395 1480 νόμους
2454 1421 2669 1470 πατεῖν,
2741 1399 2797 1465 Ὀ
2830 1405 2885 1463 δὲ
2944 1406 3190 1483 βασιλεὺς
3251 1408 3305 1463 έν
3360 1406 3609 1487 συντριϐῇ

241 1490 293 1549 iu
322 1492 687 1553 contritione
742 1495 942 1554 cordis
985 1514 1052 1555 ac
1084 1494 1295 1574 spiritu
1330 1494 1712 1556 humilitatis:
1748 1492 1873 1553 Non

2052 1490 2171 1557 ιδίας
2228 1496 2317 1551 καὶ
2386 1496 2648 1571 πνεύματι
2721 1498 3119 1577 ταπεινώσεως,
3199 1496 3272 1554 Οὐ
3351 1498 3608 1575 θρασύνο-

240 1580 474 1639 audacia
512 1582 753 1660 efferor,
816 1582 1026 1663 inquit,
1084 1585 1365 1645 adversus
1418 1584 1601 1658 leges,
1639 1602 1748 1644 nec
1780 1602 1873 1643 sa-

240 1687 389 1729 crum
414 1670 599 1730 limen
626 1681 829 1732 contra
846 1673 944 1751 jus
977 1683 1033 1731 et
1061 1674 1150 1733 fas
1181 1682 1373 1734 terere
1404 1672 1745 1752 aggredior:
1770 1672 1875 1733 sed
1902 1712 1937 1760 Β

240 1757 477 1819 obsecro
514 1768 665 1837 te,ut
686 1779 782 1821 me
808 1761 1168 1822 vinculorum
1198 1781 1351 1823 nexu
1382 1762 1623 1840 liberes,
1660 1774 1715 1822 et
1747 1761 1873 1822 cle-

238 1847 446 1907 mentia
498 1849 830 1909 communis
876 1849 1109 1911 Domini
1160 1851 1235 1912 ob
1295 1857 1496 1914 ocu’ns
1528 1851 1630 1911 tibi
1664 1850 1871 1930 posita,

238 1935 370 1996 mihi
403 1956 523 1996 non
563 1937 890 2014 praecludas
920 1938 1077 1999 illam
1102 1940 1561 2020 januam,quam
1591 1939 1876 2000 Dominus

240 2024 355 2103 ipse
386 2027 622 2085 cunctis
654 2026 884 2105 aperuit
934 2029 1373 2107 paenitentibus.
1436 2027 1680 2100 Qualem
1707 2046 1869 2105 ergo,

239 2113 547 2194 episcopus
601 2115 701 2183 ait,
763 2116 1168 2194 paenitentiam
1229 2118 1541 2179 ostendisti
1577 2127 1704 2190 post
1740 2128 1869 2178 tan-

240 2216 353 2262 tum
378 2204 619 2265 scelus?
673 2204 960 2284 quibusve
1006 2206 1463 2268 medicamentis
1494 2208 1735 2268 vulnera
1764 2208 1873 2267 ista

235 2290 300 2350 ad
342 2293 681 2355 sanandum
738 2294 1087 2357 difﬁcillima
1144 2297 1303 2356 coire
1360 2298 1428 2357 Ic:
1457 2296 1596 2357 isti?
1626 2296 1714 2357 Ad
1749 2297 1871 2356 hmo

233 2380 555 2459 imperator
574 2382 635 2442 in
668 2384 917 2444 contrito
940 2384 1146 2465 spiritu
1178 2403 1383 2446 rursus
1405 2386 1604 2446 retulit
1632 2406 1645 2447 :
1681 2384 1869 2446 Tuum

236 2477 316 2529 est
343 2470 590 2531 omnino
626 2480 680 2532 et
712 2473 1057 2552 praecipere,
1091 2483 1146 2534 et
1191 2476 1579 2535 commiscere
1606 2475 1872 2536 medica-

235 2563 408 2621 mina.
472 2558 623 2620 Tum
670 2579 805 2622 vero
855 2561 1023 2623 divus
1054 2562 1403 2623 Ambrosius
1439 2582 1452 2626 :
1489 2563 1871 2643 Quandoqui-

230 2646 388 2720 dem,
446 2647 663 2728 inquit,
698 2648 801 2710 ira?
847 2653 1100 2729 propriae
1151 2650 1441 2730 permittis
1464 2651 1782 2731 judicium,
1817 2659 1876 2711 et

230 2752 339 2795 non
362 2736 542 2813 ratio,
570 2739 673 2798 sed
707 2739 890 2799 animi
915 2747 1091 2800 aestus
1121 2742 1472 2801 sententiam
1495 2741 1642 2802 fert:
1679 2741 1868 2818 legem

226 2823 567 2903 hujusmodi
601 2827 773 2887 velim
810 2827 1061 2903 saucias,
1121 2848 1252 2910 quze
1294 2830 1597 2891 decretum
1629 2830 1873 2910 quodvis

1959 1602 2081 1655 μαι,
2128 1580 2250 1661 ἔφη,
2313 1586 2447 1640 κατᾶ
2506 1591 2611 1641 τῶν
2654 1584 2911 1660 κειμένων
2970 1585 3171 1664 νόμων,
3226 1583 3341 1641 οὐδὲ
3384 1587 3612 1663 παρανό-

1961 1691 2074 1744 μως
2133 1670 2381 1738 ἐπιϐῆναι
2440 1679 2547 1730 τῶν
2617 1676 2770 1753 ἱερῶν
2840 1675 3108 1752 προθύρων
3150 1674 3359 1752 ὲφίεμαι
3395 1689 3410 1704 ⁸
3471 1672 3607 1732 ἀλλὰ

1959 1758 2017 1815 σέ
2076 1782 2166 1835 μοι
2219 1758 2371 1817 λῦσαι
2414 1764 2505 1818 τὸν
2561 1760 2752 1838 δεσμὸν
2812 1762 2964 1836 ἀξιῶ,
3017 1764 3105 1820 καὶ
3161 1763 3259 1830 τὴν
3288 1769 3380 1819 τοῦ
3430 1770 3609 1820 κοινοῦ

1961 1849 2230 1906 Δεσπότου
2313 1849 2700 1931 φιλανθρωπίαν
2776 1849 3109 1929 λογίσασθαι,
3177 1853 3265 1907 καὶ
3316 1851 3394 1926 μὴ
3446 1850 3604 1907 κλεῖ-

1956 1938 2043 1992 σαί
2084 1960 2173 2012 μοι
2213 1939 2392 2018 θύραν,
2452 1940 2519 2008 ἣν
2574 1947 2703 1997 πᾶσι
2760 1953 2879 2003 τοῖς
2930 1941 3253 2015 μεταμελείᾳ
3304 1941 3603 2019 χρωμένοις

1958 2026 1986 2079 6
2044 2027 2319 2094 Δεσπότης
2387 2028 2602 2103 ἀνέῳξε.
2666 2030 2765 2087 Καὶ
2806 2031 2835 2085 6
2891 2029 3201 2109 ἀρχιερεὺς,
3274 2030 3433 2085 Ποίαν
3490 2028 3601 2102 οὖν,

1956 2111 2079 2194 ἔφη,
2160 2116 2512 2192 μεταμέλειαν
2602 2116 2796 2182 ἔδειξας
2869 2121 3005 2193 μετὰ
3059 2119 3309 2184 τοιαύτην
3367 2138 3603 2195 παρανο-

1955 2203 2124 2279 pta»;
2190 2206 2366 2271 Ποίοις
2423 2206 2476 2263 δὲ
2519 2208 2813 2287 φαρμάκοις
2865 2210 2927 2262 τὰ
2983 2205 3202 2266 δυσίατα
3257 2206 3602 2284 ἰθεράπευσας

1953 2292 2228 2370 τραύματα
2265 2312 2281 2368 ;
2347 2297 2445 2353 Καὶ
2488 2298 2517 2352 6
2560 2294 2807 2371 βασιλεὺς
2866 2294 2920 2351 έν
2977 2295 3397 2371 συντετριμμένῳ
3438 2294 3602 2350 πνεύ-

1957 2401 2084 2455 ματι
2136 2382 2304 2457 αὖθις,
2362 2385 2464 2439 Σὸν
2535 2383 2711 2463 ἔργον,
2772 2383 2960 2463 ἔφησε,
3020 2384 3232 2447 πάντως
3303 2384 3391 2440 καὶ
3434 2380 3601 2447 δεῖξαι

1955 2470 2043 2525 καὶ
2133 2471 2351 2547 κεράσαι
2423 2473 2697 2551 φάρμακα.
2789 2473 2919 2530 Τότε
2974 2475 3003 2528 6
3056 2476 3201 2535 θεῖος
3260 2468 3597 2547 ’Δμϐρόσιος,

1957 2556 2176 2626 Ἐπειδή
2220 2564 2297 2632 τῷ
2335 2563 2484 2635 θυμῷ
2513 2559 2742 2631 δικάζειν
2788 2560 3108 2640 ἐπιτρέπεις,
3140 2560 3265 2639 ἔφη,
3296 2560 3383 2615 καὶ
3426 2561 3529 2638 οὐχ
3572 2561 3601 2614 6

1954 2643 2215 2723 λογισμὸς
2255 2648 2351 2716 τὴν
2396 2654 2615 2727 γνῶσιν,
2674 2646 2811 2705 ἀλλὰ
2865 2650 2892 2703 6
2933 2650 3095 2723 θυμὸς
3138 2647 3363 2728 ἐκφέρει,
3396 2652 3602 2724 γράψον

1956 2735 2114 2809 νόμον
2167 2744 2262 2794 τοῦ
2329 2739 2496 2813 θυμοῦ
2550 2739 2645 2800 τὰς
2709 2738 2917 2816 ψήφους
2976 2737 3138 2815 ἀργὰς
3205 2742 3460 2793 ποιοῦντα
3516 2735 3603 2790 καὶ

1955 2825 2223 2902 περιττὰς,
2270 2826 2361 2882 καὶ
2416 2826 2699 2905 τριάκοντα
2728 2826 2932 2905 ἡμέρας
2958 2829 3010 2883 αἱ
3036 2826 3245 2906 φονικαὶ
3274 2826 3362 2881 καὶ
3391 2822 3597 2899 δημευ-

225 2913 317 2975 ine
348 2914 609 2995 impetu,
635 2918 891 2977 otiosum
912 2919 1123 2979 reddat
1146 2937 1215 2979 ac
1233 2920 1596 2999 superﬂuum
1625 2937 1638 2981 :
1666 2919 1873 2999 capitis

2052 2916 2098 2969 αὶ
2152 2914 2455 2988 μενέτωσαν
2539 2915 2761 2993 γνώσεις
2828 2914 2882 2970 έν
2978 2916 3276 2994 γράμμασι,
3348 2914 3449 2980 τὴν
3512 2920 3605 2969 τοῦ

226 3021 356 3065 vero
393 2990 711 3067 sententiae
740 3007 829 3067 vel
876 3007 1034 3068 exilii
1068 2990 1464 3086 triginta'dies
1492 2990 1869 3089 scriptae-ma-

2052 3010 2217 3067 νισμοῧ
2271 2990 2697 3083 προσδεχόμεναι
2756 3004 2945 3082 κρίσιν.
2992 2990 3349 3061 ’.Διελθουσῶν
3407 3000 3462 3058 δὲ
3502 3004 3610 3058 τῶν

228 3104 429 3173 neant,
467 3094 718 3156 rationis
745 3096 1033 3175 judicium
1069 3097 1472 3177 opperientes.
1510 3098 1737 3161 Exactis
1766 3117 1877 3158 au-

232 3191 341 3243 tem
377 3184 622 3263 triginta
674 3186 907 3254 diebus.
945 3187 1044 3266 qui
1094 3197 1413 3248 exararunt
1461 3188 1701 3249 decreta
1753 3188 1876 3262 illa,

230 3272 435 3334 eadem
472 3274 793 3334 exhibeant
827 3295 840 3336 :
875 3284 933 3335 et
987 3275 1299 3337 iracundia
1331 3276 1557 3337 tamdiu
1587 3276 1875 3357 requieta,

230 3381 431 3422 secum
461 3364 589 3441 ipsa
619 3363 767 3423 ratio
792 3364 1091 3442 judicans,
1146 3365 1401 3444 priorem
1451 3367 1744 3443 cxpemlat
1774 3385 1878 3427 co-

229 3451 577 3524 gnitionem,
612 3453 1027 3533 examinetque
1052 3456 1291 3532 justane
1342 3455 1444 3515 illa
1473 3455 1568 3528 sit,
1604 3474 1676 3515 an
1709 3472 1881 3516 secus

232 3541 466 3603 habeat.
494 3540 806 3621 Siquidem
831 3561 1009 3622 porro
1036 3543 1295 3623 iniquam
1318 3544 1882 3618 inveniant,discer-

237 3641 329 3708 paI.
358 3630 674 3710 scripta,et
701 3632 1055 3699 sententiam
1089 3632 1312 3694 irritam
1370 3635 1619 3695 reddat:
1651 3634 1742 3695 sin
1772 3653 1879 3695 au-

236 3729 347 3779 tem
377 3738 552 3799 aequa
584 3719 784 3793 fuerit,
820 3721 897 3782 ita
934 3730 1165 3782 maneat
1193 3744 1207 3794 ς
1244 3741 1352 3784 nec
1386 3722 1620 3802 triginta
1649 3724 1884 3785 dierum

238 3826 526 3868 numerus
552 3807 928 3870 labefactabit
961 3820 1121 3871 recte
1148 3810 1433 3890 judicata.

312 3896 499 3959 XXV.
526 3896 1006 3959 Admonitionem
1064 3900 1215 3961 hanc
1245 3897 1567 3980 imperator
1596 3901 1750 3962 ultro
1780 3900 1885 3962 ad-

235 3989 569 4058 mittens,et
594 4003 798 4048 secum
831 3986 1054 4066 optime
1077 3987 1168 4066 agi
1197 3988 1313 4050 sibi
1343 3989 1883 4069 persuadens,con-

1960 3093 2236 3169 τριάκοντα
2307 3096 2521 3170 ἡμερῶν
2605 3096 2652 3147 οἱ
2733 3093 2800 3149 τὰ
2886 3091 3190 3170 ἐγνωσμένα
3286 3092 3607 3172 γεγραφότες

1962 3178 2309 3237 δεικνύτωσαν
2361 3182 2513 3259 αὐτὰ,
2573 3183 2662 3237 καὶ
2724 3183 3015 3247 τηνικαῦτα
3074 3183 3167 3237 τοῦ
3210 3184 3370 3256 θυμοῦ
3398 3201 3606 3236 πεπαυ-

1962 3270 2120 3345 μένου
2168 3268 2283 3326 καθ’
2330 3270 2513 3328 ἑαυτὸν
2570 3267 2793 3339 δικάζων
2842 3271 2871 3325 6
2927 3267 3181 3346 λογισμὸς
3208 3268 3491 3339 ἐξεταζέτω
3543 3269 3608 3323 τὰ

1964 3357 2295 3435 ἐγνωσμένα,
2328 3359 2416 3414 καί
2473 3357 2779 3414 σκεπτέσθω
2829 3357 2930 3437 ἆρά
2990 3377 3051 3435 γε
3095 3355 3275 3413 δίκαια
3315 3357 3351 3425 ἢ
3395 3357 3472 3432 μὴ
3512 3354 3609 3412 οὕ-

1964 3469 2068 3510 τως
2128 3446 2325 3527 ἔχοντα
2378 3447 2517 3508 ε’ίεν.
2567 3448 2625 3503 Εἰ
2670 3446 2766 3522 μὲν
2826 3446 2916 3501 οὗν
2967 3444 3119 3504 ἄδικα
3168 3445 3333 3524 εὕροι,
3393 3443 3609 3524 διαρῤη-

1964 3538 2136 3615 γνύτω
2161 3538 2228 3593 τὰ
2269 3536 2637 3616 γεγραμμένα,
2664 3537 2753 3593 καὶ
2781 3536 2879 3604 τὴν
2910 3540 3088 3617 ψῆφον
3119 3534 3309 3615 ἄκυρον
3338 3536 3556 3592 ποιείτω
3588 3551 3603 3566 ·

1968 3626 2012 3682 εἰ
2053 3625 2109 3681 δὲ
2165 3624 2360 3706 δίκαια,
2407 3626 2554 3701 μένοι
2589 3645 2602 3660 ⁸
2652 3624 2791 3684 οὕτω
2817 3626 2905 3682 καὶ
2949 3628 2978 3681 6
3020 3630 3127 3681 τῶν
3154 3625 3437 3704 τριάκοντα
3465 3626 3609 3699 ἡμε-

1967 3714 2071 3792 ρῶν
2128 3716 2347 3795 ἀριθμὸς
2430 3716 2490 3772 ού
2546 3712 2860 3791 λυμανεῖται
2922 3726 3042 3779 τοῖς
3099 3714 3261 3794 ὀρθῶς
3332 3712 3609 3791 ἔγνωομέ-

1966 3825 2100 3868 νοις.

2052 3892 2179 3952 KE'.
2226 3893 2434 3960 Ταύτην
2465 3896 2494 3950 6
2536 3893 2778 3971 βασιλεὺς
2836 3892 3116 3970 δεξάμενος
3163 3893 3260 3962 τὴν
3308 3894 3609 3969 εἰσήγησιν,

1968 3984 2057 4040 καὶ
2112 3982 2297 4061 ἄριστα
2356 3981 2503 4062 ἔχειν
2541 3979 2844 4061 ὑπολαϐὼν,
2875 3982 3020 4046 εὐθὺς
3078 3982 3340 4061 γραφῆναί
3393 4001 3451 4036 τε
3520 3981 3613 4035 τὸν

233 4076 394 4136 Iinuo
413 4076 606 4154 jussit
637 4074 825 4153 legem
860 4077 1186 4156 praescribi,
1220 4066 1392 4158 quam
1427 4087 1482 4140 et
1504 4079 1715 4140 litteris
1744 4097 1873 4160 pro-

2052 4093 2131 4128 ιον
2200 4069 2466 4145 ἐκέλευσε,
2525 4073 2614 4127 καὶ
2667 4085 2785 4135 τοῖς
2845 4071 3038 4134 οἰκείας
3090 4072 3273 4147 χειρὸς
3332 4066 3613 4125 ἐϐεϐαίωσε

2054 4162 2065 4175 ο
2317 4169 2356 4175 _
2403 4161 2414 4175 1
2570 4157 2611 4175 h‘
2855 4158 2864 4175 Ι
3022 4157 3045 4175 ᾗ
3078 4157 3112 4175 ΙΝ
3307 4159 3321 4175 \
3425 4154 3448 4175 δ
3556 4159 3569 4175 \

234 4165 375 4243 prie
431 4183 644 4225 manus
702 4176 886 4226 ratam
919 4184 988 4226 ac
1021 4157 1251 4227 ﬁrmam
1280 4185 1412 4230 esse
1445 4169 1645 4229 voluit.
1677 4157 1782 4230 His
1812 4169 1873 4230 it:

2052 4162 2270 4237 ίμμασι.
2317 4161 2512 4218 Τούτου
2564 4157 2619 4214 δὲ
2675 4158 2957 4237 γενομένου
3016 4157 3216 4215 διέλυσε
3272 4159 3365 4213 τὸν
3420 4157 3614 4232 δεσμὸν

233 4255 421 4323 Iactis.
457 4253 632 4314 divus
664 4253 1012 4315 Ambrosius
1041 4254 1416 4335 imperatoris
1450 4257 1748 4319 vinculum
1775 4257 1873 4319 sol

2052 4254 2185 4316 θεῖος
2242 4245 2584 4327 Ἀμϐρόσιος,
2643 4249 2732 4304 καὶ
2789 4250 2817 4303 6
2860 4245 3105 4324 βασιλεὺς
3164 4247 3299 4303 εἵσω
3349 4244 3611 4324 θαρρήσας

235 4345 346 4406 vit:
388 4345 724 4424 imperator
750 4352 948 4406 autem
972 4334 1204 4425 sumpta
1228 4345 1287 4407 in
1318 4347 1602 4427 templum
1629 4347 1873 4408 intrand;

2052 4339 2211 4396 θέσθαι
2266 4345 2360 4396 τοὺ
2412 4338 2549 4394 θείου
2598 4342 2744 4417 ναοῦ,
2829 4336 2927 4416 οὔχ
2989 4335 3153 4401 ἑστὼς
3195 4337 3287 4393 τὸν
3337 4334 3613 4402 Δεσπότην

238 4434 479 4507 ﬁducia,
518 4452 638 4494 non
671 4441 855 4522 stans,
912 4424 1194 4515 nequeiin
1243 4424 1873 4516 genua-procumbens.

2052 4448 2253 4508 τευσεν,
2311 4426 2426 4484 οὐδὲ
2479 4426 2547 4483 τὰ
2605 4424 2803 4504 γόνατα
2844 4425 3050 4502 κλίνας,
3098 4424 3247 4522 ἀλλὰ.
3276 4425 3484 4522 πρηνὴς
3520 4424 3615 4522 fari

238 4522 556 4584 Dominum
594 4521 965 4603 precabatur.
1003 4514 1107 4584 Sed
1154 4524 1212 4585 in
1245 4524 1435 4586 solum
1469 4514 1693 4587 nudum
1723 4525 1873 4605 deje-

2052 4521 2173 4576 ,ινοῦ
2222 4518 2402 4575 πεσὼν
2456 4519 2550 4574 τοῦ
2618 4514 2836 4595 ἐδάφους
2904 4516 3003 4584 τὴν
3084 4514 3373 4584 Δαυϊδικὴν
3438 4514 3611 4596 ἀφῆκε

240 4622 364 4672 ctus
386 4631 457 4672 ac
484 4619 832 4691 prostratus,
850 4611 1184 4674 Davidicam
1218 4613 1377 4675 illam
1404 4614 1604 4675 emisit
1632 4603 1835 4677 vocem

2052 4606 2179 4688 ινὴν,
2245 4625 2274 4666 ε
2306 4603 2633 4687 Ἐκολλήθη,
2672 4627 2694 4661 ε
2731 4604 2928 4686 λέγων,
2987 4628 3016 4661 ε
3061 4612 3138 4681 τῷ
3175 4604 3351 4686 ἐδάφει
3378 4606 3415 4675 ἡ
3459 4604 3615 4683 ψυχή

246 4726 269 4754 ε
302 4700 600 4779 Adhmsit,
629 4699 926 4781 inquiens,
962 4702 1294 4782 pavimento
1336 4703 1534 4765 anima
1567 4722 1698 4765 mea
1730 4722 1744 4767 :
1776 4703 1873 4765 Vi-

2052 4723 2076 4757 υ
2108 4715 2123 4729 ⁸
2175 4696 2339 4768 ζῆσόν
2367 4717 2434 4773 με
2464 4697 2600 4754 κατὰ
2644 4698 2735 4753 τὸν
2777 4693 2938 4775 λόγον
2965 4717 3060 4753 σου
3090 4715 3105 4731 ο
3140 4713 3165 4747 ε
3197 4696 3285 4752 καὶ
3310 4708 3431 4759 ταῖς
3462 4694 3618 4773 χερσὶ

241 4790 402 4852 vilica
436 4808 535 4852 me
584 4790 916 4850 secundum
972 4790 1217 4853 verbum
1279 4802 1442 4855 tuum
1478 4794 1523 4857 ¹.
1560 4816 1587 4853 ι
1643 4793 1713 4856 Et
1763 4793 1873 4856 cri-

2052 4786 2167 4843 λων
2223 4788 2319 4851 τὰς
2368 4786 2584 4867 τρίχας,
2612 4786 2701 4844 καὶ
2740 4786 2803 4842 τὸ
2832 4785 3078 4860 μέτωπον
3118 4786 3350 4863 τύπτων,
3381 4784 3469 4840 καὶ
3498 4796 3615 4848 τοῖς

242 4899 343 4939 nes
405 4878 688 4941 manibus
736 4878 982 4952 vellens,
1040 4889 1099 4942 et
1141 4880 1355 4944 faciem
1389 4881 1780 4953 contundens,
1833 4889 1893 4943 et

242 4966 500 5046 profusis
551 4965 825 5046 lacrymis
881 4966 1133 5048 irrigans
1190 4969 1614 5051 pavimentum,
1661 4971 1888 5034 veniam

242 5056 528 5138 consequi
554 5056 928 5139 properabat.
946 5056 1260 5140 Postquam
1278 5067 1476 5122 autem
1497 5060 1567 5123 ad
1586 5060 1893 5123 offerenda

244 5164 419 5208 sacra:
436 5162 671 5210 mensae
689 5164 938 5208 munera
955 5148 1180 5209 vocavit
1209 5157 1462 5228 tempus,
1490 5168 1624 5211 cum
1654 5148 1893 5212 ﬂetibus

247 5254 354 5297 non
379 5236 585 5297 minus
604 5236 858 5317 copiosis
887 5240 1379 5317 surgens,gndus
1397 5239 1597 5301 altaris
1616 5239 1847 5302 scandit
1869 5254 1886 5301 :

244 5326 548 5389 oblatione
601 5344 740 5387 vero
792 5336 1084 5406 porrecta,
1142 5327 1295 5391 intra
1348 5329 1669 5412 cancellos,
1713 5338 1776 5391 ut
1805 5327 1891 5390 illi

246 5415 422 5477 moris
456 5424 612 5490 erat,
643 5415 879 5479 mansit.
912 5416 1028 5479 Sed
1058 5417 1219 5480 nullo
1242 5419 1439 5491 modo,
1473 5428 1537 5480 ut
1564 5419 1689 5481 hzec
1718 5418 1893 5482 dissi-

248 5505 523 5579 mularet,
556 5503 665 5566 abs
682 5521 753 5566 se
776 5504 1113 5587 impetravit
1132 5524 1301 5571 sacer
1319 5506 1670 5571 Ambrosius
1688 5524 1702 5570 :
1728 5515 1788 5571 at
1804 5508 1891 5571 lo-

322 5680 339 5720 ¹
375 5674 543 5740 Psal.
576 5690 771 5752 cxvm,
799 5675 899 5739 25.

1971 4882 2079 4933 τῶν
2134 4874 2368 4956 δακρύων
2412 4877 2632 4955 σταγόσι
2696 4876 2758 4932 τὸ
2817 4872 3005 4956 ἔδαφος
3058 4872 3438 4952 καταῤῥαίνων,
3483 4893 3619 4949 συγ-

1973 4967 2197 5046 γνώμης
2255 4963 2524 5035 ήντιϐόλει
2566 4977 2783 5045 τυχεῖν.
2841 4961 3056 5022 Ἐπειδῆ
3114 4962 3169 5018 δὲ
3211 4963 3301 5019 καὶ
3353 4963 3383 5017 6
3435 4964 3618 5039 καιρὸς

1973 5055 2157 5119 ἐκάλει
2210 5061 2278 5134 τῇ
2318 5059 2436 5135 ἱερᾷ
2490 5054 2722 5135 τραπέζῃ
2776 5054 2842 5109 τὰ
2880 5050 3019 5132 δῶρα
3046 5062 3442 5130 προσενεγκεῖν,
3487 5049 3620 5107 ἀνα·

1974 5148 2099 5210 στὰς
2134 5147 2271 5221 μετὰ
2311 5151 2417 5203 τῶν
2460 5145 2597 5202 ἴσων
2638 5140 2874 5220 δακρύων
2914 5146 3023 5197 τῶν
3056 5138 3361 5219 ἀνακτόρων
3403 5136 3568 5207 ἐπέϐη
3601 5157 3623 5177 ι

1973 5235 2342 5317 προσενεγκὼν
2398 5231 2479 5311 δὲ,
2524 5230 2690 5307 ἔνδον,
2749 5230 2928 5308 ὥσπερ
2971 5229 3162 5305 sitmst,
3187 5229 3329 5309 παρᾶ
3356 5229 3621 5317 164m?-

1972 5316 2152 5390 κλίδας
2211 5323 2531 5401 μεμένηκεν,
2591 5317 2741 5379 Ἀλλ’
2778 5316 2925 5378 οὐδὲν
2981 5324 3147 5376 ταῦτα
3200 5321 3230 5375 6
3286 5318 3419 5399 ίερὶς
3476 5316 3622 5395 Ἀμυ-

1974 5415 2185 5497 ϐρόσιος
2229 5419 2447 5492 σιγῆσαι
2503 5411 2789 5492 ἠνέσχετο,
2843 5405 2983 5467 ἀλλὰ
3036 5410 3124 5466 καὶ
3168 5410 3231 5466 τὸ
3286 5415 3393 5467 τῶν
3441 5411 3623 5468 τόπων

1973 5506 2205 5567 διδάσκει
2262 5501 2531 5584 διάφορον.
2592 5503 2694 5565 Καὶ
2759 5501 2945 5581 πρῶτα
3014 5498 3113 5576 μὶν
3173 5500 3333 5582 ἤρετο
3374 5500 3425 5558 ε²ί
3477 5521 3620 5567 τινος
