3938 6214
202 297 261 362 69
1384 297 1736 367 AUCTORE
1779 293 2352 363 METAPHRASTE

3471 298 3552 365 7O

197 450 303 512 quae
321 430 540 492 virtutis
562 430 913 492 seminibus
939 431 1244 511 pulchram
1272 432 1332 493 in
1347 434 1601 513 conjuge
1618 431 1805 505 irrigat

1970 449 2006 494 ,ν
2048 425 2255 504 ἆρδείαν
2287 429 2376 486 καὶ
2422 429 2720 510 προσφόρον
2773 440 2892 492 τοῖς
2937 427 3032 495 τῆς
3083 427 3276 503 ἀρετῆς
3319 433 3412 485 τοῦ
3453 425 3549 483 ἂν·

197 522 382 581 tionem
396 527 452 580 et
471 519 924 582 incrementum
945 520 1207 600 praebere
1221 532 1483 600 possent,
1505 525 1668 604 prius
1691 527 1817 606 ipsa

194 627 338 690 quam
368 611 451 670 vir
503 609 622 671 fato
657 611 867 671 functa
899 620 1013 672 est.
1048 608 1300 687 Contigit
1327 620 1522 673 autem
1554 622 1687 694 post
1713 615 1818 676 ali-

194 699 318 778 quod
345 708 574 777 tempus
596 696 671 758 ab
695 699 828 777 ejus
855 706 1044 758 morte
1069 697 1180 758 tale
1208 698 1346 778 quid
1379 701 1817 784 fieri,undepa-

190 786 282 847 lam
300 787 990 866 innotesceret,quonam
1016 786 1336 866 imperator
1358 807 1496 868 erga
1517 810 1648 852 eam
1679 794 1774 855 ani
1790 829 1812 840 -

192 895 288 949 mo,
317 886 605 956 quantave
627 875 919 937 cbaritate
950 884 1106 937 e~set
1143 876 1408 939 allectus.
1445 882 1706 958 Cogente
1737 883 1814 944 si-

189 965 392 1043 quidem
414 964 712 1026 bellorum
740 963 1424 1045 frequ«-ntia,imperator
1449 969 1535 1029 rei
1570 971 1812 1049 pecuni-

184 1054 297 1114 aria
317 1054 579 1134 inopiam
614 1054 902 1124 tolerans,
955 1054 1172 1116 tributa
1202 1054 1417 1117 indixit
1445 1057 1804 1124 civitatibus.

184 1139 308 1203 Urbs
337 1143 514 1220 igitur
536 1143 859 1206 Antiochia
883 1161 1014 1202 cum
1048 1142 1190 1204 alias
1220 1148 1403 1204 uri-es
1428 1145 1662 1208 tributis
1693 1148 1809 1210 illis

182 1229 417 1292 subditas
435 1233 1128 1313 conspiceret,pecunias
1140 1250 1276 1293 vero
1293 1252 1398 1313 per
1411 1235 1520 1295 vim
1538 1237 1712 1316 exigi,
1738 1257 1806 1299 ac

182 1319 316 1381 nulla
343 1321 614 1381 adtriissa
645 1326 1047 1393 excusatione;
1080 1340 1398 1384 commune
1422 1324 1533 1386 hoc
1555 1329 1801 1406 vectigal

177 1426 524 1488 nequaquam
561 1410 892 1489 ferens,sed
929 1411 1232 1472 turbarum
1256 1413 1632 1476 occasionem
1666 1416 1803 1479 hinc

176 1497 470 1578 arripiens,
507 1499 706 1579 qualia
755 1499 964 1578 vulgus
993 1499 1187 1561 facere
1217 1501 1388 1576 solet,
1429 1505 1716 1583 patravit;
1745 1515 1806 1568 et

176 1584 543 1647 nobilissimae
563 1587 842 1653 Placillae.
857 1589 966 1650 hoc
981 1589 1136 1650 enim
1156 1598 1281 1651 erat
1304 1590 1662 1671 imperatrici
1688 1615 1798 1656 no-

175 1693 546 1765 nem,a:ream
574 1686 826 1739 statuam
846 1679 971 1740 solo
991 1680 1233 1754 adﬂixit,
1271 1679 1458 1761 ipsam
1487 1683 1658 1744 etiam
1694 1704 1802 1765 per

173 1763 347 1842 plures
377 1766 642 1826 civitatis
666 1767 830 1828 vicos
862 1769 1234 1847 pertrahens.

239 1853 386 1916 XXX
401 1852 904 1936 .lmperator,hac
924 1877 990 1919 re
1011 1859 1085 1922 ad
1106 1877 1169 1919 se
1200 1858 1646 1933 delata,tantum
1678 1882 1798 1923 mo-

168 1939 1088 2023 lestite,qnantumdecebat,binc
1117 1946 1618 2028 percipiens,eam
1653 1951 1799 2011 civi-

169 2036 321 2118 tatem
354 2032 624 2111 propriis
651 2032 876 2110 legibus
905 2034 1114 2095 ablatis
1145 2034 1376 2106 multat,
1428 2037 1801 2118 vicinamque

169 2116 352 2179 urbem
375 2121 902 2202 Laodiceam,quaz
925 2132 1165 2204 propter
1179 2123 1346 2186 littus
1365 2126 1545 2186 maris
1563 2127 1676 2188 sita
1689 2116 1797 2198 est,

169 2204 239 2266 illi
261 2208 651 2288 praeﬁcit,bac
679 2210 1048 2290 potissimum
1079 2212 1166 2274 via
1201 2212 1312 2292 ipsi
1343 2231 1496 2289 aegre
1521 2233 1584 2276 se
1606 2214 1803 2277 facere

171 2311 500 2371 persuasum
520 2298 1410 2380 babens;namqueAntiochian.
1427 2323 1458 2363 a
1472 2303 1643 2380 longo
1659 2311 1804 2365 tem-

169 2402 292 2471 pore
319 2385 724 2449 aemulabatur
737 2387 1048 2451 Laodicea.
1074 2387 1530 2471 Insuperautem
1553 2393 1712 2454 illam
1737 2410 1802 2453 se

167 2470 538 2536 incensurum
571 2495 640 2537 ac
665 2476 998 2538 deleturum
1031 2470 1564 2555 minitabaturmec
1592 2480 1800 2544 nonin

167 2579 353 2640 pagum
373 2565 658 2625 eamdem
679 2584 744 2627 se
760 2585 1065 2628 CODVBI‘SDI
1085 2586 1496 2649 umzproceres
1509 2588 1644 2631 vero
1657 2590 1798 2632 ηιιη-

166 2652 323 2711 nullis
340 2652 398 2713 in
423 2655 566 2733 ipso
586 2653 863 2716 facinoris
882 2665 1014 2717 actu
1032 2657 1670 2739 correptis,antequam
1689 2668 1802 2722 tra-

163 2739 390 2815 goediam
422 2743 685 2804 resciret
718 2745 1011 2825 princeps,
1051 2755 1300 2807 mortem
1333 2745 1690 2824 irrogarunt.
1729 2750 1802 2812 Et

164 2828 268 2888 hac
289 2831 542 2910 quidem
565 2840 778 2893 cuncta
795 2833 1265 2895 comminabatur
1278 2835 1799 2912 Theodosius,non

164 2924 335 2979 tamon
351 2919 529 2981 illico
553 2939 770 3002 exsequ
782 2921 1378 3003 ebatur,prohibente
1392 2924 1503 2987 hoc
1519 2925 1800 2989 nimirum

160 3003 484 3084 lege,quam
507 3009 743 3071 hortatu
755 3029 861 3071 suo
879 3030 1123 3090 magnus
1136 3011 1484 3074 Ambrosius
1497 3015 1799 3076 ferendam

164 3096 609 3160 curaverat.Sed
633 3107 1012 3181 posteaquam
1028 3101 1468 3180 quiminasillas
1482 3103 1637 3164 ferre
1652 3104 1802 3184 jussi

164 3193 616 3260 sunt,veuerunt
630 3187 688 3249 in
713 3187 920 3250 urbem
943 3189 1456 3256 Antiochiam(dux
1471 3200 1666 3253 autem
1683 3201 1809 3254 erat

168 3280 287 3334 tunc
335 3274 754 3342 Hallenichus.
817 3286 874 3338 et
930 3278 1214 3340 Caesarius
1243 3281 1557 3356 praefectus
1590 3289 1808 3362 praeto-

162 3363 352 3436 rianis,
389 3367 689 3445 magister
716 3385 852 3428 vero
884 3385 918 3427 a
948 3367 1231 3429 Romanis
1259 3367 1499 3442 dicitur,
1533 3370 1631 3450 qui
1663 3370 1807 3432 ade-

165 3459 283 3529 ptus
333 3466 427 3516 est
483 3456 648 3516 hanc
704 3454 1104 3536 dignitatem),
1156 3456 1415 3519 universi
1464 3459 1703 3539 quidem
1745 3459 1807 3520 in

165 3553 309 3603 metu
325 3543 1053 3618 versabantur,minarum
1077 3545 1295 3607 exitum
1325 3547 1809 3613 reformidantes.

166 3625 400 3694 Virtutis
430 3647 648 3695 autem
683 3633 774 3695 illi
821 3635 1081 3715 athletae,
1130 3635 1230 3716 qui
1260 3636 1332 3697 ad
1364 3636 1600 3698 radices
1633 3656 1768 3698 mon
1789 3672 1810 3687 ο

170 3719 296 3780 tium
321 3722 703 3797 habitabant,
733 3741 984 3800 quorum
1020 3729 1228 3801 ingens
1256 3733 1382 3786 erat
1430 3733 1572 3788 tunc
1606 3725 1807 3786 multi-

1822 1794 1862 1843 Β

1900 512 2018 592 δρὸς
2078 517 2226 597 ἔφερε
2270 518 2559 596 σπέρμασι,
2621 517 2857 598 Προτέρα
2915 515 3096 593 μέντοι
3167 523 3258 574 τοῦ
3331 517 3549 596 συζύγου

1900 603 2236 681 ὶτελεύτησε,
2301 608 2389 663 καὶ
2431 605 2625 674 συνέϐη
2669 608 2803 684 μετᾶ
2832 605 3026 687 χρόνον
3056 605 3172 662 τινὰ
3212 610 3310 672 τῆς
3361 603 3544 661 τελευο

1899 693 1996 760 τῆς
2068 693 2267 752 τοιόνδε
2321 719 2370 753 τι
2455 696 2693 774 γενέσθαι
2753 695 2884 774 ὅπερ
2938 695 3036 763 τὴν
3105 691 3312 762 πολλὴν
3338 694 3545 762 εκείνην

1898 789 1989 839 τοῦ
2048 783 2309 864 βασιλέως
2369 787 2488 864 περὶ
2530 786 2696 852 αὐτὴν
2751 783 2977 841 διάθεσιν
3031 787 3120 841 καὶ
3174 781 3543 863 φιλοστοργίαν

1895 867 2185 937 ἀπέδειξεν.
2255 863 2388 929 ’Υπὸ
2444 863 2548 952 γὰρ
2602 878 2708 929 τιῖον
2751 878 2963 952 συχνῶν
3008 870 3259 948 πολέμων
3302 871 3542 950 ἀναγκα-

1893 959 2114 1035 ζόμενος
2175 963 2203 1018 ὁ
2264 960 2510 1037 βασιλεὺς
2553 963 2645 1018 καὶ
2686 963 2988 1042 χρημάτων
3038 960 3323 1041 σπανίζων,
3355 961 3541 1039 φόρους

1891 1065 2013 1115 ταῖς
2055 1051 2274 1110 πόλεσιν
2331 1052 2694 1132 ἐπεγράψατο.
2761 1044 2825 1110 ’Β
2884 1051 3166 1132 Ἀντιόχου
3235 1052 3404 1108 τοίνυν
3447 1074 3540 1130 φο-

1891 1138 2276 1219 ρολογουμένας
2319 1141 2413 1206 τὰς
2471 1141 2654 1220 ἑτέρας
2711 1139 2894 1203 πόλεις
2954 1143 3130 1216 ὁρῶσα
3167 1141 3256 1196 καὶ
3303 1141 3392 1196 σὺν
3450 1140 3538 1217 βίᾳ

1887 1229 1954 1282 τὰ
2008 1231 2265 1308 χρήματα
2319 1230 2407 1286 καὶ
2474 1229 2852 1309 ἀπαραιτήτως
2931 1230 3406 1308 εἰσπραττομένας,
3475 1231 3537 1286 τὸ

1886 1319 2062 1374 κοινὸν
2122 1326 2275 1375 τοῦτο
2329 1316 2479 1384 τέλος
2536 1319 2631 1376 οὒκ
2687 1319 2997 1398 ἐνεγκοῦσα,
3059 1317 3194 1375 ἄλλα
3250 1339 3307 1374 τε
3367 1319 3532 1376 δποτα

1886 1405 2035 1485 φιλεῖ
2088 1405 2256 1486 ὄχλος
2305 1408 2565 1486 πρόφασιν
2623 1409 2696 1472 είς
2741 1405 2951 1472 ἀταξίαν
2995 1403 3282 1482 λαμϐάνων
3322 1404 3526 1482 ἔδρασε,

1885 1495 1974 1551 καὶ
2029 1495 2127 1563 τὴν
2171 1494 2390 1574 χαλκῆν
2444 1496 2622 1552 εἰκόνα
2682 1500 2782 1563 τῆς
2823 1497 3174 1575 namque:
3225 1493 3529 1562 Πλακίλλης

1889 1583 2066 1662 (τοῦτο
2122 1586 2222 1663 γὰρ
2275 1585 2340 1653 ἧν
2396 1584 2565 1659 ὄνομα
2595 1590 2664 1661 τῇ
2716 1583 2974 1662 βασιλίδι)
3002 1585 3299 1663 κατήνεγκε
3327 1586 3415 1641 καὶ
3444 1585 3532 1647 ἰπὶ

1883 1672 2020 1730 πολὺ
2051 1675 2151 1740 τῆς
2183 1672 2390 1738 πόλεως
2422 1676 2877 1753 κατασοράμενος.

1964 1839 2048 1912 Λ’.
2081 1853 2254 1909 Ταῦτα
2307 1851 2602 1927 πυθόμενος
2659 1855 2687 1909 ὃ
2743 1850 2986 1930 βασιλεὺς
3044 1854 3131 1911 καὶ
3185 1851 3529 1938 χαλεπήνας,

1881 1937 2061 2019 ὥσπερ
2117 1939 2258 2003 εἰκός
2301 1941 2392 2020 ἧν,
2439 1942 2506 1999 τὰ
2560 1962 2618 1998 τε
2674 1947 2772 2009 τῆς
2803 1941 3010 2008 πόλεως
3041 1941 3286 2022 ἀφείλετο
3326 1937 3525 2024 δίκαια,

1881 2029 1970 2084 καὶ
2023 2033 2091 2105 τῇ
2159 2033 2355 2107 γείτονι
2413 2029 2568 2086 πόλει
2627 2029 2908 2104 Λαοδικείᾳ
2965 2037 3035 2108 τῇ
3077 2033 3220 2111 παρὰ
3259 2029 3525 2090 θάλασσαν

1883 2114 2077 2173 δέδωκε
2119 2119 2220 2186 τὴν
2273 2120 2584 2196 ἡγεμονίαν,
2649 2120 2815 2196 ταύτπ·⁸
2861 2118 3092 2196 μάλιστα
3150 2121 3378 2196 νομίζων
3423 2123 3524 2180 αὖ·

1881 2207 2004 2272 τοὺς
2059 2206 2294 2264 ἀνιάσειν
2329 2224 2344 2238 ⁶
2429 2206 2741 2278 ἐζηλοτύπει
2797 2210 2897 2288 γὰρ
2980 2211 3016 2277 ἦ
3101 2208 3376 2266 Λαοδίκεια
3429 2209 3526 2277 τὴν

1883 2292 2222 2375 Ἀντιόχειαν
2307 2295 2527 2356 ἄνωθεν.
2589 2298 2734 2354 Μετὰ
2787 2296 2843 2353 δὲ
2891 2300 3054 2355 ταῦτα
3109 2299 3197 2355 καὶ
3253 2298 3526 2378 έμπιπρᾷν

1882 2383 2092 2451 ἠπείλει
2151 2385 2239 2442 καὶ
2295 2383 2576 2442 καταλύειν
2623 2387 2710 2442 καὶ
2781 2388 2854 2451 είς
2911 2387 3102 2462 κώμην
3157 2388 3219 2443 τὸ
3261 2387 3388 2445 ἄστυ
3432 2409 3530 2463 με·

1882 2471 2158 2535 ταϐαλετν.
2220 2477 2280 2532 Οἱ
2331 2472 2385 2530 δὲ
2447 2474 2703 2554 ἄρχοντες
2757 2476 2854 2532 καί
2919 2474 3132 2534 ἆνεῖλόν
3193 2499 3339 2540 τινας
3398 2476 3523 2556 παρ’

1884 2564 2010 2621 αὐτὸ
2059 2559 2406 2628 συλλαϐόντες
2448 2566 2510 2620 τὸ
2553 2562 2808 2640 τόλμημα
2852 2565 2970 2643 πρὶν
3027 2571 3223 2643 γνῶναι
3250 2567 3344 2621 τὸν
3371 2565 3526 2642 βασι-

1882 2649 1977 2708 λέα
2031 2652 2130 2719 τὴν
2197 2651 2512 2730 τραγῳδίαν,
2576 2661 2748 2711 Ταῦτα
2805 2652 2861 2709 δὲ
2929 2654 3100 2710 πάντα
3179 2656 3208 2710 ὁ
3281 2653 3526 2731 βασιλεὺς

1881 2739 2091 2808 ἠπείλει
2121 2741 2243 2820 μὲν,
2291 2741 2349 2796 οὒ
2415 2742 2524 2818 μὴν
2608 2743 2945 2823 παραχρῆμα
2999 2743 3188 2823 ὶποίει,
3255 2745 3408 2800 τοῦτο
3436 2753 3530 2802 τοῦ

1881 2831 2045 2906 νόμου
2085 2829 2382 2895 κωλύοντος
2412 2853 2470 2908 9v
2499 2829 2819 2911 Ἀμϐρόσιος
2862 2834 2891 2889 ὁ
2921 2831 3087 2910 μέγας
3127 2835 3341 2900 τεθῆναι
3391 2854 3528 2911 παρ-

1883 2921 2093 2996 ῄνεσεν,
2127 2918 2346 2988 Ἐπειδὴ
2375 2919 2431 2977 δὲ
2474 2924 2616 2999 παρὰ
2658 2923 2754 2990 τὴν
2799 2921 3138 3001 Ἀντιόχειαν
3180 2924 3312 2990 ἧκον
3355 2923 3402 2978 οἱ
3433 2922 3528 2986 τὰς

1886 3007 2106 3072 ἀπειλὰς
2154 3007 2356 3072 ἐκείνας
2386 3011 2691 3087 κομίζοντες
2743 3009 3078 3090 (Ἐλλένιχος
3135 3031 3193 3066 τε
3235 3013 3531 3089 στρατηγὸς

1889 3100 2176 3166 τηνικαῦτα
2229 3097 2302 3155 ὧν
2356 3101 2444 3156 καὶ
2501 3101 2784 3178 Καισᾶριος
2839 3105 2945 3156 τῶν
2985 3098 3266 3176 βασιλείων
3303 3100 3537 3178 ἡγουμέ-

1891 3210 2004 3268 νος,
2054 3189 2344 3268 μάγιστρον
2399 3186 2454 3244 δὲ
2511 3190 2557 3244 οἱ
2617 3180 2876 3264 Ῥωμαῖοι
2919 3187 3140 3245 καλοῦσι
3194 3189 3286 3244 τὸν
3338 3188 3536 3256 ταύτην

1891 3277 2088 3358 ἔχοντα
2141 3279 2240 3346 τὴν
2291 3277 2512 3358 ἀρχὴν),
2567 3275 2622 3334 ὲν
2677 3275 2781 3333 δέει
2838 3278 2936 3352 μὲν
2992 3278 3130 3344 ἦσαν
3173 3276 3400 3341 ἅπαντες
3443 3278 3538 3342 τὰς

1892 3366 2116 3431 ἀπειλὰς
2197 3367 2633 3448 περιπεφρικότες
2669 3385 2683 3399 ·
2745 3367 2792 3422 οἱ
2861 3364 2916 3421 δὲ
2967 3366 3065 3434 τὴν
3137 3365 3399 3445 ὑπώρειαν
3448 3367 3533 3424 oi-

1891 3463 2105 3520 κοῦντες
2163 3461 2263 3524 τῆς
2314 3456 2502 3535 ἀρετῆς
2575 3451 2798 3522 ἀθληταὶ
2856 3452 3070 3530 (πολλοὶ
3119 3452 3174 3510 δὲ
3223 3455 3359 3523 ἦσαν
3417 3453 3539 3513 κατ’

1892 3546 2068 3603 έκεῖνο
2128 3544 2330 3626 καιροῦ)
2389 3547 2716 3626 συνήχθοντο
2784 3557 2902 3609 τοῖς
2959 3549 3029 3622 τῇ
3084 3542 3281 3612 ἄπειλῆ
3335 3543 3536 3603 ὑποϐε-

1890 3633 2202 3711 ϐλημένοις,
2288 3636 2376 3692 καὶ
2446 3633 2790 3714 περιέτρεχον
2860 3635 3164 3714 πανταχοῦ,
3239 3635 3327 3691 καὶ
3408 3633 3538 3714 ὑπὲρ

1890 3730 1995 3783 τῶν
2026 3723 2393 3802 κολαζομένων
2423 3726 2498 3783 ὡς
2523 3722 2739 3780 δυνατὸν
2779 3721 3134 3802 παρεκάλουν,

171 3809 315 3884 tudo,
375 3811 454 3873 iis
513 3831 666 3893 quos
699 3813 1062 3891 percellebat
1114 3815 1518 3895 comminatio,
1571 3814 2105 3897 compatiebantur,
2169 3820 2228 3875 et
2280 3814 2747 3896 circumquaque
2804 3819 3140 3887 cursantes,
3190 3809 3267 3874 de
3295 3811 3371 3874 iis
3399 3811 3537 3874 viris

167 3899 251 3977 qui
281 3901 585 3982 supplicio
616 3901 848 3964 fuerant
877 3903 1091 3984 affecti,
1125 3912 1408 3984 quantum
1438 3903 1676 3980 licebat,
1711 3904 1857 3966 alios
1887 3901 2252 3984 solabantur.

234 3987 436 4052 XXXI.
505 3991 678 4053 Unus
730 4000 928 4053 autem
987 4010 1058 4052 ex
1112 3992 1230 4054 illis
1277 4001 1404 4054 erat
1433 3992 1521 4054 vir
1549 4000 1800 4070 sanctus,

166 4087 477 4140 exornatus
511 4078 684 4140 omni
707 4079 948 4154 virtute,
975 4089 1033 4142 et
1060 4080 1160 4161 qui
1192 4081 1289 4143 die
1311 4091 1603 4163 nocteque
1635 4099 1814 4164 puras

165 4167 460 4229 orationes
485 4168 759 4230 omnium
793 4169 1085 4231 Salvatori
1106 4169 1524 4235 otferebat.Hic
1558 4191 1668 4234 nec
1697 4172 1813 4233 im-

169 4257 443 4333 peratoris
511 4258 666 4318 iram
718 4268 1012 4334 metuens,
1067 4277 1177 4322 nec
1228 4278 1433 4322 eorum
1485 4259 1590 4341 qui
1650 4257 1814 4322 missi

168 4355 342 4418 erant,
398 4355 762 4427 potestatem
814 4348 1011 4410 animo
1041 4357 1343 4428 reputans,
1403 4369 1536 4412 cum
1591 4349 1649 4410 in
1684 4369 1816 4412 me-

172 4431 310 4494 diam
340 4436 560 4499 urbem
595 4435 878 4518 venisset,
933 4444 991 4499 et
1049 4437 1306 4501 amiculo
1361 4440 1612 4502 alterum
1655 4438 1815 4518 lega-

173 4531 343 4584 torem
402 4525 935 4607 apprehendisset,
990 4527 1169 4607 jussit
1200 4537 1515 4608 utrumque
1541 4546 1612 4590 ex
1649 4527 1818 4608 equis

175 4610 566 4676 descendere.
627 4612 698 4676 Hi
730 4633 866 4676 vero
899 4635 1138 4696 parvum
1172 4617 1523 4692 seniculum,
1564 4634 1819 4698 eumque

174 4701 262 4762 viti
303 4723 501 4783 panno
529 4704 813 4767 vestitum
852 4705 1205 4785 conSpicati,
1232 4705 1422 4788 primo
1449 4706 1690 4788 quidem
1721 4707 1818 4767 in-

177 4787 568 4870 dignabantur
641 4793 717 4856 At
773 4813 906 4855 cum
960 4802 1165 4874 postea
1212 4787 1567 4876 quidam’ex
1616 4795 1690 4856 iis
1719 4798 1818 4876 qui

177 4884 602 4962 sequebantur,
635 4883 906 4946 virtutem
936 4884 1045 4946 viri
1097 4885 1590 4958 manifestassent,
1625 4885 1820 4946 conti-

179 4986 278 5031 nuo
299 4973 669 5035 desilierunt
701 4991 770 5035 ex
803 4973 994 5054 equis.
1013 4984 1070 5037 et
1101 4974 1258 5037 illius
1286 4993 1478 5054 genua
1501 4973 1816 5055 complexi,

182 5061 386 5123 veniam
449 5061 783 5144 petierunt.
843 5063 946 5125 Vir
1003 5071 1196 5126 autem
1228 5072 1488 5140 sanctus,
1524 5082 1591 5125 ac
1623 5062 1820 5124 divina

182 5148 368 5223 plenus
398 5150 727 5233 sapientia,
764 5151 862 5214 tali
901 5153 1056 5234 apud
1094 5171 1196 5216 eos
1222 5172 1360 5216 usus
1392 5161 1482 5216 est
1502 5152 1767 5215 oratione
1801 5170 1814 5215 :

182 5235 368 5316 Dicite,
393 5261 429 5303 ο
463 5259 616 5302 cara
646 5242 858 5322 capita,
912 5243 1256 5322 imperatori
1288 5264 1309 5304 :
1341 5241 1469 5304 Non
1503 5243 1822 5321 imperator

183 5327 373 5410 solum,
408 5349 628 5392 verum
659 5330 836 5392 etiam
869 5332 1046 5393 homo
1075 5332 1307 5394 exsistis
1351 5353 1364 5391 :
1408 5350 1482 5393 ne
1513 5331 1692 5410 igitur
1716 5349 1816 5391 so-

182 5411 288 5478 lum
318 5418 672 5500 imperium,
706 5419 811 5481 sed
861 5419 1046 5500 ipsam
1100 5439 1338 5503 quoquo
1380 5427 1647 5482 naturam
1677 5437 1822 5480 con-

182 5505 434 5584 sideres;
497 5526 643 5571 cum
695 5507 853 5570 enim
911 5511 1085 5573 homo
1141 5510 1246 5586 sis,
1299 5509 1566 5590 ejusdem
1598 5514 1823 5571 natura:

183 5597 550 5659 consortibus
620 5597 896 5677 imperas.
939 5597 1214 5661 Humana
1261 5615 1438 5678 porro
1487 5609 1695 5662 natura
1748 5598 1821 5660 ad

1976 3981 2110 4055 AA'.
2143 3994 2243 4058 Εἷς
2272 3991 2327 4049 δέ
2355 4015 2436 4057 τις
2478 3992 2530 4059 ἐξ
2573 3993 2746 4050 αὐτῶν
2775 3992 2911 4072 ἀνὴρ
2952 3990 3127 4070 ἅγιος,
3177 3993 3338 4072 ἀρετῇ
3390 3989 3537 4069 πάσῃ

1894 4082 2299 4159 κεκοσμημένος
2356 4083 2443 4138 καὶ
2483 4083 2685 4161 νύκτωρ
2741 4083 2828 4138 καὶ
2870 4078 2987 4157 μεθ’
3027 4080 3230 4159 ἡμέραν
3289 4087 3366 4155 τῷ
3424 4087 3540 4136 Σω-

1895 4177 2016 4252 τῆρι
2086 4177 2193 4227 τῶν
2249 4169 2385 4228 ὅλων
2461 4172 2690 4251 καθαρὰς
2772 4169 3081 4250 προσφέρων
3151 4169 3340 4250 εὺχὰς,
3395 4171 3542 4234 οὗτος

1897 4260 2016 4317 οὔτε
2069 4259 2161 4316 τοῦ
2237 4258 2500 4337 βασιλέως
2584 4257 2944 4338 καταπλαγεὶς
3014 4258 3113 4326 τὴν
3178 4259 3340 4337 όργῦν
3421 4258 3541 4315 οὕτε

1897 4347 2302 4406 ἀποσταλέντων
2366 4349 2468 4417 τὴν
2513 4347 2748 4416 ὶξουσίαν
2819 4349 2892 4412 εἰς
2964 4356 3082 4407 νοῦν
3149 4345 3351 4426 λαϐὼν,
3404 4348 3540 4404 κατὰ

1842 4438 2164 4530 ι)μέσον-τί)
2211 4438 2341 4530 ἂστυ
2395 4439 2702 4530 γενόμενος,
2733 4439 2968 4530 καὶλτεῖλς
3024 4435 3274 4530 χλανίδος
3323 4435 3541 4530 Θατέρου

1897 4533 2004 4584 τῶν
2062 4525 2468 4585 ἀποσταλέντων
2513 4527 2790 4609 ἀρχόντων
2838 4525 3157 4604 λαϐόμενος,
3217 4525 3539 4608 ἀμφοτέρους

1900 4614 1960 4672 ἐκ
2013 4622 2120 4674 τῶν
2174 4615 2362 4674 ἵππων
2415 4615 2710 4687 καταϐῆναι
2769 4615 2994 4676 κελεύει.
3043 4618 3103 4675 Οἱ
3147 4614 3202 4672 δὲ
3249 4618 3435 4695 μικρόν
3491 4638 3542 4672 τι

1900 4705 2166 4785 γερόντιον
2222 4705 2409 4774 εὖτελῆ
2466 4707 2622 4784 ῥάκια
2704 4704 3176 4787 περιϐεϐλημένον»
3204 4703 3422 4778 ἰδόντες,
3483 4706 3544 4762 τὸ

1900 4801 2108 4875 πρῶτον
2156 4799 2256 4873 μὲν
2309 4798 2398 4854 καὶ
2451 4795 2711 4877 χαλεπῶς
2788 4795 2996 4877 ἔφερον,
3054 4795 3238 4853 ἔπειτα
3287 4793 3343 4852 δέ
3404 4816 3543 4860 τινες

1901 4890 2006 4941 τῶν
2062 4886 2430 4963 συνεπομένων
2476 4887 2573 4955 τὴν
2619 4896 2714 4947 τοῦ
2754 4883 2938 4964 ἀνδρὸς
2989 4883 3259 4956 ἐδήλωσαν
3301 4883 3492 4962 ἀρετήν
3527 4903 3542 4922 ο

1901 4973 2280 5046 κατεπήδησάν
2334 4997 2392 5032 τε
2445 4981 2550 5033 τῶν
2593 4976 2780 5034 ἵππων
2835 4977 3001 5046 εὐθύς,
3055 4975 3143 5031 καὶ
3185 4975 3291 5029 τῶν
3351 4972 3547 5028 έκείνου

1900 5065 2137 5144 γονάτων
2195 5063 2476 5142 λαϐόμενοι
2534 5064 2853 5146 συγγνώμην
2906 5063 3144 5135 ἐζήτουν.
3203 5053 3261 5120 Ὀ
3292 5059 3346 5117 δὲ
3404 5059 3549 5126 ὅσιος

1900 5154 2031 5233 ἀνὴρ
2084 5153 2178 5221 τῆς
2234 5154 2376 5219 θείας
2418 5154 2602 5234 σοφίας
2661 5154 2974 5234 ἐμφορηθεὶς
3003 5149 3241 5208 τοιοῖσδε
3283 5152 3414 5230 πρὸς
3458 5153 3549 5207 αῦ-

1900 5244 2023 5307 τοὺς
2055 5242 2325 5322 ἐχρήσατο
2368 5243 2548 5322 λόγοις
2581 5259 2598 5275 ’
2631 5241 2834 5300 Εἴπατε
2863 5241 2954 5315 δὴ,
2984 5243 3030 5298 ὧ
3064 5238 3204 5320 φίλοι
3237 5237 3439 5320 ἄνδρες,
3471 5247 3549 5317 τῷ

1901 5330 2115 5409 βασιλεῖ
2147 5347 2161 5362 ⁸
2197 5333 2270 5390 Οὖ
2310 5331 2561 5409 βασιλεὺς
2619 5331 2672 5388 εἷ
2733 5330 2921 5409 μόνον,
2967 5329 3105 5387 ἀλλὰ
3132 5329 3222 5387 καὶ
3250 5327 3541 5410 ἅνθρωπος·

1903 5421 1981 5498 μὴ
2025 5420 2194 5478 τοίνυν
2251 5422 2383 5499 πρὸς
2439 5421 2608 5498 μόνην
2662 5419 2760 5501 ὅρα
2800 5421 2897 5490 τὴν
2941 5418 3234 5498 βασιλείαν,
3269 5418 3405 5477 ἀλλὰ
3462 5421 3552 5478 καὶ

1902 5511 2003 5581 τὴν
2044 5511 2198 5592 φύσιν
2244 5509 2410 5578 αὐτὴν
2461 5508 2674 5590 λογίζου
2705 5525 2720 5542 ⁸
2782 5507 3053 5591 ἄνθρωπος
3111 5510 3212 5591 γὰρ
3268 5509 3366 5583 ὥν,
3421 5513 3552 5587 ὁμου

1905 5601 2048 5682 φύῶν
2103 5597 2422 5678 βασιλεύεις.
2469 5597 2601 5658 Κατ’
2663 5601 2838 5658 είκόνα
2881 5597 2935 5657 δὶ
3003 5600 3146 5657 Θείαν
3225 5600 3314 5657 καὶ
3367 5599 3553 5676 ὁμοίου
