3938 6214
386 306 457 373 7i
1219 309 1406 374 VITA
1451 308 1512 371 S.
1559 303 1921 372 AMBROSII
1964 301 2315 366 AUCTORE
2357 298 2930 365 METAPZ—IRASTE
3685 295 3756 358 7‘2

389 465 474 502 σιν
527 443 742 508 πάντως
801 443 837 512 ῆ
895 448 1000 499 τῶν
1076 441 1363 518 ἀνθρώπων
1420 439 1873 518 δεδημιούργηται
1943 471 1944 481 ι

2203 435 2433 514 aginem
2459 455 2528 497 ac
2547 434 3000 502 similitudinem
3025 433 3286 494 divinam
3305 429 3547 492 omnino
3571 430 3755 492 efﬁcta

384 551 467 596 σις
501 550 518 568 ⁶
581 532 659 607 μῆ
715 534 887 588 τοίνυν
929 533 1093 607 ὠμῶς
1150 530 1289 588 οὕτω
1343 532 1431 586 καὶ
1481 529 1704 596 ἀπηνῶς
1753 533 1848 583 τοῦ
1903 533 1939 582 Θ

2196 533 2248 598 t;
2305 525 2584 606 quocirca
2637 525 2754 585 noli
2815 533 2931 586 tam
2988 522 3314 584 crudeliter
3341 530 3520 602 atque
3547 519 3751 607 imma-

385 623 486 689 τῆν
530 606 708 678 εἰκόνα
777 619 959 677 κέλευε
982 606 986 607 ί
1013 619 1469 698 κατασφάττεσθαι
1503 637 1517 652 ’
1579 615 1884 695 παροξύνεις
1935 639 1940 651 ·

2195 628 2274 677 ter
2326 614 2644 694 imaginem
2701 613 2805 675 Dei
2856 612 3245 692 jugulandam
3280 610 3643 698 praecipere;
3675 606 3750 698 sic

387 709 525 767 οὕτω
577 711 670 766 τὸν
727 711 1081 789 Δημιουργὸν,
1153 694 1253 776 τῆν
1314 707 1510 764 ἐκείνου
1551 694 1789 777 κολάζων
1833 704 1942 760 εἰκό

2199 704 2278 764 im
2312 703 2381 764 ad
2413 704 2555 764 iram
2589 703 2852 764 concitas
2881 701 3215 772 Artiﬁcem,
3258 700 3397 759 dum
3427 698 3485 758 in
3515 697 3646 776 ejus
3669 694 3750 756 ef-

387 799 672 864 Σκόπησον
713 800 838 876 γοῦν
895 785 988 861 ὡς
1023 799 1112 855 καὶ
1160 798 1222 855 σὺ
1286 796 1504 876 χαλκῆς
1561 794 1714 851 ἕνεκα
1761 791 1942 873 δυσχεε

2193 793 2310 852 iem
2343 792 2787 853 animadvertis.
2815 789 3122 869 Perpende
3152 788 3328 867 igitur
3367 785 3748 868 quemadmo-

384 909 488 944 νων
546 887 747 950 εἰκόνος
791 893 956 944 ταῦτα
983 899 1185 950 ποιεῖς.
1223 877 1397 944 ιὈσον
1438 883 1494 941 δὲ
1549 890 1647 952 τῆς
1678 881 1939 962 ἀψύχουὲ

2201 899 2252 939 m
2287 891 2343 941 tu
2377 881 2503 962 ipse
2537 889 2775 962 propter
2797 881 3040 957 ﬁguram
3066 896 3282 939 aeream
3308 879 3558 954 graviter
3589 891 3748 938 com-

383 977 525 1055 φέρει
584 977 620 1044 ἡ
678 973 926 1056 ἔμψυχος
976 978 1063 1033 καὶ
1118 981 1263 1047 ζῶσα
1304 976 1391 1032 καὶ
1424 973 1641 1053 λογικῆ,
1674 971 1834 1040 δῆλον
1863 969 1938 1027 {in

2193 982 2306 1029 itus
2336 970 2478 1031 istas
2500 970 2799 1048 designas.
2823 967 3050 1040 Quanto
3079 975 3274 1027 autem
3301 965 3492 1041 imago
3525 963 3748 1043 Spirans

379 1053 499 1130 τοῒς
551 1085 609 1121 τε
658 1075 780 1126 νοῦν
828 1053 1057 1146 ’ἔχουσιν
1109 1066 1307 1140 ὁμοίως
1348 1067 1436 1121 καὶ
1479 1063 1726 1130 αἴσθησιν
1795 1063 1932 1136 Πρὸς

2217 1061 2342 1120 viva
2388 1067 2446 1120 et
2496 1058 2800 1120 rationalis
2855 1057 3048 1138 potior
3095 1065 3212 1128 est,
3259 1072 3436 1135 quam
3471 1053 3742 1123 inanima,

375 1154 580 1220 τούτοις
629 1143 930 1233 λογισᾶσῧω
1001 1154 1225 1212 κάκεῖνο
1260 1173 1276 1190 ⁸
1359 1155 1433 1217 ὡς
1490 1155 1626 1228 ἡμῖν
1697 1152 1794 1227 μέν
1850 1148 1930 1228 ρᾴἒ

2189 1148 2488 1226 rspicuum
2548 1157 2636 1208 est
2681 1147 2977 1220 omnibus,
3028 1145 3129 1226 qui
3179 1143 3423 1225 quidem
3453 1149 3650 1202 mente
3683 1159 3744 1200 ac

377 1243 493 1299 ἀντὶ
538 1248 643 1310 τῆς
703 1244 904 1309 εἰκόνος
962 1241 1124 1310 τῆσδε
1197 1241 1398 1300 πολλὰς
1454 1239 1844 1319 δημιουργῆσαι
1886 1262 1922 1318 γ

2191 1255 2285 1298 nsu
2316 1238 2434 1298 sint
2467 1236 2721 1318 praediti.
2769 1239 3056 1297 Praeterea
3086 1243 3145 1295 et
3173 1235 3284 1294 hoc
3335 1249 3536 1293 secum
3571 1248 3746 1310 repu-

379 1337 477 1395 κᾶς
513 1351 528 1366 ο
596 1332 738 1389 αύτὼ
795 1331 851 1388 δὲ
907 1338 1188 1412 προφανῶς
1246 1331 1494 1388 ἀδύνατον
1549 1330 1671 1405 μίαν
1724 1335 1848 1406 γοῦν
1915 1350 1934 1383 1

2193 1373 2207 1397 ,
2244 1325 2415 1387 nobis
2467 1327 2669 1407 utique
2699 1325 3038 1406 expeditum
3092 1341 3224 1384 esse
3266 1339 3370 1400 pro
3421 1327 3612 1412 statua
3644 1319 3747 1380 ista

375 1421 752 1501 ἀναιρεθέντων
779 1407 1167 1500 δημιουργῆσαι
1196 1421 1378 1501 τρίχα,

2186 1433 2305 1476 ires
2327 1434 2508 1477 aereas
2538 1415 2684 1476 alias
2739 1415 2998 1476 conﬂare
3025 1432 3038 1476 :
3074 1412 3158 1474 illi
3193 1429 3226 1472 e
3248 1407 3547 1471 contrario
3576 1425 3741 1488 pror-

2098 1521 2200 1564 sus
2221 1502 2613 1584 impossibile,
2641 1522 2875 1577 eorum,
2902 1505 3002 1585 qui
3029 1505 3220 1563 necati
3253 1508 3410 1574 sunt,
3446 1500 3534 1558 vel
3566 1515 3741 1557 unum

2097 1593 2322 1654 crinem
2354 1595 2710 1672 procudere.

457 1689 561 1745 AB'
578 1733 590 1747 .

373 1775 596 1856 ἰκεῐνοι,

367 1866 464 1921 τοῦ
519 1867 685 1939 θυμοῦ
722 1861 1048 1922 κατέσϐεσαν
1088 1862 1262 1942 φλόγα
1294 1882 1309 1898 ο
1341 1865 1414 1926 ὡς
1459 1864 1574 1918 ἀντὶ
1626 1865 1732 1918 τῶν
1787 1859 2024 1918 ἀπειλῶν

369 1951 582 2009 ἐκείνων
630 1950 922 2032 ἀπολογίαν
975 1972 1033 2009 τε
1071 1953 1255 2009 αὐτίκα
1303 1952 1502 2030 γράψαι
1560 1951 1649 2008 καὶ
1699 1955 1799 2017 τῆς
1857 1951 2023 2028 ὀργῆς

368 2041 470 2108 τὴν
523 2041 692 2098 αἰτίαν
735 2039 973 2108 δηλὼσαι
1057 2044 1166 2100 Ούκ
1213 2037 1314 2096 ἔδει
1343 2041 1466 2119 γὰρ,
1506 2038 1633 2119 ἔφη,
1673 2038 1805 2115 ἐμοῦ
1841 2037 2025 2114 πλημ-

371 2127 725 2204 μελήσαντος,
812 2143 1040 2208 γυναῖκα
1121 2129 1300 2196 πάσης
1393 2129 1657 2209 εὐφημίας
1727 2126 2024 2194 ἆξιωτάτην

368 2219 634 2286 τοσαύτην
704 2218 843 2294 μετά
899 2215 1152 2287 τελευτὴν
1225 2215 1465 2284 δέξασθαι
1523 2218 1794 2295 παροινίαν
1828 2232 1844 2248 ’
1905 2215 2024 2273 κατ’

368 2307 502 2382 ἐμοῦ
563 2305 618 2362 δὲ
660 2306 833 2388 ἐχρῆν
871 2307 966 2362 τὸν
1005 2308 1168 2382 θυμὸν
1221 2307 1347 2369 τοὺς
1397 2306 1819 2385 ἀγανακτοῦντας
1877 2305 2026 2361 ὁπλί-

373 2415 484 2458 σαι.
520 2397 813 2475 Προσετίθει
869 2393 923 2452 δὲ
983 2405 1160 2475 τοῦτο³
1219 2396 1294 2458 ὡς
1351 2391 1496 2450 ἀλύει
1545 2393 1635 2450 καὶ
1703 2393 1911 2452 ἀνιᾶταί
1951 2415 2028 2450 τι·

374 2501 466 2548 νας
495 2484 600 2540 ὑπὸ
640 2486 746 2541 τῶν
787 2483 1064 2562 ἀρχόντων
1136 2483 1432 2562 ἀνῃρῆσθαι
1476 2485 1684 2557 μαθων.
1718 2481 1870 2540 Οὕτω
1923 2483 2022 2557 μὲι

373 2573 462 2629 οὗν
513 2573 544 2629 ὁ
599 2571 946 2653 φιλόχριστος
1003 2571 1251 2648 βασιλεὺς
1298 2572 1389 2628 καὶ
1415 2581 1633 2629 τοιαῦτα
1662 2570 1761 2626 ὑπὸ
1787 2579 1882 2629 τοῦ
1905 2573 2024 2627 θαυ-

373 2667 576 2736 μαστοῦ
654 2658 968 2739 Ἀμϐροσίου
1043 2657 1381 2734 πεπαίδευτο,
1443 2660 1531 2716 καὶ
1585 2659 1849 2725 τοσαύτης
1895 2659 2021 2737 παρ’

374 2752 530 2808 αὐτοῦ
591 2754 687 2816 τῆς
743 2748 966 2828 χάριτος
1019 2749 1108 2804 καὶ
1177 2753 1276 2815 τῆς
1352 2751 1713 2823 πνευματικῆς
1763 2746 2019 2828 ὠφελείας

372 2837 690 2898 ἀπέλαυσεν.
1601 2857 1604 2859 ‘

666 1688 875 1746 Τούτων
959 1688 1274 1751 ἀκούσαντες
1359 1687 1406 1744 οἱ
1488 1685 1777 1760 θαυμαστοὶ
1832 1681 2012 1764 ἄνδρες

2175 1680 2406 1744 XXXII.
2442 1681 2547 1744 His
2601 1682 2840 1752 auditis,
2891 1678 3274 1743 admirabiles
3320 1676 3402 1738 illi
3463 1675 3572 1737 viri
3621 1694 3746 1755 quae

660 1776 918 1850 μηνύουσι
987 1783 1066 1850 τῷ
1135 1773 1349 1850 βασιλεῖ
1389 1775 1457 1830 τὰ
1499 1773 1748 1851 εἰρημένα
1791 1774 1880 1829 καί
1923 1773 2018 1841 τῆν
2041 1769 2215 1832 Bdict

2203 1780 2257 1832 ta
2287 1771 2540 1843 fuerant,
2577 1771 2913 1851 signiﬁcant
2967 1768 3310 1850 imperatori
3345 1779 3400 1828 et
3433 1766 3749 1829 iracundize

2106 1861 2406 1921 ﬂammam
2479 1862 2897 1938 exstinguunt;
2931 1861 3010 1921 ita
3040 1870 3101 1920 ut
3154 1857 3446 1918 minarum
3505 1856 3747 1917 istarum

2108 1943 2235 2010 loco
2264 1968 2435 2030 quam
2472 1950 2726 2030 primum
2761 1949 2851 2010 sui
2882 1948 3172 2011 scriberet
3205 1945 3670 2024 excusationem,
3697 1953 3751 2004 et

2106 2038 2209 2098 ira:
2256 2055 2379 2099 suae
2414 2054 2650 2100 causam
2703 2046 3050 2117 exponeret.
3111 2034 3237 2097 Non
3290 2034 3538 2096 decebat
3568 2033 3748 2105 enim,

2107 2125 2433 2207 inquiebat,
2476 2146 2571 2188 me
2603 2128 3008 2208 delinquente,
3035 2144 3280 2186 uxorem
3315 2142 3504 2186 meam
3534 2121 3746 2202 praedi-

2108 2216 2343 2276 catione
2377 2215 2542 2276 omni
2575 2216 2609 2276 li
2635 2235 2745 2294 uge
2767 2215 3174 2294 dignissimam
3201 2220 3426 2274 tantum
3454 2221 3752 2273 contume-

2111 2303 2204 2364 liae
2255 2312 2386 2384 post
2437 2313 2687 2366 mortem
2749 2303 3092 2366 sustinere:
3139 2303 3242 2364 sed
3292 2320 3395 2363 eos
3425 2300 3524 2382 qui
3555 2301 3750 2361 animo

2112 2411 2217 2453 suo
2249 2391 2764 2473 obtemperarent,
2815 2401 3020 2454 contra
3050 2411 3146 2454 me
3175 2389 3483 2472 oportebat
3511 2389 3751 2450 iracun-

2109 2481 2266 2542 diam
2298 2498 2531 2543 armare
2561 2499 2751 2544 suam.
2784 2479 2890 2542 His
2933 2490 3221 2560 praterea
3253 2477 3553 2559 subjunxit
3582 2475 3750 2551 illud,

2105 2571 2239 2649 angi
2300 2588 2366 2632 se
2416 2570 2598 2631 animi
2652 2578 2827 2651 atque
2869 2569 3071 2632 dolere
3120 2568 3275 2650 quod
3331 2565 3756 2646 cognovisseta

2107 2659 2404 2740 przefectis
2435 2668 2623 2720 morte
2654 2661 2899 2721 affectos
2942 2659 3224 2740 quosdam
3257 2657 3457 2719 fuisse.
3483 2655 3611 2717 Hoc
3643 2657 3751 2716 ita-

2105 2767 2222 2829 que
2277 2747 2452 2810 modo
2495 2749 2822 2829 imperator
2868 2748 3085 2811 Christi
3137 2746 3385 2821 amicus,
3422 2744 3758 2822 talibusque

2105 2837 2414 2918 praeceptis
2439 2837 2511 2898 ab
2531 2835 2862 2898 admirabili
2883 2835 3198 2898 Ambrosio
3218 2835 3407 2897 fuerat
3427 2833 3752 2904 institutus,

2105 2936 2444 3007 tantamque
2473 2925 2721 3006 gratiam
2746 2944 2814 2988 ac
2837 2925 3206 3007 spiritualem
3239 2923 3553 2986 utilitatem
3583 2920 3660 2984 ab
3688 2938 3755 2982 eo

2105 3025 2474 3096 perceperat.

456 3093 585 3165 Al“.
639 3094 698 3162 Ὀ
765 3101 822 3160 δὲ
875 3107 1022 3167 θεῖος
1077 3088 1226 3171 οὗτος
1281 3100 1624 3184 Ἀμϐρόσιος,
1690 3104 1748 3159 ὃν
1807 3103 2011 3183 εἴρηται

2200 3088 2434 3168 l(XXIII.
2469 3104 2712 3166 Divinus
2768 3113 2960 3166 autem
3021 3103 3118 3165 hic
3150 3102 3499 3165 Ambrosius
3529 3100 3594 3160 in
3641 3097 3755 3159 Ec-

372 3191 591 3274 τρόπον²
636 3193 692 3249 ὲν
746 3198 817 3269 τῇ
861 3192 955 3250 τοῦ
1011 3196 1240 3274 Χριστοῦ
1297 3191 1589 3264 Ἐκκλησία
1632 3192 1686 3248 ἐν
1731 3191 2021 3272 όρθοδόξοις

371 3279 598 3359 δόγμασι
643 3279 974 3362 διαλάμψας,
1003 3283 1255 3354 ζηλωτής
1298 3303 1356 3338 τε
1409 3283 1496 3337 καὶ
1554 3283 1866 3362 ὑπέρμαχος
1922 3287 2020 3350 τῆς

369 3369 620 3438 ἀληθείας
679 3372 988 3450 γενόμενος,
1048 3373 1137 3428 καὶ
1191 3368 1618 3447 ἒποικοδομήσας
1677 3371 1763 3429 ἐπὶ
1821 3379 1900 3447 τῷ
1940 3376 2023 3429 θε-

370 3457 538 3535 μελίῳ
618 3464 725 3516 τῶν
800 3459 1112 3517 ἀποστόλων
1168 3463 1256 3518 καὶ
1310 3463 1626 3540 προφητῶν,
1689 3460 1880 3538 λόγους
1965 3483 2020 3518 τε

372 3546 667 3619 όρθοδοξίας
747 3550 834 3605 καὶ
925 3547 1258 3613 διδασκαλίας
1325 3550 1630 3625 ἐκθέμενος,
1687 3552 1775 3607 καὶ
1847 3557 2021 3608 πᾶσαν

370 3636 473 3692 ὑπὸ
517 3637 720 3716 ’Λρείου
775 3639 863 3693 καὶ
921 3635 1320 3718 ’Λπολλιναρίου
1388 3642 1746 3696 καινισθεϊσαν
1818 3638 2024 3718 α’ίρεσιν

371 3721 666 3796 ἀπελάσας,
725 3725 895 3782 πάντα
952 3747 1011 3782 τε
1078 3728 1142 3782 τὰ
1183 3729 1284 3794 τῆς
1316 3729 1476 3784 αύτοῦ
1503 3726 1788 3795 ἐκκλησίας
1845 3728 2022 3791 καλῶς

370 3810 700 3889 διαθέμενος,
759 3815 849 3871 καί
905 3816 984 3879 εἰς
1043 3817 1172 3893 βαθὺ
1213 3817 1382 3896 γῆρας
1424 3815 1642 3897 ἐλάσας,
1703 3817 1918 3898 πλήρης
1958 3839 2016 3875 τε

367 3902 584 3981 ἡμερῶν
657 3903 971 3985 γενόμενος,
1051 3905 1379 3963 ἀνεπαύσατο
1448 3905 1503 3961 ἐν
1585 3909 1789 3985 εἰρήνη,
1850 3910 2017 3972 τεθεὶς

369 3989 425 4047 ἂν
467 3995 538 4067 τῇ
579 3991 836 4065 ξκιλησία
878 3991 1233 4069 Μεδιολάνων,
1289 3995 1508 4071 μνήμην
1545 3995 1719 4063 ἀληθῆ
1770 3997 1862 4053 τὸν
1919 3998 2016 4054 αύ-

369 4080 465 4135 τυῦ
517 4079 632 4155 βίον
685 4081 997 4140 καταλιπὼν
1051 4083 1138 4142 καὶ
1167 4084 1234 4140 τὰ
1270 4084 1656 4161 κατορθώματα
1680 4101 1699 4119 ⁶
1741 4087 1817 4140 ὧν
1844 4083 2019 4156 ζηλω-

365 4168 461 4232 τὰς
519 4170 607 4226 καὶ
665 4172 811 4247 ἡμᾶς
862 4171 1102 4250 γενέσθαι
1151 4172 1518 4254 καταξιώσειε,
1572 4175 1662 4231 καὶ
1707 4177 1815 4232 τῶν
1843 4176 2016 4232 αὐτῶν

365 4254 604 4332 ἀμοιόὦν
649 4258 834 4333 ἐκείνῳ
875 4263 963 4318 καὶ
1013 4261 1119 4318 τῶν
1177 4263 1450 4342 στεφάνων
1504 4262 1786 4344 ἐπιτυχεῖν
1827 4264 2010 4344 χάριτι

2105 3193 2305 3269 clesia,
2368 3193 2868 3274 quemadmodum
2955 3193 3180 3255 dictum
3240 3200 3349 3272 est,
3411 3187 3758 3252 orthodoxis

2105 3283 2396 3362 dogmatis
2445 3283 2698 3363 fulgens,
2761 3282 3183 3363 aemulatorque
3245 3279 3506 3342 veritatis
3568 3279 3758 3339 factus

2105 3382 2164 3434 et
2196 3383 2620 3454 propugnator,
2645 3391 2777 3434 cum
2811 3391 2992 3452 super
3026 3371 3478 3433 fundamentum
3506 3375 3752 3449 aposto-

2107 3462 2296 3523 lorum
2326 3481 2392 3524 ac
2419 3463 2838 3544 prophetarum
2863 3462 3239 3536 aediﬁcasset,
3275 3478 3384 3520 nec
3424 3477 3543 3520 non
3579 3464 3758 3518 recta;

2106 3551 2391 3613 doctrina;
2438 3570 2506 3614 ac
2549 3551 2878 3633 disciplinae
2918 3549 3093 3611 verba
3126 3549 3516 3630 exposuisset,
3555 3547 3758 3624 fugata

2107 3640 2366 3720 qualibet
2395 3640 2610 3702 haeresi
2655 3640 2728 3702 ab
2757 3640 2898 3704 Ario
2924 3649 3098 3720 atque
3138 3637 3504 3719 Apollinario
3536 3653 3757 3698 recens

2107 3729 2358 3803 invecta,
2392 3739 2448 3790 et
2477 3729 2742 3791 Ecclesia
2789 3748 2895 3791 sua
2934 3729 2993 3789 in
3044 3728 3320 3789 omnibus
3347 3727 3574 3808 optima
3603 3743 3754 3786 con-

2102 3819 2325 3894 stituta,
2361 3819 2419 3879 in
2465 3819 2816 3901 profundam
2868 3835 3220 3899 progressus
3251 3823 3653 3885 senectutem,
3688 3831 3757 3874 ac

2101 3908 2332 3969 dierum
2371 3907 2604 3988 plenus,
2666 3908 2724 3969 in
2759 3927 2902 3990 pace
2933 3906 3242 3987 requievit.
3273 3904 3634 3968 Tumulatus
3667 3912 3757 3965 est

2102 3998 2158 4057 in
2201 3996 2467 4060 Ecclesia
2520 3997 2970 4068 Mediolanensi,
3033 4014 3231 4057 venam
3266 3992 3623 4056 memoriam
3662 3990 3755 4052 sui

2099 4086 2472 4168 relinquens,
2509 4085 2806 4167 propriam
2839 4087 3038 4166 utique
3065 4085 3239 4146 vitam
3271 4092 3330 4145 et
3354 4091 3518 4145 recte
3552 4083 3752 4144 facta:

2099 4196 2348 4257 quorum
2412 4184 2476 4237 ut
2535 4195 2641 4238 nos
2703 4193 2938 4256 quoque
3017 4176 3334 4235 evadamus
3391 4171 3753 4244 imitatores,

2099 4267 2428 4346 eademquo
2481 4284 2614 4327 cum
2646 4265 2747 4325 illo
2799 4264 3040 4345 praemia
3084 4271 3258 4344 atque
3304 4281 3560 4324 coronas
3589 4261 3750 4323 obti-

364 4346 462 4438 καί
485 4346 873 4438 ’φιλανθρωπία
921 4352 1016 4407 τοῦ
1084 4351 1272 4430 Κυρίου
1330 4353 1485 4427 ἡμῶν
1539 4351 1717 4420 Ἰησοῦ
1766 4360 1919 4433 Χριστ

2196 4355 2503 4436 imus,ipse
2532 4352 3018 4434 dignetur,gratia
3043 4362 3102 4414 et
3120 4351 3484 4432 benignilate
3503 4350 3751 4413 Domini

363 4431 560 4592 5:81:63
613 4438 702 4493 καὶ
755 4439 816 4494 τὸ
863 4439 1056 4516 κράτος
1099 4439 1173 4502 εἰς
1233 4439 1355 4504 τοὺς
1385 4443 1578 4505 αἰῶνας
1612 4447 1719 4498 τῶν
1775 4431 2010 4504 αἰώνωνξ

385 4529 473 4592 Ap.
514 4545 564 4582 ν.
1673 4586 1700 4592 η

385 4529 564 4597 λιμήν.

2101 4445 2284 4506 nostri
2312 4446 2450 4508 .Iesu
2481 4442 2723 4519 Christi,
2782 4443 2874 4504 cui
2905 4443 3095 4504 honor
3141 4450 3227 4505 est
3275 4452 3448 4522 atque
3479 4449 3752 4522 potestas

2098 4535 2158 4596 in
2191 4534 2404 4596 saecula
2429 4534 2805 4595 seculorum.
2838 4531 3051 4595 Amen.
