3938 6214
373 347 452 412 75
1710 358 1895 423 VITA
1937 363 2003 424 s.
2052 362 2431 425 AMBnosn
3681 361 3754 422 7e

376 486 593 560 quibus
620 487 717 544 hic
746 490 1212 559 controvertitur,
1245 492 1317 547 ad
1347 492 1526 548 vitam
1578 493 1649 549 ab
1711 493 2015 547 Ambrosio
2052 497 2093 559 Α
2132 495 2553 566 propagaverit,
2587 496 3084 566 quemadmodum
3114 495 3272 552 edita
3300 496 3372 551 ab
3402 511 3469 550 eo
3527 493 3752 564 scripta,

375 581 509 633 ante
537 577 903 650 baptismum
933 583 991 634 et
1019 578 1077 634 in
1109 578 1476 635 saecularium
1511 598 1703 636 rerum
1737 599 2015 636 commur-

375 665 466 721 cio
495 670 757 722 exactam
792 666 1081 739 pertinere
1115 668 1173 723 in
1230 669 1495 726 confesso
1551 674 1668 726 est:
1721 671 1792 726 de
1845 670 2016 726 annis

375 770 508 811 vero
537 772 687 827 quos
724 755 865 811 vixit
921 756 1250 828 episcopus,
1285 762 1342 813 et
1397 759 1470 813 ad
1530 775 1678 831 quos
1725 760 2020 831 praecipua

378 858 623 915 quaeque
671 844 856 916 ipsius
906 844 1055 900 facta
1102 846 1454 915 referuntur,
1511 852 1778 903 auctores
1837 849 2018 903 ferme

379 932 533 988 inter
560 948 623 987 se
653 933 1047 990 consentiunt.

443 1022 500 1077 5.
534 1022 697 1087 Quod
720 1038 891 1093 porro
923 1024 993 1078 ad
1022 1023 1212 1079 locum
1247 1026 1347 1096 qui
1378 1026 1649 1081 eumdem
1682 1031 2016 1082 nascentem

377 1111 687 1182 exceperit,
719 1111 863 1168 satis
891 1113 1263 1183 cognoscitur
1290 1130 1358 1168 ex
1387 1114 1579 1170 verbis
1608 1114 1837 1169 Paulini
1888 1131 2017 1170 eam

381 1199 585 1254 urbem
616 1199 818 1269 fuisse,
848 1196 909 1255 in
956 1217 1074 1271 qua
1130 1202 1328 1257 sedem
1370 1202 1584 1258 habere
1641 1208 2018 1259 consueverat

378 1286 701 1343 Galliarum
734 1289 1039 1359 praefectus
1063 1289 1260 1357 (Basil.
1291 1292 1464 1361 Epist.
1503 1291 1573 1346 ad
1609 1292 1815 1359 Ambr;
1864 1292 2017 1346 Pau-

378 1374 483 1431 lin.
517 1375 577 1432 in
615 1377 731 1433 Vita
757 1377 964 1446 Ambr.,
999 1378 1151 1448 etc.).
1179 1378 1394 1434 Verum
1425 1379 1526 1435 illa
1555 1380 1684 1452 ipsa
1703 1381 1839 1435 urbs
1862 1397 2015 1452 QUIB-

378 1481 515 1520 nam
547 1465 838 1521 censenda
868 1465 965 1534 sit,
998 1465 1152 1521 haud
1187 1484 1362 1539 parva
1392 1466 1467 1523 lis
1523 1473 1646 1536 est;
1704 1468 1802 1523 alii
1860 1468 2016 1523 enim

376 1551 619 1619 Arelati,
650 1552 748 1608 alii
780 1553 1033 1609 Treviris
1063 1558 1163 1609 aut
1190 1555 1364 1609 etiam
1396 1556 1680 1627 Lugdune
1710 1555 1868 1610 hunc
1913 1554 2016 1611 ho-

377 1658 580 1698 norem
612 1642 899 1711 deferunt,
934 1642 1145 1715 singuli
1188 1643 1455 1699 videlicet
1511 1644 1721 1699 harum
1781 1644 2017 1699 urbium

378 1729 673 1786 nobilitati
702 1747 770 1785 ac
800 1732 1196 1803 prmrogativis
1227 1732 1485 1804 antiquis
1508 1733 1625 1788 nixi
1653 1749 1666 1789 :
1691 1733 1792 1789 sed
1823 1749 2022 1788 revera

379 1817 631 1874 nulllum
654 1823 1067 1890 argumentum
1098 1836 1215 1892 quo
1245 1822 1466 1877 caeteris
1498 1822 1554 1876 in
1610 1822 1718 1877 hoc
1775 1828 2019 1893 antepo—

380 1908 575 1962 nenda
589 1905 811 1978 liquido
826 1908 1280 1973 demonstretur,
1301 1908 1359 1963 in
1379 1909 1638 1964 medium
1660 1914 2015 1981 promentes.

378 1994 503 2051 Non
535 1995 749 2051 desunt
776 2001 1052 2068 praeterea
1078 1996 1179 2068 qui
1218 1997 1464 2053 Romam
1520 1998 1710 2070 ipsam
1767 1998 2021 2054 vocitent

379 2084 676 2141 Ambrosii
734 2085 1015 2157 patriam:
1083 2086 1185 2141 sed
1234 2087 1426 2158 patria
1466 2086 1613 2141 nihil
1660 2086 1814 2142 aliud
1861 2088 2016 2158 apud

380 2189 480 2229 eos
507 2172 604 2228 his
632 2172 775 2229 locis
805 2178 994 2241 sonat,
1019 2189 1195 2245 quam
1250 2173 1485 2230 familia
1543 2180 1717 2247 atque
1774 2175 2019 2246 originis

381 2260 574 2318 solum
605 2260 819 2329 natale,
851 2278 956 2318 nec
996 2278 1112 2317 non
1163 2262 1404 2319 solitum
1463 2269 1772 2335 parentum
1830 2266 2019 2320 sancti

378 2349 509 2421 viri,
539 2354 598 2407 et
625 2349 815 2422 ipsius
844 2350 1019 2407 etiam
1052 2368 1165 2407 non
1205 2350 1457 2407 modicio
1511 2356 1773 2424 tempore
1828 2353 2017 2408 domi-

379 2438 601 2496 cilium.

447 2531 501 2585 6.
536 2530 599 2585 In
647 2528 749 2585 illa
803 2529 983 2603 igitur
1032 2527 1242 2586 harum
1297 2528 1553 2597 urbium,
1609 2529 1706 2584 ubi
1765 2530 2017 2601 praefecti

375 2617 697 2675 Galliarum
728 2617 1063 2691 praetorium
1119 2622 1264 2688 erat,
1318 2618 1377 2673 in
1438 2618 1630 2674 lucem
1691 2618 1883 2673 editus
1932 2623 2021 2674 est

377 2712 575 2764 noster
601 2706 1111 2763 Ambrosiuszubi
1142 2712 1200 2762 et
1246 2706 1527 2762 Paulinus
1584 2705 1663 2778 (in
1718 2708 1835 2763 Vita
1890 2709 2020 2762 Am-

379 2799 543 2865 bros.,
577 2814 635 2852 n.
668 2797 724 2864 3)
755 2795 1089 2868 prodigium
1141 2795 1283 2849 illud
1341 2800 1626 2850 memorat
1681 2796 2017 2867 contigisse,

378 2904 494 2959 quo
526 2884 767 2958 apicula:
798 2885 858 2939 in
900 2901 966 2940 os
1023 2883 1297 2938 infantuli
1346 2883 1678 2939 alternatim
1732 2885 2018 2940 intrantes

377 2980 552 3048 atque
580 2977 882 3040 exeuntes,
914 2989 1209 3028 summam
1243 2970 1405 3027 illius
1433 2971 1493 3027 in
1526 2972 1792 3039 dicendo,
1844 2980 1900 3026 et
1956 2975 2017 3028 in

375 3062 715 3121 hominibus
744 3061 815 3117 ad
847 3060 1063 3116 Christi
1094 3060 1444 3132 obsequium
1467 3059 1812 3126 alliciendis,
1833 3061 2020 3116 suavi-

371 3157 551 3211 tatem
581 3150 715 3207 vism
746 3155 886 3207 sunt
904 3150 1268 3222 portendere.

2129 584 2378 654 virgines
2406 585 2535 655 ejus
2567 585 2841 640 manibus
2873 584 3118 641 solemni
3149 586 3263 639 ritu
3292 582 3519 639 Christo
3558 598 3755 637 conse-

2128 676 2316 738 cratae,
2350 673 2705 727 monasteria
2734 674 2973 728 demum
3004 672 3179 728 variis
3210 673 3270 727 in
3317 672 3460 728 locis
3511 672 3581 726 ab
3636 670 3756 742 ipso

2127 760 2398 815 instituta
2426 760 2617 832 palam
2653 762 2893 817 faciunt.
2928 765 3083 817 Inter
3109 762 3364 834 virgines
3386 766 3581 816 autem
3638 776 3759 831 quis

2129 867 2157 903 a
2191 853 2392 903 sancto
2423 848 2671 920 praesule
2701 851 2774 905 ad
2805 851 3186 922 professionis
3217 867 3335 906 suae
3355 849 3764 921 perfectionem

2126 938 2450 991 informatas
2507 942 2664 1003 sunt,
2724 937 2950 993 nullam
3006 937 3425 1011 insignioribus
3485 937 3761 991 virtutum

2127 1026 2393 1080 omnium
2427 1026 2661 1082 fulsisse
2694 1027 3075 1092 documentis,
3122 1042 3296 1098 quam
3346 1024 3758 1092 Mareellinam,

2126 1115 2316 1185 ipsius
2347 1115 2570 1185 effigies
2598 1132 2632 1169 a
2662 1115 2757 1186 pio
2787 1118 2961 1170 fratre
2992 1115 3140 1187 ston
3169 1131 3442 1187 expressa
3470 1114 3621 1169 clare
3662 1115 3764 1168 de-

2126 1207 2415 1257 monstrat
2447 1204 2569 1273 (lib.
2600 1221 2661 1257 m
2692 1204 2765 1257 De
2795 1206 2935 1271 virg.
2969 1220 3096 1275 cap.
3130 1207 3185 1269 4,
3216 1220 3377 1258 num.
3410 1203 3481 1257 l5
3506 1206 3558 1257 et
3610 1201 3760 1272 seq.).

2128 1291 2323 1345 Roma
2356 1292 2593 1362 quidem
2630 1292 3107 1346 commorabatur
3162 1292 3367 1347 eadem
3426 1291 3605 1362 virgo,
3663 1289 3764 1345 sed

2128 1379 2288 1433 fratri
2322 1396 2552 1450 semper
2582 1379 2786 1434 intimo
2817 1381 3072 1451 quodam
3104 1379 3433 1435 animorum
3465 1396 3611 1434 nexu
3632 1395 3764 1433 con-

2119 1467 2329 1537 juncta
2360 1467 2495 1534 fuit;
2529 1468 2611 1522 ita
2642 1472 2705 1522 ut
2732 1468 2881 1538 ejus,
2916 1468 2965 1524 si
2996 1468 3230 1539 quando
3260 1466 3453 1538 ipsum
3475 1465 3535 1521 in
3559 1465 3767 1521 Urbem

2128 1556 2381 1611 traheret
2412 1556 2747 1623 necessitas,
2795 1561 3111 1627 conspectu
3169 1555 3284 1611 frui
3340 1555 3580 1609 minime
3633 1570 3768 1610 con-

2129 1650 2294 1699 tenta
2326 1644 2574 1699 subinde
2608 1644 2997 1700 Mediolanum
3021 1645 3190 1700 itaret
3221 1644 3292 1699 ad
3324 1660 3457 1699 eum
3514 1643 3772 1698 invisen-

2130 1734 2307 1788 dum:
2341 1734 2570 1804 quoties
2601 1737 2795 1788 autem
2828 1733 2899 1788 ab
2932 1732 3178 1788 invicem
3207 1732 3467 1788 locorum
3495 1731 3775 1787 distantia

2131 1823 2572 1891 separabantur,
2604 1822 2823 1877 crebris
2852 1812 3118 1893 epistolis
3146 1821 3335 1893 iisque
3363 1821 3436 1876 de
3463 1819 3673 1875 virtute
3702 1835 3771 1874 ac

2129 1909 2407 1981 religione
2440 1909 2812 1980 potissimum
2842 1910 3097 1980 scriptis,
3130 1913 3402 1964 mutuum
3421 1908 3512 1963 sui
3542 1907 3770 1963 deside—

2128 2000 2281 2053 rium
2313 1998 2769 2053 consolarentur.
2800 2004 2875 2053 At
2903 2002 3181 2069 praeterea
3226 1997 3276 2052 si
3332 1997 3472 2069 quid
3530 1996 3772 2051 anxium

2128 2087 2517 2142 sollicitumve
2573 2088 2855 2142 reddebat
2912 2084 3773 2152 Ambrosium,'amantissima

2128 2193 2294 2231 soror
2347 2176 2663 2231 fraternam
2721 2174 3176 2231 sollicitudinem
3243 2190 3377 2229 cum
3431 2191 3497 2229 eo
3562 2174 3771 2246 partiri

2129 2282 2430 2336 nunquam
2463 2264 2704 2329 destitit,
2738 2265 2931 2335 quoad
2982 2262 3079 2319 ille
3134 2262 3315 2319 vixit:
3366 2263 3555 2334 ipsam
3604 2261 3773 2318 enim

2128 2354 2503 2424 superstitem
2536 2353 2586 2408 ei
2611 2352 2792 2408 fuisse
2818 2352 3064 2408 dubium
3091 2368 3207 2408 non
3239 2356 3348 2407 est.

2196 2444 2251 2496 9.
2287 2442 2631 2497 Ambrosius
2663 2442 2804 2496 dum
2835 2441 2954 2513 egit
2984 2441 3197 2510 Romae,
3248 2440 3565 2495 liberalibus
3610 2438 3778 2495 disci-

2125 2532 2297 2603 plinis
2328 2530 2575 2601 (Paulin.
2610 2529 2669 2586 in
2705 2532 2822 2587 Vita
2851 2530 3060 2598 Ambr.,
3092 2546 3255 2584 num.
3288 2530 3343 2600 5)
3371 2544 3604 2601 operam
3667 2528 3781 2582 ds-

2127 2620 2231 2686 dit,
2267 2635 2650 2691 magnosque,
2683 2623 2750 2673 ut
2780 2636 2849 2673 ex
2896 2621 3025 2689 ejus
3074 2617 3582 2673 lucubrationibus
3639 2615 3784 2671 licet

2128 2725 2497 2778 cognoscere,
2530 2712 2586 2762 et
2615 2708 2674 2762 in
2699 2706 2940 2763 lectione
2957 2707 3242 2762 bonorum
3278 2712 3603 2768 auctorum,
3626 2709 3686 2760 et
3708 2705 3775 2760 in

2128 2797 2458 2852 Graecarum
2495 2797 2817 2851 litterarum
2876 2794 3205 2866 cognitione
3263 2809 3605 2865 progressus
3662 2792 3776 2849 ha-

2127 2884 2273 2939 buit.
2310 2885 2447 2939 [nde
2477 2901 2610 2939 cum
2636 2883 2873 2938 orandis
2900 2883 2960 2937 in
2987 2884 3108 2937 foro
3140 2882 3333 2937 causis
3364 2882 3625 2936 animum
3670 2881 3780 2937 ad-

2117 2974 2379 3043 jecisset,
2411 2978 2642 3027 tantum
2676 2989 2792 3043 prae
2824 2988 2885 3027 se
2914 2971 3049 3025 tulit
3068 2970 3309 3042 ingenii,
3334 2969 3677 3041 eloquentiae
3705 2974 3773 3026 et

2125 3062 2426 3133 gravitatis
2454 3079 2468 3129 ;
2504 3066 2568 3115 ut
2593 3078 2727 3115 eum
2758 3061 2981 3115 Probus
3012 3059 3279 3131 praetorio
3333 3059 3634 3130 praefectus
3693 3058 3774 3113 ad

2126 3151 2449 3205 consilium'
2494 3149 2843 3204 tribuendum
2896 3148 3154 3220 eligeret.
3214 3147 3457 3219 Satyrus
3509 3162 3774 3219 quoque,

441 3244 497 3298 7.
555 3241 687 3313 (An.
747 3238 898 3311 353.)
951 3238 1119 3294 Patre
1176 3241 1426 3305 mortuo,
1484 3237 1832 3293 Ambrosius
1880 3255 2013 3294 cum
2046 3223 2088 3289 C
2126 3242 2360 3309 peracto
2389 3237 2718 3293 studiorum
2752 3254 2994 3292 suorum
3027 3235 3339 3303 curriculo,
3372 3235 3561 3290 forum
3592 3249 3776 3289 secu-

373 3335 561 3387 matre
591 3331 835 3386 Romam
869 3344 1134 3383 reversus
1164 3331 1271 3393 est,
1306 3343 1421 3398 qua
1448 3327 1506 3380 in
1558 3327 1701 3381 urbe
1730 3326 2015 3383 Marcelli-

376 3435 535 3485 nam,
557 3433 681 3490 quae
697 3418 1088 3487 virginitatem,
1104 3420 1171 3470 ut
1182 3414 1466 3470 Paulinus
1483 3416 2012 3487 testatur(num.1i),

366 3510 490 3580 jam
521 3508 702 3577 fuerat
725 3506 992 3577 professa,
1053 3519 1188 3558 cum
1238 3504 1352 3558 alia
1397 3504 1539 3559 item
1582 3520 1750 3559 sacra
1797 3504 2018 3576 virgine

374 3596 737 3655 habitantem
763 3593 994 3665 reperit.
1018 3593 1162 3648 Cum
1184 3597 1379 3648 autem
1409 3608 1478 3646 ex
1502 3592 1751 3664 ipsomet
1777 3594 2011 3649 Ambro-

375 3687 465 3743 sio
519 3698 868 3757 cognoscere
910 3680 987 3737 sit
1042 3681 1310 3737 eamdem
1375 3680 1750 3737 Marcellinan
1806 3682 2014 3740 Liberii

375 3772 673 3847 pontiﬁcis
703 3769 977 3827 manibus
1002 3767 1180 3823 natali
1213 3768 1305 3822 die
1335 3768 1548 3824 Christi
1579 3770 1809 3825 Domini
1852 3771 2014 3827 ﬂam-

369 3880 501 3921 meo
528 3858 801 3934 virginali
834 3858 1016 3913 fuisse
1047 3862 1444 3912 consecratam
1477 3857 1600 3925 (lib.
1645 3874 1708 3913 In
1740 3861 1815 3914 De
1870 3863 2009 3932 virg.

368 3967 497 4025 cap.
532 3952 584 4017 1,
613 3965 777 4004 num.
808 3947 864 4019 4)
891 3964 904 4003 :
937 3944 1174 4002 aliunde
1204 3961 1337 4001 vero
1368 3962 1483 4001 non
1544 3946 1848 4002 dubitetur
1870 3950 2012 4020 quin

365 4039 463 4097 ille
494 4038 756 4111 pontifex
783 4052 839 4091 xx
871 4034 995 4090 Kal.
1026 4034 1236 4090 Junias
1265 4032 1402 4089 anni
1434 4039 1663 4089 tantum
1705 4036 1831 4103 352,
1891 4040 2012 4092 suf-

362 4129 549 4186 fectus
575 4126 752 4184 fuerit
782 4125 843 4180 in
874 4124 1199 4181 decessoris
1259 4124 1351 4179 sui
1406 4122 1545 4178 Julii
1606 4124 1825 4191 sedem,
1871 4124 2008 4182 hinc

358 4215 425 4271 ﬁt
452 4218 817 4286 compertum
848 4210 1196 4268 Marcellinae
1224 4210 1717 4267 consecrationem
1744 4229 1858 4268 non
1893 4213 2007 4269 nisi

354 4321 458 4362 vm
489 4302 614 4358 Kal.
645 4300 963 4357 Januarias
988 4298 1148 4365 anni,
1197 4305 1263 4354 ut
1320 4299 1659 4364 minimum,
1716 4301 1840 4369 353,
1901 4307 2004 4358 aut

355 4391 554 4464 potius
584 4389 712 4457 354,
746 4388 870 4444 fieri
904 4387 1185 4460 potuisse.
1220 4387 1397 4443 Porro
1454 4404 1585 4442 cum
1645 4389 1715 4443 ad
1765 4394 1997 4462 tempus

356 4477 742 4533 Ambrosiano
771 4475 831 4529 in
867 4476 1073 4530 urbem
1106 4474 1294 4529 reditu
1326 4476 1616 4546 posterius
1652 4478 1940 4533 referatur
1971 4497 2004 4535 a

2126 3331 2242 3391 tus,
2302 3326 2616 3382 incredibili
2679 3326 3064 3391 admiratione,
3122 3327 3187 3379 ut
3242 3323 3535 3378 Ambrosii
3588 3321 3777 3379 verba

2125 3432 2498 3486 usurpemus,
2533 3417 2591 3470 in
2620 3415 2894 3471 auditorio
2939 3416 3280 3486 pnefccturaa
3332 3412 3580 3467 sublimis
3626 3414 3775 3467 emi-

2123 3507 2238 3559 cuit
2264 3506 2359 3575 (De
2385 3520 2606 3560 excessu
2629 3504 2835 3576 Satyri,
2870 3521 2925 3557 n.
2954 3504 3069 3575 29).
3104 3504 3170 3557 Et
3198 3517 3399 3557 revera
3449 3500 3620 3555 ambo
3682 3499 3776 3557 illi

2126 3593 2332 3648 fratres
2392 3594 2671 3647 virtutum
2727 3609 2969 3647 suarum
3043 3591 3321 3662 sull‘ragio
3402 3588 3775 3646 clarissimas

2124 3698 2386 3754 quasque
2416 3681 2731 3754 dignitates
2771 3681 3023 3736 assecuti
3054 3683 3210 3745 sunt,
3244 3695 3389 3749 quas
3419 3694 3534 3749 quo
3561 3678 3775 3734 animo

2121 3770 2297 3825 iidem
2330 3770 2598 3837 adierint,
2633 3769 2785 3824 clare
2823 3768 3171 3840 signiﬁcavit
3226 3765 3593 3832 Ambrosius,
3659 3766 3773 3823 ubi

2122 3859 2242 3913 haec
2273 3858 2677 3915 dixit:Szeculi
2722 3857 2887 3929 hujus
2936 3858 3180 3923 honores,
3209 3855 3421 3927 inquit,
3467 3898 3480 3910 .
3525 3896 3538 3909 .
3586 3895 3598 3909 .
3629 3871 3775 3925 quos

2119 3948 2236 4002 ideo
2267 3947 2451 4019 adepti
2478 3963 2687 4014 sumus,
2738 3963 2846 4002 non
2894 3948 3026 4018 quia
3072 3947 3181 4016 fuit
3230 3943 3532 4016 expetenda
3568 3958 3773 4000 em‘um

2114 4038 2405 4108 perceptio,
2437 4035 2528 4090 sed
2548 4052 2617 4090 ne
2658 4036 2781 4089 vilis
2820 4033 3185 4089 dissimulatio
3234 4032 3510 4086 uideretur
3574 4030 3773 4101 (ibid.,

2118 4142 2282 4180 num.
2313 4126 2426 4192 25).
2459 4123 2963 4188 Quemadmodum
2996 4125 3190 4176 autem
3232 4123 3469 4192 Satyrus
3522 4117 3774 4191 provin-

2116 4214 2267 4269 ciam
2325 4212 2822 4268 administraverit
2900 4228 3017 4266 suce
3076 4226 3229 4265 cura:
3286 4208 3585 4273 creditam,
3640 4224 3771 4264 non

2114 4301 2351 4357 aliunde
2376 4300 2586 4357 melius
2618 4316 2796 4371 quam
2823 4316 2892 4354 ex
2949 4297 3059 4353 hoc
3117 4298 3369 4352 fraterno
3415 4295 3770 4351 testimonio

2112 4390 2335 4445 discere
2364 4388 2530 4444 licet:
2556 4389 2752 4458 Qualis
2782 4389 2841 4442 in
2863 4388 3144 4441 universos
3164 4386 3351 4456 fuerit,
3384 4383 3466 4438 ait
3488 4382 3606 4450 ille,
3623 4399 3773 4454 pro-

2110 4478 2437 4532 vincialium
2464 4477 2661 4547 quibus
2686 4477 2935 4547 praefuit,
2989 4474 3172 4529 studia
3209 4473 3400 4528 docent
3428 4472 3525 4541 qui
3559 4486 3773 4542 paren-

355 4564 601 4623 Paulino
631 4564 844 4636 saepius
874 4562 970 4617 hic
995 4563 1252 4628 citando,
1286 4564 1440 4635 quod
1461 4564 1616 4619 idem
1652 4567 1999 4622 Ambrosius
2030 4589 2077 4651 ι)
2109 4568 2219 4620 tem
2271 4567 2453 4634 magis
2508 4566 2813 4636 proprium,
2861 4578 3028 4633 quam
3075 4562 3321 4651 judicem
3370 4560 3767 4651 loquebantur.

358 4670 573 4711 manus
602 4669 742 4708 suas
772 4656 1055 4722 tanquam
1088 4652 1263 4705 futuri
1297 4651 1551 4725 episcopi
1575 4654 1998 4710 exosculandas

357 4741 563 4817 puellae
594 4739 915 4814 porrigeret
936 4743 1291 4804 memoratas,
1322 4756 1387 4795 ex
1420 4740 1553 4796 lusu
1582 4740 1683 4796 illo
1703 4758 1842 4797 sane
1862 4759 2000 4814 pue-

356 4831 450 4888 rili
481 4829 626 4887 satis
649 4828 947 4901 colligitur
975 4827 1322 4884 Pauliniana
1376 4830 1570 4896 verba,
1628 4846 1752 4885 cum
1807 4831 1997 4887 adole-

354 4921 539 4990 visset,
572 4917 939 4990 potiorijure
968 4917 1039 4973 de
1080 4917 1266 4973 sancti
1324 4918 1504 4973 nostri
1567 4934 1718 4974 anno
1773 4936 1848 4973 XII
1908 4920 1995 4974 vel

353 5026 453 5065 xm
485 5005 757 5079 intelligi,
789 5021 964 5077 quam
998 5006 1068 5061 de
1098 5023 1192 5061 xxx
1222 5011 1324 5061 aut
1353 5022 1444 5061 xx.
1475 5005 1637 5061 Unde
1673 5005 1819 5062 illud
1879 5025 1995 5064 non

2105 4662 2321 4724 gratum
2387 4654 2494 4724 pix
2572 4651 2988 4707 necessitudinis
3053 4650 3347 4713 arbitrum,
3410 4650 3773 4703 constantem

2106 4744 2249 4814 a’qui
2295 4742 2446 4811 juris
2474 4740 2881 4811 disceptatorem
2911 4738 3068 4810 (ibid.
3098 4754 3261 4792 num.
3292 4736 3403 4805 58).

2178 4831 2259 4884 10,
2298 4830 2429 4902 (ΑΝ.
2461 4829 2611 4898 375.)
2667 4828 2851 4891 Quam
2883 4828 3177 4899 regionem
3233 4825 3476 4896 Satyrus
3545 4838 3769 4896 regen-

2105 4918 2242 4973 dam
2285 4917 2589 4989 acceperit,
2641 4916 2883 4971 minime
2942 4919 3207 4971 constat:
3270 4912 3424 4985 quod
3483 4928 3621 4967 vero
3681 4912 3764 4967 ad

2104 5006 2502 5075 Ambrosium,
2550 5005 2773 5061 Probus
2826 5005 2953 5075 jam
3010 5007 3145 5058 ante
3198 5004 3559 5057 memoratus
3616 5015 3765 5056 eum

2103 5095 2359 5168 praefecit
2386 5094 2632 5166 Liguriae
2663 5098 2839 5166 atque
2868 5091 3132 5157 ZEmilim,
3164 5090 3381 5162 quibus
3434 5088 3765 5161 provinciis

2103 5182 2669 5254 archiepiscopatum
2755 5179 3274 5245 Mediolanensem,
3375 5175 3766 5248 Liguriarum

2100 5270 2545 5339 Taurinensem,
2603 5270 2993 5334 Genuensem,
3053 5271 3231 5338 atque
3316 5264 3763 5320 Bononiensem

2103 5358 2515 5431 comprehendi
2548 5358 2721 5430 vulgo
2753 5357 3110 5412 existimant.
3128 5355 3274 5409 Cum
3297 5369 3468 5425 porro
3500 5353 3765 5408 Ambro-

2102 5447 2256 5501 sium
2288 5446 2428 5501 illuc
2457 5446 2563 5501 abs
2618 5462 2682 5501 se
2724 5446 2946 5500 Probus
3006 5443 3346 5509 dimitteret,
3401 5456 3537 5495 cum
3586 5439 3765 5495 hisce

2099 5534 2293 5591 verbis
2326 5534 2508 5590 fertur
2537 5533 2859 5590 allocutus:
2900 5532 3058 5599 Vade,
3115 5530 3325 5603 inquit,
3383 5544 3482 5599 age
3518 5544 3634 5583 non.
3694 5533 3768 5585 ut

2090 5622 2285 5705 judge,
2340 5623 2431 5683 sed
2484 5628 2547 5683 ut
2600 5624 2876 5704 episcOpus
2923 5619 3172 5703 (Paulin.
3223 5618 3285 5677 in
3356 5618 3480 5677 Vita
3553 5617 3762 5682 Ambr.

353 5095 559 5153 leviter
586 5099 778 5167 potest
804 5094 1170 5160 conﬁrmare,
1202 5095 1356 5167 quod
1373 5094 1663 5150 Ambrosii
1688 5102 1882 5151 ortum
1900 5114 1998 5152 un-

351 5201 427 5241 no
457 5185 565 5240 340
595 5182 1051 5256 assignavimus.

419 5274 473 5327 8.
515 5272 806 5327 Educatus
860 5271 919 5325 in
978 5271 1363 5326 contubernio
1420 5270 1631 5326 barum
1691 5272 1993 5343 virginum

346 5363 549 5415 noster
576 5359 942 5425 Ambrosius,
992 5360 1129 5415 inde
1184 5363 1346 5415 tanto
1406 5375 1543 5430 erga
1598 5360 1992 5430 virginitatem

349 5452 526 5519 atque
554 5446 882 5501 caelibatum
914 5462 1111 5503 amore
1137 5448 1379 5503 affectus
1410 5452 1516 5513 est,
1552 5453 1617 5501 ut
1667 5447 1811 5502 illud
1863 5447 1992 5502 vitae

351 5550 540 5610 genus
569 5549 686 5589 non
719 5533 892 5590 modo
923 5534 1048 5607 ipse
1076 5550 1308 5606 semper
1337 5534 1581 5590 coluerit
1639 5552 1814 5607 quam
1870 5540 1992 5591 stu-

352 5622 709 5694 diosissime,
739 5638 940 5683 verum
969 5622 1146 5682 etiam
1168 5623 1303 5682 totis
1321 5621 1545 5682 viribus
1564 5621 1735 5702 longe
1759 5622 1993 5703 lateque
