3944 6216
217 313 289 370 τει
1117 263 1126 269 ’
1269 314 1373 375 ex
1417 314 1608 376 EJUS
1652 310 1867 378 POTIS

2023 297 2136 373 UM
2181 309 2554 374 SCRIPTIS.
3532 317 3612 380 7s

218 459 376 500 num.
407 443 463 516 8)
497 463 511 512 ;
553 445 832 502 nimirum
865 449 931 500 ut
955 444 1151 518 potius
1205 443 1574 500 clementiam
1634 445 1856 515 episco-
1889 444 1938 508 Α
1970 443 2212 514 episcopi
2229 443 2465 514 judicio,
2499 446 2787 500 orientales
2817 447 2983 502 etiam
3015 449 3256 518 exemplo
3286 450 3611 520 probarunt,

219 532 632 606 palem.quam
674 534 893 605 judicia
954 533 1320 590 severitatem
1381 533 1677 589 exhiberet
1733 551 1860 603 pro-

213 620 582 691 vincialibus,
618 623 1014 695 pulcherrime
1035 624 1383 678 admonens.

282 710 369 766 11.
403 709 590 783 Hujus
619 713 892 784 praecepti
921 711 1083 767 haud
1123 712 1436 768 immemor
1478 711 1701 766 exstitit
1731 714 1863 766 Am—

215 798 448 856 brosius
479 816 494 854 :
528 799 880 873 populorum
913 800 1071 855 enim
1123 799 1354 854 animos
1407 802 1709 871 tantopere
1756 799 1867 854 sibi

215 887 472 944 devinxit
500 890 774 946 comitate
804 905 917 944 sua
945 891 1004 944 et
1033 887 1505 953 mansuetudine,
1538 891 1625 954 ut,
1653 887 1866 944 exstin-

217 978 311 1032 cto
341 977 652 1048 Auxentio,
677 977 902 1050 perfido
930 975 1033 1032 illo
1062 975 1276 1032 Ariano
1307 975 1431 1048 (qui
1463 976 1661 1030 sedem
1693 993 1866 1032 occu-

215 1070 384 1137 parat
412 1065 932 1132 Mediolanensem,
966 1065 1122 1119 unde
1154 1065 1374 1134 ejectus
1405 1068 1461 1118 et
1491 1063 1546 1118 in
1598 1063 1866 1120 exsilium

221 1155 584 1211 amandatus
609 1157 736 1210 erat
749 1157 991 1209 sanctus
1020 1153 1381 1224 Dionysius),
1410 1152 1468 1206 in
1501 1153 1630 1222 ejus
1675 1152 1869 1208 locum

215 1243 466 1314 ipsemet
490 1243 774 1300 suﬁ'ectus
805 1241 980 1297 fuerit
1010 1241 1082 1296 ad
1113 1257 1248 1296 eum
1279 1241 1518 1296 modum
1547 1241 1702 1313 quia
1731 1241 1872 1298 Pau-

210 1329 337 1388 lino
369 1331 669 1404 eleganter
695 1329 1068 1386 describitur.
1111 1330 1454 1385 Ambrosius
1487 1329 1595 1384 hac
1652 1329 1711 1384 in
1762 1330 1872 1386 ele-

208 1420 414 1477 ctione
441 1420 563 1476 vim
597 1419 709 1476 sibi
740 1418 964 1474 illatam
996 1418 1178 1473 fuisse
1210 1419 1543 1489 frequenter
1572 1419 1874 1491 conqueri-

209 1513 308 1564 tur
339 1507 526 1580 (ibid.,
559 1524 723 1564 num.
769 1507 804 1561 6
831 1511 884 1562 et
911 1507 1046 1578 seq.)
1103 1521 1358 1577 namque
1387 1505 1448 1560 in
1500 1507 1689 1576 primo
1720 1506 1870 1563 libro

211 1597 283 1652 de
311 1594 538 1652 Ofﬁciis
563 1595 583 1667 (
607 1611 771 1650 num.
803 1597 840 1649 2
867 1598 924 1650 et
969 1595 1024 1665 4)
1052 1594 1226 1649 modo
1255 1593 1368 1648 sibi
1415 1596 1719 1665 refugienti
1765 1597 1867 1650 im-

206 1686 446 1757 positam
495 1683 792 1740 sacerdotii
852 1681 1306 1739 necessitudinem
1352 1681 1526 1748 dolet,
1586 1683 1760 1738 modo
1811 1700 1870 1739 se

213 1782 436 1846 raptum
463 1789 499 1828 a
525 1771 906 1828 tribunalibus
936 1779 1098 1842 atque
1127 1772 1638 1826 administratio-nis
1669 1773 1868 1843 infulis
1894 1805 1941 1873 Β

216 1862 283 1916 ad
337 1860 725 1916 sacerdotium.
786 1860 853 1914 Et
910 1858 1024 1914 alio
1055 1859 1114 1914 in
1148 1857 1300 1913 libro
1335 1875 1347 1912 :
1382 1859 1621 1926 Dicetur,
1652 1860 1862 1932 inquit,

217 1952 346 2006 Ecce
375 1950 472 2005 ille
499 1966 609 2005 non
639 1950 701 2003 in
741 1947 994 2004 Ecclesia:
1040 1949 1285 2002 nutritus
1341 1949 1492 2011 sinu,
1525 1964 1634 2002 non
1661 1949 1864 2004 edomi-

217 2043 303 2094 tus
331 2055 367 2092 a
388 2053 560 2110 puero
591 2054 604 2093 :
629 2037 724 2093 sed
751 2039 940 2109 raptus
967 2053 1002 2091 a
1058 2036 1466 2103 tribunalibus,
1501 2035 1762 2092 abductus
1803 2038 1868 2094 de

216 2126 557 2182 vanitatibus
587 2126 778 2180 saeculi
816 2125 1000 2195 hujus,
1031 2140 1066 2178 a
1102 2125 1374 2195 praeconis
1403 2139 1526 2179 voce
1581 2124 1651 2179 ad
1703 2127 1866 2181 Psal-

215 2219 400 2272 mistz
444 2217 784 2284 assuefactus
843 2214 1116 2268 canticum
1147 2211 1270 2282 (lib.
1307 2229 1346 2266 ιι
1379 2214 1454 2267 De
1503 2215 1694 2282 pamit.
1728 2231 1776 2269 c.
1809 2218 1864 2282 8,

217 2320 382 2359 num.
429 2304 546 2370 67).
575 2302 648 2357 Et
702 2306 836 2374 post
898 2316 1130 2372 pauca:
1195 2300 1414 2357 Custodi
1467 2301 1670 2356 donum
1723 2303 1868 2374 quod

216 2391 504 2449 contulisti
531 2392 707 2446 etiam
761 2391 1076 2460 refugienti.
1125 2391 1234 2460 Ego
1265 2391 1414 2444 enim
1443 2390 1679 2446 sciebam
1730 2391 1870 2464 quod

213 2497 324 2537 non
355 2497 477 2536 sum
509 2479 718 2553 dignus
755 2479 953 2535 vocari
973 2479 1276 2550 episcOpus,
1325 2480 1586 2548 quoniam
1613 2479 1867 2535 dederam

213 2586 299 2626 me
323 2569 532 2626 saeculo
563 2567 691 2623 huic
721 2585 734 2622 :
761 2568 864 2624 sed
890 2570 1076 2640 gratia
1107 2576 1202 2622 tua
1254 2584 1376 2621 sum
1431 2567 1571 2639 quod
1601 2584 1740 2622 sum.
1801 2559 1866 2624 Εἰ

213 2675 337 2714 sum
367 2657 602 2730 quidem
631 2657 901 2711 minimus
930 2656 1180 2712 omnium
1225 2657 1618 2726 episcoporum,
1651 2661 1702 2712 et
1735 2658 1862 2727 infi-

215 2764 336 2803 mus
369 2746 590 2802 merito.
627 2744 689 2800 In
721 2743 968 2816 epistola
997 2759 1230 2815 quoque
1261 2743 1334 2798 ad
1363 2741 1758 2800 Vercellenses
1784 2746 1864 2802 ita

215 2833 534 2908 loquitur:
593 2833 766 2901 Quam
851 2833 1167 2888 resistebam
1223 2849 1291 2887 ne
1355 2831 1708 2890 ordinarer...
1763 2834 1864 2890 Sed

212 2939 324 2979 non
351 2923 538 2978 valuit
569 2923 933 2994 praescriptio,
983 2921 1280 2993 praevaluit
1331 2921 1611 2992 impressio
1669 2923 1858 2994 (epist.

207 3013 297 3078 63,
331 3012 645 3082 num.65).
680 3012 842 3066 Certe
887 3009 1124 3082 quidem
1183 3026 1252 3064 ex
1279 3009 1354 3064 iis
1401 3027 1527 3080 qua:
1579 3011 1862 3069 Paulinus

207 3101 316 3158 hac
347 3102 423 3157 de
457 3117 520 3156 re
549 3103 749 3155 narrat
775 3099 857 3171 (in
889 3101 1008 3154 Vita
1036 3098 1220 3154 Ambr.
1273 3115 1331 3152 n.
1360 3099 1414 3153 7.
1447 3101 1498 3153 et
1547 3099 1702 3171 seq.),
1738 3100 1861 3172 pla-

1972 533 2470 600 qnomadmodum
2499 537 2744 588 testatur
2765 535 3008 604 ipsemet
3036 537 3401 606 Ambrosius,
3435 539 3534 608 qui
3559 544 3615 594 et

1973 620 2283 692 subjungit
2316 639 2328 676 :
2361 622 2420 676 Si
2448 623 2637 678 dilatio
2667 625 3006 680 ordinatiuni
3061 626 3252 697 (le/uit,
3286 629 3366 682 vis
3419 643 3613 696 cogen-

1975 710 2044 762 tis
2075 717 2151 763 est
2179 726 2198 762 :
2229 711 2282 764 si
2310 727 2416 764 non
2445 711 2584 766 deest
2617 713 2908 768 humilitas
2938 719 3241 786 competens
3289 715 3608 784 sacerdotio,

1977 797 2072 852 ubi
2099 814 2265 853 causa
2285 815 2395 853 non
2425 798 2617 866 hdzret,
2651 802 2844 855 vitium
2876 817 2980 856 non
3016 805 3334 874 imputatur.

2047 887 2133 948 13,
2163 886 2494 942 Verisimile
2523 892 2613 942 est
2643 891 3138 945 consecrationem
3171 891 3329 947 illam
3365 911 3444 948 vn
3476 894 3613 949 Idus

1977 977 2197 1032 mensis
2220 978 2552 1032 Decembris
2574 978 2784 1033 factam
2811 980 2992 1035 fuisse
3016 981 3493 1052 quandoquidem
3505 983 3616 1038 hoc

1977 1065 2104 1137 ipso
2157 1065 2251 1120 die
2282 1065 2500 1120 mentio
2539 1067 2667 1136 ejus
2700 1068 2764 1121 fit
2795 1071 2912 1122 tam
2949 1069 3099 1140 apud
3136 1069 3383 1136 Graecos,
3435 1087 3614 1142 quam

1981 1153 2133 1225 apud
2167 1152 2400 1208 Latinos
2429 1170 2441 1207 :
2486 1154 2626 1224 quin
2659 1155 2842 1210 ethoc
2895 1155 3052 1211 idem
3101 1157 3359 1213 indicare
3389 1158 3619 1215 videtur

1980 1241 2345 1309 Ambrosius,
2380 1259 2512 1296 cum
2546 1259 2725 1314 agens
2757 1244 2826 1298 de
2886 1243 3090 1300 Felicis
3149 1245 3448 1302 Comensis
3504 1247 3621 1318 epi-

1981 1330 2138 1401 scopi
2167 1331 2546 1397 ordinatione,
2593 1346 2717 1400 quw
2746 1333 2808 1385 in
2834 1332 3058 1388 exordio
3095 1335 3212 1404 ipsa
3251 1334 3622 1390 Kalendarum

1981 1419 2364 1474 Novembrium
2394 1419 2640 1486 redibat,
2666 1419 2750 1474 sic
2782 1437 2916 1475 eum
2949 1419 3265 1492 alloquitur
3296 1439 3310 1476 :
3371 1423 3622 1479 Natalem

1981 1514 2139 1562 tuum
2163 1523 2552 1579 prosequemur
2591 1510 2787 1563 nostris
2843 1509 3200 1577 orationibus,
3233 1513 3284 1565 et
3337 1513 3398 1566 tu
3451 1511 3625 1566 nostri

1977 1599 2036 1651 in
2063 1598 2171 1651 tuis
2226 1598 2361 1651 votis
2415 1613 2526 1651 non
2580 1597 2922 1652 obliviscaris
2982 1597 3173 1669 (epist.
3237 1597 3287 1665 4,
3322 1615 3484 1654 num.
3543 1597 3619 1670 2).

1977 1684 2200 1740 Etenim
2236 1686 2284 1740 si
2335 1685 2513 1740 dictio
2560 1687 2734 1740 nostri
2763 1685 2978 1740 efﬁciat
3007 1702 3200 1741 vocem
3233 1689 3458 1756 natalis,
3518 1687 3620 1743 ad-

1977 1773 2215 1829 modum
2246 1772 2548 1844 probabile
2579 1773 2753 1828 fuerit
2779 1773 2970 1828 virum
2997 1777 3262 1829 sanctum
3289 1791 3402 1830 non
3435 1773 3623 1830 aliun-

1974 1863 2044 1916 de
2062 1862 2131 1916 ad
2164 1861 2284 1916 haec
2315 1861 2619 1916 scribenda
2651 1861 2955 1916 inductum
2987 1879 3134 1928 esse,
3159 1861 3272 1918 nisi
3299 1863 3439 1934 quia
3488 1861 3621 1918 initi

1973 1951 2078 2007 abs
2109 1965 2170 2006 se
2211 1949 2578 2022 episcopatus
2607 1949 3071 2004 anniversarium
3132 1951 3425 2022 cogitabat
3478 1956 3620 2007 tunc

1975 2039 2304 2094 imminere.
2357 2039 2532 2110 Atqui
2591 2055 2917 2093 consensus
2950 2038 3519 2110 chronologistarum
3550 2040 3623 2096 de

1977 2144 2129 2182 anno
2160 2126 2615 2182 consecrationis
2645 2127 2909 2195 ejusdem
2951 2127 3137 2182 sancti
3189 2127 3373 2182 multo
3433 2128 3623 2198 major

1976 2221 2084 2283 est,
2117 2231 2318 2271 eorum
2349 2215 2507 2269 enim
2539 2215 2882 2286 peritissimi
2914 2232 3066 2270 anno
3093 2216 3200 2270 374
3257 2231 3386 2270 eam
3433 2209 3619 2272 collo-

1976 2307 2147 2369 cant;
2181 2319 2520 2374 quanquam
2552 2319 2668 2356 non
2701 2303 2892 2358 desint
2911 2303 3011 2373 qui
3032 2303 3296 2358 eamdem
3316 2303 3375 2358 in
3397 2321 3620 2360 annum

1976 2393 2384 2462 insequentem
2415 2390 2616 2445 ditl'ere
2647 2390 2952 2458 voluerint,
2989 2408 3103 2445 non
3134 2394 3276 2446 satis
3338 2393 3617 2448 nimirum

1975 2481 2342 2536 attendentes
2368 2478 2780 2544 Valentiniani,
2818 2494 2994 2548 quem
3027 2479 3400 2550 superstitem
3438 2480 3620 2537 fuisse

1974 2573 2204 2624 constat
2247 2585 2361 2638 quo
2394 2571 2652 2638 tempore
2685 2567 2754 2620 ad
2815 2565 3216 2638 episcopatum
3274 2568 3618 2625 Ambrosius

1973 2660 2276 2730 cooptatus
2305 2660 2412 2723 est,
2445 2655 2668 2710 obitum
2701 2655 2964 2710 evenisse
3021 2672 3174 2710 anno
3227 2653 3356 2722 375,
3415 2673 3616 2714 mense

1971 2745 2296 2802 Novembri.
2352 2744 2797 2814 Quamprimum
2872 2759 3006 2798 vero
3064 2749 3305 2800 sanctus
3361 2745 3610 2802 antistes

1973 2835 2312 2891 electionem
2337 2848 2504 2888 suam
2537 2831 2826 2904 episcopis
2858 2847 2992 2887 cum
3014 2832 3314 2888 orientalis
3344 2833 3612 2892 Ecclesiae

1969 2930 2096 2979 tum
2127 2919 2633 2998 occidentalishut
2660 2920 2840 2974 moris
2894 2925 3036 2989 erat,
3097 2921 3468 2992 signiﬁcavit,
3527 2940 3619 2980 ex-

1971 3017 2202 3084 statque
2231 3009 2553 3066 etiamnum
2587 3007 2809 3078 episola
2853 3009 3049 3080 magni
3083 3009 3278 3064 Basilii
3333 3028 3617 3082 perquam

1977 3093 2226 3172 egregia,
2287 3114 2404 3168 qua
2453 3096 2662 3151 litteris
2713 3097 3118 3151 Ambrosianis
3168 3097 3267 3151 ille
3307 3099 3622 3169 respondet

203 3188 531 3246 nisaimum
586 3192 677 3244 est
731 3166 1002 3242 sanctum
1057 3186 1215 3241 hunc
1260 3190 1557 3255 nostrum,
1729 3166 1866 3244 huic
1896 3166 1939 3232 (ἶ
1977 3166 2173 3260 (Easil.
2207 3166 2378 3257 epist.
2410 3187 2525 3253 55),
2556 3188 2613 3238 et
2632 3184 2742 3253 ‘qui
2773 3183 3030 3252 epistola:
3061 3183 3317 3255 Dionysii
3346 3166 3520 3256 quem
3558 3186 3620 3241 in

205 3278 374 3334 oneri
435 3277 796 3334 subduceret
850 3275 1150 3342 humeros,
1211 3273 1355 3329 nihil
1413 3291 1528 3330 non
1587 3279 1864 3332 tentasse.

201 3365 638 3424 Verumtamen
670 3364 772 3420 ubi
799 3363 1194 3420 Valentiniani
1235 3363 1479 3420 Caesaris
1510 3362 1696 3419 allatae
1729 3370 1869 3422 sunt

200 3453 444 3524 litterae,
479 3455 693 3511 divina
740 3451 1030 3508 voluntati
1057 3468 1234 3524 quam
1285 3457 1420 3523 post
1449 3456 1536 3506 tot
1563 3452 1778 3509 indicia
1806 3453 1866 3510 in

199 3543 460 3600 dubium
496 3556 768 3599 revocare
787 3543 915 3614 jam
949 3558 1066 3596 non
1099 3544 1344 3612 poterat,
1394 3557 1616 3596 morem
1669 3558 1868 3614 gerere

197 3637 454 3688 coactus
484 3631 619 3686 fuit.
652 3631 795 3686 Eam
825 3630 897 3688 ob
927 3645 1051 3685 rem
1079 3627 1296 3684 secutis
1319 3629 1702 3701 temporibus,
1731 3648 1865 3688 cum

203 3719 594 3776 atrocissime
623 3718 1004 3790 impeteretur
1025 3717 1098 3774 ab
1117 3715 1364 3786 Arianis,
1390 3717 1866 3776 Valentinianum

200 3809 550 3864 secundum
608 3805 703 3862 his
769 3806 961 3863 verbis
1009 3805 1442 3878 compellabat:
1503 3807 1721 3874 Omitto,
1780 3809 1866 3864 in-

195 3896 443 3968 quiens,
481 3897 625 3969 quia
644 3895 766 3967 jam
796 3911 910 3966 ipse
924 3895 1158 3968 populus
1181 3895 1474 3967 judicavit,
1496 3897 1705 3962 omitto,
1738 3899 1868 3969 quia

199 3999 322 4038 eum
353 4001 534 4056 quem
567 3984 748 4050 habet,
781 3983 846 4038 de
867 3985 1028 4055 patre
1056 3983 1362 4038 clementiae
1391 3990 1502 4038 tum
1526 3985 1822 4054 postulavit
1852 4005 1864 4042 :

195 4074 351 4129 taceo
391 4075 544 4146 quia
596 4079 752 4144 pater
774 4072 995 4143 pietatis
1021 4074 1130 4126 tuae
1187 4071 1418 4142 quietem
1445 4071 1692 4141 futuram
1747 4089 1867 4145 spo-

193 4160 414 4232 pondit,
452 4164 512 4216 si
541 4161 746 4216 electus
789 4161 1090 4231 susciperet
1115 4157 1496 4216 sacerdotium.
1534 4161 1682 4216 Hanc
1709 4163 1871 4232 ﬁdem

193 4254 416 4305 secutus
446 4267 587 4305 sum
609 4249 1003 4320 promissorum
1032 4246 1223 4318 (epist.
1254 4248 1346 4314 21,
1379 4264 1542 4304 num.
1578 4249 1655 4320 7).

267 4339 360 4393 12.
393 4339 739 4409 Postquam
773 4336 952 4409 igitur
969 4333 1183 4390 divinis
1209 4334 1404 4407 paruit
1431 4334 1756 4408 imperatis,
1789 4355 1872 4395 re-

195 4427 623 4496 generationis
673 4425 902 4480 lavacro
961 4423 1218 4496 episCOpi
1279 4423 1548 4480 catholici
1598 4427 1872 4484 manibus

1976 3277 2311 3347 episcopatu
2343 3271 2564 3342 excepit
2591 3270 2956 3334 Ambrosius,
2985 3270 3262 3341 reliquias
3313 3272 3622 3343 adjunctas

1975 3364 2158 3420 fuisse
2189 3361 2428 3434 quidam
2461 3359 2814 3415 existimant.
2849 3358 3114 3414 Mortuus
3162 3366 3358 3414 autem
3414 3366 3501 3418 est
3558 3360 3621 3417 in

1977 3452 2178 3509 exsilio
2211 3453 2450 3507 sanctus
2480 3447 2794 3520 Dionysius
2849 3464 2948 3502 VIII
3005 3448 3128 3503 Kal.
3187 3448 3414 3523 Apriles
3462 3451 3620 3523 ejus-

1977 3543 2110 3597 dem
2141 3539 2278 3596 anni
2311 3539 2434 3593 374.

2049 3631 2136 3684 14.
2169 3629 2453 3684 Caeterum
2485 3625 2832 3681 Ambrosius
2863 3628 3059 3681 noster
3087 3627 3282 3682 statim
3316 3631 3492 3700 atque
3548 3629 3622 3686 ad

1976 3723 2201 3773 tantam
2233 3715 2576 3788 dignitatem
2611 3718 2954 3786 assumptus
2989 3713 3114 3782 fuit,
3162 3733 3396 3770 omnem
3443 3717 3621 3774 aliam

1978 3823 2177 3862 curam
2212 3813 2596 3877 praeterquam
2630 3801 2908 3873 implendi
2961 3804 3222 3860 muneris
3253 3804 3343 3858 sui
3377 3822 3411 3860 a
3441 3821 3503 3860 se
3532 3821 3622 3861 re-

1979 3895 2181 3950 movit.
2218 3894 2273 3948 ls
2301 3892 2456 3946 enim
2493 3892 2642 3946 bona
2669 3889 3033 3961 temporalia,
3065 3893 3282 3961 quibus
3311 3893 3497 3963 ipsius
3544 3893 3626 3949 fa-

1979 3982 2143 4038 milia
2173 3979 2432 4050 locuples
2464 3983 2610 4040 crat,
2644 3995 2778 4032 cum
2819 3979 3089 4048 Satyrum
3122 3979 3358 4034 fratrem
3417 3980 3628 4052 opibus

1979 4087 2294 4146 pauperem
2328 4069 2506 4123 fuisse
2534 4067 2623 4121 vir
2652 4071 2892 4120 sanctus
2923 4072 3094 4138 neget
3142 4067 3237 4138 (De
3253 4083 3473 4124 excessu
3526 4069 3630 4125 Sa-

1982 4162 2116 4232 tyri,
2148 4173 2312 4212 num.
2343 4156 2457 4224 56),
2506 4153 2779 4208 universa
2809 4151 3118 4222 abdicavit,
3149 4169 3408 4227 auroque
3456 4161 3514 4211 et
3543 4173 3630 4212 ar-

1980 4254 2153 4322 gento
2209 4247 2266 4300 in
2324 4260 2538 4316 egenos
2591 4241 2817 4307 collato,
2877 4241 3094 4312 praedia
3155 4259 3279 4310 sua,
3340 4251 3628 4302 reservato

1979 4336 2159 4393 sorori
2195 4333 2317 4391 solo
2367 4332 2696 4398 usufructu,
2754 4329 3019 4386 Ecclesiae
3078 4331 3283 4387 tribuit
3345 4333 3529 4405 (Paul.
3565 4334 3626 4392 in

1989 4429 2106 4483 Vita
2171 4421 2357 4478 Ambr.
2419 4437 2584 4474 num.
2644 4419 2758 4490 58).
2821 4419 2959 4474 Inde
3016 4424 3106 4475 est
3151 4422 3304 4494 quod
3367 4428 3629 4497 tempore

205 4513 394 4570 voluit
423 4513 668 4588 expiari
703 4530 716 4567 :
765 4515 1088 4586 Baptizatus
1115 4516 1309 4568 autem
1359 4515 1539 4584 fertur
1565 4518 1748 4572 omnia
1797 4533 1881 4574 ec-
1912 4526 1960 4592 D
1988 4513 2212 4570 Arianae
2255 4507 2674 4584 persecutionis
2705 4508 3072 4580 responderit
3102 4513 3262 4567 tanta
3291 4530 3424 4569 cum
3473 4513 3630 4570 fidu-

195 4601 519 4660 clesiastica
554 4604 751 4674 ofﬁcia
780 4603 1050 4674 implesse,
1078 4610 1240 4672 atque
1265 4605 1452 4658 octava
1471 4602 1560 4660 die
1597 4607 1875 4679 episcopus

197 4691 497 4748 ordinatus
531 4699 626 4747 est
662 4690 912 4762 (Paulin.
947 4692 1008 4746 in
1047 4692 1162 4746 Vita
1190 4690 1374 4746 Ambr.
1411 4707 1552 4746 num
1583 4692 1662 4764 9.)
1717 4693 1876 4750 Nihi-

199 4775 466 4837 lominus
501 4784 719 4836 tamen
753 4783 818 4834 ut
846 4778 1117 4834 Ecclesiae
1149 4777 1326 4850 leges,
1361 4796 1486 4851 quae
1519 4783 1873 4856 neophytum

195 4873 394 4925 vetant
427 4867 809 4938 consecrari,
842 4866 1212 4938 aliquatenus
1271 4867 1738 4938 observarentur,
1773 4889 1874 4928 an-

197 4957 364 5014 nisus
421 4962 524 5015 est
588 4955 827 5011 viribus
883 4955 1179 5022 omnibus,
1244 4965 1304 5012 ut
1358 4957 1550 5013 saltem
1605 4959 1878 5016 ordinatio

196 5048 584 5113 protelaretur
613 5043 845 5116 ,(epist.
903 5044 992 5108 63,
1053 5061 1218 5099 num.
1241 5045 1321 5106 6.)
1349 5044 1564 5100 Verum
1597 5063 1728 5102 cum
1761 5065 1877 5104 non

199 5131 311 5191 alia
339 5137 416 5193 de
449 5150 662 5193 causa
696 5132 1040 5202 hujusmodi
1073 5133 1452 5204 prohibeatur
1481 5135 1876 5208 inauguratis,

199 5241 372 5296 quam
404 5242 485 5282 ne
547 5226 618 5280 in
687 5220 1009 5292 superbiam
1036 5223 1235 5290 elatus,
1273 5225 1335 5277 in
1357 5223 1629 5294 judicium
1677 5225 1883 5281 incidat

197 5310 406 5372 diaboli
456 5315 512 5386 (Ι
545 5313 704 5370 Tim.
735 5325 826 5374 III,
854 5307 934 5379 7),
975 5308 1142 5381 eique
1173 5309 1428 5381 periculo
1460 5311 1709 5368 obnoxia
1766 5329 1880 5369 non

194 5402 500 5462 videretur
530 5395 956 5460 Ambrosiana
983 5396 1286 5454 humilitas
1320 5417 1333 5468 ;
1395 5405 1637 5473 urgente
1686 5401 1880 5458 Eccle-

191 5491 284 5548 sia:
316 5491 622 5561 utilitate,
656 5503 785 5545 non
821 5483 1044 5541 diutius
1091 5485 1308 5542 differri
1365 5493 1628 5561 Oportere
1649 5489 1882 5560 judica-

191 5585 310 5646 tum
341 5590 458 5647 est.
514 5581 596 5642 Et
659 5589 820 5636 sane
849 5570 1012 5632 illam
1067 5573 1464 5638 ordinationem
1519 5577 1884 5643 occidentales

1986 4604 2076 4660 cia
2106 4620 2118 4658 :
2153 4602 2214 4658 Si
2244 4617 2276 4656 a
2300 4615 2384 4654 me
2409 4603 2610 4670 peteret
2639 4598 3000 4670 (imperator)
3055 4599 3195 4670 quod
3237 4618 3415 4657 meum
3474 4606 3629 4670 esset,

1989 4693 2046 4749 id
2116 4695 2194 4748 est
2242 4689 2477 4762 fundum
2547 4703 2749 4753 meum,
2811 4692 3100 4770 argentum
3155 4707 3357 4758 meum,
3419 4691 3634 4762 quidvis

1965 4775 2302 4854 'hujusmodi
2331 4794 2530 4843 meum,
2561 4793 2644 4830 me
2672 4792 2778 4830 non
2813 4777 3222 4848 refragaturum
3249 4795 3270 4838 ,·
3319 4794 3633 4848 quanquam

1983 4872 2174 4926 omnia
2204 4882 2330 4939 qua:
2358 4867 2470 4920 mei
2523 4867 2672 4932 sunt,
2725 4869 2898 4920 essent
2923 4881 3233 4935 pauperum
3288 4865 3480 4936 (epist.
3539 4866 3633 4922 20.

1985 4975 2147 5014 num.
2185 4957 2262 5026 8).
2319 4953 2744 5009 Patrimonium
2781 4969 2915 5007 cum
2968 4951 3248 5007 fratribus
3282 4952 3482 5024 partiri
3532 4969 3635 5009 no-

1984 5047 2114 5110 luit,
2150 5045 2253 5101 sed
2285 5044 2411 5112 ejus
2443 5059 2664 5108 curam,
2689 5059 2806 5096 non
2837 5056 3006 5094 secus
3034 5056 3100 5094 ac
3131 5040 3379 5096 aliarum
3438 5058 3636 5100 rerum

1986 5133 2380 5198 saacularium,
2414 5133 2566 5186 sicut
2613 5130 2790 5184 etiam
2845 5145 3146 5184 servorum
3187 5147 3252 5184 ac
3284 5131 3516 5186 familiai
3547 5131 3636 5187 di-

1987 5223 2304 5280 rectionem
2340 5220 2398 5274 in
2431 5220 2700 5290 Satyrum
2734 5218 2952 5288 rejecit.
2988 5217 3184 5272 Frater
3222 5219 3317 5275 ille
3376 5219 3634 5279 dilectis-

1989 5313 2181 5368 simus
2223 5309 2458 5365 adeum
2513 5312 2748 5360 venerat
2807 5305 3224 5376 Mediolanum,
3285 5310 3424 5366 adeo
3481 5311 3642 5372 enim

1991 5400 2136 5456 alter
2167 5399 2237 5454 ab
2271 5397 2450 5452 altero
2481 5391 2746 5448 divulsus
2805 5394 2990 5450 vivere
3049 5415 3164 5453 non
3201 5402 3446 5470 poterat,
3479 5403 3544 5456 ut
3572 5419 3647 5462 ea

1991 5489 2062 5544 de
2093 5503 2155 5543 re
2211 5483 2556 5542 Ambrosius
2607 5480 2688 5536 ita
2744 5480 3020 5554 loquatur
3055 5501 3068 5540 :
3100 5486 3206 5542 Nec
3253 5489 3379 5561 ipsi,
3412 5487 3511 5556 ait,
3543 5506 3648 5551 nos

1991 5576 2186 5639 saeculi
2214 5573 2379 5654 hujus
2398 5571 2736 5630 delectabant
2781 5570 3034 5648 honores,
3091 5575 3236 5651 quod
3277 5592 3374 5634 nos
3403 5593 3441 5634 a
3485 5577 3650 5650 nobis
