3938 6214
319 334 401 405 ἠ
1660 332 1846 394 VITA
1888 333 1953 394 S.

2125 334 2375 396 BROSII

3636 338 3723 402 80

324 466 888 525 invicemdividebant
918 466 1020 537 (De
1072 482 1295 522 excessu
1350 466 1560 535 Satyri,
1620 483 1781 519 num.
1844 468 1954 518 25).
1996 474 2034 532 Α
2072 468 2868 540 Tostrmhabemushujusce
2885 470 3264 544 reimagnum
3290 472 3717 544 Augustinum,

320 559 507 615 Tanta
536 572 668 612 vero
698 554 1010 628 prudentia
1036 558 1094 610 et
1122 554 1571 610 mansuetudine
1602 553 1753 608 hanc
1784 555 1965 608 admi-

323 643 728 702 nistrationem
759 643 940 699 obivit
976 643 1238 715 Satyrus,
1272 648 1337 699 ut
1367 642 1475 715 ipsi
1526 643 1652 714 jam
1712 648 1962 697 mortuo.

321 733 724 791 testimonium
755 731 864 788 hoc
895 731 1032 787 redd
1044 736 1101 788 1t
1130 736 1368 787 sanctus
1390 731 1566 787 frater
1591 749 1604 786 :
1640 729 1769 786 Sine
1798 729 1968 804 o/fen-

321 823 472 879 sione
490 821 609 879 ulla
635 830 687 878 et
741 820 1060 892 gubernasti
1101 822 1293 891 fratris
1350 820 1649 887 domum,et
1699 835 1963 875 commen-

319 912 465 969 dasti
490 909 853 968 sacerdotium
884 908 1068 981 (ibid.,
1100 926 1263 965 num.
1297 910 1406 981 20).

394 1001 480 1056 15.
513 1002 873 1073 Quapropter
901 997 1203 1070 expeditus
1235 1015 1301 1053 ac
1331 997 1481 1053 liber
1511 1015 1543 1052 a
1576 999 1753 1053 rebus
1788 1002 1963 1053 terre-

326 1090 417 1146 nis
447 1102 633 1145 novus
663 1086 992 1160 episcopus,
1027 1084 1348 1141 caelestium
1382 1085 1750 1157 acquisitioni
1807 1089 1965 1141 totus

323 1176 590 1234 incubuit
621 1195 635 1232 :
670 1180 726 1232 et
755 1173 1021 1247 quamvis
1051 1178 1185 1230 ante
1216 1178 1550 1246 susceptum
1584 1191 1814 1230 sacrum
1864 1176 1964 1229 ba-

322 1269 541 1340 ptisma
567 1270 689 1321 tam
720 1264 962 1320 honeste
990 1267 1228 1334 tamque
1258 1264 1587 1319 Christiane
1614 1264 1791 1318 vitam
1852 1264 1969 1319 ins-

322 1355 601 1422 tituisset,
638 1357 704 1408 ut
727 1353 822 1407 vix
834 1351 991 1407 aliud
1026 1351 1183 1423 quod
1205 1352 1538 1418 adderetur,
1561 1351 1836 1407 culminis
1853 1353 1969 1423 epi-

323 1441 576 1516 scopalis
605 1440 878 1513 perfectio
927 1439 1219 1495 videretur
1246 1439 1473 1511 exigere
1506 1457 1519 1505 ;
1580 1439 1967 1495 nihilominus

321 1520 518 1588 tamen
547 1534 711 1586 tanta
740 1527 922 1583 animi
956 1527 1326 1583 contentione
1354 1545 1590 1600 operam
1639 1528 1797 1605 dedit
1850 1529 1967 1583 vir-

320 1619 547 1677 tutibus
579 1618 875 1687 Omnibus,
897 1620 1119 1689 quanta
1149 1616 1199 1672 si
1231 1616 1453 1672 nullam
1478 1617 1587 1673 sibi
1618 1616 1813 1673 inesse
1844 1635 1967 1691 per-

320 1722 565 1766 suasum
595 1705 916 1763 habuisset.
949 1707 1076 1771 Qua
1099 1706 1322 1761 ratione
1350 1704 1485 1761 talis
1516 1705 1777 1773 effectus,
1822 1723 1965 1778 qua-

318 1797 435 1854 lem
518 1810 1001 1868 unumquemque
1084 1794 1452 1849 subditorum
1540 1810 1781 1850 suorum
1839 1812 1967 1851 esse

321 1885 686 1961 peroptabat,
745 1883 963 1939 eisdem
1022 1883 1094 1937 ad
1153 1882 1308 1938 bona
1365 1898 1542 1956 opera
1598 1884 1784 1938 facem
1817 1900 1969 1939 nun-

323 1990 505 2047 quam
535 1989 653 2029 non
679 1972 1040 2045 praeferebat.
1070 1970 1132 2026 In
1164 1971 1373 2043 primis
1396 1975 1591 2026 autem
1616 1972 1694 2026 ita
1724 1988 1786 2027 se
1808 1989 1970 2028 man-

322 2054 545 2136 ciparat
573 2060 756 2118 cultui
806 2076 1105 2117 sacrorum
1135 2057 1428 2129 altarium,
1462 2064 1527 2114 ut
1556 2060 1736 2116 nullis
1793 2078 1966 2134 nego-

318 2151 419 2208 tiis
451 2150 766 2224 quominus
788 2148 1048 2222 quotidie
1069 2148 1332 2203 divinum
1363 2148 1589 2204 oﬂ‘erret
1613 2149 1966 2204 sacrificium
2015 2147 2019 2150 ’

321 2238 514 2312 (epist.
546 2237 635 2305 20,
669 2252 834 2292 num.
869 2236 957 2307 15)
988 2240 1344 2291 avocaretur.
1384 2234 1492 2290 Sed
1521 2250 1655 2290 cum
1688 2234 1967 2290 Paulinus

323 2325 467 2383 satis
512 2328 781 2381 accurate
841 2323 1260 2379 Ambrosianus
1308 2321 1673 2395 singulorum
1734 2323 1962 2379 dierum

321 2414 761 2473 exercitationes
791 2411 1145 2468 enarraverit
1194 2412 1341 2483 (Vita
1369 2412 1637 2477 Ambros,
1699 2428 1861 2466 num.
1894 2413 1964 2467 38

319 2507 372 2559 et
425 2503 582 2576 seq.),
613 2504 679 2557 ut
734 2515 812 2556 ea;
860 2498 1200 2556 minutatim
1259 2499 1367 2554 hoc
1422 2497 1549 2554 loco
1579 2506 1960 2571 exponentur,

320 2591 465 2649 nihil
495 2593 586 2647 est
613 2604 871 2646 necesse.
903 2588 1185 2643 Caeterum
1216 2591 1454 2643 sanctus
1484 2587 1697 2659 praesul
1745 2593 1963 2644 attente

318 2679 697 2736 considerans
717 2675 1113 2751 gubernacula
1140 2676 1269 2746 ejus
1293 2674 1559 2731 Ecclesiae
1586 2675 1696 2731 sibi
1722 2676 1957 2731 credita.

320 2762 499 2841 quam
528 2767 872 2835 Auxentius,
905 2765 1003 2836 qui
1035 2780 1165 2819 eam
1196 2766 1349 2818 totos
1378 2764 1449 2816 20
1475 2779 1660 2820 annos
1708 2780 1962 2835 occupa-

319 2860 500 2921 verat,
533 2855 883 2910 Arianorum
914 2852 1257 2924 dogmatum
1286 2866 1505 2906 veneno
1536 2850 1771 2907 infiCere
1800 2853 1959 2907 omni

321 2960 431 3017 Ope
458 2947 706 3000 conatus
736 2941 968 3007 fuerat;
1027 2956 1059 2995 e
1115 2939 1405 2995 contrario
1456 2938 1582 3011 ipse
1643 2940 1960 2996 arbitratus

320 3036 411 3090 est
438 3031 552 3089 sibi
583 3029 775 3086 nervis
806 3028 1079 3084 omnibus
1110 3044 1238 3084 esse
1267 3027 1704 3098 connitendum,
1735 3033 1801 3083 ut
1843 3045 1957 3084 non

320 3121 494 3180 modo
544 3120 808 3192 ejusdem
836 3117 1059 3174 Arianae
1092 3116 1413 3183 dementiae,
1446 3118 1547 3172 sed
1582 3123 1637 3171 et
1694 3117 1956 3174 omnium

318 3209 565 3267 aliarum
586 3209 880 3265 haereseon
910 3222 1088 3279 prava
1106 3204 1371 3279 germina
1387 3205 1654 3277 stirpitus
1687 3222 1756 3261 ex
1776 3222 1958 3278 popu-
1990 3191 2032 3256 C

318 3300 507 3355 lorum
538 3296 833 3355 mentibus
865 3294 1154 3362 evelleret,
1185 3293 1501 3349 Pastoralis
1556 3294 1737 3366 hujus
1799 3294 1960 3350 solli-

314 3385 593 3444 citudinis
623 3384 892 3442 effectum
936 3381 1250 3438 declaravit
1277 3388 1516 3437 sanctus
1572 3382 1960 3455 Hieronymus

315 3470 375 3532 in
406 3475 506 3531 illa
531 3475 706 3530 verba
738 3490 751 3528 :
777 3479 902 3529 Post
932 3472 1215 3538 Aucentii,
1254 3470 1470 3542 inquit,
1499 3486 1679 3526 seram
1706 3481 1955 3537 mortem,

313 3562 608 3622 Hediolani
655 3561 936 3617 Ambrosio
982 3562 1293 3627 constituto,
1326 3561 1503 3615 omnis
1556 3559 1625 3614 ad
1662 3558 1817 3628 ﬁdem
1877 3577 1958 3615 re-

312 3656 455 3709 ctam
483 3652 650 3708 Italia
677 3650 1014 3706 convertitur
1060 3648 1313 3720 (Hieron,
1347 3648 1406 3703 in
1448 3648 1696 3719 Chron).
1730 3649 1954 3705 Tantus

312 3745 508 3799 autem
538 3738 637 3795 ille
666 3754 973 3795 successus
1005 3753 1070 3792 eo
1119 3736 1350 3809 dignior
1405 3740 1494 3792 est
1544 3736 1952 3809 admiratione,

311 3846 427 3903 quo
478 3829 551 3887 ad
598 3826 765 3885 illum
822 3825 1261 3899 adipiscendum
1320 3825 1569 3881 breviori
1627 3826 1815 3898 spatio
1866 3828 1954 3881 vir

309 3922 551 3975 sanctus
579 3915 836 3990 indiguit
867 3933 881 3985 ;
916 3917 1039 3988 ipse
1069 3914 1360 3986 siquidem
1418 3930 1519 3986 per
1548 3914 1770 3970 Arianae
1806 3919 1948 3971 tem-

307 4006 554 4081 pestatis
586 4011 868 4077 tempora,
902 4003 960 4059 id
992 4008 1080 4059 est
1110 4019 1263 4059 anno
1294 4003 1399 4057 385
1429 4007 1531 4057 aut
1552 4003 1677 4069 386,
1712 4004 1799 4059 sic
1821 4005 1947 4075 jam

305 4095 599 4155 scribebat
630 4112 644 4150 :
676 4093 907 4151 Prodire
932 4093 999 4148 de
1025 4093 1247 4147 Arionis
1278 4092 1467 4146 nullus
1512 4092 1766 4160 audebat,
1817 4096 1950 4163 quia

302 4186 403 4240 nec
427 4186 716 4257 quisquam
744 4182 810 4239 de
836 4182 1045 4238 civibus
1071 4182 1212 4248 erat,
1242 4186 1405 4252 pauci
1434 4180 1498 4237 de
1520 4182 1744 4252 familia
1772 4184 1945 4253 regia,

302 4273 567 4329 nonnulli
616 4274 785 4328 etiam
815 4270 969 4326 Gothi
994 4270 1189 4342 (epist.
1224 4273 1315 4337 20,
1347 4286 1509 4326 num.
1573 4270 1658 4322 12.
1692 4268 1812 4324 Hoc
1868 4270 1946 4325 si-

304 4360 524 4421 militer
554 4365 815 4431 tempore
844 4358 1240 4431 Augustinum
1272 4373 1306 4411 a
1334 4356 1785 4412 Manichaeorum
1817 4375 1944 4413 cas-

304 4448 473 4505 sibus
498 4446 765 4509 liberavit
797 4450 1035 4503 sanctus
1066 4444 1310 4500 antistes
1345 4462 1357 4499 :
1394 4460 1581 4516 neque
1611 4446 1789 4500 etiam
1834 4447 1943 4501 du-

2075 557 2246 626 cujus
2277 554 2398 610 haec
2426 556 2600 611 verba
2629 562 2798 613 sunt:
2832 558 3238 616 Secludentibns
3267 578 3377 631 me,
3406 561 3619 633 inquit,
3649 562 3720 617 ab

2072 645 2190 714 ejus
2221 661 2353 699 aure
2382 652 2541 716 atque
2583 661 2676 699 ore
2702 649 2931 703 catervis
2960 652 3362 719 negotiosorum
3413 650 3721 717 hominum,

2075 748 2305 802 quorum
2330 732 2754 801 inﬁrmitatibus
2782 737 3068 807 serviebat,
3101 755 3224 794 cum
3254 738 3449 811 quibus
3504 739 3724 812 quando

2074 836 2183 875 non
2212 824 2347 890 erat,
2371 821 2510 893 quod
2537 838 2637 893 per
2665 824 2932 892 exiguum
2980 828 3237 897 temporis
3292 835 3428 896 erat,
3450 836 3547 884 aut
3602 844 3723 884 cor-

2068 926 2172 980 pus
2200 909 2474 978 reﬁciebat
2522 914 2843 967 necessariis
2896 917 3298 983 sustentaculis,
3340 925 3437 972 aut
3490 917 3724 974 lectione

2074 999 2323 1052 animum
2369 998 2630 1069 (Confess.
2683 998 2721 1054 l.
2755 1018 2835 1065 vr,
2867 1019 2994 1076 cap.
3054 1004 3107 1069 3,
3148 1020 3306 1059 num.
3340 1004 3415 1075 3).
3472 1006 3584 1062 Sed
3618 1021 3727 1061 nec

2075 1086 2455 1143 ﬁdelissimus
2511 1087 2608 1143 ille.
2650 1089 2978 1162 discipulus
3039 1092 3454 1165 negligendum
3519 1098 3722 1150 tacen-

2060 1174 2285 1230 dumve
2314 1176 2689 1247 existimavit,
2724 1195 2900 1250 quam
2934 1180 3218 1237 rationem
3263 1182 3322 1236 in
3362 1180 3609 1253 legendo
3632 1186 3723 1238 te-

2075 1270 2236 1317 neret
2269 1269 2585 1335 prmoeptor
2614 1282 2758 1321 suus
2786 1292 2799 1333 ;
2831 1268 3035 1323 eodem
3065 1269 3223 1323 enim
3256 1267 3383 1324 loco
3432 1269 3548 1325 ista
3577 1270 3723 1325 sub-

2067 1351 2267 1421 jungit
2298 1369 2309 1407 :
2345 1353 2446 1407 Sed
2474 1370 2597 1407 cum
2628 1354 2856 1423 legebat,
2906 1357 3006 1423 ait,
3039 1358 3187 1413 oculi
3231 1358 3567 1413 ducebantur
3620 1374 3727 1431 per

2072 1442 2329 1509 paginas,
2359 1444 2411 1496 et
2455 1457 2548 1496 cor
2604 1443 2944 1499 intellectum
2998 1445 3326 1514 rimabatur,
3383 1463 3489 1503 vos:
3533 1452 3729 1504 autem

2074 1533 2126 1582 et
2174 1529 2367 1599 lingua
2422 1532 2730 1602 quiescebat
2782 1532 2988 1603 (Ibid).
3041 1533 3240 1606 Neque
3306 1552 3438 1591 vero
3498 1535 3726 1593 diurnas

2075 1615 2225 1671 lucis
2308 1617 2667 1673 curriculum
2721 1621 2849 1691 ejus
2902 1622 3231 1679 sufﬁciebat
3276 1622 3556 1691 avidiati;
3616 1625 3727 1682 sed

2077 1709 2243 1760 nocte
2274 1706 2383 1760 dici
2417 1706 2610 1763 hocin
2662 1725 2831 1780 opere
2879 1711 3301 1783 propemodum
3360 1712 3727 1783 continuata,

2076 1795 2258 1849 redux
2316 1812 2350 1849 a
2408 1796 2591 1851 sacris
2642 1797 2879 1870 vigiliis,
2915 1798 3224 1856 lectionem
3281 1802 3729 1874 quamprimum

2080 1884 2431 1950 resumebat,
2467 1885 2619 1940 sicut
2647 1885 2771 1958 ipse
2798 1886 3147 1944 cbarissimo
3169 1905 3275 1945 suo
3308 1889 3520 1945 Irenwo
3550 1889 3723 1964 inge-

2078 1988 2192 2026 nue
2222 1971 2437 2026 fatetur
2461 1971 2570 2027 hoc
2619 1974 2791 2029 modo
2851 1975 3154 2031 scribens:
3206 1978 3350 2032 Inter
3401 1977 3724 2049 legendum,

2078 2058 2285 2130 inquit,
2318 2077 2442 2115 cum
2470 2062 2760 2131 paululum
2816 2064 3199 2133 requievissem
3226 2068 3434 2134 animo,
3466 2067 3597 2137 quia
3628 2067 3723 2121 lu-

2074 2149 2390 2203 cubratione
2416 2149 2753 2219 destiteram,
2785 2154 3120 2208 versiculum
3150 2154 3313 2209 illum
3341 2156 3476 2226 ccepi
3504 2171 3726 2212 mecum

2075 2237 2363 2301 revolvere,
2424 2254 2528 2308 quo
2593 2241 2806 2310 vesperi
2888 2242 2951 2294 in
3028 2241 3235 2312 vigiliis
3283 2244 3375 2298 usi
3435 2245 3725 2313 fueramus

2074 2324 2265 2396 (epist.
2292 2325 2385 2397 29,
2414 2342 2577 2380 num.
2633 2326 2710 2399 1.)
2740 2326 2889 2390 Quin
2946 2328 3124 2384 etiam
3183 2334 3491 2402 postquam
3549 2337 3725 2389 astate

2065 2414 2191 2483 jam
2222 2417 2347 2468 erat
2393 2415 2735 2486 provectior,
2784 2415 2855 2470 de
2887 2420 3007 2471 tam
3038 2417 3304 2489 improbo
3336 2419 3527 2475 studio
3569 2419 3727 2476 nihil

2073 2500 2317 2568 remisit,
2352 2503 2852 2573 quemadmodum
2882 2521 2951 2560 ex
2983 2522 3101 2560 una
3154 2507 3283 2578 ejus
3334 2507 3726 2579 epistolarum

2073 2589 2287 2644 Sabino
2318 2591 2507 2646 amico
2539 2608 2645 2647 suo
2678 2596 2735 2647 et
2764 2592 3036 2648 familiari
3096 2596 3311 2666 scripta
3367 2612 3725 2668 cognoscere

2070 2684 2157 2732 est
2192 2695 2204 2745 ;
2240 2678 2295 2731 in
2338 2695 2401 2731 ea
2437 2679 2651 2751 quippe
2682 2677 2802 2734 haec
2828 2682 3004 2736 verba
3034 2680 3285 2753 legimus
3319 2699 3331 2736 ε
3389 2684 3506 2738 Non
3560 2685 3721 2740 enim

2068 2764 2333 2820 dictamus
2383 2768 2589 2829 omnia,
2630 2775 2679 2822 et
2707 2769 2947 2823 maxime
3001 2769 3266 2837 noctibus,
3298 2772 3492 2842 quibus
3538 2772 3710 2827 nolu-

2068 2869 2188 2907 mus
2217 2855 2347 2909 aliis
2377 2871 2567 2922 graves
2588 2871 2702 2910 esse
2756 2872 2821 2911 ac
2852 2857 3067 2913 molesti
3096 2858 3285 2929 (epist.
3318 2860 3407 2925 47,
3440 2876 3601 2915 num.
3636 2860 3717 2932 1).

2067 2942 2255 3014 Atque
2287 2942 2367 2997 ita
2397 2942 2495 3014 qui
2526 2941 2711 2999 labori
2770 2961 2876 3000 suo
2907 2962 3217 3017 nunquam
3249 2947 3541 3018 parcebat,
3575 2964 3720 3020 par-

2068 3030 2235 3085 cebat
2294 3030 2503 3086 alieno.
2565 3030 2887 3104 Quaproter
2943 3048 3076 3088 cum
3136 3033 3417 3091 acerrimo
3478 3034 3723 3108 ingenio

2068 3118 2345 3189 praeditus
2400 3122 2553 3174 esset
2582 3123 2638 3175 et
2694 3119 3142 3177 humanioribus
3201 3121 3412 3178 litteris
3444 3124 3725 3197 apprime

2068 3206 2395 3276 institutus,
2441 3208 2693 3263 maxime
2744 3224 2881 3264 vero
2911 3210 3142 3274 Graecis,
3204 3211 3262 3265 in
3289 3211 3503 3283 quibus
3560 3213 3727 3270 inter

2068 3295 2304 3351 Latinos
2334 3296 2535 3352 Patres
2568 3296 2667 3351 uni
2703 3297 3053 3365 Hieronymo
3086 3299 3305 3369 primas
3335 3301 3723 3369 concedebat,

2069 3384 2286 3439 mirum
2339 3401 2453 3440 non
2482 3384 2796 3451 videbitur,
2827 3385 2876 3439 si
2908 3386 3168 3452 Patrum,
3201 3391 3322 3441 tam
3377 3386 3723 3447 Graecorum

2068 3489 2242 3544 quam
2296 3472 2657 3543 Latinorum,
2718 3473 2994 3545 cperibus
3044 3473 3338 3530 indefessa
3362 3492 3540 3531 manu
3583 3476 3719 3533 vol-

2063 3560 2286 3626 vendis,
2320 3564 2377 3615 et
2407 3560 2591 3615 sacris
2623 3561 2930 3633 utriusque
2961 3560 3172 3634 linguae
3204 3563 3503 3619 codicibus
3554 3564 3720 3620 inter

2064 3665 2126 3704 sc
2157 3648 2543 3714 conferendis,
2602 3652 2796 3704 tantos
2854 3666 3200 3723 progressus
3256 3656 3375 3706 tam
3407 3651 3563 3707 brevi
3607 3651 3719 3708 ha-

2062 3737 2269 3793 buerit.
2305 3737 2449 3791 Nam
2485 3737 2635 3809 quod
2663 3739 2962 3794 contendit
2993 3755 3242 3811 magnus
3273 3739 3587 3796 cardinalis
3620 3741 3712 3813 (iu

2063 3827 2181 3882 Vita
2206 3826 2389 3880 Ambr.
2418 3831 2477 3881 et
2508 3826 2565 3879 in
2591 3827 2733 3881 Ann.
2770 3826 2841 3881 ad
2868 3844 3000 3882 ann.
3035 3828 3141 3883 375
3169 3831 3225 3883 et
3279 3828 3425 3899 385),
3484 3827 3714 3885 Dama-

2059 3932 2190 3971 sum
2224 3919 2383 3987 pont.
2419 3931 2572 3971 max.
2612 3915 2709 3970 ubi
2750 3915 3035 3988 comperit
3063 3916 3351 3972 Ambrosii
3384 3916 3573 3972 adhuc
3605 3934 3709 3974 αα-

2054 4002 2379 4060 techumini
2399 4002 2760 4073 electionem,
2788 4004 3256 4077 Simplicianum,
3289 4005 3389 4076 qui
3415 4022 3546 4061 eum
3581 4006 3710 4077 pri—

2057 4094 2171 4147 mis
2200 4092 2569 4163 episcopatus
2598 4093 2689 4147 sui
2720 4092 2891 4147 annis
2917 4092 2976 4147 in
3006 4092 3399 4150 ecclesiastica
3454 4094 3713 4150 scientia

2055 4182 2333 4248 erudiret,
2367 4179 2759 4236 Mediolanum
2801 4180 3054 4249 misisse,
3099 4182 3255 4236 haud
3287 4181 3429 4237 satis
3488 4181 3711 4238 idoneo

2056 4269 2265 4324 nititur
2294 4268 2669 4323 fundamento
2704 4286 2719 4335 ;
2752 4268 2907 4339 quod
2940 4269 3096 4323 enim
3126 4267 3470 4324 Ambrosius
3532 4286 3713 4326 suam

2055 4358 2129 4412 ad
2165 4357 2438 4412 eumdem
2498 4356 2951 4428 Simplicianum,
3006 4356 3313 4428 epistolam
3369 4356 3462 4411 his
3503 4358 3708 4416 verbis

2053 4444 2405 4502 concluserit
2438 4462 2450 4499 :
2484 4446 2586 4501 Nos
2612 4447 2860 4517 parentis
2888 4444 3090 4518 affectu
3136 4445 3304 4517 dilige
3328 4445 3516 4518 (epist.
3550 4446 3650 4518 65)
3688 4466 3707 4515 ;

303 4535 685 4592 bitaverimus
716 4533 915 4608 plures
945 4534 1089 4589 alios
1123 4550 1236 4589 non
1267 4538 1386 4587 tam
1420 4533 1745 4604 pervicaces
1768 4551 1943 4606 quam
1976 4552 2023 4617 D
2055 4539 2112 4591 et
2136 4533 2501 4607 Augustinus
2532 4533 2729 4606 ipsum
2764 4534 3031 4589 vocitarit
3056 4538 3267 4604 patrem
3297 4536 3355 4589 in
3379 4535 3710 4605 accipienda

300 4623 722 4698 Augustinum,
751 4622 1060 4679 Ambrosio
1101 4622 1219 4694 iam
1253 4624 1387 4677 ante
1443 4620 1714 4678 debuisse
1772 4623 1946 4696 primi

301 4714 395 4771 sui
412 4712 640 4773 erroris
670 4710 1095 4785 depulsionem.

371 4800 461 4858 l6.
491 4800 906 4857 Verumtamen
956 4800 1164 4855 uberes
1188 4797 1271 4853 illi
1326 4798 1549 4855 fructus
1580 4815 1790 4873 magno
1821 4805 1943 4856 stu-

298 4890 396 4947 dio
438 4888 760 4962 multisque
811 4887 1111 4944 laboribus
1143 4887 1453 4943 constitere
1485 4906 1629 4944 novo
1662 4889 1893 4960 praesuli
1929 4907 1942 4957 ;

245 5031 254 5038 .
298 4995 436 5035 nam
466 4978 601 5035 licet
628 4995 663 5033 a
694 4977 864 5033 nobis
893 4977 1261 5033 observatum
1295 4978 1372 5032 sit
1404 4977 1745 5033 liberalibus
1777 4977 1943 5033 illum

297 5069 509 5125 litteris
539 5083 606 5123 ac
636 5066 967 5138 disciplinis
1006 5066 1077 5121 ab
1134 5066 1524 5121 adolescentia
1590 5067 1941 5121 instructum

295 5156 499 5221 fuisse,
529 5155 984 5212 ecclesiasticam
1037 5159 1227 5210 tamen
1283 5156 1628 5221 doctrinam,
1689 5172 1819 5209 cum
1869 5157 1941 5210 ad

298 5244 699 5316 episcopatum
730 5248 1035 5315 provectus
1058 5244 1185 5303 fuit,
1217 5243 1269 5297 ei
1292 5242 1548 5297 defuisse
1571 5242 1807 5313 negabit
1842 5260 1941 5299 ne-

297 5330 690 5404 mo.Utigitur
704 5332 856 5387 hanc
877 5330 1184 5387 scientiam
1208 5329 1318 5385 sibi
1363 5335 1746 5401 compararet,
1772 5331 1941 5403 quid-

297 5419 440 5491 quid
454 5419 730 5492 temporis
743 5420 853 5475 sibi
868 5418 1161 5492 ancgotiis
1180 5419 1440 5475 muneris
1454 5419 1673 5487 sui,aut
1685 5436 1945 5476 necessa-

300 5506 387 5564 ria
398 5507 657 5581 corporis
674 5524 815 5565 cura
827 5524 1075 5564 vacuum
1096 5506 1575 5576 erat,incredibili
1598 5507 1945 5565 assiduitate

298 5594 608 5676 Scriptura
646 5613 824 5661 sacras
874 5596 1241 5659 meditationi
1296 5600 1487 5658 totum
1544 5596 1940 5681 impendebat.

2056 4625 2239 4694 gratia
2286 4627 2416 4678 tunc
2471 4624 2706 4695 episcopi
2755 4623 3047 4690 Ambrosii,
3078 4631 3130 4678 et
3171 4640 3330 4694 quem
3360 4640 3481 4679 vere
3498 4631 3559 4679 ut
3609 4642 3722 4696 pa-

2056 4716 2195 4769 trem
2246 4710 2513 4780 diligebat
2567 4711 2831 4784 (August.
2866 4710 2906 4766 l.
2964 4727 3065 4766 vm
3125 4709 3277 4782 Cani.
3320 4727 3447 4784 cap.
3478 4710 3581 4782 2);
3648 4712 3716 4768 id

2056 4800 2293 4856 aliunde
2325 4817 2441 4855 non
2491 4816 2620 4855 esse
2652 4799 2869 4855 factum
2896 4800 3020 4870 jam
3078 4799 3464 4867 ostendimus,
3523 4816 3715 4872 quam

2054 4890 2194 4961 quia
2232 4887 2399 4944 illum
2430 4888 2586 4944 idem
2618 4889 2919 4960 presbyter
2949 4888 3139 4944 adhuc
3161 4888 3436 4959 juvenem
3495 4888 3715 4960 primis

2053 4980 2300 5033 fortasse
2327 4976 2629 5049 religionis
2659 4976 2963 5032 elementis
2994 4976 3189 5032 Romae
3246 4977 3558 5038 imbuerat.
3614 4977 3714 5034 vel

2053 5067 2193 5138 quia
2221 5083 2357 5121 eum
2388 5072 2523 5136 post
2554 5064 2888 5120 electionem
2922 5066 2995 5120 ad
3035 5069 3402 5121 sacramenta
3457 5080 3708 5137 regene-

2051 5157 2293 5209 rationis
2353 5154 2861 5225 ordinatiouisque
2912 5153 3289 5226 suscipienda
3319 5170 3526 5225 parare
3567 5158 3715 5210 stu-

2050 5245 2274 5299 duerat.

2125 5334 2210 5387 17.
2244 5332 2355 5402 (AN
2384 5329 2532 5402 375).
2567 5330 2908 5387 Ambrosius
2938 5332 3340 5403 comparandae
3366 5347 3558 5387 rerum
3617 5349 3719 5389 ec-

2053 5420 2536 5487 clesiasticarum,
2578 5423 2634 5475 et
2689 5420 3118 5493 Scripturarum
3172 5419 3547 5493 potissimum
3604 5438 3716 5477 co-

2050 5508 2299 5583 gnitioni
2331 5524 2447 5564 non
2479 5505 2591 5564 alio
2622 5507 2865 5564 consilio
2924 5508 3269 5577 desudabat,
3327 5508 3441 5564 nisi
3475 5513 3540 5565 ut
3592 5508 3715 5566 im-

2048 5596 2207 5676 plere
2229 5601 2427 5677 posset
2446 5596 2700 5661 doctoris
2723 5596 3472 5679 munus,quemadmodum
3505 5601 3719 5673 aperte
