3938 6214
70 486 96 530 '1

68 544 79 593 Ι

68 738 73 767 l

189 348 247 427 ti
1252 364 1358 435 ex
1401 365 1590 436 mus
1634 358 2126 433 POTISSIMUM
2169 362 2546 436 SGRIP’I‘IS.
3523 336 3605 439 ei

210 496 492 576 tigriillcant
516 500 673 597 bac
692 502 841 577 ejus
866 504 1076 563 verba:
1116 504 1217 563 Sed
1247 503 1623 563 tantummodo
1653 506 1833 561 inten-
1866 506 1917 569 Α
1946 502 2172 559 Etenim
2204 507 2269 560 ut
2296 502 2457 561 illam
2489 503 2918 565 enarrationem
2946 502 3316 577 Theodoreti,
3339 504 3432 565 cui
3466 525 3596 597 eam

222 594 374 649 tionem
408 596 456 649 et
500 592 881 666 diligentiam
928 598 1073 652 circa
1119 595 1433 668 Scripturas
1454 595 1674 650 divinas
1720 599 1841 664 opto
1952 593 2253 661 debemus,
2284 594 2476 650 verbis
2509 595 2655 668 ipsis
2687 600 3174 668 repraesentemus
3209 614 3221 653 :
3256 599 3454 655 Paucis
3478 592 3601 671 post

217 700 475 755 ntiqua...

215 771 379 827 discere
423 771 554 843 (lib.
605 791 626 827 1
675 774 754 829 De
802 773 951 846 ofﬁc.
1002 790 1126 847 cap.
1174 775 1224 839 1,
1271 789 1432 828 num.
1465 773 1542 843 3).
1575 772 1734 826 Hanc
1765 771 1838 826 ob

210 876 305 916 rem
324 862 526 917 statim
542 878 578 917 a
600 860 811 933 primis
835 862 1146 918 sacerdotii
1177 861 1348 917 annis
1376 859 1669 916 festinant
1691 856 1833 913 illud

207 950 414 1022 aggredi
440 968 456 1017 ;
495 967 614 1005 non
641 951 801 1006 enim
833 951 1079 1007 obscure
1101 951 1158 1005 id
1180 949 1376 1022 ipsum
1397 948 1674 1014 declarat,
1693 947 1836 1002 dum

201 1044 340 1093 tanta
382 1055 523 1094 cum
572 1038 866 1094 modestia
907 1044 966 1095 et
1013 1040 1102 1095 sui
1155 1039 1476 1095 demisione
1532 1036 1838 1109 proﬁtetur

198 1127 396 1181 factum
443 1126 657 1197 fuisse,
704 1130 763 1182 ut
808 1130 988 1199 prius,
1038 1127 1248 1199 inquit,
1299 1128 1486 1182 docere
1514 1126 1833 1195 inciperem,

196 1232 341 1286 quam
397 1215 630 1271 discere.
692 1217 1016 1272 Discendum
1068 1218 1243 1286 igitur
1291 1215 1433 1270 mihi
1460 1214 1631 1269 simul
1659 1222 1708 1268 et
1740 1214 1834 1268 do-

192 1305 428 1371 cendum,
493 1306 758 1375 quoniam
799 1321 909 1360 non
957 1308 1166 1361 vacavit
1216 1309 1347 1359 ante
1402 1305 1613 1359 discere
1676 1302 1829 1374 (ibid.

190 1411 341 1450 nam.
374 1394 452 1463 4).
475 1393 685 1449 Clerici
717 1410 887 1466 porro
919 1410 1066 1466 quos
1096 1393 1190 1448 hic
1212 1391 1548 1462 alloquitur,
1583 1408 1699 1445 non
1723 1389 1830 1445 soli

186 1483 553 1547 exstiterunt,
604 1482 676 1536 ad
728 1498 875 1553 quos
923 1482 1123 1554 primae
1163 1481 1326 1535 illius
1357 1497 1507 1535 curae
1539 1479 1831 1552 pertinue-

184 1571 346 1639 rint;
403 1571 468 1625 in
523 1570 965 1626 catechumenis
1023 1570 1198 1626 etiam
1259 1570 1331 1624 ad
1385 1566 1665 1641 genitalia
1739 1584 1830 1622 sa-

182 1664 475 1715 cramenta
513 1658 794 1729 parandis
826 1657 1281 1729 erudiendisque
1314 1655 1637 1729 plurimum
1669 1654 1830 1710 labo-

179 1747 356 1802 rabat.
391 1747 464 1801 Et
490 1751 583 1801 tot
629 1748 758 1816 ejus
805 1746 941 1801 libri
971 1763 1040 1801 ex
1090 1744 1462 1802 sermonibus
1491 1743 1561 1800 ad
1593 1743 1828 1800 eosdem

178 1834 390 1890 habitis
422 1833 764 1906 compositi,
815 1834 1045 1889 abunde
1102 1834 1351 1905 probant
1397 1832 1493 1886 vix
1522 1830 1682 1887 aliud
1715 1830 1824 1902 ipsi

176 1924 353 1979 tuisse
402 1923 734 1994 antiquius,
786 1939 960 1994 quam
992 1927 1057 1977 ut
1085 1922 1326 1978 idoneas
1355 1921 1622 1977 redderet
1651 1919 1825 1975 hasce

176 2017 404 2068 teneras
432 2011 693 2084 plantas,
718 2028 848 2083 quae
872 2010 1103 2083 pietatis
1122 2010 1421 2066 radicibus
1452 2008 1629 2069 altius
1660 2007 1824 2073 actis,

176 2101 399 2156 fructus
444 2100 662 2155 uberes
710 2100 1024 2171 aliquando
1073 2100 1307 2155 ferrent.
1344 2098 1677 2153 Indefessus
1705 2100 1830 2151 erat

178 2190 233 2244 in
264 2190 373 2245 hoc
399 2204 671 2255 munere,
723 2193 782 2244 et
819 2188 1057 2243 omnino
1082 2190 1140 2243 in
1170 2188 1332 2243 rebus
1355 2187 1559 2243 divinis
1590 2186 1828 2256 implen-

180 2277 276 2344 dis,
298 2281 365 2331 ut
392 2276 685 2332 Paulinus
729 2275 989 2348 loquitur
1035 2277 1121 2347 (In
1156 2278 1273 2332 Vita
1303 2275 1482 2331 Ambr.
1522 2291 1685 2329 num.
1712 2273 1824 2339 38'),

181 2364 559 2432 fortissimus,
614 2365 675 2418 in
711 2369 943 2420 tantum
990 2369 1054 2419 ut
1085 2365 1239 2437 quod
1271 2363 1477 2420 solitus
1524 2367 1647 2417 erat
1675 2361 1829 2416 circa

180 2453 563 2526 baptizandus
588 2452 853 2525 implere,
880 2454 1137 2524 quinque
1169 2458 1373 2525 postea
1401 2451 1658 2525 episcopi
1686 2454 1828 2505 tem-

184 2558 313 2613 pore
343 2559 461 2614 quo
496 2542 775 2608 decessit,
804 2542 901 2596 vix
928 2540 1257 2613 implerent.

248 2669 331 2723 18.
364 2666 686 2738 Superiora
733 2667 849 2722 duo
900 2666 1302 2722 conditionum
1351 2681 1565 2737 genera
1625 2668 1827 2720 sancto

183 2756 445 2827 episcopo
477 2754 682 2826 populi
731 2755 1084 2811 oblivionem
1134 2755 1290 2811 haud
1339 2754 1728 2809 induxerunt:
1777 2753 1827 2808 is

184 2844 329 2897 enim
362 2842 637 2898 sedulam
670 2858 905 2914 operam
948 2843 1125 2899 dabat
1157 2859 1273 2898 non
1305 2842 1477 2898 modo
1508 2840 1667 2896 illius
1698 2857 1824 2896 mo-

184 2930 336 2987 ribus
370 2932 656 2985 virtutum
690 2932 957 2987 omnium
1018 2937 1360 2987 ornamento
1400 2928 1729 2985 excolendis
1760 2945 1825 2984 ac

185 3020 546 3086 decorandis,
612 3035 814 3074 verum
879 3020 1056 3075 etiam
1120 3020 1305 3091 ipsius
1354 3018 1568 3073 animis
1625 3022 1825 3072 contra

181 3108 414 3164 technas
455 3124 525 3162 ac
553 3108 860 3179 perfidiam
905 3108 1311 3164 baareticorum
1343 3105 1820 3180 praemuniendis.

184 3195 292 3252 Hoc
317 3198 447 3268 eius
486 3196 753 3252 noscitur
798 3196 980 3253 fuisse
1028 3196 1414 3269 propositum,
1465 3195 1698 3268 quando
1748 3193 1817 3248 li-

182 3283 344 3341 brum
392 3301 571 3340 suum
624 3286 698 3339 De
744 3284 1023 3356 paradiso,
1078 3302 1254 3357 quem
1314 3285 1422 3340 hoc
1482 3284 1608 3356 ipso
1666 3299 1817 3338 anno

182 3373 394 3430 editum
440 3379 742 3446 putamus,
787 3389 856 3429 ea
906 3375 976 3429 de
1023 3390 1085 3429 re
1132 3374 1193 3429 in
1240 3374 1431 3429 lucem
1480 3372 1715 3441 emisit;
1749 3388 1821 3427 ne

184 3461 391 3533 Apellis
444 3461 742 3533 discipuli,
791 3466 893 3517 aut
941 3462 1242 3519 Mauicbsei
1298 3463 1495 3534 potius
1547 3461 1822 3533 simplices

181 3554 393 3614 mentes,
450 3551 666 3622 inquit,
716 3551 999 3607 malitiosa
1049 3553 1494 3622 interpretatione
1533 3550 1822 3606 traducant

189 3637 303 3707 (lib.
369 3645 440 3694 De
489 3639 690 3710 parad.
751 3656 878 3711 cap.
929 3641 985 3709 5,
1037 3658 1094 3695 n.
1138 3641 1251 3713 28).
1303 3639 1447 3695 Huic
1496 3639 1643 3694 libro
1675 3637 1822 3693 alios

191 3725 325 3781 duos
382 3726 614 3798 adjecit,
668 3728 766 3799 qui
818 3729 895 3782 De
944 3730 1082 3785 Cain
1126 3729 1331 3784 etAbet
1362 3728 1627 3799 inscripti
1658 3731 1820 3794 sunt,

199 3814 254 3869 in
282 3815 484 3886 quibus
515 3814 761 3870 faciliori
791 3817 982 3872 adhuc
1032 3818 1262 3889 negotio
1306 3816 1826 3888 deprehenduntur

206 3901 241 3955 ii
269 3919 574 3972 sermones,
598 3904 699 3975 qui
728 3905 1041 3961 Christiani
1073 3905 1319 3960 oratoris
1351 3921 1463 3959 non
1497 3905 1577 3959 ita
1608 3904 1821 3958 maturi

202 3988 477 4062 ingenium
542 3992 814 4059 referant,
892 3992 1026 4048 licet
1089 3993 1149 4048 hi
1208 3993 1321 4066 ipsi
1384 3991 1684 4064 praeceptis
1749 3992 1820 4046 ad

201 4076 367 4134 bonos
427 4095 617 4136 mores
689 4080 1146 4153 appositissimis
1218 4081 1434 4155 passim
1506 4096 1821 4154 aspergan-

202 4167 309 4220 tur.

266 4280 348 4335 49.
391 4282 759 4339 Ambrosium
823 4283 1073 4356 singulis
1118 4284 1327 4340 diebus
1387 4283 1701 4341 Dominicis
1749 4282 1821 4339 ad

205 4369 461 4440 populum
488 4372 666 4427 verba
694 4372 880 4428 facere
909 4373 1279 4429 consuevisse
1307 4375 1474 4429 testis
1504 4377 1593 4428 est
1620 4374 1823 4444 Augu-

207 4457 400 4523 stinus,
426 4476 557 4515 cum
588 4462 933 4533 profitetur:
966 4464 1105 4517 Eum
1135 4462 1352 4534 quidem
1386 4464 1445 4517 in
1474 4461 1674 4532 popqu
1703 4476 1823 4515 ver-

207 4543 320 4601 bum
346 4550 580 4605 veritatis
637 4554 779 4605 recte
835 4556 1166 4607 tractantem
1220 4553 1374 4606 omni
1420 4551 1517 4606 die
1544 4551 1822 4605 Dominico

201 4602 619 4709 mmini.
652 4602 709 4693 ἑὲ
730 4602 1194 4711 confit-35.3).
1223 4602 1823 4695 gessissem
1857 4602 1903 4664 D

202 4722 305 4778 nisi
332 4725 393 4780 de
422 4720 791 4783 serrnonibus
828 4743 933 4799 per
962 4729 1099 4784 anni
1149 4745 1390 4784 cursum
1425 4744 1491 4783 ex
1527 4727 1821 4782 communi

200 4825 346 4869 more
370 4814 567 4870 haberi
615 4814 809 4871 solitis
859 4817 1196 4889 accipienda
1245 4821 1422 4885 sunt;
1454 4816 1513 4871 in
1547 4816 1710 4871 festis
1740 4831 1825 4871 ce-

196 4896 547 4970 lebrioribus,
580 4921 808 4960 necnon
838 4904 898 4960 in
932 4906 1139 4962 diebus
1171 4905 1646 4962 extraordinariis
1681 4921 1821 4976 quo-

194 4989 345 5060 tidie,
372 4992 490 5048 imo
521 5009 656 5048 vero
676 4992 979 5049 interdum
1012 4996 1186 5051 etiam
1214 4994 1394 5051 semel
1416 5000 1473 5050 et
1493 4995 1704 5049 iterum
1739 5011 1827 5050 eo-

191 5076 315 5132 dem
335 5081 426 5135 die
440 5084 788 5153 suggestum
809 5084 1256 5149 conscendebat,
1279 5084 1431 5140 sicut
1451 5101 1485 5139 a
1509 5082 1679 5138 nobis
1701 5083 1825 5139 suis

187 5162 322 5222 locis
347 5172 718 5226 observatum
751 5174 846 5225 est
893 5172 1140 5242 (Admon.
1187 5175 1246 5227 in
1278 5172 1374 5227 lib.
1408 5172 1473 5226 de
1501 5170 1655 5243 Myst.
1687 5181 1737 5227 et
1768 5173 1828 5226 in

188 5253 279 5309 lib.
308 5258 604 5331 Eandem).

250 5373 332 5427 20.
365 5372 574 5432 Primis
599 5392 840 5449 quoque
877 5376 1634 5450 Ambrosianicpiscopatus
1656 5377 1828 5432 annis

186 5472 508 5530 generosam
538 5464 706 5521 illam
728 5464 1087 5536 libertatem,
1121 5483 1299 5539 quam
1319 5466 1591 5522 sacerdos
1614 5465 1828 5522 Christi

186 5549 446 5609 adversus
489 5555 801 5628 principes
847 5562 1265 5629 magnatesque
1316 5553 1515 5612 saeculi
1554 5555 1831 5611 adhibere

187 5641 562 5716 constituerat,
596 5648 891 5719 expertus
939 5649 1024 5701 est
1078 5644 1529 5702 Valentinianus
1558 5644 1828 5716 Magnus.

528 684 762 740 ethunc
811 686 997 757 ipsam
1043 694 1102 740 ut
1151 685 1388 741 docentis
1417 684 1598 739 studio
1635 684 1839 753 possim
1950 682 2159 748 diebus,
2192 683 2472 739 nimirum
2504 685 2577 739 ab
2609 685 2991 752 ordinatione,
3037 702 3162 741 cum
3200 686 3429 743 divinus
3475 692 3606 744 Am-

1951 770 2162 827 brosius
2192 773 2367 827 multa
2397 788 2525 828 cum
2582 774 2831 829 libertate
2875 777 3260 847 imperatorem
3295 775 3600 848 alloquens,

1947 861 2219 916 nonnulla
2264 862 2713 933 reprehendisset,
2763 877 2886 935 qua?
2914 880 2948 918 a
2993 864 3417 937 magistratibus
3455 864 3601 920 haud

1945 957 2091 1005 recte
2108 952 2255 1019 facta
2280 967 2395 1005 esse
2410 951 2755 1018 videbantur,
2788 951 3064 1023 respondit
3087 954 3413 1024 imperator:
3448 938 3598 1010 Hanc

1945 1041 2098 1093 tuam
2127 1039 2429 1094 libertatem
2450 1040 2571 1111 jam
2591 1039 2806 1110 pridem
2834 1041 3107 1109 cognitam
3148 1040 3412 1099 habebam
3433 1059 3456 1104 ;
3496 1042 3593 1115 sed

1947 1126 2072 1181 licet
2101 1143 2219 1182 eam
2246 1129 2412 1199 probe
2452 1145 2680 1195 nossem,
2716 1146 2825 1185 non
2872 1131 3049 1184 solum
3098 1146 3207 1185 non
3249 1132 3588 1201 contradici,

1945 1217 2055 1270 imo
2104 1232 2380 1271 assensum
2424 1218 2640 1289 praebui
2685 1220 3023 1274 ordinationi
3059 1225 3189 1275 tuae.
3239 1220 3478 1276 Proinde
3506 1221 3593 1279 de-

1945 1304 2088 1359 lictis
2112 1308 2427 1360 animarum
2454 1310 2771 1361 nostrarum
2796 1306 3128 1362 medicinam
3156 1307 3371 1375 adhibe,
3404 1325 3589 1380 quem-

1944 1393 2236 1448 admodum
2291 1394 2478 1450 divina
2536 1394 2626 1449 lea:
2672 1397 2932 1468 praecipit
2984 1394 3109 1465 (lib.
3157 1413 3213 1451 IV
3267 1380 3404 1453 Hist.
3435 1399 3587 1467 cccl.,

1943 1497 2070 1553 cap.
2105 1482 2182 1552 7).

2011 1570 2100 1625 21.
2151 1570 2254 1625 Hic
2327 1570 2646 1644 imperator
2697 1588 2771 1627 xv
2830 1570 2954 1627 Kal.
2994 1571 3341 1629 Decembres
3420 1573 3576 1633 diem

1941 1658 2105 1726 obiit,
2165 1657 2383 1714 relictis
2432 1660 2665 1716 duobus
2716 1659 2876 1726 ﬁliis,
2928 1660 3204 1717 Gratiano
3275 1659 3495 1723 scilicet
3523 1678 3591 1717 ac

1938 1746 2389 1804 Valentiniano:
2443 1764 2696 1820 quorum
2739 1747 2837 1804 ille
2895 1748 3053 1821 prior
3094 1749 3221 1821 jam
3248 1748 3593 1823 impleverat

1940 1851 2160 1890 annum
2179 1835 2363 1892 aetatis
2393 1853 2531 1903 xvn,
2562 1840 2618 1893 et
2668 1837 2762 1891 die
2792 1854 2848 1891 Ix
2894 1836 3019 1892 Kal.
3050 1837 3423 1909 Septembres
3450 1838 3589 1894 anni

1933 1922 2037 1978 367
2063 1924 2334 1995 Augutus
2366 1924 2555 1980 fuerat
2600 1923 2892 1981 salutatus
2918 1944 2930 1994 ;
2955 1925 3407 1984 Valentinianus
3454 1943 3587 1985 vero

1936 2012 2127 2067 adhuc
2154 2012 2503 2084 quadrimus
2535 2017 2696 2069 sexto
2727 2013 2818 2069 die
2848 2017 2981 2086 post
3009 2014 3237 2075 obitum
3276 2019 3586 2089 paternum

1934 2099 2253 2172 imperator
2309 2102 2638 2157 declaratus
2668 2106 2777 2158 est.
2812 2102 3137 2175 Utrumque
3176 2102 3387 2159 borum
3420 2104 3585 2176 prin-

1936 2189 2133 2259 cipum
2166 2205 2395 2261 semper
2440 2190 2783 2246 Ambrosius
2828 2193 3026 2246 tenero
3071 2191 3328 2263 quodam
3370 2195 3427 2247 et
3454 2206 3586 2249 vere

1936 2278 2123 2348 patrio
2153 2294 2350 2333 amore
2394 2277 2734 2349 complexus
2759 2282 2866 2346 est,
2918 2294 3094 2351 quem
3124 2283 3183 2335 et
3211 2277 3297 2334 illi
3325 2278 3583 2335 vicissim

1937 2365 2194 2436 parentis
2250 2365 2464 2436 proprii
2527 2365 2651 2420 loco
2709 2383 3013 2438 nunquam
3073 2384 3188 2422 non
3233 2356 3582 2435 coluerunt;

1936 2454 2091 2525 quod
2126 2453 2282 2508 enim
2314 2454 2426 2508 sub
2450 2453 2704 2524 junioris
2753 2455 3000 2527 imperio
3030 2457 3390 2514 vexationem
3431 2460 3583 2512 atro-

1936 2540 2236 2597 cissimam
2269 2541 2552 2597 sustinuit
2598 2545 2838 2597 sanctus
2880 2542 3213 2614 episcopus,
3240 2542 3300 2598 id
3335 2543 3394 2597 in
3428 2543 3585 2601 furo-

1935 2647 2058 2686 rem
2118 2629 2399 2685 basreticae
2475 2628 2724 2698 feminae,
2795 2646 2921 2701 quae
2987 2628 3197 2701 puerili
3256 2630 3360 2684 ﬁlii
3417 2634 3587 2688 (state

1937 2718 2289 2774 abutebatur
2343 2718 2504 2790 (orat.
2564 2718 2629 2773 de
2686 2718 2817 2775 obit.
2880 2718 3131 2789 Valent),
3199 2718 3585 2789 rejiciendum

1936 2811 2043 2862 est.

2004 2898 2091 2950 22.
2122 2896 2248 2965 (AN.
2281 2895 2428 2965 376).
2492 2895 3026 2966 Quantumcunque
3079 2911 3251 2967 porro
3310 2876 3587 2967 quaelibet

1934 2984 2080 3039 ratio
2111 2984 2279 3040 beato
2313 2982 2541 3055 praesuli
2574 3000 2724 3038 cura:
2754 2982 2948 3055 fuerit,
2981 2982 3211 3039 nullum
3243 2983 3582 3040 institutum

1933 3072 2345 3128 sollicitudinis
2401 3089 2521 3126 suae
2580 3071 2881 3128 laboribus
2932 3073 2983 3128 ei
3042 3060 3305 3145 unquam
3342 3072 3591 3146 dignius

1929 3160 2122 3216 visum
2152 3165 2259 3227 est,
2311 3176 2490 3231 quam
2540 3160 2890 3232 virgineum.
2948 3161 3082 3216 Jam
3135 3160 3270 3217 inde
3308 3162 3379 3217 ab
3410 3159 3576 3217 initio

1928 3249 2299 3321 episcOpatus
2320 3247 2754 3303 lucubrationes
2792 3264 2931 3303 suas
2963 3247 3186 3303 domini
3217 3249 3307 3304 sui
3341 3249 3577 3321 sponsis

1931 3338 2286 3392 devotandas
2335 3336 2560 3407 putavit
2601 3353 2613 3402 ;
2663 3352 2796 3391 cum
2843 3352 2960 3390 non
3008 3336 3237 3391 tardius
3289 3334 3398 3390 hoc
3423 3352 3575 3401 anno

1928 3425 2166 3480 ineunte
2197 3426 2268 3479 ad
2300 3441 2397 3480 eas
2428 3423 2611 3479 habiti
2668 3424 2979 3479 videantur
3034 3423 3460 3496 elegantissimi
3491 3423 3578 3479 illi

1930 3529 2252 3580 sermones,
2311 3528 2380 3568 ex
2435 3513 2651 3584 quibus
2699 3511 2834 3567 libri
2885 3514 2958 3568 De
3002 3513 3313 3584 virginibus
3343 3512 3577 3569 concin-

1930 3602 2049 3657 nati
2083 3606 2242 3657 sunt.
2277 3602 2541 3666 Quantus
2574 3604 2766 3657 autem
2795 3601 3007 3657 horum
3038 3618 3169 3657 cum
3216 3601 3577 3674 pronuntiati

1932 3695 2089 3759 sunt,
2122 3691 2347 3746 fructus
2404 3691 2682 3763 eruperit,
2741 3707 2810 3746 ex
2867 3706 2938 3745 eo
2982 3690 3126 3746 satis
3157 3689 3349 3763 colligi
3380 3691 3571 3758 datur,

1932 3781 2085 3853 quod
2118 3780 2204 3835 vir
2233 3779 2448 3851 alioqui
2480 3778 2952 3835 modestissimus
2979 3778 3146 3835 illum
3177 3795 3442 3852 premere
3462 3796 3580 3836 non

1931 3868 2219 3941 potuerit:
2252 3869 2328 3923 De
2373 3868 2719 3935 Placentino,
2774 3867 2990 3940 inquit,
3030 3867 3317 3925 sacrandus
3344 3869 3583 3939 virgines

1929 3960 2175 4024 veniunt,
2231 3957 2296 4011 de
2342 3958 2677 4011 Bononiensi
2722 3958 2973 4024 veniunt,
3022 3957 3087 4013 de
3126 3956 3465 4012 Mauritania
3490 3972 3581 4012 ve-

1928 4048 2110 4109 niunt,
2169 4052 2228 4101 ut
2272 4046 2360 4100 hic
2400 4045 2649 4099 velentur
2704 4045 2825 4116 (lib.
2877 4046 2951 4100 De
3004 4047 3146 4114 virg.
3195 4060 3242 4100 ε.
3292 4044 3380 4111 10,
3415 4060 3579 4099 num.

1928 4136 2043 4203 57).
2078 4137 2212 4198 Quae
2242 4133 2481 4204 quidem
2509 4132 2684 4187 verba
2712 4138 2947 4204 tempus
2975 4132 3154 4188 etiam
3196 4148 3313 4204 quo
3346 4130 3429 4186 illi
3461 4148 3581 4188 ser-
3672 4146 3677 4153 ‘

1931 4240 2137 4279 mones
2166 4222 2350 4278 habiti
2382 4220 2561 4287 fuere,
2587 4219 2732 4275 satis
2761 4220 3055 4287 innuunt;
3088 4236 3223 4275 cum
3256 4218 3411 4276 enim
3443 4222 3583 4275 Am-

1933 4312 2164 4367 brosius
2223 4310 2516 4366 triennalis
2571 4308 2813 4364 sacerdos
2872 4308 3028 4380 (ibid.
3090 4309 3189 4363 lib.
3246 4324 3324 4374 Iv,
3368 4324 3493 4381 cap.
3525 4308 3581 4375 6,

1933 4419 1989 4455 n.
2025 4402 2114 4472 39)
2138 4400 2373 4455 eosdem
2415 4398 2703 4471 redegerit
2732 4397 2792 4452 in
2818 4396 3105 4453 librorum
3137 4396 3407 4464 formam,
3441 4395 3582 4452 hinc

1933 4488 2227 4562 intelligas
2259 4487 2459 4559 unius,
2520 4491 2586 4542 ut
2644 4486 2947 4557 nimirum,
2997 4484 3136 4542 anni
3181 4484 3369 4558 spatio
3401 4485 3584 4542 fuisse

1933 4594 2100 4650 Opus,
2136 4581 2200 4633 ut
2228 4576 2460 4632 illarum
2493 4575 2840 4631 concionum
2876 4575 3031 4632 fama
3061 4576 3120 4630 in
3150 4574 3280 4630 loca
3307 4578 3427 4630 tam
3461 4572 3582 4642 dis-

1936 4666 2067 4735 sita,
2101 4672 2157 4722 et
2188 4665 2440 4721 maxime
2470 4664 2531 4720 in
2564 4664 2977 4721 Mauritaniam
3018 4680 3205 4736 usque
3236 4663 3578 4737 pervadens,

1934 4755 2212 4812 velandae
2266 4753 2522 4827 virgines
2581 4753 2976 4811 Mediolanum
3036 4754 3171 4810 inde
3218 4751 3581 4825 pertraxerit.

1935 4845 2218 4911 Quocirca
2261 4844 2310 4900 si
2341 4846 2554 4899 festum
2586 4844 2769 4899 beata).
2798 4844 3040 4917 Agnetis
3070 4860 3149 4898 χιι
3181 4841 3307 4909 Kal,
3339 4841 3611 4908 Februag

1933 4934 2051 4989 nias
2081 4933 2506 4997 celebrabatur,
2565 4938 2627 4987 ut
2685 4948 2841 4987 nunc
2902 4932 3084 4988 moris
3128 4934 3236 4996 est,
3270 4929 3429 4985 haud
3460 4927 3588 4993 sine

1935 5039 2114 5078 causa
2142 5021 2563 5077 crediderimus
2594 5021 2933 5075 eorumdem
2957 5033 3297 5076 sermonum
3329 5016 3588 5088 primum

1934 5112 2044 5167 hoc
2073 5112 2200 5183 ipso
2232 5126 2385 5165 anno
2416 5108 2477 5163 in
2535 5108 2715 5164 natali
2748 5108 2910 5164 illius
2940 5106 3236 5180 martyris,
3281 5104 3426 5160 alios
3456 5120 3588 5160 vero

1936 5200 2065 5256 aliis
2111 5200 2319 5254 diebus
2378 5215 2447 5253 ex
2500 5195 2802 5251 intervallo
2860 5197 3049 5252 dictos
3099 5194 3301 5249 fuisse.
3336 5192 3454 5248 Hoc
3484 5208 3588 5247 au-

1937 5294 2055 5345 tem
2086 5286 2431 5343 Ambrosius
2461 5289 2624 5340 tanta
2644 5300 2774 5339 cum
2800 5283 3072 5339 facundia
3096 5286 3152 5339 et
3165 5285 3396 5352 ornatu,
3411 5279 3590 5337 simul

1938 5394 2070 5434 vero
2100 5380 2263 5431 tanta
2320 5391 2456 5429 cum
2512 5371 2884 5429 vehementia
2939 5376 2995 5427 et
3052 5370 3314 5430 efﬁcacia
3346 5386 3591 5444 persua-

1940 5466 2109 5524 dendi
2143 5463 2450 5538 praestitit;
2502 5465 2568 5517 ut
2623 5465 2680 5517 et
2714 5459 2955 5517 nimiam
2988 5459 3272 5518 orationis
3299 5458 3589 5515 luxuriem

1939 5556 2190 5630 ipsemet
2218 5556 2540 5622 excusaret,
2604 5554 2661 5606 ct
2692 5553 2910 5607 matres
2968 5569 3041 5608 ne
3096 5550 3231 5608 lilizn
3276 5565 3396 5606 suae
3444 5548 3593 5606 tanti

1941 5645 2195 5702 doctoris
2216 5641 2551 5716 eloquentia
2579 5656 2894 5714 persuasae,
2926 5640 3321 5715 virginitatem
3335 5637 3593 5697 Ghristo-
3619 5646 3626 5655 ’
