3938 6214
330 326 408 403 83
1669 335 1854 399 VITA
1898 334 1963 400 8.
2010 335 2385 402 AMBROSII

3646 339 3731 405 84

330 465 754 536 consecrarent,
810 483 908 523 eas
967 465 1023 523 in
1084 467 1339 525 conclavi
1373 468 1575 526 sedulo
1608 469 1863 527 inclusas
1896 472 1965 527 ad
1997 471 2053 537 Α
2082 491 2257 547 quam
2307 474 2805 534 continuationem
2848 476 2983 534 libri
3025 478 3103 535 De
3147 474 3328 535 vidui:
3376 475 3622 550 (Admon.
3662 480 3727 534 in

329 574 464 614 eum
498 558 853 614 audiendum
890 559 944 612 in
978 558 1280 614 ecclesiam
1333 561 1521 614 venire
1554 579 1664 616 non
1702 568 1970 632 pateren-

330 651 446 702 tur.

404 736 494 792 23.
546 736 765 802 Ariani,
829 754 960 791 cum
995 754 1203 791 novum
1264 738 1583 794 antistitem
1615 740 1817 795 hmresi
1853 756 1971 794 suae

331 824 554 880 bellum
600 826 899 891 indixisse,
952 843 1016 880 ac
1067 826 1286 881 nullam
1323 845 1353 881 a
1385 828 1572 898 primo
1603 829 1695 883 die
1728 834 1971 899 acceptze

333 914 715 969 ordinationis
773 916 1134 970 occasionem
1187 932 1386 972 eorum
1419 917 1793 989 oppugnandi
1832 935 1971 988 prce-

332 1003 652 1058 termittere
684 1005 1119 1076 conspicerent;
1184 1011 1480 1077 coeperunt
1538 1007 1687 1061 serio
1734 1006 1883 1060 inter
1912 1022 1974 1060 se

333 1091 655 1162 consulere,
680 1093 895 1164 quibus
916 1094 1201 1149 machinis
1214 1094 1542 1149 adversario
1564 1095 1829 1166 partibus
1851 1094 1975 1149 suis

334 1181 652 1254 perniciem
704 1183 1026 1255 proximam
1079 1183 1368 1238 minitanti
1420 1201 1546 1239 sese
1595 1188 1971 1255 opponerent.

333 1271 410 1326 Eo
438 1271 656 1339 animo,
721 1276 782 1325 ut
834 1272 1071 1342 quidam
1131 1273 1445 1342 prudenter
1475 1272 1829 1338 existimant,
1862 1272 1973 1327 Va-

333 1358 549 1414 lentem
582 1359 881 1430 elegerunt
930 1360 1140 1414 furoris
1187 1360 1277 1414 sui
1310 1360 1643 1415 ministrum
1675 1360 1971 1426 idoneum,

334 1448 435 1518 qui
468 1448 791 1509 Petavione,
827 1449 995 1517 cujus
1028 1448 1302 1502 thronum
1336 1448 1745 1519 episcopalem,
1792 1450 1973 1518 ejecto

333 1536 547 1600 Marco,
582 1553 679 1605 per
709 1536 821 1589 vim
885 1541 1215 1607 occuparat,
1266 1538 1514 1606 turpiter
1581 1537 1880 1608 expulsus,
1916 1537 1971 1590 in

336 1622 559 1678 Italiam
594 1624 664 1677 ad
698 1625 1122 1695 perturbandas
1165 1624 1325 1679 illius
1358 1625 1644 1679 Ecelesias
1678 1643 1737 1680 se
1770 1633 1972 1681 contu-

333 1710 498 1767 lerat.
534 1712 643 1767 Sed
680 1729 946 1782 repressa
1001 1718 1087 1767 est
1119 1714 1246 1781 ejus
1295 1717 1551 1767 amentia
1581 1713 1835 1768 Gratiani
1871 1733 1972 1769 uu-

335 1801 640 1867 ctoritate;
701 1800 887 1871 legem
943 1801 1097 1856 enim
1131 1802 1411 1857 adversus
1472 1801 1638 1855 illum
1671 1803 1742 1855 ab
1773 1804 1973 1858 eodem

337 1890 597 1961 principe
632 1889 808 1943 fuisse
859 1888 1035 1943 latam
1082 1906 1150 1944 ex
1198 1889 1404 1961 primis
1447 1890 1636 1945 verbis
1686 1890 1787 1946 lib.
1823 1908 1878 1947 iv
1903 1897 1978 1947 De

336 1979 525 2036 haeret.
555 1977 851 2033 discamus
882 1978 1033 2033 licet.

406 2069 495 2122 24.
531 2069 657 2138 (ΑΝ,
690 2069 835 2137 377).
867 2067 997 2121 Jam
1031 2084 1209 2138 supra
1262 2067 1628 2122 narravimus
1659 2085 1834 2139 quam
1866 2067 1978 2124 late

334 2156 851 2212 Ambrosianorum
911 2156 982 2210 de
1044 2155 1378 2225 virginitate
1433 2173 1769 2210 sermonum
1825 2160 1980 2212 fama

336 2262 398 2301 se
430 2244 775 2299 dil‘l‘udisset.
810 2244 944 2298 Inde
993 2244 1211 2299 factum
1255 2249 1343 2298 est
1392 2246 1451 2297 ut
1497 2235 1747 2315 virgines
1779 2262 1975 2311 sacrae,

333 2350 461 2406 quas
495 2338 729 2405 prepter
759 2333 1018 2388 locorum
1045 2332 1383 2387 distantiam
1443 2333 1573 2387 illas
1620 2334 1977 2389 adhortatio-

335 2441 442 2480 nes
460 2422 699 2477 auribus
721 2422 957 2475 baurire
984 2438 1095 2475 non
1132 2426 1413 2492 poterant.
1441 2437 1539 2477 eas
1571 2421 1778 2477 saltem
1812 2423 1977 2477 char-

336 2513 413 2568 tis
444 2512 686 2566 traditas
736 2510 923 2581 legere
957 2515 1358 2580 percuperent.
1406 2510 1517 2565 Nec
1570 2511 1824 2581 profecto
1856 2527 1977 2565 cre-

337 2601 514 2657 dibile
545 2605 633 2655 est
664 2597 1058 2654 Mareellinam
1090 2597 1379 2653 Ambrosii
1426 2614 1706 2667 sororem,
1740 2603 1797 2653 et
1846 2603 1980 2653 ante

336 2689 555 2747 multos
587 2706 771 2743 annos
827 2688 882 2741 id
945 2688 1069 2741 vitre
1126 2704 1311 2757 genus
1370 2685 1599 2758 publice
1632 2687 1977 2757 professam.

336 2779 484 2835 ferre
517 2777 800 2849 potuisse,
852 2781 914 2831 ut
965 2776 1036 2830 ab
1069 2775 1182 2831 alia
1230 2775 1285 2829 in
1319 2774 1427 2830 hoc
1481 2776 1798 2847 expetendo
1831 2793 1979 2846 prte-

334 2870 711 2921 verteretur:
765 2869 1003 2919 sanctus
1060 2869 1253 2919 autem
1324 2863 1533 2935 praesul
1593 2863 1980 2919 libentissime

337 2956 649 3010 obsecutus
678 2959 766 3009 est
796 2971 996 3008 eorum
1016 2953 1162 3007 votis
1193 2970 1203 3007 :
1241 2953 1394 3023 quod
1430 2952 1552 3024 ipse
1577 2953 1884 3007 manifesto
1910 2954 1981 3007 de

337 3058 399 3097 se
446 3046 715 3107 testatur,
768 3040 861 3096 bis
909 3041 1099 3094 verbis
1148 3039 1440 3109 loquens:
1494 3041 1825 3108 Reg/uitibus
1861 3043 1981 3095 vir-

330 3132 556 3201 ginibus
602 3147 672 3184 ne
718 3132 814 3184 hoc
868 3129 1086 3201 qui/lem
1139 3130 1327 3197 putavi
1366 3128 1675 3193 negandum
1724 3128 1845 3199 (lib.
1906 3130 1979 3184 De

332 3198 470 3291 iiirg.
505 3236 630 3291 cap.
688 3220 757 3288 1).
811 3198 916 3272 Illa
969 3218 1040 3271 de
1084 3233 1261 3270 causa
1306 3217 1539 3270 eosdem
1585 3198 1884 3272 sermones
1916 3216 1973 3271 in
2008 3198 2049 3263 C

329 3313 448 3365 tres
469 3308 658 3363 libros
708 3309 777 3363 de
818 3306 1143 3377 virginibus
1190 3305 1238 3358 is
1272 3306 1707 3360 transtermavit
1736 3306 1974 3360 nondum

334 3401 625 3457 triennalia
654 3397 921 3461 sacerdos,
975 3400 1038 3448 ut
1061 3395 1187 3463 jam
1242 3394 1458 3448 dictum
1493 3401 1598 3460 est,
1633 3396 1976 3451 Marcellinze

336 3488 518 3544 sorori
553 3488 659 3541 hoc
687 3487 839 3539 idem
872 3500 1019 3555 opus
1051 3481 1397 3554 inscriptum
1434 3483 1630 3551 voluit,
1666 3485 1721 3538 in
1775 3503 1890 3556 quo
1922 3492 1979 3541 et

335 3576 661 3633 orationem
712 3573 869 3628 illam
926 3572 1119 3627 retalit
1168 3572 1410 3642 (Admon.
1464 3576 1521 3627 in
1553 3574 1647 3628 lib.
1681 3578 1759 3629 De
1791 3577 1973 3645 rirg.),

338 3680 517 3736 quam
567 3663 707 3717 dum
763 3660 841 3714 illi
889 3659 1351 3716 sanetiomoniali
1408 3661 1595 3715 velum
1629 3661 1974 3733 imponeret,

333 3752 540 3809 habuit
560 3750 841 3806 Liberius.

399 3843 489 3897 25.
523 3842 646 3895 Non
678 3840 758 3894 ita
789 3838 971 3893 multo
1004 3842 1131 3909 post
1160 3837 1375 3893 librum
1413 3839 1483 3893 De
1514 3839 1689 3894 viduis
1722 3840 1969 3909 (.lzlmon.

324 3933 385 3986 in
418 3932 513 3985 lib.
548 3931 623 3984 De
670 3929 890 3995 viduis),
943 3928 1037 3998 qui
1084 3927 1355 3982 similiter
1405 3934 1632 3983 constat
1679 3946 1709 3982 e
1750 3946 1970 3983 sermo-

324 4020 520 4089 nibus,
552 4019 607 4072 in
642 4018 852 4088 vulgus
903 4017 1100 4070 edidit.
1154 4016 1469 4070 Viduarum
1505 4018 1966 4073 Christianarum

321 4107 630 4163 commoda
660 4111 715 4161 et
748 4107 953 4161 merita
983 4104 1096 4160 illic
1131 4106 1424 4175 praedicat,
1464 4122 1564 4161 nec
1615 4123 1730 4160 non
1766 4124 1967 4162 earum

318 4196 711 4252 conditionem
745 4194 1003 4267 proxime
1034 4194 1301 4248 accedere
1333 4194 1403 4247 ad
1438 4193 1774 4266 virginalem
1795 4212 1970 4267 appo-

317 4287 426 4342 site
481 4286 708 4358 probat.
774 4284 1014 4339 Dederat
1070 4288 1264 4337 autem
1317 4282 1504 4337 eidem
1558 4282 1756 4354 opella:
1797 4301 1965 4339 occa-

318 4374 540 4430 sionem
574 4374 840 4445 quaedam
872 4372 1063 4437 vidua,
1116 4390 1242 4442 quee
1275 4388 1407 4425 eum
1444 4371 1682 4427 haberet
1714 4390 1781 4427 ex
1812 4372 1965 4428 tilia-

316 4463 427 4517 bus
460 4462 603 4516 alias
636 4466 868 4532 nuptas,
907 4460 1049 4515 alias
1084 4476 1213 4514 vero
1248 4459 1471 4531 nuptiis
1506 4465 1790 4529 maturas,
1826 4479 1962 4518 cum

2081 565 2176 619 lib.
2227 566 2301 619 De
2342 567 2528 637 virg.),
2564 583 2816 637 eumque
2857 565 3126 622 similiter
3156 564 3543 639 compositum
3594 584 3725 623 esse

2079 669 2147 707 ex
2196 654 2584 721 sermonibus,
2644 672 2791 727 quos
2836 660 2900 709 ut
2964 661 3319 710 commotam
3389 661 3728 711 memorata:

2080 743 2268 797 viduae
2302 748 2553 797 mentem
2585 743 2859 815 placaret,
2894 744 3240 815 composuit.
3288 744 3502 799 Verum
3535 744 3728 816 prius-

2082 847 2259 901 quam
2304 832 2565 885 eamdem
2612 832 2849 887 viduam
2873 830 3286 903 alloquerctur,
3311 832 3437 888 fuse
3466 831 3734 903 disputat

2083 919 2152 973 de
2199 919 2467 973 instituto
2510 918 2882 991 virginitatis,
2944 919 3208 991 illudque
3267 935 3366 975 nec
3422 920 3729 991 improbum

2082 1024 2215 1074 esse,
2268 1024 2365 1062 nec
2410 1024 2629 1074 novum,
2688 1024 2787 1061 nec
2837 1008 3037 1062 inutile
3087 1006 3450 1079 argumentis
3515 1008 3733 1063 evincit

2083 1096 2185 1167 (De
2232 1099 2368 1165 vz'rg.
2421 1114 2546 1168 cap.
2595 1099 2649 1163 6,
2705 1115 2763 1152 n.
2812 1099 2882 1151 27
2927 1101 2979 1152 et
3032 1097 3202 1169 seq.),
3260 1097 3329 1152 Et
3366 1096 3474 1152 hac
3504 1096 3731 1153 ratione

2082 1189 2204 1240 tam
2250 1186 2320 1240 de
2370 1185 2713 1257 virginibus,
2769 1202 2947 1257 quam
2996 1186 3065 1241 de
3112 1182 3301 1239 viduis
3343 1183 3464 1240 illic
3511 1184 3728 1257 agitur,

2085 1274 2335 1329 maxime
2366 1290 2497 1329 vero
2529 1274 2599 1329 de
2648 1274 2740 1328 his
2775 1272 3018 1329 ultimis.
3053 1274 3198 1329 Cum
3250 1276 3446 1328 autem
3477 1272 3623 1328 liber
3656 1274 3735 1328 De

2084 1363 2261 1417 viduis
2308 1364 2529 1417 absolvi
2588 1362 2699 1417 nisi
2759 1366 3013 1417 vertente
3070 1378 3223 1416 anno
3281 1360 3580 1432 superiore
3611 1380 3731 1417 non

2085 1451 2356 1522 potuerit,
2389 1451 2525 1505 hinc
2563 1451 2798 1506 evidens
2824 1455 2911 1506 est
2940 1468 3075 1506 eum
3108 1449 3324 1504 librum
3356 1449 3427 1505 de
3458 1466 3571 1520 quo
3603 1451 3731 1523 agi-

2086 1556 2240 1603 mus,
2274 1539 2560 1595 conscribi
2594 1544 2725 1594 ante
2753 1539 2906 1594 hunc
2938 1555 3157 1593 annum
3191 1555 3305 1593 non
3339 1538 3617 1610 potuisse.

2157 1629 2244 1683 28.
2282 1629 2506 1683 Interea
2535 1628 2676 1682 dum
2708 1627 3052 1683 Ambrosius
3095 1631 3216 1683 tam
3250 1625 3493 1682 feliciter
3522 1627 3727 1683 haeresi

2085 1716 2458 1779 debellandze,
2494 1716 2646 1771 vitiis
2702 1714 3112 1787 exstirpandis,
3161 1731 3226 1769 ac
3254 1714 3581 1770 inserendis
3609 1715 3733 1770 vir-

2087 1805 2313 1859 tutibus
2344 1822 2578 1876 operam
2637 1805 2904 1873 navabat,
2963 1803 3176 1859 Valens
3235 1803 3567 1875 imperator,
3627 1803 3733 1876 qui

2088 1893 2404 1949 catholicos
2459 1894 2778 1949 afflictabat
2832 1897 2950 1948 tam
3009 1892 3299 1960 atrociter,
3360 1893 3645 1948 maximas
3700 1910 3737 1948 a

2088 1981 2289 2037 Gothis
2312 1981 2505 2037 clades
2554 1981 2808 2054 pertulit.
2843 1982 3055 2037 Contra
3076 1997 3206 2036 vero
3238 1980 3572 2048 Gratianus,
3600 1982 3738 2053 ejus

2087 2086 2156 2125 ex
2178 2071 2353 2125 fratre
2384 2087 2583 2142 nepos,
2619 2074 2784 2125 rectae
2815 2070 2948 2125 ﬁdei
2976 2069 3255 2125 beneﬁcio
3289 2070 3504 2142 ubique
3529 2070 3741 2125 trium-

2088 2158 2323 2229 phabat.
2377 2160 2429 2213 Is
2478 2159 2673 2230 igitur,
2729 2162 3024 2229 comperto
3088 2157 3279 2229 patrui
3341 2157 3620 2229 periculo,
3672 2158 3735 2213 in

2087 2246 2377 2301 Orientem
2412 2247 2600 2302 eidem
2630 2246 2859 2303 laturus
2888 2246 3170 2302 auxilium
3218 2246 3467 2302 transire
3519 2246 3739 2301 consti-

2088 2335 2218 2390 tuit.
2246 2336 2537 2406 ltaque,ut
2556 2336 2834 2390 adversus
2852 2336 3124 2391 adeunda
3143 2332 3401 2405 pericula
3420 2333 3739 2406 potentiori

2089 2424 2359 2494 praesidio
2432 2424 2821 2478 communiret
2888 2440 2970 2489 se,
3030 2428 3134 2478 aut
3205 2422 3502 2493 superiore
3577 2438 3737 2478 anno

2088 2516 2352 2579 exeunte,
2387 2517 2487 2566 aut
2514 2502 2753 2567 ineunte
2784 2511 3076 2584 presenti,
3110 2510 3335 2583 rogavit
3352 2509 3736 2565 Ambrosium

2090 2606 2153 2655 ut
2184 2600 2296 2655 sibi
2355 2601 2908 2656 commentationem
2960 2598 3208 2671 (Admon.
3257 2600 3319 2653 in
3350 2598 3445 2653 lib.
3478 2599 3552 2654 De
3579 2598 3735 2670 ﬁde),

2090 2708 2204 2761 qua
2230 2689 2356 2744 Filii
2380 2689 2478 2745 Dei
2502 2689 2778 2745 divinitas
2804 2692 3184 2753 astrueretur,
3210 2685 3580 2754 lucubraret;
3614 2702 3737 2758 quo

2090 2777 2312 2833 scilicet
2368 2779 2633 2849 regiones
2687 2778 3035 2833 Arianorum
3088 2774 3431 2847 contagione
3487 2774 3738 2832 infectas

2090 2867 2376 2934 aditurus,
2423 2866 2891 2939 alexipbarmaco
2942 2882 3057 2920 non
3114 2863 3456 2935 privaretur.
3486 2863 3736 2919 Ambro-

2091 2955 2235 3022 sius,
2296 2956 2527 3011 tametsi
2589 2954 2775 3028 magis
2807 2958 3065 3026 optasset
3112 2951 3432 3007 cohortandi
3457 2951 3528 3005 ad
3570 2951 3740 3022 ﬁdem

2087 3044 2272 3100 subire
2318 3044 2582 3116 ofﬁcium,
2630 3061 2793 3115 quam
2844 3044 2908 3098 de
2936 3042 3042 3113 fide
3086 3040 3428 3111 disceptandi
3455 3038 3574 3110 (lib.
3611 3056 3627 3094 1
3660 3040 3739 3096 De

2089 3132 2211 3201 fite,
2246 3149 2370 3203 cap.
2393 3135 2447 3198 6,
2496 3149 2658 3187 num.
2685 3133 2756 3202 4),
2806 3129 3086 3203 principis
3111 3128 3259 3183 votis
3280 3131 3478 3182 tamen
3499 3128 3735 3183 obtem-

2090 3237 2319 3291 perans,
2352 3221 2575 3291 priores
2602 3219 2945 3275 duoslibros
2979 3218 3053 3273 De
3098 3217 3204 3285 ﬁde
3233 3216 3305 3271 ad
3346 3216 3513 3270 illum
3545 3216 3730 3272 misit.

2086 3309 2209 3372 Quo
2245 3309 2415 3375 facto,
2445 3326 2611 3363 suam
2645 3324 2875 3363 omnem
2907 3304 3360 3362 sollicitudinem
3392 3321 3458 3372 eq
3491 3320 3734 3359 conver-

2085 3395 2158 3449 tit
2188 3399 2250 3449 ut
2284 3395 2428 3449 fusis
2453 3396 2526 3449 ad
2558 3395 2867 3449 Dominum
2903 3391 3196 3448 continuis
3222 3390 3568 3463 fervidisque
3591 3409 3733 3464 pre-

2086 3483 2272 3547 cibus,
2301 3484 2485 3539 eidem
2519 3482 2765 3555 principi
2801 3481 3026 3538 felicem
3054 3482 3391 3553 impetraret
3410 3480 3733 3552 expeditio-

2087 3589 2218 3627 nem
2247 3591 2259 3640 ;
2294 3572 2791 3643 quemadmodum
2822 3571 2877 3625 in
2900 3569 3149 3643 epistola
3175 3585 3352 3641 super
3380 3570 3509 3639 ejus
3534 3568 3728 3626 reditu

2086 3661 2158 3716 ad
2191 3661 2356 3716 illum
2379 3662 2513 3717 data
2574 3663 2698 3733 ipse
2752 3665 3020 3728 testatur,
3043 3659 3139 3715 his
3181 3658 3371 3714 verbis
3422 3657 3730 3714 scribens:

2088 3751 2256 3804 Tuum
2286 3750 2666 3821 quotidianum
2699 3752 2805 3805 iter
2840 3748 3110 3818 legebam,
3140 3749 3292 3802 nocte
3319 3761 3383 3801 ac
3410 3746 3498 3802 die
3526 3747 3587 3800 in
3614 3749 3733 3802 tuis

2080 3842 2277 3894 castris
2328 3856 2461 3893 cura
2515 3848 2564 3894 et
2620 3855 2787 3893 sensu
2835 3840 3060 3904 locutus,
3120 3837 3429 3891 orationum
3483 3835 3733 3891 excubiis

2077 3927 2519 3998 prwtendebam;
2558 3930 2663 3982 etsi
2709 3926 2984 3982 invalidus
3032 3925 3250 3990 merito,
3295 3922 3392 3977 sed
3419 3922 3617 3993 affectu
3645 3939 3733 3978 se-

2078 4016 2241 4070 dulus
2270 4018 2459 4086 (epist.
2498 4018 2545 4081 1,
2582 4032 2743 4070 num.
2778 4016 2851 4087 1).

2149 4107 2238 4159 29.
2272 4105 2481 4159 Valens
2515 4109 2709 4159 autem
2761 4120 2895 4157 cum
2929 4101 3231 4156 didicisset
3260 4099 3585 4154 secundum
3622 4100 3731 4155 Da-

2077 4193 2243 4247 nubii
2264 4193 2419 4265 ripas
2445 4193 2785 4248 Gratianum
2809 4192 2879 4246 ad
2909 4206 2970 4245 se
2997 4203 3306 4261 properare
3330 4204 3343 4255 ;
3366 4203 3437 4242 ne
3447 4187 3728 4258 juvenem

2075 4282 2240 4336 illum
2290 4281 2609 4353 principem
2660 4281 2829 4351 cujus
2871 4277 3070 4333 virtuti
3123 4276 3374 4331 maxime
3408 4274 3727 4348 invidebat,

2077 4371 2297 4427 socium
2333 4370 2580 4425 victoriae
2612 4369 2871 4435 haberet,
2920 4366 3214 4423 festinavit
3244 4364 3724 4421 funestissimum

2075 4460 2218 4515 illud
2233 4460 2595 4516 committere
2620 4458 2902 4531 praelium,
2930 4458 2990 4513 in
3015 4472 3128 4530 quo
3152 4472 3269 4511 una
3287 4470 3421 4510 cum
3444 4454 3728 4512 omnibus

316 4548 692 4606 consuluerat
722 4567 791 4603 an
822 4550 893 4603 ad
945 4548 1264 4603 secundum
1318 4549 1657 4618 conjuginm
1712 4552 1959 4608 transire
1988 4563 2035 4627 D
2070 4549 2367 4605 orientalis
2400 4549 2630 4620 imperii
2664 4548 2882 4602 viribus
2907 4545 3252 4618 proﬂigatus
3282 4548 3393 4610 est,
3427 4542 3556 4614 ipse
3587 4559 3726 4600 vero

316 4637 428 4693 sibi
460 4637 799 4707 expediret?

384 4726 477 4781 26.
515 4725 657 4779 Huic
691 4725 798 4796 ipsi
849 4724 1092 4793 tempori
1140 4724 1354 4778 librum
1390 4727 1459 4785 De
1512 4727 1667 4781 Tobia
1701 4728 1807 4781 etsi
1843 4746 1957 4784 non

313 4813 674 4886 argumentis
728 4815 1089 4879 necessariis,
1144 4814 1543 4883 probabilibus
1595 4822 1789 4871 tamen
1820 4834 1957 4871 con-

304 4903 553 4974 jecturis
615 4902 991 4957 attribuimus
1058 4902 1305 4971 (.l'lmon.
1370 4904 1427 4954 in
1483 4903 1578 4956 lib.
1621 4904 1686 4957 de
1751 4905 1951 4975 Tnbia).

312 4993 392 5047 Ex
421 4992 667 5046 historia
713 4991 903 5046 Tobia)
962 4991 1029 5043 ab
1080 5006 1261 5059 eoque
1308 4995 1510 5044 mutuo
1561 4992 1706 5045 datae
1740 4992 1954 5047 Gabelo

310 5081 571 5152 pecunia)
620 5098 819 5136 ansam
868 5080 1172 5150 arripiens,
1227 5079 1282 5132 in
1338 5096 1572 5133 usuram
1608 5079 1861 5151 insurgit
1891 5099 1958 5136 ea

308 5172 654 5240 tempestate
680 5168 1012 5222 immaniter
1035 5171 1421 5237 grassantem,
1458 5185 1631 5237 quam
1664 5169 1955 5238 ejusmodi

310 5257 601 5312 rationum
635 5257 947 5310 momentis
979 5255 1285 5327 impugnat
1317 5262 1371 5310 et
1402 5256 1690 5328 proﬂigat,
1726 5259 1795 5312 ad
1829 5276 1954 5328 quae

313 5345 603 5398 memoriae
631 5350 837 5398 nostra:
865 5344 1133 5399 homines
1160 5346 1334 5397 vitam
1365 5361 1713 5416 componere
1743 5354 1952 5418 optan-

312 5431 452 5484 dum
490 5438 659 5486 esset.

380 5520 469 5571 27.
503 5520 626 5588 (AN.
659 5522 807 5592 378.)
843 5522 985 5585 Quid
1040 5520 1298 5575 libellum
1335 5522 1404 5575 De
1438 5525 1751 5591 iirgiziilalc
1784 5523 1954 5594 paulo

310 5608 589 5662 attentius
619 5609 1046 5673 examinaverit,
1084 5608 1224 5662 nihil
1258 5608 1413 5662 aliud
1464 5626 1591 5665 esse
1639 5612 1957 5681 eompcriet

2066 4640 2123 4692 in
2157 4638 2370 4709 agresti
2403 4637 2694 4709 tuguriolo
2725 4636 2817 4692 die
2838 4653 2893 4692 ιν
2923 4634 3047 4691 Kal.
3088 4632 3338 4705 Augusti
3361 4632 3523 4687 vivus
3552 4648 3718 4688 com-

2070 4730 2300 4782 bustus.

2136 4818 2224 4868 30.
2260 4814 2495 4868 Barbari
2531 4814 2587 4867 in
2622 4815 2838 4885 quibus
2869 4817 3033 4867 erant
3080 4809 3353 4873 Taifales,
3386 4824 3516 4879 quis
3561 4810 3722 4865 natio

2065 4918 2180 4973 prae
2207 4902 2430 4956 caeteris
2462 4902 2591 4955 aliis
2621 4900 2999 4971 impudicitia:
3031 4896 3382 4970 turpitudini
3415 4895 3721 4968 mancipa-

2066 4991 2259 5054 batur,
2296 4990 2384 5045 usi
2419 4989 2656 5044 victoria
2686 4990 2742 5043 in
2799 4988 3083 5061 plurimas
3124 4985 3353 5058 imperii
3387 4984 3721 5056 provincias

2067 5080 2438 5149 maximoque
2490 5077 2546 5133 in
2595 5078 2898 5133 Thraciam
2950 5082 3007 5133 et
3066 5075 3319 5148 Illyriam
3369 5073 3524 5129 facta
3563 5074 3720 5130 irru-

2067 5170 2280 5241 ptione,
2307 5185 2493 5239 usque
2516 5168 2585 5222 ad
2610 5168 2834 5224 radices
2857 5166 3092 5239 Alpium
3111 5163 3484 5221 Julianarum
3517 5163 3720 5220 omnia

2067 5260 2489 5329 pervastarunt.
2537 5255 2815 5327 Explicari
2851 5273 2965 5311 non
2996 5259 3188 5328 potest
3217 5257 3437 5325 quanta
3465 5252 3719 5308 crimina

2068 5346 2543 5418 perpetraverint,
2594 5345 3095 5416 quemadmodum
3128 5346 3339 5399 cuncta
3370 5340 3718 5396 miscuerint

2032 5426 2035 5427 ⁷
2064 5436 2318 5515 exilibus
2366 5440 2541 5505 atque
2575 5433 2883 5501 incendiis,
2914 5438 3203 5504 quantum
3249 5427 3500 5500 denique
3530 5429 3715 5500 capti-

2064 5539 2268 5578 vorum
2298 5538 2611 5577 numerum
2643 5522 3010 5590 abduxerint,
3044 5537 3193 5594 quos
3223 5518 3519 5591 pecudum
3552 5534 3717 5573 more

2068 5611 2289 5683 passim
2319 5610 2551 5665 venales
2581 5611 2966 5681 exponebant.
3027 5612 3162 5666 Nota
3216 5610 3345 5663 sunt
3375 5607 3494 5663 haec
3523 5607 3714 5673 nimis,
