3938 6214
216 366 241 375 ,-

1276 277 1380 345 EX
1424 276 1612 345 EJUS
1654 269 2145 342 POTISSIMUM
2189 269 2562 340 SCRIP’I‘IS.

216 413 389 490 inquit
441 413 839 487 Ambrosius,
897 415 1116 491 Illyrici
1167 418 1416 474 vastitate
1465 420 1517 472 et
1577 415 1822 472 Thracia?
1851 432 1863 469 :
1896 411 1951 478 Α
1983 414 2203 481 fefellit,
2237 414 2708 487 quandoquidem
2741 413 3047 487 primus,ut
3082 414 3428 475 Ambrosius
3456 388 3623 475 testi-

218 508 393 579 σπανιιί
435 506 643 578 ubique
692 507 919 563 venales
965 516 1121 563 erant
1148 511 1255 563 toto
1283 509 1486 577 captivi
1514 506 1645 562 orbe
1674 504 1796 577 (lib.
1831 521 1872 559 ιι

226 597 365 666 Ofﬁc.
398 613 529 668 cap.
565 598 661 666 t5,
698 614 868 652 num.
899 598 1009 667 70).
1044 598 1124 651 Ex
1153 597 1245 651 his
1275 596 1608 667 complures
1646 595 1874 651 redem-

226 694 349 757 ptos
369 702 501 740 esse
533 686 609 740 ab
642 686 920 741 Ecclesiis
951 687 1104 741 idem
1136 685 1425 757 signiﬁcat
1448 685 1568 740 :sed
1604 685 1730 755 ipse
1758 701 1878 738 om-

228 776 379 829 nium
413 774 771 830 charitatem
806 775 1103 847 superavit
1124 776 1180 829 in
1198 774 1754 846 hocofficio,quippe
1776 772 1876 844 qui

227 880 332 919 non
364 864 657 934 pecunias
690 869 916 919 tantum
947 865 1003 919 in
1021 864 1479 935 redemptionem
1504 864 1662 919 illam
1687 863 1876 918 libens

232 951 604 1024 impenderit,
639 953 741 1009 sed
775 953 904 1024 ipsa
951 970 1185 1026 quoque
1216 954 1485 1008 Ecclesiae
1531 970 1673 1008 vasa
1720 969 1877 1006 com-

230 1040 529 1106 minuerit,
565 1040 1059 1112 ﬂaveritque.Qua
1089 1042 1324 1113 quidem
1350 1042 1407 1096 in
1441 1059 1501 1096 re
1523 1058 1654 1095 cum
1686 1041 1877 1113 primo

234 1130 474 1185 servatis
504 1128 743 1202 legibus
775 1130 1119 1202 prudentiae,
1149 1147 1287 1185 vasa
1326 1148 1440 1186 non
1474 1130 1702 1185 initiata
1742 1146 1877 1184 con-
1918 1186 1922 1190 _

235 1219 524 1290 fregisset,
556 1220 939 1290 postmodum
973 1225 1163 1275 tamen
1196 1220 1243 1274 si
1278 1218 1381 1273 illa
1401 1236 1517 1275 non
1550 1218 1881 1290 potuissent

233 1308 522 1372 sufﬁcere,
554 1308 733 1362 etiam
765 1308 1014 1363 initiatis
1043 1325 1158 1363 non
1192 1309 1548 1380 parcendum
1571 1323 1699 1363 esse
1720 1307 1880 1363 arbi-

223 1396 510 1451 trabatur.
572 1395 1038 1452 Pulcherrimum
1099 1396 1243 1451 illud
1289 1396 1620 1468 exemplum
1680 1401 1880 1468 postea

224 1490 456 1542 sanctus
477 1484 845 1555 Augustinus
863 1484 1076 1556 aliique
1098 1486 1565 1556 prmstantissimi
1587 1485 1878 1541 antistites

230 1590 358 1629 cum
390 1573 569 1628 laude
600 1576 724 1627 tum
756 1573 1083 1629 imitatione
1104 1575 1527 1646 approbavere;
1553 1575 1649 1629 sed
1681 1573 1877 1629 Ariani

227 1680 256 1717 e
285 1661 582 1717 contrario
612 1662 1023 1733 gravissimam
1055 1662 1191 1717 hinc
1222 1663 1503 1718 invidiam
1519 1664 1643 1718 viro
1676 1667 1878 1717 saneto

1984 504 2210 571 ﬁcatur,
2244 513 2488 561 servatus
2512 514 2589 560 est
2625 521 2692 560 ex
2739 504 2921 561 undis.
2973 505 3082 561 Ubi
3124 506 3381 578 primum
3406 513 3624 564 terram

1983 594 2196 665 attigit,
2230 610 2543 665 servosque
2573 593 2839 665 proprios
2869 594 3084 665 eripuit
3124 610 3156 650 e
3186 595 3466 666 periculo,
3499 599 3625 666 jam

1984 698 2184 736 curam
2214 698 2447 737 omnem
2480 683 2551 736 ad
2583 682 2838 754 agendas
2883 683 2999 738 Deo
3047 684 3285 755 gratias,
3337 689 3394 739 et
3439 684 3626 740 susci-

1984 771 2265 842 piendum
2307 787 2537 826 sacrum
2592 771 2886 843 baptisma
2943 772 3194 829 festinus
3241 773 3434 828 vertit.
3480 773 3627 829 Cum

1983 876 2117 914 vero
2150 859 2466 915 audivisset
2493 859 2598 915 loci
2633 877 2749 931 quo
2777 860 3101 932 appulerat,
3141 862 3483 934 episcopum
3516 863 3629 918 Lu-

1986 948 2262 1004 ciferiano
2322 948 2625 1004 schismati
2663 950 2974 1015 adhaerere,
3026 950 3379 1006 catholicum
3432 968 3467 1006 a
3515 965 3631 1022 quo

1987 1036 2341 1106 ablueretur,
2377 1037 2659 1109 quaesivit,
2693 1055 2757 1093 ac
2788 1042 2906 1093 tam
2937 1039 3175 1094 uberem
3217 1038 3277 1094 in
3322 1056 3388 1095 eo
3445 1055 3634 1095 sacra-

1989 1131 2183 1182 mento
2214 1127 2464 1198 gratiam
2494 1133 2584 1183 est
2613 1128 2953 1198 adeptus,ut
2976 1128 3439 1195 eam,Ambrosio
3462 1131 3629 1195 teste,

1988 1221 2189 1287 postea
2217 1234 2521 1288 nunquam
2552 1217 2815 1273 amiserit
2870 1217 3027 1289 (ibid.
3059 1234 3223 1273 num.
3255 1218 3369 1289 52).

2058 1305 2146 1358 34.
2181 1305 2393 1361 Praeter
2422 1306 2530 1360 hoc
2557 1306 3160 1378 naufragium,morbo
3195 1306 3353 1362 idem
3375 1321 3634 1383 .quoque

1987 1396 2225 1466 Satyrus
2255 1410 2321 1449 eo
2353 1394 2411 1449 in
2445 1395 2651 1451 itinere
2698 1395 3064 1450 conﬂictatus
3113 1400 3223 1462 est,
3273 1395 3444 1465 cujus
3474 1412 3630 1451 nun-

1988 1481 2134 1536 tium
2168 1484 2237 1538 ad
2271 1483 2644 1538 Ambrosium
2701 1501 2766 1539 ac
2814 1483 3210 1539 Mareellinam
3258 1500 3391 1539 cum
3441 1499 3635 1555 perve-

1988 1571 2191 1637 nisset,
2223 1570 2447 1643 ingenti
2480 1571 2676 1627 dolore
2706 1571 2835 1627 illos
2865 1571 3074 1628 ati‘ecit.
3127 1573 3416 1627 Incertum
3460 1587 3631 1643 porro

1989 1659 2157 1715 nobis
2185 1660 2434 1727 videtur,
2472 1664 2667 1715 utrum
2700 1659 2759 1715 in
2793 1664 3112 1715 memorato
3134 1659 3538 1731 naufragio,an
3568 1658 3629 1714 in

228 1767 419 1807 creare
452 1750 647 1805 conati
676 1755 852 1806 sunt:
889 1752 994 1806 Nos
1041 1752 1361 1823 aliquando,
1396 1752 1606 1823 inquit,
1640 1753 1703 1807 in
1732 1753 1876 1805 invi-
1907 1781 1956 1847 B
1986 1747 2096 1803 hoc
2127 1750 2253 1821 ipso
2284 1751 2487 1805 morbo
2514 1754 2648 1805 vota
2678 1755 2876 1804 sancto
2908 1750 3212 1804 Laurentio
3252 1764 3635 1820 nuncupave-

222 1841 370 1896 diam
398 1840 735 1895 occidimus:
767 1840 910 1913 quod
956 1844 1382 1913 cmzfregerimus
1433 1857 1559 1896 vasa
1616 1842 1874 1911 mystica,

222 1938 279 1984 ut
329 1930 570 2000 atpticos
640 1928 1068 1984 redimeremus:
1119 1930 1262 2001 quod
1319 1932 1542 1986 Arianis
1588 1929 1879 2001 displicere

219 2022 509 2090 potuerat;
543 2033 644 2071 nec
670 2021 784 2072 tam
828 2019 1035 2088 factum
1078 2018 1407 2090 displiceret,
1450 2035 1615 2090 quam
1655 2023 1718 2073 ut
1747 2026 1881 2073 esset

225 2106 358 2177 quod
388 2109 453 2161 in
484 2106 641 2161 nobis
672 2106 1328 2179 reprehenderetur(ibid.
1349 2125 1515 2176 num,
1546 2106 1692 2177 436).
1726 2107 1875 2171 Qua-

226 2200 463 2267 propter
495 2195 568 2249 ad
601 2210 804 2249 eorum
846 2195 1312 2253 criminationem
1353 2198 1457 2253 abs
1488 2214 1550 2253 se
1580 2195 1873 2268 depellen-

224 2285 376 2349 dam,
409 2300 736 2339 conscenso
788 2283 1054 2339 Ecclesia:
1104 2287 1617 2358 suggestu,.itain
1649 2286 1870 2357 populo,

222 2371 429 2443 inquit,
466 2374 744 2441 prosecuti
790 2388 1000 2440 sumus,
1043 2382 1104 2429 ut
1148 2376 1547 2444 conﬁteremur,
1596 2367 1875 2445 multoque

221 2459 550 2515 commodius
608 2469 995 2527 astrueremus,
1041 2470 1098 2517 ut
1149 2465 1367 2519 animas
1420 2465 1647 2520 Domino
1693 2479 1871 2535 quam

224 2565 428 2604 aurum
459 2565 803 2604 servaremus
825 2549 1151 2619 (ibid.num.
1178 2551 1324 2622 137).

290 2637 379 2691 31.
406 2637 528 2691 Sub
554 2637 774 2692 exitum
810 2637 1054 2707 hujusce
1086 2640 1225 2694 anni
1255 2640 1496 2712 Satyrus
1526 2641 1773 2711 (Admon.
1806 2642 1870 2696 in

226 2726 317 2781 lib.
366 2728 443 2781 De
490 2742 713 2781 excessu
750 2727 983 2798 Satyri),
1048 2730 1146 2800 qui
1189 2746 1422 2785 omnem
1470 2730 1867 2785 Ambrosianaa

228 2814 460 2870 familiae
490 2815 1060 2871 administrationem
1094 2835 1127 2871 a
1154 2819 1319 2873 beato
1350 2818 1523 2873 fratre
1554 2818 1664 2873 sibi
1696 2820 1868 2874 tradi.

225 2907 337 2959 tam
367 2908 729 2975 susceperat,
762 2903 998 2959 hiemali
1048 2910 1389 2978 tempestate
1438 2908 1714 2978 negligens
1760 2910 1866 2978 fri-

229 2994 368 3061 goris
392 2992 690 3065 navigavit
722 2992 778 3046 in
811 2993 1062 3049 Africam
1093 2996 1190 3066 (De
1217 3012 1439 3051 excessu
1466 2999 1678 3069 Satyri,
1700 3014 1861 3052 num.

228 3081 339 3149 50);
361 3086 422 3136 ut
444 3081 518 3136 ad
542 3079 885 3136 solvendum
912 3082 1282 3154 compelleret
1303 3084 1652 3157 Prosperum
1672 3102 1869 3157 quem-

1986 1837 2160 1902 rit,de
2190 1838 2406 1909 quibus
2436 1838 2494 1893 in
2527 1838 2683 1893 hunc
2714 1839 2953 1893 modum
2977 1837 3627 1910 loquiturAmbrosius:

1991 1928 2114 1981 Tuis
2146 1928 2281 1982 votis
2312 1927 2457 1999 apud
2483 1932 2733 1983 sanctum
2764 1929 3124 1983 Laurentium
3171 1931 3473 1999 martyrem
3524 1928 3630 1983 im-

1979 2020 2260 2087 petratum
2294 2032 2404 2072 esse
2444 2033 2593 2071 nunc
2633 2020 3005 2085 cognoscimus
3052 2019 3176 2073 vitae
3221 2024 3581 2073 ammentum
3609 2034 3629 2079 ,-

1983 2112 2144 2175 atque
2170 2106 2385 2161 utinam
2412 2122 2520 2161 non
2549 2107 2727 2162 solum
2754 2114 3130 2173 commeatum,
3175 2106 3267 2163 sed
3295 2107 3469 2162 etiam
3504 2123 3631 2179 pro-

1984 2194 2165 2249 lixum
2192 2196 2325 2252 vitze
2366 2204 2574 2266 tempus
2624 2202 2905 2265 rogasses!
2950 2196 3186 2252 Potuisti
3223 2212 3398 2251 annos
3441 2194 3628 2266 pluri-

1980 2300 2095 2339 mos
2119 2285 2417 2356 impetrare
2443 2285 2684 2350 vivendi,
2733 2286 2829 2357 qui
2859 2286 3091 2357 potuisti
3134 2288 3495 2340 ammentum
3525 2287 3628 2339 im-

1975 2377 2199 2443 petrare
2228 2374 2483 2428 veniendi
2512 2374 2669 2440 (ibid.
2703 2390 2866 2428 num.
2903 2374 3017 2445 17).

2173 2462 2443 2517 Confecto
2472 2462 2790 2533 prudenter
2802 2463 2972 2533 juxta
3009 2479 3075 2518 ac
3098 2462 3413 2519 efficaciter
3448 2479 3624 2536 nego-

1980 2550 2079 2613 tio,
2114 2551 2284 2620 cujus
2315 2567 2493 2605 causa
2537 2554 2776 2621 Satyrus
2824 2550 2883 2604 in
2926 2550 3180 2606 Africam
3232 2550 3623 2623 navigaverat,

1977 2637 2037 2692 in
2064 2640 2253 2694 reditu
2323 2639 2567 2693 Romam
2626 2639 2738 2693 iter
2795 2638 3021 2693 habuit.
3072 2637 3328 2693 Tametsi
3361 2643 3621 2694 autema

1975 2727 2299 2799 Symmacho
2329 2729 2444 2799 ejus
2471 2736 2695 2799 parente
2724 2728 2880 2797 (ibid.
2914 2745 3077 2782 num.
3110 2729 3222 2797 32),
3247 2732 3312 2783 ut
3338 2744 3472 2784 eum
3523 2728 3621 2783 ho-

1975 2817 2135 2871 noris
2162 2834 2227 2871 ac
2275 2817 2421 2872 forte
2473 2817 2648 2871 etiam
2694 2815 3001 2887 patrocinii
3049 2817 3237 2883 gratia
3276 2817 3623 2873 Ambrosius

1974 2906 2215 2972 vocitat,
2250 2906 2697 2972 retineretur,ne
2743 2905 3026 2961 incideret
3068 2906 3125 2960 in
3163 2923 3373 2962 manus
3418 2907 3625 2963 barba-

1977 3011 2198 3061 rorum,
2251 2995 2391 3068 quod
2436 2994 2631 3051 ardere
2675 2995 2811 3051 bello
2858 2996 3021 3051 Italia
3067 2995 3338 3052 diceretur
3355 3013 3376 3059 ;
3421 2995 3630 3053 nihilo-

1983 3084 2181 3140 minus
2209 3087 2404 3139 tamen
2433 3082 2661 3138 nullum
2693 3083 3015 3155 periculum
3049 3084 3368 3141 reviscendi
3409 3084 3630 3142 charis-

233 3146 379 3237 dam,
412 3170 488 3225 de
519 3186 633 3241 quo
658 3170 1005 3227 Ambrosius
1030 3146 1061 3227 ε’
1095 3174 1399 3229 Plaudebat
1431 3146 1557 3240 sibi,
1603 3146 1706 3240 ait;
1735 3175 1873 3247 quod
1903 3146 1943 3211 Ο
1985 3172 2119 3228 simi
2152 3172 2347 3228 fratris
2398 3146 2777 3245 cupiditatem
2830 3172 3013 3227 valuit
3069 3174 3382 3230 retardare.
3414 3174 3631 3230 Verum

233 3258 520 3313 sacerdotii
547 3261 657 3313 mei
688 3262 966 3316 occasione
994 3260 1336 3317 redditurum
1382 3280 1439 3319 se
1483 3279 1608 3335 quae
1636 3264 1877 3320 abstule-

238 3352 337 3412 rat,
359 3362 471 3402 non
523 3347 753 3416 putabat
799 3349 956 3418 (ibid.
1006 3367 1172 3405 num.
1220 3353 1337 3421 24.)
1385 3352 1541 3407 Nihil
1589 3352 1878 3408 omissum

238 3441 320 3490 est
346 3436 420 3490 ab
452 3436 785 3499 Ambrosio,
818 3442 882 3491 ut
911 3438 982 3493 ab
1013 3438 1114 3494 illa
1139 3439 1505 3511 navigatione
1532 3443 1771 3496 fratrem
1790 3458 1876 3497 re-

238 3530 480 3588 vocaret,
509 3528 567 3578 et
611 3523 709 3578 alii
767 3526 1223 3582 demandaretur
1268 3545 1337 3583 ea
1385 3529 1679 3599 provincia
1723 3531 1877 3601 (ibid.

240 3628 394 3666 nam.
425 3614 542 3682 26).
578 3612 822 3684 Satyrus
848 3618 1044 3675 tamen
1077 3632 1192 3670 non
1244 3616 1470 3672 destitit
1498 3635 1530 3672 a
1561 3618 1877 3690 proposito,

245 3701 336 3755 sed
367 3717 484 3773 quo
513 3699 765 3756 celerius
804 3702 1170 3773 interjectum
1224 3721 1385 3760 mare
1437 3706 1878 3775 transmitteret,

243 3790 407 3844 veteri
439 3792 499 3844 et
524 3788 823 3845 sentinoso
856 3791 1082 3864 navigio
1112 3793 1197 3847 uti
1230 3810 1344 3848 non
1378 3794 1575 3849 timuit
1590 3796 1774 3867 (ibid)
1837 3793 1843 3797 “

312 3878 399 3932 32.
430 3877 656 3933 Interea
687 3879 745 3932 in
780 3879 1048 3935 morbum
1072 3881 1525 3939 inciditsanctus
1543 3884 1881 3957 episcopus:

241 3966 475 4038 Denique
525 3968 804 4038 proxime,
838 3967 1051 4040 inquit,
1084 3987 1206 4026 cum
1234 3974 1394 4041 gravi
1418 3972 1676 4045 quodam,
1726 3982 1885 4045 atque

244 4057 452 4109 utinam
479 4070 734 4127 supremo
771 4072 1000 4126 urgerer
1026 4074 1234 4126 occasu,
1267 4060 1366 4115 hoc
1410 4061 1586 4116 solum
1614 4061 1883 4130 dolebam,

245 4143 374 4213 quod
418 4160 532 4199 non
581 4145 697 4215 ipse
746 4146 1028 4201 assisteres
1097 4148 1315 4211 lectulo,
1356 4166 1420 4204 ac
1476 4152 1717 4204 votivum
1762 4168 1888 4206 cum

243 4239 417 4286 saneta
440 4248 628 4287 sorore
653 4235 895 4304 partitus
946 4236 1212 4305 ofﬁcium,
1254 4239 1539 4293 morientis
1584 4240 1765 4293 oculos
1801 4241 1885 4294 di-

248 4321 367 4389 gitis
395 4323 507 4374 tuis
533 4320 816 4376 clauderes
845 4322 1007 4387 (ibid.
1032 4340 1195 4379 num.
1249 4325 1360 4396 36).
1409 4327 1488 4380 Ex
1517 4326 1732 4397 quibus
1762 4344 1886 4381 ver-

246 4405 332 4461 bis
359 4407 529 4462 etiam
564 4407 861 4481 intelligas
874 4427 976 4481 per
996 4409 1144 4466 hanc
1157 4412 1341 4485 Satyri
1360 4414 1885 4485 peregrinationem

1988 3260 2302 3317 Mediolani
2332 3261 2422 3317 vix
2456 3261 2636 3316 redux
2674 3265 2817 3327 erat,
2869 3277 2999 3315 cum
3049 3262 3272 3317 sontico
3313 3278 3632 3333 oppressus

1988 3349 2210 3417 morbo,
2243 3350 2446 3421 paucis
2475 3349 2681 3404 diebus
2723 3349 2841 3404 vita
2883 3349 3149 3404 excessit.
3206 3350 3287 3405 Ita
3329 3351 3497 3418 enim,
3552 3350 3635 3406 ait

1989 3443 2227 3494 sanctus
2259 3438 2454 3503 frater,
2504 3446 2723 3493 mature
2756 3446 2966 3508 ereptus
3004 3446 3099 3503 est,
3143 3447 3424 3510 postquam
3459 3447 3629 3507 venit,

1988 3528 2147 3597 quasi
2171 3531 2393 3598 propter
2418 3529 2515 3583 hoc
2541 3528 2717 3582 solum
2746 3528 3021 3582 videretur
3047 3543 3163 3583 esse
3187 3528 3411 3596 ditatus,
3461 3536 3524 3583 ut
3562 3528 3634 3583 ad

1989 3618 2194 3687 fratres
2215 3616 2415 3671 rediret
2445 3616 2600 3684 (ibid.
2634 3632 2798 3670 num.
2853 3617 2959 3683 17).
3008 3617 3352 3673 Ambrosius
3382 3633 3449 3672 ao
3479 3617 3631 3671 Mar-

1990 3703 2197 3759 cellina
2224 3704 2565 3759 tristissimo
2595 3703 2694 3759 illo
2727 3704 2891 3776 potiti
2916 3707 3151 3761 fuerunt
3172 3705 3632 3778 solatiolo,quod

1992 3793 2152 3847 fratri
2187 3796 2305 3847 tam
2337 3797 2531 3849 tenere
2562 3791 2771 3849 dilecto
2801 3794 3001 3849 omnia
3031 3794 3340 3851 ministerii
3374 3810 3441 3849 ac
3462 3795 3633 3850 sedu-

1990 3880 2170 3936 litatis
2203 3881 2483 3954 obsequia
2512 3885 2569 3937 et
2597 3883 2900 3954 aegrotanti
2931 3885 2989 3938 et
3018 3883 3320 3939 demortuo
3368 3883 3639 3938 exhibue-

1997 3970 2350 4041 runt.Satyri
2375 3986 2586 4040 corpus
2608 3987 2739 4025 cum
2762 3969 2979 4042 ingenti
3004 3986 3218 4042 pompa
3250 3970 3308 4025 in
3330 3970 3637 4026 ecclesiam

1994 4057 2234 4125 elatum,
2268 4062 2325 4113 et
2356 4074 2386 4112 e
2415 4057 2647 4129 regione
2674 4056 2946 4113 umbonis
2978 4057 3235 4129 positum
3261 4056 3370 4112 fuit
3390 4056 3641 4114 revelata

1997 4147 2179 4202 facie:
2224 4151 2463 4201 sanctus
2514 4162 2647 4201 vero
2709 4145 2945 4217 praesul,
3010 4146 3065 4200 vi
3136 4144 3399 4201 adhibita
3454 4145 3641 4202 dolori

1999 4252 2126 4299 suo,
2185 4252 2380 4289 coram
2430 4233 2653 4306 ingenti
2704 4233 3011 4288 hominum
3061 4238 3236 4301 coetu,
3286 4232 3524 4289 fratrem
3573 4250 3643 4289 ea

1999 4322 2260 4377 laudavit
2289 4322 2569 4390 Oratione,
2621 4339 2738 4394 qua
2783 4320 2928 4377 nihil
2979 4320 3238 4377 tenerius
3270 4321 3457 4394 possit
3484 4323 3642 4395 cogi-

1998 4412 2132 4476 tari,
2167 4412 2657 4483 quemadmodum
2691 4428 2757 4467 ex
2780 4410 3027 4466 lectione
3056 4411 3185 4483 ejus
3233 4411 3521 4482 hodieque
3551 4428 3646 4468 co-

250 4492 641 4550 Marcellinam
677 4496 1095 4554 cbarissimum
1125 4515 1297 4555 suum
1317 4502 1893 4573 germanuminvisu-
1923 4506 1970 4571 D
2002 4515 2280 4572 gnoscere
2309 4505 2418 4556 est.

251 4597 364 4638 ram
394 4583 630 4639 venisse
659 4584 1080 4653 Mediolanum,
1114 4592 1170 4643 et
1199 4587 1312 4661 ipsi
1342 4588 1399 4643 in
1434 4590 1760 4661 periculosa
1790 4591 1891 4648 illa

247 4669 572 4727 valetudine
605 4671 809 4728 sedulo
840 4674 1228 4731 ministrasse.

309 4759 399 4813 33.
450 4762 716 4832 Satyrus,
776 4764 897 4817 tam
945 4761 1156 4819 vitiosa
1220 4766 1349 4820 navi
1402 4782 1739 4835 conscensa,
1781 4786 1897 4825 non

252 4846 432 4903 multo
463 4852 598 4920 post
620 4849 997 4923 naufragium
1030 4852 1164 4909 fecit
1192 4870 1203 4907 :
1234 4871 1365 4909 cum
1401 4855 1559 4911 enim
1606 4856 1663 4911 in
1705 4858 1902 4914 brevia

246 4933 507 4993 illisisset
528 4936 684 4995 idem
710 4939 1032 5011 navigium,
1050 4942 1177 5012 ejus
1192 4958 1474 5015 compago
1496 4945 1695 5000 statim
1709 4946 1902 5002 soluta

248 5030 348 5078 est.
382 5026 444 5081 In
474 5030 639 5081 tanto
667 5032 912 5099 tamque
960 5030 1230 5098 praesenti
1280 5032 1539 5102 periculo
1582 5034 1655 5087 ab
1699 5033 1772 5089 iis
1802 5035 1901 5105 qui

248 5115 477 5185 genitali
512 5132 670 5186 aqua
704 5116 877 5171 tincti
908 5118 1138 5172 fuerant
1174 5118 1460 5189 (nondum
1486 5121 1641 5176 enim
1674 5139 1906 5193 excepe-

248 5208 330 5256 rat
381 5220 511 5258 eam
555 5204 814 5275 gratiam
863 5206 1156 5275 (Divinum
1213 5206 1461 5276 ﬁdelium
1501 5215 1906 5265 sacramentum

242 5294 532 5362 poposcit...
583 5301 634 5349 et
676 5294 855 5363 ligari
903 5294 1041 5362 fecit
1091 5297 1150 5347 in
1213 5297 1417 5361 orario,
1461 5300 1512 5351 et
1541 5300 1787 5353 orarium
1816 5300 1904 5353 in-

249 5380 400 5436 volvit
427 5384 590 5450 cotto,
643 5387 816 5455 atque
874 5381 955 5436 ita
1011 5397 1066 5437 se
1112 5382 1304 5455 dejecit
1356 5386 1415 5440 in
1458 5402 1684 5443 mare...
1738 5389 1824 5441 his
1852 5403 1909 5442 se

251 5477 411 5525 tutum
439 5477 609 5546 atque
634 5472 931 5528 munitum
959 5471 1092 5526 satis
1118 5472 1359 5540 credens,
1392 5475 1507 5529 alia
1556 5477 1773 5531 auxilia
1799 5492 1909 5532 non

250 5563 523 5632 requisivit
553 5562 724 5637 (ibid.
751 5575 926 5617 num.
962 5559 1072 5631 43).
1106 5560 1173 5616 Et
1203 5578 1335 5619 eum
1368 5580 1504 5637 spes
1536 5580 1643 5623 sua
1664 5565 1910 5624 minime

2069 4589 2159 4644 36.
2226 4590 2665 4645 Testamentum
2738 4588 2968 4645 nullum
3043 4589 3305 4647 condidit
3379 4590 3647 4664 Satyrus,

1998 4678 2232 4733 etiamsi
2266 4679 2608 4735 Ambrosius
2639 4695 2705 4734 ac
2734 4677 3073 4734 Marcelline
3102 4678 3425 4735 instantius
3464 4680 3536 4736 ab
3580 4696 3647 4736 eo

2008 4766 2066 4822 id
2124 4766 2597 4836 contendissent;
2648 4768 2746 4823 sed
2784 4766 3106 4823 facultates
3157 4784 3294 4824 suas
3343 4767 3650 4840 utriusque

2009 4856 2275 4927 permisit
2305 4856 2565 4912 arbitrio.
2600 4857 2735 4912 Erat
2779 4856 2888 4913 hoc
2937 4855 3174 4928 quidem
3224 4854 3356 4912 illas
3387 4856 3650 4928 pauperi-

2012 4946 2123 5000 bus
2149 4944 2417 5000 nobiliori
2468 4946 2720 5017 quadam
2762 4944 2986 5000 ratione
3033 4948 3090 4999 et
3121 4942 3361 4998 vanitati
3408 4942 3653 5001 minime

2011 5034 2260 5089 obnoxia
2313 5032 2641 5105 relinquere
2686 5038 2861 5104 atque
2908 5033 3142 5105 legare;
3206 5034 3447 5087 sanctus
3496 5032 3653 5089 enim

2011 5122 2320 5193 episcopus
2351 5139 2467 5176 non
2499 5139 2668 5177 secus
2699 5139 2765 5177 ac
2795 5123 3061 5193 ipsorum
3093 5136 3257 5175 soror
3300 5117 3381 5174 ita
3409 5120 3538 5190 ejus
3565 5137 3659 5176 vo-

2015 5210 2295 5264 luntatem
2342 5209 2704 5280 interpretati
2763 5215 2920 5275 sunt,
2976 5214 3040 5264 ut
3085 5209 3500 5281 dispensatores,
3546 5225 3659 5264 non

2015 5297 2253 5352 Iizeredes
2283 5313 2345 5351 se
2370 5297 2669 5351 institutos
2700 5297 3142 5365 arbitrarentur,
3163 5297 3363 5369 sicque
3392 5298 3462 5353 ad
3494 5298 3659 5371 Saty-

2016 5402 2146 5441 rum
2174 5384 2332 5439 illius
2365 5384 2442 5438 rei
2478 5384 2649 5440 rediit
2677 5384 2869 5440 omnis
2900 5400 3144 5441 merces.

2088 5474 2176 5529 37.
2211 5472 2469 5545 Septimo
2501 5472 2594 5528 die
2623 5472 2878 5529 reditum
2902 5476 2993 5528 est
3014 5473 3083 5530 ad
3118 5474 3309 5547 Satyri
3339 5476 3659 5546 tumulum,

2020 5566 2087 5620 ut
2112 5562 2298 5636 ipsius
2321 5559 2528 5619 animis
2551 5560 2739 5621 solitis
2778 5561 3049 5635 precibus
3080 5579 3146 5621 ac
3184 5564 3542 5624 caeremoniis
3574 5564 3657 5622 di-
