3938 6214
335 260 414 329 87
1679 272 1861 334 VITA
1913 271 1978 336 S'.
2018 272 2392 347 AMBROSII

334 399 534 457 vinum
560 417 776 458 numen
809 400 1237 475 propitiaretur.
1287 405 1448 461 Tunc
1496 409 1735 461 sanctus
1778 408 1975 460 noster
2009 407 2058 473 Α
2088 407 2450 480 argumentis
2497 410 2845 482 respondere
2895 425 3202 473 necessum
3247 412 3512 472 haberet.
3558 414 3747 491 Prop-

337 489 511 546 aliam
542 492 862 547 orationem
888 493 1221 560 instituens,
1255 495 1685 550 admittendum
1727 493 1983 549 ostendit

336 594 465 635 esse
498 580 792 649 solatium,
828 601 930 637 nec
965 590 1207 639 mortem
1242 586 1703 655 propinquorum
1748 589 1851 639 aut
1899 584 1979 636 fu-

338 667 653 724 miliacium
688 677 1018 726 nostrorum
1045 673 1353 727 immodice
1376 673 1711 741 lugendam;
1747 672 1981 743 quando

338 756 679 813 hominibus
711 760 984 813 omnibus
1017 761 1115 815 illa
1146 762 1476 816 communis
1503 768 1610 826 est,
1644 767 1700 815 et
1729 760 1855 814 sine
1884 759 1986 813 illa

339 847 463 902 erui
496 863 565 901 ex
592 847 719 901 vittae
752 847 928 917 hujus
960 850 1412 918 calamitatibus,
1445 856 1620 922 atque
1652 850 1721 904 ad
1757 850 1981 903 felicem

340 937 825 992 resurrectionem
860 938 1112 1010 bonique
1144 939 1355 993 infiniti
1394 940 1816 1011 possessionem
1854 955 1981 1009 per-

337 1024 533 1082 venire
563 1026 780 1083 nemini
810 1025 961 1082 licct.
995 1030 1149 1083 Idem
1199 1029 1463 1095 antistes,
1515 1028 1563 1083 si
1598 1045 1713 1099 qua
1743 1028 1985 1082 debetur

338 1114 485 1171 ﬁdes
515 1116 801 1190 Dungalo,
836 1118 1166 1190 composuit
1189 1118 1447 1190 germani
1473 1118 1563 1173 sui
1594 1116 1981 1189 epitaphium,

339 1209 397 1260 et
428 1206 555 1276 ejus
588 1207 813 1262 tumulo
844 1208 1290 1279 insculpendum
1320 1206 1559 1262 curavit.
1580 1208 1860 1262 Cazterum
1893 1205 1980 1260 in-

336 1297 427 1351 ter
456 1296 602 1352 duos
650 1295 796 1352 alios
846 1299 1053 1353 fratres
1102 1316 1402 1368 nunquam
1451 1302 1679 1368 reperta
1730 1301 1820 1350 est
1866 1313 1979 1351 non

338 1388 531 1441 solum
576 1385 904 1440 animorum
961 1393 1122 1442 tanta
1162 1388 1486 1451 consensio,
1544 1402 1746 1440 verum
1805 1386 1980 1439 etiam

336 1490 623 1545 corporeae
655 1474 1091 1531 constitutionis
1138 1492 1204 1529 ac
1252 1475 1458 1530 frontis
1506 1489 1738 1544 quoque
1770 1472 1980 1527 simili-

334 1563 515 1619 tudo:
550 1565 922 1637 contingebat
952 1565 1108 1619 enim
1142 1582 1293 1635 smpe
1342 1564 1555 1634 saepius
1603 1563 1759 1633 (ibid.
1813 1579 1978 1630 num,

331 1652 445 1722 36),
480 1656 546 1706 ut
576 1652 757 1707 altero
808 1657 1124 1723 aegrotante
1172 1653 1317 1708 alter
1362 1656 1689 1723 mgrotaret,
1740 1666 1981 1704 rursus~

332 1755 445 1809 que
477 1740 913 1796 convalescente
944 1741 1400 1807 convalesceret;
1424 1744 1481 1795 et
1510 1739 1772 1812 plerique
1803 1738 2059 1839 etiamlB

335 1826 500 1883 alteri
532 1845 593 1883 se
632 1828 790 1899 loqui
837 1830 1259 1896 existimarent,
1310 1847 1444 1885 cum
1495 1834 1688 1883 tamen
1728 1827 1975 1882 alterum

334 1917 788 1989 alloquerentur.

403 2008 493 2062 38.
528 2008 655 2078 (AN.
686 2008 835 2077 379.)
868 2009 946 2062 Ex
972 2007 1214 2062 hiberna
1241 2007 1425 2079 Satyri
1458 2007 1810 2078 profectione
1840 2024 1978 2063 con-

322 2096 617 2168 jecturam
649 2096 814 2152 valde
846 2097 1201 2167 probabilem
1233 2097 1441 2151 ducere
1473 2096 1609 2151 licet
1637 2096 1833 2167 ipsum
1861 2113 1974 2150 non

332 2185 447 2241 nisi
488 2185 597 2239 hoc
626 2202 779 2239 anno
811 2185 1025 2239 abiisse
1077 2185 1147 2239 ad
1197 2201 1460 2255 superos,
1516 2202 1621 2239 nec
1653 2202 1764 2240 non
1807 2186 1974 2239 fune-

330 2275 464 2331 bres
494 2276 622 2344 ejus
652 2274 954 2330 Orationes
985 2274 1213 2328 habitas
1248 2291 1396 2328 esse.
1449 2275 1728 2328 Eumdem
1779 2279 1972 2328 autem

331 2367 667 2419 sanctorum
701 2362 832 2417 albo
858 2363 1159 2434 inscripsit
1189 2363 1462 2428 Ecclesia,
1507 2364 1677 2433 cujus
1721 2362 1972 2417 natalem

330 2452 629 2508 renuntiat
654 2470 746 2506 xw
779 2451 901 2506 Kal.
927 2452 1150 2506 mensis
1180 2451 1463 2507 Octobris.

398 2542 487 2595 39.
522 2541 638 2596 Hoc
664 2542 789 2613 ipso
821 2557 972 2596 anno
1001 2541 1313 2595 Gratianus
1344 2542 1553 2607 Casar,
1602 2539 1673 2593 de
1705 2538 1971 2595 cladibus

329 2629 496 2703 queis
526 2629 599 2684 ob
631 2631 923 2684 funestam
957 2628 1217 2685 Valentis
1269 2644 1467 2683 necem
1521 2628 1792 2682 Romanae
1839 2644 1969 2700 pro-

326 2719 529 2775 vincias
560 2718 986 2785 lacerabantur,
1019 2717 1403 2772 resarciendis
1446 2716 1763 2770 admodum
1812 2715 1970 2770 solli-

327 2808 500 2874 citus,
552 2807 948 2862 Theodosium
997 2804 1227 2877 imperii
1276 2810 1602 2860 consortem
1656 2803 1808 2859 fecit.
1856 2803 1971 2859 Hac

326 2897 638 2968 adoptione
682 2913 797 2966 qua
844 2894 1142 2950 salubrius
1186 2892 1413 2964 imperii
1443 2891 1621 2947 saluti
1669 2891 1815 2946 nihil
1846 2892 1971 2947 fieri

326 2985 536 3058 potuit,
581 2982 833 3039 Orientis
880 2982 1202 3053 provinciae,
1254 2981 1469 3052 quibus
1510 2981 1752 3052 insuper
1781 2996 1970 3036 acces~

327 3076 532 3129 serunt
561 3072 892 3127 Macedonia
928 3075 1102 3141 atque
1142 3070 1381 3135 Graecia,
1432 3068 1756 3124 Theodosio
1806 3069 1967 3123 attri-

2091 503 2246 553 terea
2278 502 2621 572 priusquam
2655 501 2934 559 scriberet
2978 503 3054 560 De
3099 504 3318 574 Spiritu
3366 509 3571 578 sancto,
3618 523 3748 563 me-

2094 588 2335 643 moratis
2355 589 2585 645 duobus
2615 590 2781 646 libris
2811 594 2884 647 De
2912 592 3016 662 ﬁde
3046 599 3162 649 tres
3203 594 3349 651 alios
3390 596 3601 653 addere
3626 595 3749 652 sibi

2093 678 2395 747 proposuit
2424 684 2546 733 tam
2576 686 2707 748 apte
2737 683 3110 752 compositos,
3144 688 3210 739 ut
3236 701 3440 740 omnes
3468 684 3650 740 simul
3682 687 3749 740 in

2093 782 2276 819 unum
2326 784 2475 837 opus
2515 768 2921 827 coalescerent.
2972 772 3114 826 Tam
3160 789 3432 844 prospere
3475 774 3652 829 cessit
3688 774 3750 829 ei

2093 854 2398 910 consilium
2433 857 2678 923 (Admon.
2712 860 2769 911 in
2804 859 2898 913 lib.
2930 863 3001 915 De
3028 860 3176 930 ﬁde),
3221 865 3287 917 ut
3314 860 3413 932 qui
3466 878 3582 917 non
3613 879 3753 918 om—

2093 942 2231 997 nino
2261 943 2318 998 in
2354 945 2594 1016 perﬁdia
2626 946 3032 1004 induruissent
3079 955 3505 1017 revocarentur,
3556 950 3751 1006 animi

2091 1037 2439 1103 pacarentur
2481 1034 2922 1107 catholicorum,
2971 1041 3029 1092 et
3074 1038 3387 1094 Gratianus
3424 1038 3509 1094 eis
3555 1038 3749 1095 eccle-

2092 1120 2240 1176 siam
2272 1139 2447 1176 unam
2482 1124 2641 1178 reddi
2667 1125 2920 1195 juberet,
2966 1142 3143 1198 quam
3190 1127 3545 1198 sequestrari
3573 1126 3749 1183 Aria-

2091 1226 2299 1265 norum
2333 1228 2530 1282 preces
2560 1212 2837 1284 improbie
2868 1214 2940 1269 ab
2972 1212 3068 1270 illo
3098 1218 3480 1271 extorserant.

2164 1301 2247 1354 42.
2284 1300 2404 1355 Sub
2458 1300 2691 1355 initium
2742 1302 3210 1374 Quadragesimaa
3254 1304 3391 1361 anni
3432 1304 3751 1377 praesentis

2089 1388 2434 1444 Ambrosius
2463 1390 2534 1444 ad
2556 1390 2960 1447 Constantium
2977 1391 3292 1464 episcopali
3305 1392 3756 1450 consecratione

2091 1494 2205 1531 non
2240 1479 2465 1547 pridem
2491 1478 2910 1549 inauguratum
2952 1480 3112 1536 dedit
3147 1480 3480 1552 epistolam,
3520 1499 3639 1554 qua
3666 1483 3751 1539 de

2090 1566 2297 1619 officiis
2328 1568 2757 1639 episcoporum,
2791 1569 2980 1640 deque
3018 1568 3282 1641 ipsorum
3312 1569 3579 1626 doctrina
3607 1572 3751 1628 fuse

2090 1654 2371 1724 disputat.
2409 1656 2490 1710 Ibi
2522 1662 2717 1711 autem
2750 1656 2869 1711 haec
2902 1656 2985 1712 illi
3016 1657 3387 1713 scribitinter
3405 1658 3552 1714 alia:
3588 1660 3755 1717 Com-

2088 1744 2281 1798 mendo
2338 1745 2624 1800 ecclesiam
2652 1760 2778 1817 quae
2818 1753 2897 1801 est
2939 1746 3010 1802 ad
3063 1749 3263 1802 Forum
3319 1748 3579 1816 Cornelii,
3628 1766 3748 1822 quo

2088 1847 2210 1887 eam
2258 1832 2323 1887 de
2364 1835 2616 1903 proximo
2665 1836 2957 1890 intervisas
3015 1837 3374 1907 frequentius.
3429 1835 3748 1910 'Occupatus

2087 1918 2279 1975 diebus
2320 1923 2699 1992 ingruentibus
2753 1923 3213 1995 Quadragesimav,
3257 1928 3375 1980 tam
3415 1925 3574 1996 longe
3622 1942 3748 1983 non

2082 2024 2306 2081 possum
2351 2026 2658 2067 excurrere.
2713 2013 2884 2067 Habes
2934 2013 3054 2068 illic
3099 2013 3319 2085 Illyrio:
3374 2013 3439 2069 de
3485 2015 3747 2086 improba

2085 2098 2331 2154 doctrina
2378 2101 2731 2168 Arianorum,
2780 2117 2909 2156 cave
2952 2118 3142 2158 eorum
3187 2103 3475 2159 zizania...
3523 2103 3743 2160 Advere

2083 2190 2204 2241 tant
2251 2190 2346 2259 qui
2392 2192 2611 2260 propter
2664 2206 2823 2245 suam
2869 2190 3162 2262 perﬁdiam
3192 2189 3450 2246 acciderit
3475 2192 3587 2247 sibi
3611 2191 3739 2262 (In-

2083 2275 2277 2349 tellige
2306 2276 2564 2333 Valentis
2594 2278 2880 2349 exitium),
2922 2280 3218 2349 quiescant,
3274 2286 3326 2335 et
3354 2296 3541 2335 veram
3567 2279 3744 2351 ﬁdem

2080 2370 2381 2435 sequantur
2405 2366 2598 2438 (epist.
2620 2368 2693 2437 2).

2152 2454 2240 2507 43.
2276 2453 2355 2508 De
2384 2454 2592 2509 iisdem
2644 2454 2759 2510 illis
2804 2454 3239 2511 calamitatibus
3267 2472 3396 2527 quae
3426 2456 3498 2512 ad
3529 2456 3741 2513 Eccle-

2082 2541 2230 2595 siam
2262 2546 2435 2613 atque
2465 2542 2778 2614 imperium
2804 2559 2873 2599 ex
2887 2544 3124 2600 interitu
3154 2543 3407 2601 infelicis
3440 2544 3602 2602 illius
3624 2547 3743 2602 im-

2081 2631 2366 2701 peratoris
2398 2631 2641 2697 rediere,
2673 2632 2938 2703 queritur
2966 2637 3206 2688 sanctus
3231 2633 3439 2704 prtesul
3471 2633 3646 2690 etiam
3666 2635 3736 2691 in

2081 2716 2230 2774 libro
2261 2720 2334 2775 De
2363 2719 2470 2775 Noe
2498 2724 2551 2775 et
2579 2721 2716 2775 Arcu
2747 2721 2817 2792 (c.
2854 2722 2904 2787 1,
2936 2738 2994 2776 n.
3027 2722 3081 2787 3,
3112 2729 3166 2777 et
3200 2721 3429 2778 Admon.
3478 2724 3539 2778 in
3581 2724 3741 2780 hunc

2081 2807 2203 2878 lib.)
2236 2808 2302 2862 Et
2329 2825 2397 2862 ex
2450 2807 2557 2864 hoc
2607 2808 3123 2882 superioribusque
3163 2811 3400 2882 scriptis
3431 2812 3739 2884 cognosci-

2081 2913 2213 2951 mus
2244 2897 2513 2952 eumdcm
2544 2896 2762 2953 librum
2809 2898 2946 2954 huic
2994 2899 3106 2969 ipsi
3146 2915 3298 2954 anno
3345 2899 3736 2958 tribuendum

2079 3002 2302 3050 esse,ac
2316 2986 2586 3041 sedulum
2619 2987 2913 3042 doctorem
2946 2987 3255 3043 indefessis
3284 2986 3733 3045 laboribustum

2081 3073 2423 3129 adhibendas
2439 3074 2895 3130 orthodoxorum
2913 3074 3167 3130 miseriis
3180 3074 3731 3142 consolationi,tum

324 3163 477 3218 buta:
513 3138 1235 3228 sunt.Gratianijuvdicium
1267 3158 1634 3231 Augustinus
1678 3157 1799 3226 (lib.
1833 3175 1868 3211 v
1896 3160 1969 3213 De
2000 3138 2041 3203 C
2078 3162 2437 3234 depellendis
2486 3148 2971 3219 heterodoxorum
3013 3163 3309 3219 erroribus
3338 3138 3726 3233 incubuisse;

321 3253 426 3308 civ.
463 3252 582 3317 Dei,
615 3267 740 3322 cap.
772 3250 863 3320 25)
904 3248 1119 3320 aliique
1167 3248 1480 3320 scriptores
1520 3247 1784 3319 impense
1832 3246 1958 3301 lau-

321 3341 498 3397 dant:
531 3340 632 3396 sed
660 3338 858 3394 nullus
888 3337 1153 3393 omnium
1185 3354 1252 3392 eo
1276 3337 1463 3407 magis
1488 3335 1807 3391 delectatus
1854 3341 1962 3402 est,

318 3446 495 3501 quam
526 3427 873 3483 Ambrosius
894 3426 1134 3498 ;quippe
1161 3425 1260 3496 qui
1281 3430 1337 3479 et
1369 3424 1706 3480 Gratianum
1732 3440 1964 3479 summe

316 3517 602 3590 diligeret,
635 3520 692 3571 et
721 3515 1117 3571 Theodosium
1151 3517 1387 3586 propter
1416 3512 1676 3574 eximias,
1690 3514 1819 3582 ejus
1848 3512 1959 3567 vir-

313 3609 470 3661 tutes
502 3605 755 3660 maximo
784 3604 1022 3659 haberet
1054 3604 1111 3658 in
1146 3619 1405 3658 numero.

384 3696 473 3749 40.
534 3693 851 3764 Postquam
907 3692 1269 3747 Theodosius
1328 3689 1580 3746 Orientis
1643 3689 1960 3761 imperator

311 3781 644 3839 declaratus
675 3787 781 3848 est,
814 3781 968 3852 quod
1004 3786 1302 3849 peractum
1336 3777 1533 3833 Sirmii
1565 3794 1657 3834 xw
1697 3777 1820 3834 Kal.
1856 3780 1955 3835 Fe-

310 3871 579 3928 bruarias
607 3870 853 3941 hujusce
884 3870 1019 3924 anni
1046 3886 1059 3935 ;
1094 3867 1405 3923 Gratianus
1437 3867 1493 3921 in
1525 3866 1829 3932 Gallias,ut
1858 3885 1956 3923 eas

311 3961 800 4017 aGermanorum
850 3957 1330 4031 populationibus
1377 3956 1727 4021 defenderet,
1778 3957 1951 4013 venit.

310 4048 372 4104 In
433 4048 561 4119 ipso
621 4048 828 4102 itinere
886 4045 1132 4101 antistiti
1200 4049 1400 4099 nostro
1458 4044 1950 4100 officiosissimam

308 4136 545 4210 scripsit
575 4135 906 4208 epistolam,
939 4152 1054 4206 qua
1086 4135 1277 4205 ipsum
1333 4137 1397 4187 ut
1441 4149 1502 4187 se
1532 4132 1824 4200 inviseret,
1852 4134 1953 4190 ite-

304 4243 556 4299 rumque
604 4225 825 4298 primos
873 4224 1021 4280 duos
1069 4224 1246 4278 libros
1294 4224 1367 4278 De
1413 4222 1517 4292 ﬁde
1560 4222 1667 4278 sibi
1702 4224 1953 4279 traderet

304 4316 482 4388 (epist.
516 4315 586 4371 ad
615 4315 823 4382 Ambr.,
857 4317 999 4369 tom.
1032 4315 1104 4379 Il,
1147 4328 1279 4385 pag.
1328 4311 1477 4380 751),
1525 4311 1948 4379 obstetabatur,

2074 3251 2194 3305 imo
2221 3268 2354 3307 vero
2383 3252 2605 3307 Judaeis
2635 3252 2780 3322 ipsis
2811 3251 2884 3307 ad
2914 3250 3232 3307 Ecclesiam
3276 3251 3723 3324 compellendis,

2074 3341 2173 3395 sed
2210 3340 2266 3395 in
2298 3339 2392 3395 his
2420 3356 2657 3412 operam
2689 3356 2859 3395 suam
2891 3345 3126 3412 propter
3163 3354 3366 3396 eorum
3409 3345 3727 3397 contuma-

2072 3427 2221 3484 ciam
2253 3429 2551 3483 incassum
2586 3428 2862 3484 recidisse
2891 3428 3095 3484 dolens
3124 3432 3391 3485 testatur.

2142 3517 2228 3571 44.
2263 3517 2391 3587 (An.
2440 3518 2590 3588 360.)
2637 3515 2813 3586 Felix,
2863 3516 3236 3574 Comensium
3282 3517 3510 3590 primus
3554 3517 3719 3590 epis-

2069 3620 2272 3676 copus,
2304 3605 2375 3660 ab
2406 3604 2714 3661 Ambrosio
2744 3609 2942 3662 nostro
2964 3610 3299 3678 susceperat
3315 3606 3723 3663 manuumim-

2068 3692 2454 3764 positionem,
2506 3697 2680 3765 atque
2723 3694 2867 3750 adeo
2927 3694 3144 3750 mirum
3184 3710 3301 3750 non
3333 3694 3526 3761 fuerit,
3558 3695 3723 3766 quod

2066 3783 2218 3835 inter
2248 3780 2378 3836 illos
2404 3784 2634 3836 tantum
2671 3781 3087 3839 familiaritatis
3135 3782 3548 3839 intercesserit.
3579 3781 3723 3854 Epi-

2066 3868 2279 3924 stolam
2311 3886 2427 3940 qua
2457 3874 2698 3926 sanctus
2749 3874 2948 3928 noster
2988 3876 3227 3942 accepta
3277 3871 3350 3926 ab
3393 3869 3494 3926 illo
3523 3871 3723 3927 tubera

2062 3959 2224 4014 mira:
2254 3958 2651 4028 magnitudinis
2681 3959 2872 4030 (epist.
2921 3960 2977 4030 3)
3026 3958 3217 4030 lepide
3267 3964 3442 4031 atque
3491 3959 3726 4015 urbane

2062 4044 2290 4112 laudat,
2328 4045 2435 4099 hoc
2470 4063 2593 4118 lpSO
2622 4063 2797 4113 anno,
2829 4046 2878 4103 si
2913 4047 3049 4118 quid
3081 4047 3214 4104 ﬁdei
3238 4046 3477 4119 Ughello
3493 4045 3724 4104 haben-

2062 4133 2207 4187 dum
2239 4139 2327 4188 est
2360 4135 2507 4202 (Ital.
2550 4150 2728 4200 sacra,
2760 4138 2901 4189 tom.
2951 4135 3043 4205 ΙΙ),
3093 4135 3375 4206 scriptam
3424 4134 3719 4193 dicemus.

2060 4221 2277 4275 Eadem
2310 4226 2506 4276 autem
2541 4222 2597 4276 in
2643 4222 2888 4293 epistola
2932 4239 3065 4278 cum
3098 4223 3422 4294 peramicas
3451 4222 3605 4294 quod
3637 4225 3717 4280 ad

2060 4324 2121 4363 se
2156 4308 2308 4365 Felix
2338 4310 2599 4364 nondum
2629 4311 2905 4378 venisset,
2943 4310 3208 4383 querelas
3240 4310 3589 4366 Ambrosius
3618 4310 3717 4367 in-

302 4420 368 4459 ac
399 4404 577 4459 simul
609 4403 818 4459 iisdem
848 4402 1123 4473 adjiceret
1168 4403 1241 4455 De
1282 4402 1480 4472 spiritu
1509 4409 1692 4456 sancto
1734 4400 1949 4469 ﬁdelem
2057 4397 2360 4465 seruisset,
2395 4397 2490 4454 ille
2517 4399 2671 4454 datis
2701 4398 2917 4456 litteris
2949 4399 3105 4472 apud
3152 4416 3287 4455 eum
3320 4415 3448 4455 sese
3475 4411 3724 4456 excusa-

299 4492 742 4562 disputationem,
774 4509 900 4562 qua:
934 4489 1293 4546 divinitatem
1325 4490 1452 4559 ejus
1498 4490 1947 4546 demonstraret.
1978 4505 2026 4569 D
2058 4486 2155 4555 vit,
2189 4487 2700 4557 Ambrosius,cum
2734 4487 2844 4544 sibi
2870 4488 3097 4544 reddita
3113 4492 3203 4545 est
3230 4488 3351 4544 haec
3381 4487 3718 4561 responsio,

296 4579 386 4633 Ad
414 4579 534 4633 haec
565 4580 865 4650 rescripsit
911 4578 1259 4633 Ambrosius
1314 4584 1530 4642 noster,
1583 4594 1761 4648 seque
1793 4580 1949 4649 quod
2061 4574 2398 4631 inlirmitate
2428 4577 2820 4644 detinebatur,
2853 4583 2911 4633 et
2939 4594 3073 4633 cum
3107 4576 3386 4633 Bassiano
3416 4576 3719 4633 Laudensi

293 4671 414 4722 tam
447 4666 560 4721 cito
591 4684 724 4722 eum
756 4667 1064 4722 convenire
1097 4683 1208 4719 non
1245 4673 1461 4737 posset,
1516 4667 1597 4721 ita
1630 4668 1945 4733 excusavit,
2056 4666 2329 4735 episcopo
2358 4663 2458 4734 qui
2492 4669 2631 4719 tunc
2663 4666 2941 4736 temporis
2971 4682 3034 4721 se
3072 4664 3370 4730 invrserat,
3420 4666 3491 4721 de
3520 4663 3718 4721 Felice

292 4760 361 4812 ut
392 4756 582 4827 prima
612 4756 747 4809 data
777 4754 1232 4826 opportunitate,
1280 4754 1722 4809 satisfacturum
1755 4770 1818 4808 se
1851 4772 1946 4810 νο-
2058 4752 2519 4823 colloquebatur.
2558 4755 2759 4824 Itaque
2788 4754 3048 4809 secunda
3075 4769 3184 4808 sua
3213 4752 3284 4807 ad
3302 4768 3439 4808 eum
3457 4751 3716 4823 epistola

292 4845 503 4900 luntati
538 4845 667 4915 ejus
695 4843 1042 4914 polliceatur
1070 4843 1263 4914 (epist.
1321 4845 1392 4914 1).
1447 4842 1677 4898 Interim
1731 4843 1944 4912 petitos
2054 4842 2244 4913 (epist.
2274 4841 2348 4907 4),
2382 4847 2440 4895 et
2471 4840 2592 4895 haec
2620 4840 2706 4895 illi
2736 4842 3103 4913 signiﬁcavit,
3134 4845 3190 4895 et
3220 4845 3496 4912 praeterea
3524 4839 3712 4898 etiam

290 4934 362 4988 ab
395 4950 461 4989 eo
493 4932 673 4988 libros
700 4934 774 4987 De
802 4932 908 5001 ﬁde
937 4931 1007 4985 ad
1065 4932 1255 5002 ipsum
1291 4931 1484 4993 misit;
1519 4931 1671 5001 quod
1706 4948 1837 4985 vero
1869 4933 1941 4988 ad
2052 4930 2276 4983 addidit
2306 4944 2367 4983 se
2418 4930 2804 5000 spopondisse
2853 4928 3016 4984 illum
3063 4930 3407 4985 adfuturum
3445 4927 3710 4984 basilicis

291 5022 838 5079 commentationem
875 5022 946 5075 De
976 5022 1179 5091 spiritu
1198 5028 1400 5085 sancto,
1427 5020 1494 5073 ad
1529 5019 1638 5074 hoc
1668 5018 1777 5074 sibi
1813 5020 1937 5075 dari
2050 5034 2178 5089 quae
2226 5034 2259 5071 a
2307 5017 2587 5072 Bassiano
2638 5022 2974 5074 constructa
3028 5018 3243 5085 fuerat,
3296 5015 3652 5072 dedicationi
3686 5035 3703 5073 :

291 5128 513 5167 moram
537 5112 718 5184 petiit.
2046 5104 2409 5178 proindeque
2439 5104 2703 5161 ablatum
2737 5106 2847 5179 ipsi
2871 5107 2998 5178 jam
3031 5105 3227 5162 locum
3259 5120 3388 5161 esse
3437 5119 3711 5175 procras-

360 5202 447 5255 41.
481 5201 605 5256 Non
639 5200 944 5273 ignorabat
990 5203 1230 5254 sanctus
1287 5198 1381 5252 hic
1421 5197 1620 5251 doctor
1649 5198 1722 5252 ab
1753 5197 1933 5253 haare-
2045 5193 2296 5250 tinandi.

285 5288 418 5342 ticis
449 5289 827 5358 quibusdam,
861 5286 1115 5342 Palladio
1167 5287 1412 5341 fortasse
1450 5302 1517 5339 ac
1539 5285 1928 5351 Secundiano,
2112 5282 2199 5337 45.
2233 5284 2396 5338 Circa
2427 5282 2583 5337 idem
2616 5286 2852 5356 tempus
2884 5283 3090 5341 incidit
3119 5280 3704 5353 Ambrosiogravius

287 5375 566 5430 nonnulla
598 5382 799 5430 contra
828 5376 1007 5430 libros
1053 5392 1190 5429 suos
1224 5375 1295 5427 De
1323 5374 1427 5443 ﬁ’le
1468 5373 1647 5428 fuisse
1677 5374 1926 5444 objecta,
2039 5372 2291 5444 quodam
2325 5388 2456 5426 cum
2493 5372 2735 5444 Syagrio
2752 5366 3336 5445 Veronensipraisule
3368 5368 3704 5442 negotium,

283 5468 341 5519 et
374 5479 503 5517 eam
554 5464 625 5519 ab
671 5464 764 5519 his
803 5463 1271 5519 criminationem
1311 5461 1419 5516 sibi
1471 5462 1717 5530 intendi,
1769 5462 1923 5532 quod
2033 5462 2095 5515 in
2129 5476 2242 5532 quo
2273 5459 2610 5530 exemplum
2638 5461 2820 5518 moris
2863 5461 3190 5534 antiquitus
3238 5458 3299 5513 in
3320 5456 3568 5529 judiciis
3588 5458 3702 5516 cri-

282 5551 619 5609 brevitatcm
651 5552 847 5608 dedita
877 5568 1050 5623 opera
1080 5549 1484 5617 affectavissct,
1536 5566 1608 5604 ne
1657 5550 1920 5620 ipsorum
2034 5548 2261 5604 minum
2289 5548 2364 5603 ab
2396 5546 2652 5604 Ecclesia
2681 5550 2897 5606 servari
2931 5549 3087 5607 soliti
3122 5547 3453 5606 etiamnum
3482 5551 3716 5615 restat,.
