3938 6214
132 288 201 368 θ
1199 299 1301 364 EX
1345 297 1533 364 EJUS
1574 278 2053 361 POTISBIMUM
2097 296 2475 361 SCRIPTIS.
3450 292 3530 356 90

148 434 346 511 quovis
382 432 530 493 alibi
577 436 868 493 occurrat
913 434 1296 507 prestantius.
1343 434 1584 499 Indicia,
1615 432 1776 505 virgo
1806 428 1860 497 Α
1890 431 2056 488 Febr.
2087 432 2206 487 vita
2234 430 2527 499 defuncto,
2560 428 2775 504 publici
2801 429 2957 503 juris
2997 430 3148 499 fecit,
3180 431 3387 491 Cesari
3420 432 3528 490 mi-

155 530 471 594 eousecrata,
504 526 677 599 apud
712 524 1022 598 Syagrium
1054 522 1276 581 violata:
1311 524 1664 596 virginitatis
1690 540 1776 578 ex-

156 618 435 687 stinctique
464 618 628 671 fetus
656 614 1006 670 insimulata
1051 614 1257 669 fuerat.
1302 614 1443 668 Eam
1493 613 1781 667 detulerat

154 705 432 762 Marcellus
481 705 763 776 quidam,
799 704 898 775 qui
946 719 1201 758 sororem
1250 705 1380 774 ejus
1426 703 1679 757 habebat
1720 702 1781 756 in

153 795 532 860 matrimonio;
586 800 669 856 et,
715 791 882 846 nulla
935 790 1238 846 afﬁnitatis
1292 790 1514 845 ratione
1558 790 1777 854 habita,

150 884 296 939 malis
317 882 555 937 artibus
583 898 653 936 ac
691 880 902 936 sutelis
949 880 1073 935 suis
1119 884 1347 934 tantum
1398 880 1685 944 effecerat,
1719 883 1783 934 ut

151 972 509 1028 obstetricum
545 969 904 1041 inspectioni
930 968 1312 1022 addiceretur.
1336 967 1667 1022 Provocavit
1698 968 1783 1021 ln-

148 1062 281 1116 dicia
299 1060 369 1114 ad
404 1058 675 1113 tribunal
706 1057 1097 1126 Ambrosii,ad
1129 1073 1305 1128 quem
1326 1057 1501 1112 etiam
1525 1057 1783 1112 scriben-

148 1150 271 1205 dum
300 1147 533 1220 putavit
568 1146 870 1219 Syagrius,
903 1151 967 1200 ut
990 1146 1281 1217 judicium
1331 1146 1441 1202 hoc
1489 1163 1664 1202 suum
1690 1146 1786 1201 de-

147 1237 416 1293 fenderet.
450 1235 800 1291 Ambrosius
845 1234 995 1290 hanc
1042 1251 1282 1290 causam
1327 1252 1447 1290 una
1488 1252 1619 1290 cum
1652 1235 1785 1291 aliis

147 1326 352 1398 aliquot
371 1324 677 1396 episcopis
706 1323 1077 1391 examinavit,
1111 1329 1187 1390 et,
1219 1325 1419 1395 agnita
1440 1324 1670 1379 lndiciaa
1700 1326 1787 1379 in-

148 1415 404 1471 nocentia
436 1412 795 1468 Veronensis
846 1413 1100 1484 episcopi
1148 1414 1499 1467 sententiam
1558 1413 1785 1468 irritam

149 1503 285 1568 fecit,
316 1520 387 1557 ac
419 1508 705 1575 praeterea
731 1501 974 1573 virginis
1002 1500 1453 1556 calumniatores
1485 1501 1674 1556 affecit
1701 1501 1787 1557 eis

147 1592 318 1664 penis
350 1607 506 1662 quas
549 1590 817 1660 exigebat
864 1589 1129 1643 criminis
1178 1589 1473 1644 atrocitas.
1519 1589 1679 1653 Quod
1724 1588 1784 1642 in

147 1680 242 1736 hac
269 1696 455 1735 causa
478 1683 768 1734 statutum
803 1679 909 1732 abs
948 1693 1012 1732 se
1054 1676 1262 1741 fuerat,
1294 1678 1533 1749 Syagrio
1563 1677 1784 1749 signiﬁ-

1888 522 1984 577 sit.
2020 522 2082 576 ln
2113 522 2207 576 his
2250 528 2444 577 autem
2493 520 2909 577 elucubrandis
2964 521 3210 579 feliciter
3258 541 3400 580 usus
3442 528 3533 580 est

1891 612 2125 683 scriptis
2146 610 2377 683 Didymi
2399 628 2463 666 ac
2481 610 2701 679 Basilii,
2735 628 2849 667 non
2885 612 3120 683 quidem
3170 618 3254 680 ut,
3286 613 3534 685 Esopim

1890 700 2196 755 corniculae
2229 701 2433 761 instar,
2467 700 2673 755 alienis
2722 699 2941 771 plumis
2967 717 3029 755 se
3058 705 3395 765 ostentaret,
3429 704 3528 756 sed

1892 788 2018 860 apis
2048 788 2351 842 industriae
2383 804 2451 843 ex
2482 789 2723 844 floribus
2766 789 3010 845 diversis
3059 790 3219 845 favos
3248 791 3530 845 condiret.

1965 879 1996 931 4
2039 920 2051 931 .
2085 877 2361 941 Quamvis
2392 882 2669 949 appareat
2699 878 3041 933 Gratianum
3096 878 3293 934 Sirmii
3343 879 3534 936 adhuc
3618 876 3631 887 ’

1892 971 2347 1021 rommorantem
2391 966 2649 1022 Palladio
2693 971 2750 1022 et
2798 967 3163 1024 Secundiano
3206 968 3420 1024 Ariano
3452 969 3533 1025 fa-

1895 1055 2105 1110 ctionis
2152 1054 2442 1127 episcopis
2486 1056 2594 1127 ipsi
2629 1055 3044 1113 molestissime
3074 1058 3535 1115 obtundentibus

1893 1144 2143 1199 invitum
2173 1144 2551 1210 concessisse,
2584 1148 2648 1200 ut
2674 1145 2950 1217 Aquileia:
3001 1146 3261 1219 synodus
3304 1162 3534 1219 cogere-

1892 1238 2027 1300 tur;
2059 1250 2177 1288 non
2218 1237 2411 1289 tamen
2457 1250 2588 1289 eam
2645 1238 2779 1290 ante
2826 1251 3086 1291 mensem
3135 1236 3535 1307 Septembrem

1891 1320 2069 1376 istius
2098 1323 2235 1376 anni
2265 1320 2616 1377 celebratam
2661 1338 2790 1377 esse
2839 1325 3071 1379 concedi
3127 1331 3332 1396 potest.
3369 1325 3535 1382 Vole-

1892 1410 2036 1465 bant
2064 1409 2147 1464 illi
2170 1411 2596 1465 mcumenicum
2627 1427 2755 1466 esse
2786 1411 2895 1466 hoc
2948 1412 3280 1482 concilium,
3310 1415 3539 1469 univer-

1895 1514 2108 1569 sosque
2136 1499 2438 1570 episcopos
2469 1499 2715 1553 desertis
2749 1500 2874 1555 suis
2902 1501 3179 1573 gregibus
3225 1518 3291 1557 eo
3331 1518 3538 1558 conve-

1895 1587 2053 1642 nire:
2088 1587 2186 1641 sed
2234 1603 2368 1641 cum
2416 1586 2779 1657 superﬂuum
2837 1588 2955 1643 fore
3001 1592 3229 1644 tantum
3277 1589 3534 1647 laborem

1895 1675 2237 1730 Ambrosius
2265 1676 2652 1747 persuasisset
2672 1676 3111 1748 imperatori,ex
3137 1679 3265 1750 ejus
3295 1679 3538 1737 consilio

146 1770 281 1825 cavit
308 1785 415 1840 per
443 1766 755 1838 epistolam
802 1766 998 1836 (epist.
1042 1765 1118 1835 5),
1151 1781 1269 1837 qua
1321 1766 1580 1820 defectus
1612 1770 1787 1836 atque
1820 1797 1865 1862 Β
1896 1762 2050 1818 idem
2077 1763 2387 1819 Gratianus
2419 1764 2678 1862 seniores
2726 1765 3030 1837 episcopos
3079 1770 3181 1822 aut
3228 1767 3539 1862 debiliores

143 1858 265 1914 vitia
296 1856 613 1913 sententiae
654 1856 729 1908 ab
773 1870 840 1908 eo
887 1853 1020 1908 latas
1066 1855 1522 1923 exponebantur.
1556 1854 1787 1909 Veritus

146 1952 326 2002 tamen
356 1960 435 2000 ne
459 1943 629 1998 illum
653 1943 992 2015 episcopum
1017 1942 1636 2014 abalieuasset,paucis
1658 1946 1790 2015 post

146 2036 340 2091 diebus
378 2033 563 2089 aliam
602 2030 909 2103 epistolam
951 2031 1023 2085 ad
1079 2047 1215 2086 eum
1273 2030 1434 2086 misit
1484 2032 1676 2104 (epist.
1708 2033 1787 2099 6),

148 2140 252 2194 qua
274 2123 362 2179 illi
388 2138 529 2178 cum
556 2118 883 2191 singularis
932 2118 1340 2175 benevolentiae
1381 2119 1789 2175 testiﬁcatione

151 2213 300 2283 ponit
323 2213 397 2268 ob
430 2209 657 2275 oculos,
691 2212 974 2279 qnantam
1003 2207 1283 2278 injuriam
1315 2209 1585 2264 universo
1620 2209 1791 2280 virgi-

150 2317 280 2357 num
306 2316 619 2357 sacrarum
651 2298 846 2352 ordini
881 2296 1161 2351 voluisset
1179 2296 1626 2363 inﬂictam,cum
1646 2297 1793 2352 indi-

154 2391 289 2445 ciam
302 2394 427 2444 tam
456 2385 1221 2458 propudiosaeinspectionis
1242 2401 1413 2455 pcena
1430 2387 1787 2440 damnasset.

216 2478 431 2533 46.Alia
449 2491 686 2548 quoque
710 2474 1102 2528 controversia
1113 2489 1485 2544 nequaquam
1503 2474 1791 2530 leviorsu-

155 2567 363 2638 periere
391 2563 955 2620 Ambrosiuminter
985 2567 1159 2631 atque
1208 2562 1501 2618 Justinam
1557 2568 1795 2635 propter

153 2655 450 2710 Anemium
487 2652 706 2725 agitata
752 2653 862 2705 est.
891 2649 1149 2704 Vacabat
1199 2665 1265 2704 eo
1324 2654 1587 2722 tempore
1629 2651 1793 2706 urbis

155 2744 363 2811 Sirmii,
394 2760 529 2814 quae
580 2741 765 2796 totius
821 2743 911 2794 est
946 2737 1143 2811 Illyria:
1201 2743 1397 2810 caput,
1447 2739 1793 2812 episcopalis

152 2834 325 2899 sedes,
360 2848 544 2904 quam
575 2829 802 2885 diutius
828 2827 1112 2883 Photinus
1142 2831 1198 2882 et
1229 2826 1565 2883 Germinius
1595 2827 1795 2884 Ariani

152 2920 401 2994 episcopi
431 2924 882 2991 occupaverant.
914 2917 1255 2988 lmperatrix
1285 2922 1517 2984 tunc,ut
1542 2917 1791 2983 videtur,

152 3010 264 3066 illic
290 3010 584 3073 insidens,
640 3022 880 3061 omnem
929 3005 1182 3076 lapidem
1224 3008 1509 3074 movebat,
1534 3011 1599 3061 ut
1638 3007 1793 3060 futu-

152 3115 244 3155 rus
262 3100 582 3170 cpiscOpus
609 3113 680 3151 ex
708 3094 938 3150 Arianis
966 3101 1357 3164 coeptaretur.
1394 3093 1696 3149 Advolavit
1726 3110 1793 3150 eo

151 3162 389 3243 sanctus
429 3162 803 3249 Ambrosius,
836 3189 893 3238 et
932 3162 1198 3253 quamvis
1246 3183 1485 3237 Justina
1516 3183 1793 3237 haeretica:
1824 3162 1867 3228 (ἶ

149 3274 602 3347 conspirationis
631 3277 798 3342 septa
815 3271 1101 3340 praesidiis
1130 3275 1332 3325 contra
1379 3269 1791 3337 obluctaretur,

150 3370 215 3418 ut
243 3369 439 3417 tamen
473 3363 876 3416 assumeretur
896 3358 1101 3429 praesul
1122 3357 1797 3424 catholicus,constantia

149 3449 607 3522 pervicit.Hujus
628 3447 933 3503 electionis
964 3446 1385 3511 modum,sicut
1414 3451 1471 3502 et
1503 3453 1796 3519 patratum

146 3539 207 3595 in
236 3556 305 3596 ea
333 3537 691 3594 miraculum
724 3542 925 3591 narrat
952 3535 1236 3591 Paulinus
1268 3534 1348 3605 (in
1406 3538 1504 3592 Vit.
1555 3537 1794 3593 Ambros.

146 3628 345 3699 11.“),
377 3626 482 3699 qui
536 3642 687 3681 novo
733 3625 1004 3697 episcopo
1060 3624 1301 3680 Anemio
1354 3641 1567 3680 nomen
1616 3625 1798 3682 fuisse

144 3716 510 3772 testiﬁcatur.
544 3720 724 3770 Porro
749 3729 885 3768 cum
914 3712 1068 3768 idem
1102 3712 1194 3767 hic
1221 3712 1500 3768 Anemius
1531 3714 1796 3785 sequenti

146 3821 296 3861 meo
326 3803 576 3860 concilio
606 3801 963 3873 Aquileiensi
1000 3818 1257 3871 praesens
1297 3801 1490 3868 fuerit,
1523 3804 1651 3871 ejus
1681 3802 1796 3857 ele-

144 3894 256 3949 ctio
288 3891 662 3965 probabilius
691 3890 981 3961 assignari
1034 3906 1149 3945 non
1197 3894 1410 3960 potest,
1441 3908 1617 3962 quam
1659 3909 1799 3963 prae-

144 3984 290 4038 senti
314 3998 495 4037 anno.

212 4072 299 4126 47.
331 4067 596 4126 Concilio
623 4065 980 4138 Aquileiensi
1028 4082 1165 4121 cum
1213 4067 1457 4122 Anemio
1506 4067 1682 4123 etiam
1711 4068 1797 4124 in-

146 4158 349 4214 terfuit
374 4158 589 4213 Justus
621 4155 1056 4227 Lugdunensis,
1089 4154 1182 4209 cui
1215 4155 1461 4210 antistiti
1495 4172 1630 4211 cum
1660 4158 1795 4213 Am-

144 4245 343 4301 brosio
381 4243 787 4300 intercedebat
832 4242 1104 4298 amicitia;
1151 4258 1385 4297 summa
1434 4244 1792 4315 conjunctio.

147 4333 464 4407 Postquam
498 4332 732 4389 solutus
761 4337 851 4386 est
879 4330 1117 4385 Patrum
1167 4335 1507 4398 conventus,
1540 4333 1599 4386 in
1627 4334 1792 4407 Egy-

145 4423 207 4477 tii
238 4422 591 4480 solitudines
603 4421 811 4476 Justus
828 4419 1086 4476 recessit.
1104 4420 1124 4474 Ι
1133 4419 1242 4475 nde
1262 4421 1637 4492 cognoscitur
1655 4424 1793 4477 Am-

145 4510 408 4567 brosium
439 4515 734 4574 nostrum,
766 4509 1114 4580 priusquam
1146 4506 1241 4563 ille
1272 4508 1556 4580 Lugdune
1578 4508 1687 4564 iter
1708 4527 1797 4566 ca-
1828 4531 1874 4594 Ι)

143 4607 402 4669 peccaret
430 4600 506 4655 ad
526 4599 681 4654 hanc
717 4597 1031 4669 synodum,
1054 4597 1242 4652 eidem
1274 4596 1583 4667 scripsisse
1631 4596 1793 4654 illam

142 4687 451 4759 epistolam
481 4689 677 4760 (epist.
706 4687 787 4756 7),
812 4701 930 4757 qua
958 4684 1133 4740 Exodi
1164 4685 1356 4739 locum
1388 4685 1458 4739 de
1479 4702 1594 4756 quo
1625 4686 1698 4740 ab
1728 4703 1796 4741 eo

140 4777 451 4833 consultus
466 4778 684 4843 fuerat,
716 4774 971 4845 exponit.
1001 4773 1128 4828 Non
1182 4773 1264 4828 ita
1312 4773 1496 4828 multo
1520 4778 1651 4845 post
1679 4773 1792 4829 alia

136 4862 384 4935 epistola
413 4867 488 4919 ad
520 4862 689 4918 illum
723 4863 865 4917 data
891 4861 1083 4932 (epist.
1116 4861 1191 4932 8),
1235 4860 1446 4916 iterum
1491 4863 1794 4933 respondit

137 4950 271 5008 huic
301 4956 435 5025 ejus
456 4952 800 5027 quaestioni,
833 4967 977 5005 num
1023 4966 1092 5005 ex
1139 4950 1283 5005 artis
1318 4949 1617 5006 rhetoricae
1648 4950 1791 5023 legi-

138 5040 249 5097 bus
274 5044 533 5100 scribere
560 5044 878 5098 curassent
906 5044 1174 5095 auctores
1205 5041 1377 5094 sacri.

204 5130 275 5185 48
302 5134 430 5200 (AN.
461 5133 617 5203 381.)
649 5130 921 5186 Diximus
953 5128 1326 5183 Ambrosium
1366 5127 1645 5183 Gratiano
1677 5127 1794 5199 pol-

136 5216 359 5276 licitum
389 5221 572 5278 fuisse
603 5218 981 5276 divinitatem
1012 5217 1195 5272 sancti
1215 5216 1470 5288 Spiritus
1502 5217 1657 5272 edito
1680 5220 1795 5273 tra-

139 5308 291 5363 ctatu
320 5326 381 5366 se
410 5311 830 5384 probaturum.
866 5305 1063 5361 Fidem
1105 5322 1273 5361 suam
1320 5305 1431 5360 hac
1477 5304 1535 5360 in
1558 5321 1618 5361 re
1648 5305 1790 5361 libe-

142 5395 279 5452 ravit
305 5400 540 5458 ineunte
564 5401 683 5456 hoc
717 5411 881 5453 anno
919 5394 1167 5463 (Admon.
1222 5397 1287 5450 in
1321 5395 1418 5450 lib.
1450 5396 1526 5449 Dc
1578 5397 1795 5466 Spiritu

138 5487 352 5558 Sancto),
373 5493 606 5563 tresque
636 5505 786 5547 suos
818 5484 1005 5540 libros
1035 5483 1107 5538 De
1146 5483 1361 5556 Spiritu
1406 5492 1612 5549 sancto,
1645 5500 1793 5557 quos

141 5572 468 5637 Athanarico
490 5580 832 5637 Gothorum
858 5588 995 5646 rege
1015 5571 1518 5644 CenstantinOpoli
1537 5580 1651 5629 vm’
1666 5572 1789 5628 Kal.

1898 1853 1971 1907 ab
2003 1852 2113 1907 hac
2143 1853 2454 1908 subeunda
2476 1852 2813 1925 fatigatione
2839 1854 3131 1911 immunes
3155 1855 3382 1913 fecit.Et
3400 1855 3539 1914 illuc

1899 1955 2097 1996 revera
2126 1940 2333 2013 exiguo
2362 1957 2608 1997 numero
2640 1942 2915 2014 praesules
2954 1960 3292 2007 convenere.
3324 1946 3424 2002 sed
3454 1946 3539 2001 vi-

1896 2034 1968 2084 ιω
2002 2030 2207 2085 merito
2238 2035 2297 2086 et
2326 2030 2600 2086 doctrinm
2632 2031 2970 2103 praestantia
2997 2031 3273 2089 celebres.
3296 2035 3541 2092 Abunde

1898 2133 1933 2172 a
1962 2118 2131 2174 nobis
2163 2118 2284 2173 loco
2318 2136 2425 2175 suo
2455 2124 2647 2174 actum
2703 2125 2792 2175 est
2833 2121 2906 2176 de
2935 2120 3045 2177 boc
3094 2126 3379 2178 conventu
3412 2123 3539 2190 (Ad-

1897 2222 2043 2261 mon.
2077 2208 2134 2261 in
2166 2208 2488 2278 Epistolas);
2513 2208 2655 2263 illud
2688 2225 2824 2275 ergo
2847 2214 3072 2263 tantum
3108 2210 3200 2264 hic
3229 2210 3542 2282 adjicimus

1900 2295 2116 2349 ibidem
2149 2296 2520 2351 Ambrosium
2548 2297 2780 2351 Patrum
2806 2296 3055 2352 aliorum
3080 2315 3255 2370 prepe
3274 2299 3539 2355 omnium

1900 2400 2032 2438 cum
2058 2383 2117 2437 in
2151 2383 2505 2455 disputando
2538 2388 2739 2439 contra
2767 2385 2952 2439 dictos
2996 2385 3449 2453 hmreticos,tum
3482 2388 3539 2443 in

1900 2486 2101 2526 eorum
2136 2471 2510 2527 damnatione
2536 2488 2637 2543 per
2664 2472 2971 2544 synodicae
2994 2473 3271 2544 epistolas
3294 2475 3546 2532 absenti-

1902 2560 2012 2615 bus
2044 2559 2334 2632 episcopis
2376 2562 2478 2615 aut
2525 2559 2889 2633 principibus
2945 2561 3345 2618 denuntianda
3388 2564 3543 2620 vices

1902 2647 2171 2703 obivisse.
2844 2674 2849 2679 ι

1972 2737 2060 2791 50.
2094 2737 2222 2808 (ΑΝ.
2258 2737 2409 2807 382.)
2440 2736 2765 2810 Opinantur
2790 2738 3061 2794 nonnulli
3088 2738 3158 2795 ad
3191 2739 3346 2797 idem
3372 2741 3545 2814 Aqui-

1902 2824 2120 2882 leiense
2153 2827 2466 2883 concilium
2502 2828 2789 2899 pertinere
2819 2826 2977 2883 illam
3010 2828 3317 2900 epistolam
3351 2831 3542 2903 (epist.

1937 2914 2013 2986 3),
2048 2931 2176 2985 quae
2208 2916 2291 2971 sic
2332 2916 2704 2972 inscribitur:
2738 2916 3051 2972 Ambrosius
3102 2922 3154 2973 et
3198 2921 3385 2976 cwteri
3429 2922 3545 2992 cpi-

1900 3006 2050 3076 sc0pi
2074 3004 2284 3065 (taliet;
2303 3006 2401 3060 sed
2435 3005 2798 3060 contendunt
2827 3003 2923 3059 alii
2954 3022 3083 3061 eam
3114 3008 3544 3063 attribuendam

1903 3110 2032 3150 esse
2062 3093 2224 3148 alteri
2258 3093 2680 3164 concilio,quod
2708 3093 2767 3149 in
2801 3096 3076 3167 quapiam
3109 3097 3344 3152 urbium
3370 3097 3545 3153 Italica

1905 3185 2016 3238 sub
2046 3182 2278 3237 initium
2314 3182 2557 3247 hujusce
2602 3182 2738 3236 anni
2784 3182 3139 3238 celebratum
3187 3189 3294 3240 est.
3327 3184 3542 3258 Synodi

1906 3277 2105 3327 Patres
2135 3271 2205 3326 ad
2229 3270 2625 3326 Theodosium
2657 3270 2913 3327 detulere
2936 3271 3204 3343 querelas
3226 3275 3546 3345 suas,quod

1908 3366 2137 3416 mortuo
2169 3358 2418 3417 Meletio.
2452 3375 2757 3414 successor
2777 3359 2837 3413 in
2868 3360 2995 3430 ejus
3041 3360 3236 3416 locum
3267 3363 3549 3419 suffectus

1905 3453 2080 3515 esset,
2114 3464 2245 3503 cum
2278 3464 2345 3502 ex
2375 3445 2519 3502 inita
2551 3448 2931 3504 conventione
2980 3449 3147 3505 sedes
3192 3450 3550 3507 Antiochena

1906 3538 2217 3593 deberetur
2248 3535 2347 3592 uni
2398 3535 2998 3609 Paulino.Conquesti
3052 3542 3191 3594 sunt
3250 3539 3424 3596 etiam
3478 3541 3549 3596 de

1906 3626 2155 3682 Nectarii
2185 3624 2461 3681 electione
2493 3625 2565 3680 ad
2597 3625 3301 3698 Constantinopolitanum
3323 3628 3547 3701 episco-

1907 3720 2147 3787 patum;
2179 3731 2313 3769 cum
2344 3714 2501 3769 enim
2530 3714 2818 3770 Maximus
2858 3715 3010 3771 Petri
3052 3714 3422 3772 Alexandrini
3453 3714 3546 3772 lit-

1904 3810 2059 3858 teras
2089 3804 2160 3857 ad
2194 3819 2292 3857 eos
2322 3802 2846 3873 attulisset.ipsum
2873 3821 3001 3860 vere
3030 3807 3087 3859 et
3108 3821 3176 3858 ex
3225 3805 3548 3861 canonibus

1905 3891 2154 3946 electum
2186 3907 2315 3945 esse
2346 3891 2801 3947 arbitrabantur.
2837 3893 3273 3948 Humanissime
3304 3893 3547 3949 concilio

1906 3980 2204 4050 rescripsit
2230 3979 2567 4050 imperator,
2602 3980 2772 4051 eique
2800 3980 3036 4035 Maximi
3084 3980 3280 4052 Cynici
3313 3981 3546 4037 fraudes

1906 4067 2151 4139 aperuit.
2183 4067 2458 4131 Quocirca
2490 4067 2678 4122 eidem
2711 4067 2956 4140 principi
3013 4067 3189 4123 aliam
3237 4068 3545 4140 epistolam

1905 4158 2166 4230 synodus
2198 4156 2360 4212 misit
2389 4156 2579 4228 (epist.
2616 4157 2724 4225 14),
2755 4155 2957 4228 illique
2981 4156 3237 4229 primum
3260 4156 3544 4213 rationem

1905 4242 2178 4307 reddidit,
2211 4259 2314 4297 cur
2343 4258 2473 4297 cum
2515 4242 2764 4297 Maximo
2803 4247 2860 4298 et
2888 4243 3153 4299 Nectario
3199 4243 3275 4299 ita
3327 4261 3387 4299 sc
3416 4262 3545 4317 ges-

1907 4330 2116 4387 sisset:
2149 4336 2277 4386 tum
2310 4335 2586 4402 praeterea
2615 4331 2833 4394 gratias
2876 4331 3011 4405 egit,
3046 4333 3198 4405 quod
3232 4332 3418 4403 ipsius
3450 4334 3547 4390 be-

1908 4419 2113 4474 neficio
2163 4418 2429 4474 Ecclesiae
2482 4419 2795 4477 orientales
2851 4421 3358 4494 occidentalesque
3411 4440 3551 4495 pace

1906 4506 2264 4562 fruerentur:
2292 4514 2585 4579 postremo
2606 4511 2889 4566 fautorem
2917 4513 3233 4583 quemdam
3255 4511 3550 4584 Apollina-

1904 4595 2374 4666 ristarumjusta
2422 4596 2799 4654 damnatione
2858 4618 2891 4656 a
2948 4617 3009 4655 se
3066 4602 3381 4657 coercitum
3423 4619 3551 4658 esse

1908 4686 2218 4739 nuntiavit.

1974 4775 2066 4828 51.
2095 4773 2243 4828 Huic
2274 4790 2427 4828 anno
2459 4776 2637 4831 etiam
2686 4777 2986 4845 tribuitur,
3022 4779 3173 4850 quod
3224 4796 3258 4834 a
3307 4778 3550 4834 Paulino

1904 4868 2262 4917 memoratur
2291 4864 2582 4919 accedenti
2618 4866 2689 4920 ad
2733 4865 3013 4937 palatium
3061 4871 3262 4923 sancto
3293 4866 3547 4941 praesuli,

1903 4954 1968 5005 ut
1996 4950 2226 5005 cuidam
2261 4968 2295 5006 a
2325 4952 2600 5007 Gratiano
2630 4954 2860 5008 veniam
2896 4954 3238 5025 postularet,
3275 4961 3549 5029 negatum

1903 5039 2086 5095 fuisse
2118 5039 2343 5095 aditum
2371 5057 2405 5095 a
2436 5041 2775 5097 Macedonio
2806 5042 3086 5112 magistro
3118 5044 3550 5112 ofﬁciorum,ei-

1904 5145 2017 5200 que
2046 5129 2419 5183 Ambrosium
2466 5131 2724 5186 divinam
2760 5130 3037 5185 ultionem
3067 5130 3147 5186 ita
3178 5133 3547 5202 praedixisse:

1901 5218 1968 5272 Et
1995 5221 2057 5272 tu
2086 5215 2305 5288 quidem
2348 5219 2528 5272 vcnics
2583 5217 2653 5271 ad
2696 5219 3011 5284 Ecclesium,
3044 5235 3162 5284 nec,
3222 5220 3424 5275 clausis
3456 5222 3549 5291 ja-

1901 5306 2051 5370 nuis,
2083 5305 2329 5359 invenies
2360 5321 2466 5376 qua
2495 5307 2829 5371 ingrediaris
2877 5305 3125 5377 (Paulin.
3177 5306 3233 5360 in
3280 5307 3393 5362 Vita
3420 5308 3550 5362 Am-

1905 5395 2010 5460 br.,
2046 5410 2209 5448 num.
2247 5392 2361 5465 37).
2394 5395 2555 5459 Quod
2591 5410 2649 5448 re
2680 5393 3123 5465 ipsa,Gratiano
3146 5394 3556 5460 exstincto,illc

1903 5487 2175 5554 expertus
2200 5485 2307 5537 est.
2341 5481 2398 5537 Si
2451 5489 2757 5555 propterea
2803 5482 2923 5538 haec
2971 5481 3261 5540 Ambrosii
3305 5485 3548 5539 commi-

1904 5572 2065 5628 natio
2097 5570 2206 5627 hoc
2236 5586 2390 5628 anno
2422 5572 2676 5645 ponitur,
2711 5573 2866 5646 quod
2899 5589 3033 5630 cum
3083 5572 3233 5630 facta
3262 5575 3370 5641 est,
3404 5572 3550 5629 Gra-
