3938 6214
394 310 471 378 91

1746 304 1939 370 Vl'l‘A
1983 301 2049 368 S.
2095 297 2479 369 AMBROSII

3721 303 3812 381 .92

392 449 592 507 tianus
631 448 964 504 versaretur
1012 441 1363 512 Mediolani;
1396 458 1532 500 cum
1580 434 1817 499 duobus
1865 438 2034 497 annis
2063 438 2118 504 Α
2217 441 2306 495 54.
2343 440 2621 497 Prazterea
2650 438 2830 512 hujus
2857 437 2995 497 anni
3026 442 3117 497 est
3161 436 3324 514 pium
3357 438 3502 498 illud
3533 439 3811 499 Gratiani

392 538 793 612 superioribus
821 535 1035 591 ibidem
1066 535 1240 590 etiam
1274 538 1668 590 commoratus
1702 532 1800 599 sit,
1834 531 2036 586 eodem

383 628 520 701 jure
551 629 610 683 in
638 626 888 683 alterum
920 642 987 680 ex
1017 624 1134 678 illis
1170 621 1652 693 potest,revocari.
1677 620 2039 691 Proindeque

391 717 453 773 in
484 717 642 773 illius
672 721 934 787 tempore
964 711 1102 768 certi
1135 711 1279 767 nihil
1311 711 1669 769 est.Videtur
1689 715 1882 764 autem
1907 724 2037 762 vero

391 807 633 880 propius
666 806 831 859 illum
865 820 1025 858 reum
1076 801 1344 856 eumdem
1379 816 1529 863 esse,
1562 799 1664 870 qui
1717 797 2037 852 Sozomeno

389 900 556 961 teste,
590 911 721 949 cum
772 896 926 948 esset
968 907 1253 963 paganus,
1289 888 1618 943 Gratianum
1664 888 1924 941 conviviis
1954 886 2035 939 la-

389 985 749 1046 ceraverat,et
774 988 929 1050 patro
959 978 1247 1048 indignum
1272 978 1640 1049 appellaverat
1667 976 1911 1047 (Sozam.
1934 973 2034 1029 lib.

387 1090 489 1137 vn,
522 1089 571 1127 c.
603 1072 714 1140 25).
748 1069 928 1139 Cujus
969 1068 1309 1138 deprecator
1356 1066 1510 1136 apud
1546 1065 1869 1136 principem
1903 1079 2035 1118 cum

389 1177 561 1217 nemo
592 1176 717 1214 esse
748 1157 940 1219 vellet,
971 1156 1337 1219 Ambrosius,
1375 1161 1437 1209 ut
1469 1154 1561 1208 ille
1593 1157 1785 1217 refert,
1816 1168 1916 1224 per
1943 1168 2036 1207 se—

391 1255 612 1305 cretam
637 1248 882 1318 januam
934 1244 1005 1299 ad
1057 1244 1396 1298 Gratianum
1458 1248 1790 1313 penetrans,
1825 1240 2036 1295 misero

393 1355 621 1413 pagano
649 1334 844 1391 delicti
874 1331 1122 1400 gratiam
1158 1329 1505 1401 impetravit.

458 1429 547 1482 52.
582 1426 695 1480 Hoc
727 1424 902 1478 etiam
935 1437 1088 1476 anno
1131 1419 1375 1491 contigit
1421 1426 1483 1473 ut
1526 1419 1640 1472 duo
1690 1415 2034 1473 cubicularii

388 1513 759 1587 imperatoris
816 1509 1000 1581 (Paul.
1060 1508 1118 1562 in
1184 1508 1300 1562 Vita
1355 1507 1723 1561 Ambr.num.
1758 1506 1845 1571 l8,
1881 1510 1938 1559 et
1975 1504 2033 1557 in

388 1603 544 1660 Adm.
566 1603 628 1657 in
648 1601 745 1655 lib.
776 1601 854 1654 De
876 1600 1029 1653 Dom.
1055 1599 1272 1652 Incarn.
1305 1596 1492 1667 sacr.),
1528 1595 1627 1666 qui
1661 1595 2036 1650 sectabantur

389 1698 585 1767 partes
616 1690 981 1754 Arianorum,
1006 1691 1277 1741 sanctum
1310 1686 1603 1739 doctorem
1638 1683 1709 1738 ad
1737 1682 2032 1754 publicam

388 1783 460 1837 de
489 1778 763 1852 mysterio
796 1773 1215 1831 incarnationis
1254 1772 1735 1844 disceptationem
1768 1787 2035 1843 provoca-
2064 1804 2112 1868 Β

389 1872 539 1923 rent.
572 1869 887 1937 Receperat
942 1862 1039 1917 ille
1085 1862 1142 1916 in
1202 1861 1471 1916 Portiana
1527 1860 1767 1916 basilica
1822 1858 1929 1915 hoc
1974 1874 2035 1915 se

391 1957 705 2018 facturum,
737 1954 829 2009 cui
863 1952 1175 2024 promisso,
1210 1955 1274 2004 ut
1303 1948 1635 2004 condictum
1677 1948 1884 2015 fuerat,
1922 1948 2035 2002 mi-

388 2044 547 2099 nime
577 2043 782 2099 defuit.
814 2041 1031 2096 Verum
1063 2055 1195 2093 cum
1228 2037 1327 2093 isti
1359 2054 1427 2093 ex
1476 2038 1642 2109 equis
1698 2043 2034 2092 corruentes

392 2133 571 2188 ractis
602 2131 922 2187 cervicibus
966 2127 1225 2184 animam
1248 2125 1638 2189 exbalassent,
1668 2125 2030 2193 Ambrosius,

384 2219 665 2276 terribilis
696 2218 854 2273 illius
885 2233 1059 2272 casus
1090 2216 1351 2271 nondum
1383 2214 1610 2280 certior,
1641 2231 1773 2270 eum
1809 2230 2033 2269 sermo-

386 2326 522 2364 nem
553 2309 624 2363 ad
658 2306 936 2379 populum
970 2305 1192 2372 habuit,
1231 2304 1381 2358 unde
1413 2302 1645 2358 libellus
1678 2304 1752 2357 De
1779 2305 2033 2357 Incarna-

387 2398 555 2452 tionis
582 2396 881 2450 Dominicaa
908 2400 1246 2447 sacramento
1293 2389 1679 2445 concinnatus
1720 2393 1830 2445 est.
1872 2391 2030 2444 Atta-

388 2501 521 2540 men
553 2483 742 2539 eidem
773 2488 1119 2553 argumento
1169 2482 1542 2534 accesserunt
1589 2477 1840 2531 duarum
1878 2476 2030 2531 difﬁ-

385 2572 694 2637 cultatum,
727 2587 873 2642 quas
904 2568 1097 2625 Ariani
1144 2585 1247 2639 per
1286 2566 1632 2623 Gratianum
1682 2565 1876 2637 ipsum
1910 2564 2030 2619 viro

384 2667 586 2718 sancto
617 2662 1062 2732 proposuerant,
1095 2654 1433 2712 solutiones.
1473 2653 1730 2716 Quarum
1791 2653 2028 2725 quidem

384 2748 799 2806 difﬁcultatum
832 2747 992 2819 prior
1020 2745 1080 2800 in
1112 2744 1350 2799 vocibus
1378 2744 1590 2813 genitus
1621 2748 1796 2813 atque
1822 2744 2030 2812 ingeni-

382 2841 469 2894 tus
500 2838 688 2909 posita
717 2841 859 2901 erat,
894 2834 1179 2907 posterior
1218 2834 1369 2887 circa
1397 2831 1608 2886 Christi
1661 2830 2027 2903 omnipoten-

2146 530 2423 595 edictum,
2458 546 2574 601 quo
2605 530 2869 586 Victoriae
2900 530 3162 603 aramlex
3191 535 3420 598 senatu,
3448 532 3604 587 unde
3633 530 3806 587 illam

2146 619 2519 673 Constantius
2543 622 2669 690 jam
2702 623 3044 684 removerat,
3079 623 3419 691 reposuerat
3459 624 3655 675 autem
3686 620 3809 676 Ju-

2147 707 2342 762 lianus
2390 712 2677 780 apostata,
2728 706 2851 762 tolli
2889 708 3158 778 jubebat.
3190 708 3508 763 Auferebat
3554 708 3810 782 insuper

2145 798 2453 853 vcstalium
2494 796 2814 869 privilegia,
2866 796 3328 853 sacriﬁculorum
3378 798 3709 866 commoda,
3744 804 3809 853 ct

2148 886 2427 959 pecunias
2459 884 2880 941 sacriﬁciorum
2911 885 3249 957 sumptibus
3275 886 3623 943 destinatas.
3667 887 3803 942 Ido-

2147 975 2362 1031 lolatrte
2394 980 2455 1031 ut
2485 975 2594 1030 hoc
2628 975 2977 1047 imperatum
3012 974 3553 1041 revocaretur,nihil
3582 974 3802 1031 omise-

2146 1070 2320 1132 runt;
2356 1081 2540 1136 eaque
2570 1064 2641 1120 de
2665 1080 2843 1119 causa
2871 1080 2974 1135 per
3019 1062 3460 1135 Symmachum,
3494 1062 3801 1120 nobilissi-

2146 1172 2309 1210 mum
2335 1155 2520 1209 virum
2547 1158 2603 1209 et
2623 1159 2910 1208 oratorem
2935 1151 3799 1225 facundissinium,imperatori

2148 1243 2412 1299 libellum
2444 1243 2802 1298 obtulere.At
2831 1245 3069 1297 sanctus
3100 1248 3316 1307 noster,
3346 1242 3516 1310 cujus
3547 1241 3799 1298 consilio

2146 1333 2557 1404 imperatorem
2589 1330 2710 1386 haec
2749 1329 3072 1385 decrevisse
3129 1329 3427 1401 probabile
3481 1334 3593 1398 est,
3626 1330 3729 1386 ubi
3762 1348 3799 1386 a

2145 1420 2395 1476 Damaso
2428 1420 2688 1475 Romano
2729 1418 2999 1491 pontiﬁce
3045 1417 3509 1474 Christianorum
3557 1425 3795 1475 senato-

2146 1526 2277 1564 rum
2310 1507 2571 1563 libellum
2604 1505 2825 1577 accepit
2856 1505 3047 1576 (epist.
3083 1507 3170 1572 t7,
3213 1522 3375 1561 num.
3411 1506 3523 1577 lO),
3554 1511 3673 1562 tam
3709 1509 3794 1562 ef-

2144 1598 2397 1653 ﬁcaciter
2423 1597 2543 1670 egit
2572 1597 2721 1668 apud
2758 1594 3061 1663 Caesarem,
3093 1599 3159 1649 ut
3204 1595 3470 1666 ejusdem
3510 1597 3794 1667 rescripto

2142 1686 2228 1742 vis
2260 1704 2365 1742 sua
2395 1686 2620 1757 integra
2647 1687 2993 1752 servaretur,
3027 1687 3084 1739 et
3109 1682 3341 1739 libellus
3386 1683 3794 1755 Symmachia-

2142 1792 2255 1831 nus
2286 1792 2356 1831 ne
2387 1775 2624 1847 quidem
2657 1772 2941 1843 legeretur
2969 1789 3003 1827 a
3030 1771 3398 1839 Gratiano,ut
3431 1788 3544 1827 non
3568 1776 3795 1829 temere

2147 1863 2358 1934 conjici
2389 1867 2596 1935 potest.

2212 1954 2302 2007 55.
2371 1956 2477 2008 As.
2547 1951 2697 2020 383.)
2762 1950 2881 2005 Hoc
2938 1964 3092 2005 anno
3156 1948 3335 2004 vitam
3403 1948 3794 2021 temporalem

2144 2046 2360 2095 aeterna
2418 2039 2664 2094 mutavit
2724 2041 2963 2093 sanctus
3018 2036 3315 2093 Acholius.
3369 2037 3509 2107 Ejus
3556 2038 3791 2094 obitum

2141 2128 2397 2200 episcopi
2429 2126 2778 2183 Macedoniae
2812 2131 2871 2181 et
2914 2125 3106 2182 clerus
3154 2124 3316 2181 urbis
3360 2125 3793 2182 Thessalonicae

2143 2234 2244 2289 per
2280 2216 2503 2272 litteras
2534 2217 2700 2271 beato
2743 2214 3070 2280 Ambrosio,
3104 2206 3203 2286 qui
3249 2208 3589 2270 mirabiliori
3641 2232 3791 2287 qua-

2141 2307 2278 2361 dam
2310 2306 2533 2361 ratione
2564 2303 2732 2359 illum
2756 2304 2882 2375 jam
2912 2308 3171 2369 noverat,
3212 2302 3637 2376 signiﬁcarunt.
3676 2304 3790 2359 Re-

2142 2412 2424 2467 sponsum
2452 2395 2523 2450 ad
2554 2409 2654 2449 eos
2688 2392 2850 2448 misit
2878 2396 3116 2448 sanctus
3140 2391 3372 2464 praesul,
3395 2392 3453 2447 in
3487 2409 3601 2463 quo
3623 2402 3789 2463 post-

2143 2500 2319 2555 quam
2363 2484 2640 2539 intimum
2699 2498 2874 2537 suum
2931 2482 3002 2536 de
3057 2486 3243 2536 morte
3299 2480 3445 2536 tanti
3502 2479 3791 2537 antistitis

2139 2572 2398 2627 dolorem
2425 2570 2695 2644 patefecit
2719 2570 2914 2643 (epist.
2961 2569 3067 2642 l5),
3100 2573 3157 2625 et
3198 2570 3460 2643 egregias
3511 2570 3640 2641 ejus
3675 2569 3790 2625 vir-

2140 2660 2496 2732 tutesjustis
2530 2659 2805 2715 laudibus
2861 2663 3207 2731 prosecutus
3265 2664 3373 2723 est,
3427 2657 3695 2714 lzetatum
3728 2677 3793 2715 se

2139 2765 2266 2805 esse
2320 2748 2691 2814 testiﬁcatur,
2750 2747 2905 2819 quod
2963 2746 3023 2802 in
3090 2748 3219 2818 ejus
3278 2746 3472 2802 locum
3526 2748 3793 2831 Anysius

2138 2838 2405 2907 ejusdem
2448 2837 2636 2893 sancti
2681 2836 2896 2908 dignus
2943 2834 3290 2907 discipulus,
3323 2839 3479 2892 esset
3530 2834 3790 2892 locatus.

384 2926 530 2981 tiam
560 2924 919 2981 versabatur.
954 2929 1019 2977 ln
1051 2921 1160 2977 hoc
1191 2938 1360 2992 porro
1391 2919 1681 2974 Ambrosii
1732 2920 1946 2974 mirum
1969 2919 2028 2974 in
2135 2926 2325 2982 Aliam
2356 2942 2587 2998 quoque
2617 2924 2927 2997 epistolam
2947 2923 3159 2998 Anysio
3189 2924 3424 2996 scripsit
3443 2925 3637 2997 (epist.
3670 2928 3791 2998 16),

386 3013 629 3069 modum
663 3011 854 3067 elucet
889 3010 1194 3075 modestia,
1228 3009 1382 3081 quod
1432 3025 1563 3063 cum
1613 3025 1726 3063 non
1778 3009 2029 3080 potuerit

2189 3037 2195 3069 ι
2228 3019 2507 3087 qua,post
2534 3018 2877 3070 consuetum
2909 3012 3312 3085 gratulationis
3346 3013 3623 3080 ofﬁcium,
3645 3031 3791 3070 eum

388 3106 777 3175 memoratum
828 3104 1097 3154 eventum
1146 3114 1260 3154 non
1311 3113 1680 3169 cognoscere,
1713 3101 2026 3168 antequam
2066 3167 2098 3175 _
2137 3104 2423 3171 hortatur,
2459 3108 2523 3159 ut
2552 3101 2917 3174 praeceptoris
2947 3102 3037 3157 sui
3070 3119 3137 3158 ac
3167 3102 3486 3158 decessoris
3515 3101 3794 3159 imitetur

383 3191 571 3248 eidem
602 3188 856 3246 sermoni
892 3205 996 3244 suo
1040 3187 1174 3242 libri
1228 3187 1475 3241 formam
1521 3186 2022 3254 accommodaret;
2058 3167 2099 3233 (ἶ
2136 3193 2403 3250 virtutes,

381 3278 589 3335 mortis
618 3281 815 3335 tamen
848 3276 1169 3332 infelicium
1217 3275 1425 3330 horum
1466 3277 1752 3347 juvenum
1802 3274 2021 3331 nullam

381 3368 619 3425 omnino
652 3367 852 3422 fecerit
882 3365 1259 3422 mentionem.

449 3458 540 3511 53.
573 3456 843 3511 Vertente
888 3455 996 3509 hoc
1043 3471 1216 3522 anno,
1269 3452 1616 3509 Ambrosius
1676 3453 1920 3509 Romam
1962 3470 2024 3509 se

380 3544 647 3608 contulit,
696 3548 760 3598 ut
815 3559 1028 3614 magno
1072 3541 1315 3598 concilio
1374 3542 1531 3613 quod
1583 3542 1704 3598 illic
1754 3542 2022 3598 habitum

381 3637 490 3700 est,
524 3631 849 3686 interesset.
887 3632 1034 3685 Dum
1091 3630 1307 3685 ibidem
1340 3635 1557 3702 ageret,
1584 3631 1787 3685 morbo
1835 3647 2023 3687 corre-

379 3724 518 3792 ptus
547 3723 656 3785 est,
690 3719 749 3773 in
782 3734 895 3789 quo
940 3735 1074 3773 eum
1133 3723 1372 3773 sanctus
1413 3718 1709 3783 Acbolius,
1758 3736 1931 3790 quem
1966 3719 2025 3774 in

379 3807 597 3863 Urbem
627 3812 959 3861 evocaverat
978 3806 1182 3860 eadem
1206 3806 1662 3870 causa,inviserc
1685 3807 2024 3879 neutiquam

378 3894 616 3951 omisit:
652 3895 821 3965 cujus
876 3910 1256 3965 congressum
1305 3892 1543 3948 maximi
1587 3894 1852 3950 beneﬁcii
1900 3894 2025 3951 loco

377 3983 633 4056 ponebat
665 3983 911 4038 antistes
944 3985 1162 4036 noster.
1187 3982 1584 4047 Quorumdam
1611 3988 1806 4037 autem
1832 3983 2026 4055 opinio

377 4077 468 4128 est
496 4072 769 4127 eumdem
801 4071 1175 4126 Ambrosium
1209 4075 1452 4125 Romam
1503 4076 1629 4126 tum
1670 4072 1929 4143 primum
1960 4089 2028 4129 ex

380 4178 495 4234 quo
525 4164 787 4232 tempore
827 4160 885 4215 in
936 4160 1277 4231 episcopum
1336 4159 1554 4215 electus
1598 4160 1805 4231 fuerat,
1838 4162 2026 4233 profc-

373 4255 536 4306 ctum
568 4266 716 4306 esse.
768 4249 929 4314 Quod
979 4248 1028 4304 si
1080 4266 1285 4306 verum
1342 4252 1452 4318 est,
1500 4247 1635 4303 huic
1682 4249 1876 4305 itineri
1926 4250 2027 4304 tri-

374 4339 612 4395 buenda
641 4344 833 4405 erunt,
868 4355 994 4410 quae
1029 4342 1149 4409 post
1188 4354 1359 4394 annos
1410 4338 1620 4409 aliquot
1665 4338 2027 4395 ordinationis

373 4440 512 4493 suav,
549 4430 612 4481 ut
641 4425 923 4481 Paulinus
954 4431 1242 4481 memorat
1278 4425 1360 4497 (in
1410 4428 1526 4481 Vita
1576 4427 1786 4493 Ambr.,
1822 4445 1879 4483 n.
1911 4430 1946 4482 9
1970 4435 2028 4484 et

2203 3283 2293 3338 56.
2326 3282 2429 3337 Hic
2459 3280 2635 3337 etiam
2667 3297 2858 3336 annus
2901 3280 3117 3335 famem
3165 3296 3375 3351 passus
3431 3283 3538 3348 est,
3599 3298 3789 3352 quam

2135 3370 2516 3443 subsequenti
2546 3386 2699 3425 anno
2751 3373 3113 3425 memoratus
3161 3368 3547 3442 Symmachus
3579 3370 3785 3440 (Relat.

2133 3458 2204 3513 ad
2239 3458 2445 3514 Valent.
2479 3473 2609 3529 pag.
2659 3456 2784 3523 831,
2837 3473 2894 3511 n.
2948 3455 3037 3527 lli)
3086 3455 3394 3527 imputavit
3435 3454 3786 3512 Christiana:

2136 3546 2422 3619 religioni,
2458 3546 2613 3618 quod
2646 3544 2931 3612 videlicet,
2965 3543 3175 3617 puellis
3219 3544 3401 3599 Vesta:
3447 3548 3621 3616 atque
3657 3545 3785 3601 ido-

2136 3635 2327 3691 lorum
2359 3633 2761 3689 sacerdotibus
2818 3632 3120 3705 privilegia
3171 3649 3279 3687 sua
3334 3636 3530 3688 essent
3559 3631 3782 3688 ablata.

2134 3723 2244 3778 Sed
2275 3722 2624 3777 Ambrosius
2649 3724 2995 3793 argumenta
3013 3722 3141 3791 ejus
3169 3719 3363 3775 futilia
3386 3736 3515 3776 esse
3537 3720 3787 3791 pulchre

2138 3809 2901 3881 demonstravit;illamque
2954 3809 3129 3865 tritici
3180 3807 3485 3880 penuriam
3546 3809 3785 3864 univer-

2137 3898 2320 3954 salem
2351 3916 2467 3954 non
2500 3897 2791 3954 exstitisse
2814 3898 3104 3968 plerasque
3144 3896 3301 3951 enim
3350 3898 3671 3968 provincias
3702 3914 3782 3953 re-

2135 3986 2404 4042 dundasse
2430 3988 2712 4057 frumento
2743 3989 2801 4041 et
2832 3985 3086 4054 proxime
3134 3985 3402 4055 sequenti
3452 4001 3603 4040 anno
3646 4002 3785 4042 mes-

2133 4091 2248 4131 sem
2310 4076 2618 4146 feneratam
2673 4077 2726 4131 et
2781 4073 3113 4130 liberalioris
3168 4071 3457 4130 vindemia:
3522 4073 3787 4146 beneﬁcia

2137 4164 2492 4221 successisse
2525 4161 2727 4235 (Epist.
2760 4163 2847 4233 18,
2881 4179 3044 4218 num.
3083 4163 3145 4217 17
3176 4165 3409 4233 etseq.).

2206 4253 2295 4307 57.
2330 4250 2566 4306 Maximi
2596 4249 2910 4306 rebellione
2940 4248 3134 4306 clades
3189 4248 3372 4305 multo
3402 4248 3635 4321 gravior
3669 4251 3783 4305 in:-

2138 4339 2297 4413 perio
2330 4338 2493 4395 illata
2523 4341 2613 4394 est
2662 4354 2840 4409 quam
2882 4337 3084 4409 inopia
3134 4336 3534 4391 frumentaria.
3568 4336 3785 4409 Tyran-

2136 4445 2251 4485 nus
2281 4425 2379 4483 ille
2407 4426 2465 4481 in
2493 4424 2703 4499 Anglia
2743 4424 2914 4481 malis
2961 4424 3187 4482 artibus
3229 4425 3546 4498 imperator
3593 4424 3781 4481 decla-

376 4515 487 4585 10),
520 4513 632 4584 ipsi
665 4514 1055 4586 contigerunt.
1090 4515 1335 4570 Matrem
1368 4514 1428 4569 in
1457 4515 1600 4570 vivis
1631 4515 1755 4586 ipso
1786 4534 1901 4572 non
1933 4535 2024 4573 re-
2056 4533 2104 4599 D
2136 4522 2300 4573 ratus
2326 4518 2452 4584 est;
2485 4514 2805 4571 simulabat
2860 4517 3060 4570 tamen
3105 4529 3429 4586 purpuram
3478 4530 3513 4569 a
3566 4528 3630 4568 se
3671 4528 3781 4567 non

375 4601 550 4674 perit,
574 4601 675 4656 sed
698 4601 779 4656 ibi
812 4602 953 4656 vidit
984 4602 1147 4657 illam
1182 4602 1459 4674 puellam,
1493 4603 1584 4657 cui
1620 4621 1862 4660 manum
1884 4605 2025 4661 olim

375 4689 673 4763 porrigere
730 4694 1113 4745 consueverat
1160 4690 1636 4759 exosculandam,
1670 4709 1736 4747 ac
1787 4694 2025 4750 tandem

377 4777 609 4834 mulieri
643 4777 971 4851 paralyticaa
1004 4780 1258 4834 restituit
1290 4781 1686 4835 membrorum
1722 4781 2026 4841 usum.His

375 4867 541 4925 addit
571 4868 857 4923 Baronius
881 4872 1151 4922 sanctum
1192 4867 1527 4939 episcopum
1557 4868 1889 4925 stabularios
1910 4872 2026 4926 cui-

373 4958 511 5014 dam
553 4956 627 5013 ob
680 4973 990 5029 prosperos
1039 4973 1354 5011 successus
1408 4957 1780 5013 insolescenti
1838 4959 2025 5015 diram

375 5045 686 5101 imminere
716 5045 1033 5101 vindictam
1068 5045 1492 5118 praenuntiassc
1518 5063 1529 5101 :
1556 5046 1655 5101 sed
1688 5046 1823 5103 huic
1854 5049 2028 5104 tradi-

372 5135 516 5190 tioni
551 5134 714 5190 nulla
738 5136 1041 5208 scriptoris
1065 5134 1275 5191 veteris
1303 5134 1619 5191 auctoritas
1649 5135 2023 5207 astipulatur.

374 5222 603 5286 Quanta
630 5240 763 5278 vero
793 5240 927 5278 cum
960 5223 1252 5295 voluptate
1284 5223 1616 5279 charissimi
1660 5225 1857 5281 fratris
1888 5243 2025 5282 con-

374 5314 577 5382 spectu
611 5315 666 5364 et
698 5310 985 5383 colloquio
1018 5312 1357 5367 Marcelline
1401 5314 1584 5383 potita
1616 5314 1788 5368 fuerit
1818 5331 2027 5386 quam-

376 5414 491 5469 que
522 5396 763 5454 sollicite
799 5401 1212 5456 ministraverit
1238 5400 1378 5456 huic
1401 5402 1726 5476 azgrotanti,
1762 5419 1897 5458 curn
1930 5419 2024 5458 ex-

376 5485 594 5558 plicata
628 5486 833 5541 inutile
867 5489 1142 5544 Paulinus
1174 5489 1421 5558 duxerit,
1451 5506 1557 5546 nos
1591 5507 1824 5563 quoque
1855 5490 2027 5548 lecto-

379 5590 512 5629 rum
545 5571 929 5646 relinquimus
946 5577 1323 5654 .cogitationi.

2136 4608 2482 4678 usurpatam
2514 4604 2617 4660 sed
2675 4603 2971 4660 recusanti
3022 4606 3197 4675 atque
3248 4602 3425 4658 invito
3478 4601 3780 4657 obtrusam

2135 4712 2284 4753 esse.
2317 4695 2463 4750 Cum
2495 4709 2710 4767 magno
2739 4692 2994 4749 exercitu
3018 4690 3347 4748 transmisit
3375 4691 3436 4746 in
3469 4690 3689 4748 Gallias
3718 4704 3780 4744 ac

2136 4784 2448 4840 Gratianus
2481 4782 2581 4839 ubi
2612 4781 2907 4854 proditum
2939 4798 3001 4838 se
3031 4797 3098 4837 ac
3120 4780 3469 4837 destitutum
3500 4796 3535 4835 a
3563 4778 3691 4835 suis
3710 4776 3759 4832 vi

2135 4873 2241 4940 dit,
2274 4888 2476 4928 versus
2506 4870 2682 4943 Alpes
2715 4872 2913 4944 fugam
2944 4868 3205 4926 tentavit.
3256 4869 3467 4925 Verum
3506 4866 3604 4923 ubi
3633 4868 3779 4938 Lug-

2136 4961 2362 5015 dunum
2394 4975 2569 5014 cursu
2602 4958 2830 5014 delatus
2858 4964 2967 5025 est,
3001 4957 3245 5013 immani
3295 4956 3511 5013 scelere
3544 4958 3780 5011 necatus

2135 5048 2247 5103 fuit
2276 5047 2370 5102 die
2398 5064 2501 5102 vm
2532 5045 2655 5102 Kal.
2689 5047 3082 5119 Septembres,
3117 5063 3270 5102 anno
3323 5044 3453 5101 vitae
3481 5059 3634 5112 XXIV,
3670 5044 3779 5098 im-

2137 5136 2282 5210 perii
2315 5141 2512 5192 autem
2557 5151 2638 5192 vn
2685 5140 2743 5191 et
2783 5151 2984 5193 mense
3037 5152 3112 5191 ιχ.
3147 5132 3354 5194 Infelix
3402 5133 3678 5206 princeps
3723 5130 3778 5185 in

2134 5225 2396 5281 hostium
2428 5241 2674 5281 suorum
2706 5229 2990 5298 potestate
3020 5221 3470 5290 detentus,nihil
3505 5222 3775 5293 frequen-

2135 5314 2254 5369 tius
2283 5315 2636 5387 cogitatione
2665 5319 2840 5387 atque
2868 5330 2967 5370 ore
2996 5313 3469 5383 versabat,quam
3490 5304 3778 5365 Ambrosii

2136 5402 2396 5475 parentis
2428 5419 2662 5458 nomen.
2698 5404 2770 5457 Tu
2799 5418 2902 5469 me,
2936 5401 3019 5458 ait
3046 5406 3287 5456 sanctus
3335 5399 3605 5466 antistes,
3640 5398 3780 5451 inter

2136 5500 2232 5547 tua
2255 5493 2507 5564 pericula
2535 5492 2873 5564 requirebas,
2900 5494 2967 5547 tu
2995 5491 3057 5547 in
3101 5491 3210 5545 tuis
3259 5490 3524 5544 eaztremis
3571 5501 3656 5542 me
3686 5498 3775 5553 ap-

2128 5581 2395 5653 pellabas,
2426 5597 2612 5639 meum
2637 5580 2703 5639 de
2733 5588 2783 5638 te
2800 5580 2929 5654 plus
2972 5578 3191 5637 dolebas
3240 5576 3480 5635 dolorem
3513 5576 3611 5648 (De
3637 5573 3779 5632 obitu
