3938 6214
68 470 79 537 l

176 328 240 397 αθ
1261 332 1359 399 EX
1408 332 1596 400 EJUS
1636 326 2117 397 POTISSIMUM
2162 326 2534 396 SCRIPTIS.
3512 335 3597 401 94

193 465 563 526 Valentnum.
586 465 707 541 79).
739 466 920 527 Certe
951 466 1186 542 quidem
1206 468 1387 526 sancti
1413 467 1594 541 hujus
1633 482 1843 522 mceror
1868 470 1923 536 Α
1954 479 2223 537 separare
2279 482 2314 521 a
2381 462 2814 524 communionis
2864 484 2976 524 usu
3034 466 3238 527 merito
3295 466 3590 542 potuisse;

194 564 419 632 quantus
451 557 658 627 fuerit,
693 559 895 615 cuivis
919 559 1183 631 judicare
1212 557 1544 630 expeditum
1565 558 1685 622 est;
1718 554 1843 627 ipse

190 653 363 704 tamen
422 648 615 703 variis
669 646 826 704 locis
858 665 993 703 eam
1048 647 1346 718 expromit,
1400 651 1543 716 puta
1584 643 1644 698 in
1693 640 1839 715 psal.

184 754 261 793 un
279 735 678 807 expositione,
710 737 771 791 in
806 754 928 807 qua
956 736 1198 791 virtutes
1229 734 1513 790 interfecti
1558 730 1842 804 principis

182 831 438 880 amanter
470 823 714 891 laudat,
762 824 1151 879 interfectoris
1180 839 1310 877 vero
1343 820 1645 892 pertidiam
1695 816 1839 873 acri-

178 918 258 969 ter
287 913 620 985 vituperat.
683 913 795 968 Sed
838 913 1120 973 exstincto
1153 916 1352 982 postea
1400 910 1576 965 etiam
1634 906 1841 962 Valen-

175 1000 418 1067 tiniano,
452 1000 691 1056 doloris
738 1002 975 1055 modum
1000 1001 1124 1071 jam
1156 999 1248 1053 vix
1303 998 1526 1053 habuit.
1579 996 1842 1067 Namque

173 1091 229 1145 in
257 1089 593 1161 questibus
629 1092 945 1160 utrumque
976 1104 1318 1160 germanum
1370 1084 1549 1141 simul
1598 1085 1841 1155 conjun-

169 1194 336 1252 geus,
372 1178 435 1232 in
473 1177 555 1233 iis
586 1176 791 1232 oculos
821 1177 978 1232 velut
1004 1176 1110 1232 sibi
1144 1177 1384 1231 effossos
1415 1191 1542 1230 esse
1570 1173 1840 1238 deﬂebat,

170 1283 236 1323 ac
264 1267 524 1323 Davidis
560 1283 728 1322 more
772 1266 850 1321 ita
896 1266 1281 1337 querebatur:
1321 1266 1559 1331 Utinam,
1587 1264 1712 1333 lilii,
1742 1276 1843 1333 pro

170 1357 318 1412 vobis
352 1358 615 1411 licuisset
650 1355 797 1410 hunc
842 1356 1101 1425 spiritum
1129 1354 1359 1423 fundere
1384 1358 1403 1407 .'
1448 1351 1843 1422 Compendium

167 1444 382 1501 doloris
417 1446 775 1507 inveneram,
806 1448 857 1499 et
885 1444 1172 1513 gloriosius
1201 1444 1341 1497 mihi
1367 1445 1549 1512 fuerat
1573 1456 1676 1512 pro
1714 1445 1839 1493 lan-

168 1536 241 1589 tis
268 1534 435 1590 obire
488 1534 831 1605 pignoribus
882 1532 1037 1602 (ibid.
1072 1548 1235 1586 num.
1267 1531 1377 1601 39).
1424 1533 1840 1585 Verumtamen

168 1639 288 1678 non
319 1626 651 1694 tantopere
682 1638 790 1678 sua
840 1637 1017 1676 causa
1036 1619 1290 1684 dolebat,
1323 1636 1500 1691 quam
1551 1616 1839 1677 Ecclesiae,

169 1728 302 1784 qua:
332 1709 602 1766 immani
635 1708 871 1764 vulnere
902 1708 1276 1763 sauciabatur
1305 1706 1525 1762 crudeli
1559 1708 1709 1761 caade
1739 1705 1842 1759 hu~

167 1993 347 2032 num.
383 1978 467 2032 6).

241 1994 252 2031 ι
333 2019 347 2030 .
452 2018 467 2030 .

241 1993 340 2120 ἐξ.
378 1978 676 2121 gieterum
728 2080 843 2118 non
900 2062 1041 2119 solis
1087 2062 1280 2119 verbis
1311 2078 1428 2134 prae
1457 2077 1520 2116 se
1548 2059 1684 2115 tulit
1712 2076 1845 2115 san-

171 2158 312 2209 ctus
333 2153 663 2225 episcopus
681 2156 966 2224 quantum
981 2152 1090 2207 sibi
1114 2150 1330 2207 doloris
1348 2150 1668 2221 peperisset
1690 2165 1847 2204 mors

170 2241 476 2308 Gratiani,
514 2257 720 2296 verum
750 2244 807 2295 et
864 2240 1050 2305 factis,
1110 2257 1288 2311 quam
1347 2239 1523 2293 chara
1551 2238 1661 2294 sibi
1694 2241 1847 2293 esset

172 2329 348 2385 illius
383 2328 696 2394 memoria,
748 2327 1042 2383 declarare
1094 2328 1297 2383 voluit.
1334 2328 1557 2382 Etenim
1590 2324 1848 2381 Valenti-

172 2417 369 2473 niano
432 2433 720 2491 germano
776 2420 907 2485 ejus
964 2416 1245 2487 puerilem
1302 2421 1528 2470 tetatem
1587 2414 1847 2470 nondum

174 2521 453 2578 egresso,
489 2511 806 2577 paternum
847 2504 1109 2559 animum
1143 2521 1207 2560 ac
1239 2503 1625 2575 patrocinium
1659 2502 1848 2556 omni-

174 2610 259 2649 no
343 2593 637 2661 exhibuit,
698 2597 764 2648 ut
840 2593 965 2663 ipse
1036 2597 1287 2647 testatur
1348 2592 1409 2647 in
1484 2591 1585 2646 illa
1634 2591 1846 2645 verba:

176 2682 293 2752 Ego
354 2690 408 2736 te
467 2683 686 2753 suscepi
739 2682 1054 2753 parvulum,
1089 2698 1211 2736 cum
1274 2680 1483 2753 L'galus
1531 2679 1599 2735 ad
1648 2681 1850 2734 hostem

179 2778 352 2824 tuum
379 2787 700 2842 pergerem;
729 2786 825 2841 ego
864 2772 1097 2827 Iustinae
1126 2771 1389 2825 maternis
1420 2769 1685 2826 traditum
1731 2785 1849 2822 ma-

182 2859 357 2915 nibus
388 2860 680 2931 amplexi“
734 2876 857 2915 sum
914 2864 1016 2926 (Ue
1069 2860 1217 2915 obitu
1267 2860 1477 2914 Valent.
1539 2874 1700 2911 num.
1733 2855 1846 2926 28).

184 2946 438 3003 Justina
465 2947 737 3004 videlicet
791 2964 927 3003 cum
986 2948 1302 3019 improvisa
1358 2946 1616 3002 Gratiani
1667 2948 1852 2999 morte

190 3038 403 3091 omnia
458 3036 707 3092 confusa
754 3040 813 3091 et
847 3036 1208 3107 perturbata,
1265 3052 1444 3106 seque
1474 3051 1540 3089 ac
1571 3034 1757 3089 {ilium
1789 3031 1849 3086 in

193 3139 439 3179 summo
470 3124 732 3194 periculo
790 3142 918 3179 esse
974 3125 1354 3196 conspiceret,
1416 3125 1726 3196 confugere
1776 3122 1847 3177 ad

1952 557 2125 624 atque
2156 555 2299 610 adeo
2328 555 2705 613 verisimilius
2736 562 2824 614 est
2853 561 3118 614 sanctum
3148 558 3453 630 prmsulem
3487 575 3593 616 nec

1950 641 2139 697 eidem
2171 647 2415 714 tyranno
2450 646 2503 699 in
2539 646 2720 701 sacris
2758 664 3020 719 unquam
3070 653 3395 703 consortem
3446 648 3591 716 ﬁeri,

1951 745 2057 784 nec
2081 730 2277 801 aliquo
2295 734 2363 787 ad
2374 750 2573 789 versus
2592 751 2723 789 eum
2743 739 3200 808 temperamento
3221 735 3301 791 uti
3318 735 3591 792 voluisse.

2020 820 2111 873 60.
2143 820 2484 877 Ambrosius
2510 822 2816 879 Mediolani
2850 824 3051 893 redux,
3076 825 3429 897 episcopalia
3460 842 3594 879 mu-

1951 906 2049 961 nia
2080 908 2341 978 repetiit:
2402 911 2779 984 egregiosque
2831 911 2963 967 illos
3007 930 3307 969 sermones
3358 929 3426 969 ex
3465 914 3594 987 qui-

1951 995 2061 1049 bus
2091 994 2223 1049 libri
2273 999 2346 1053 De
2392 1000 2844 1071 interpretatione
2869 1002 2964 1056 Job
2994 1009 3044 1057 et
3074 1001 3247 1058 David
3289 1001 3593 1074 compositi

1952 1088 2111 1149 sunt,
2135 1085 2207 1140 ab
2229 1102 2294 1140 eo
2318 1090 2722 1157 pronuntiatos
2745 1089 3169 1147 existimamus.
3209 1090 3597 1146 Conveniebat

1950 1170 2160 1227 iisdem
2192 1176 2556 1247 temporibus
2586 1177 2693 1232 hoc
2727 1182 3137 1252 argumentum
3169 1198 3182 1248 ;
3229 1179 3309 1235 ibi
3343 1178 3592 1253 (Admon.

1952 1260 2013 1313 in
2040 1260 2180 1315 eosd.
2214 1263 2333 1333 lib).
2370 1264 2587 1338 quippe
2617 1266 2811 1339 agitur
2849 1268 2922 1323 de
2965 1267 3347 1341 querimoniis
3379 1268 3595 1339 quibus

1954 1351 2197 1420 uterque
2224 1350 2435 1408 horum
2467 1361 2802 1411 sanctorum
2834 1356 2961 1411 vitm
2994 1357 3263 1412 humanm,
3298 1356 3594 1412 calamita-

1953 1440 2040 1490 tes
2068 1441 2185 1491 tam
2217 1456 2522 1512 corporeae
2553 1459 2726 1513 quam
2763 1443 3052 1514 spiritales
3102 1444 3594 1500 lamentabantur.

1955 1524 2174 1581 Ibidem
2205 1529 2380 1583 etiam
2440 1530 2838 1586 discutiuntur
2886 1531 2996 1586 illa:
3055 1532 3321 1604 querelae,
3363 1549 3512 1604 quas
3543 1538 3601 1587 et

1949 1612 2349 1684 improborum
2383 1621 2737 1691 prosperitas
2766 1626 2823 1675 et
2840 1622 3158 1677 adversitas
3188 1621 3474 1677 bonorum
3505 1637 3598 1676 so-

1952 1702 2073 1758 lent
2101 1704 2326 1762 elicere.
2362 1708 2698 1764 Tractandse
2741 1726 2910 1782 porro
2954 1711 3415 1782 exornandaeque
3461 1709 3597 1765 huic

157 1801 266 1871 jus
298 1799 629 1902 principis:
652 1815 837 1902 quem
868 1815 936 1852 ex
966 1795 1158 1902 indolis
1189 1796 1376 1868 ipsius
1406 1800 1584 1867 atque
1610 1795 1842 1902 ‘vilrtlu‘tje
1874 1837 1922 1902 Β
1954 1794 2211 1902 matprim
2240 1794 2665 1902 pulcherrimos
2696 1815 2961 1895 quosque
2994 1799 3151 1902 locos
3178 1798 3310 1902 libri
3343 1799 3453 1854 Job
3480 1798 3597 1854 ele-

165 1888 516 1944 maximum
550 1886 663 1943 sibi
699 1887 1064 1942 defensorem
1121 1885 1241 1939 fore
1300 1887 1630 1957 speraverat
1685 1881 1840 1953 (ibid.

1955 1885 2160 1953 ganter
2213 1883 2467 1955 exponit,
2502 1900 2607 1941 nec
2666 1885 2863 1941 minus
2920 1889 3123 1958 arguto
3165 1885 3312 1958 psal.
3345 1902 3458 1953 xu,
3488 1902 3599 1941 xm

1856 1988 1863 1996 υ
1954 1974 2010 2025 et
2040 1986 2187 2028 Lxxu
2218 1977 2451 2028 enarrat
2480 1978 2536 2029 et
2567 1973 2839 2030 illustrat.

2025 2060 2114 2114 6t.
2150 2060 2274 2131 (AN.
2307 2062 2457 2133 384.)
2504 2062 2746 2117 Videtur
2775 2062 3046 2119 similiter
3093 2068 3331 2120 sanctus
3377 2064 3599 2136 episco-

1958 2165 2066 2218 pus
2093 2148 2350 2205 dolorem
2384 2168 2558 2206 suum
2589 2152 2661 2207 de
2692 2152 2949 2209 Gratiani
2982 2153 3135 2208 caede
3156 2152 3215 2208 in
3247 2152 3365 2209 illis
3387 2170 3603 2210 sermo-

1958 2236 2153 2306 nibus,
2186 2255 2254 2292 ex
2311 2239 2527 2309 quibus
2576 2246 2804 2295 constat
2860 2242 3106 2309 (Admon.
3168 2244 3228 2296 in
3279 2242 3422 2296 hunc
3477 2243 3601 2311 lib.)

1957 2326 2217 2395 Apologia
2243 2328 2523 2397 propheta
2550 2329 2741 2392 David,
2790 2330 3150 2401 patefecisse,
3172 2330 3306 2385 licet
3329 2331 3600 2385 eumdem

1958 2413 2297 2468 Gratianum
2333 2432 2627 2486 nusquam
2659 2416 2775 2472 illic
2824 2417 3227 2473 nominaverit.
3278 2418 3347 2474 Ut
3403 2424 3600 2474 autem

1958 2500 2029 2555 de
2061 2501 2167 2556 hoc
2199 2509 2542 2574 argumento
2591 2506 2765 2560 verba
2820 2505 3054 2569 faceret,
3105 2522 3173 2560 ea
3204 2522 3264 2561 re
3310 2506 3602 2578 impulsus

1958 2594 2065 2657 est,
2099 2592 2254 2661 quod
2305 2593 2604 2662 geminum
2665 2592 2900 2648 Davidis
2960 2595 3199 2660 crimen,
3248 2592 3601 2649 adulterium

1957 2694 2167 2749 nempe
2224 2685 2397 2751 atque
2451 2680 2856 2747 homicidium,
2916 2682 3203 2754 quosdam
3277 2682 3605 2738 offendebat

1956 2765 2128 2839 longe
2174 2769 2538 2840 gravissime.
2574 2770 2784 2825 Probat
2834 2770 3013 2843 igitur
3060 2773 3277 2826 mirum
3309 2787 3423 2826 non
3452 2787 3600 2838 esse,

1959 2857 2113 2927 quod
2158 2856 2333 2913 homo
2382 2858 2605 2931 fragilis
2653 2859 2920 2916 inciderit
2965 2860 3023 2915 in
3064 2858 3185 2915 haec
3238 2858 3470 2928 delicta,
3503 2860 3603 2914 sed

1959 2944 2404 3002 admirationem
2435 2947 2579 3003 illud
2620 2948 2848 3015 mereri,
2882 2949 3036 3020 quod
3084 2954 3285 3005 tantus
3334 2948 3604 3021 princeps

1957 3036 2078 3088 tam
2114 3041 2439 3107 promptam
2472 3040 2712 3109 tamque
2742 3036 3024 3093 humilem
3064 3038 3308 3093 admissi
3339 3037 3604 3093 criminis

1957 3122 2382 3178 confessionem
2433 3126 2603 3180 edere
2648 3125 2917 3193 valuerit,
2969 3131 3025 3182 et
3055 3126 3211 3182 idem
3240 3126 3437 3197 ipsum
3469 3143 3601 3181 cum

198 3212 585 3268 Ambrosium
643 3212 1019 3283 quantumvis
1050 3213 1160 3284 ipsi
1194 3213 1419 3268 infensa
1447 3219 1621 3279 esset,
1656 3216 1853 3267 coacta
1883 3199 1926 3265 C
1963 3209 2205 3283 longiori
2238 3213 2635 3284 asperiorique
2664 3214 2886 3269 diluere
2918 3215 3276 3285 poenitentia,
3309 3220 3433 3269 tum
3467 3230 3602 3268 con-

203 3298 335 3355 fuit.
370 3301 486 3356 illis
524 3300 709 3373 igitur
731 3301 1096 3373 temporibus
1120 3300 1483 3356 difficillimis
1513 3300 1856 3356 Ambrosius

205 3388 596 3458 periculosam
648 3390 719 3444 ad
776 3389 1092 3444 Maximum
1135 3389 1483 3461 legationem
1518 3406 1633 3444 non
1665 3390 1853 3443 detre-

208 3477 403 3539 ctavit,
434 3484 487 3533 et
517 3479 673 3551 apud
728 3477 896 3533 illum
950 3478 1197 3534 Victoris
1236 3479 1467 3534 comitis
1497 3479 1567 3533 ad
1598 3477 1852 3533 Valenti-

212 3564 452 3621 nianum
483 3568 557 3622 ab
586 3567 793 3623 eodem
819 3572 1062 3639 tyranno
1086 3567 1247 3623 missi
1275 3566 1529 3622 reditum
1562 3567 1851 3640 operiens,

214 3668 314 3723 per
368 3660 547 3711 totam
608 3655 863 3711 hiemem
912 3660 1309 3712 commoratus
1365 3660 1453 3711 est
1499 3656 1692 3727 (epist.
1761 3657 1851 3720 24,

214 3756 375 3797 num.
404 3746 478 3813 7).
512 3746 863 3815 Quanquam
897 3749 1093 3801 autem
1125 3745 1322 3800 omnia
1350 3750 1489 3800 tunc
1542 3749 1709 3800 erant
1741 3744 1853 3816 ple-

216 3845 289 3884 na
316 3831 698 3897 discriminis,
724 3840 1048 3889 nontamen
1074 3833 1419 3907 dignitatem
1440 3850 1606 3889 suam
1632 3834 1853 3904 putavit

216 3916 626 3988 dejiciendam;
660 3922 761 3977 sed
795 3922 971 3977 simul
997 3922 1477 3995 magnanimitate
1508 3940 1573 3977 ac
1607 3923 1853 3994 pruden-

215 4005 292 4061 tia
320 4025 480 4073 usus,
532 4010 616 4064 ita
663 4026 798 4065 cum
830 4018 1074 4082 tyranno
1104 4011 1241 4082 egit,
1272 4015 1335 4064 ut
1366 4011 1651 4065 obtineret
1679 4011 1753 4064 ab
1784 4026 1851 4065 eo

213 4098 511 4165 postulata.
569 4100 724 4153 Sane
781 4097 931 4153 hanc
962 4099 1089 4169 ejus
1148 4097 1501 4174 legationem
1543 4115 1712 4154 nemo
1742 4098 1852 4153 fuit

212 4183 306 4253 qui
340 4203 447 4241 non
498 4186 792 4259 probaret,
848 4191 1053 4258 printer
1110 4187 1453 4242 Maximum.
1487 4187 1540 4242 Is
1570 4187 1726 4241 enim
1760 4202 1849 4242 se-

213 4273 402 4342 quenti
428 4291 581 4330 anno
613 4275 920 4348 deceptum
952 4291 1013 4330 se
1044 4275 1117 4329 ab
1139 4292 1203 4331 eo
1236 4292 1363 4330 esse
1393 4274 1706 4347 quiritatus
1738 4279 1847 4329 est.

215 4361 451 4418 Antistes
483 4379 618 4418 vero
648 4363 783 4419 licet
811 4364 918 4420 has
967 4363 1234 4437 querelas
1278 4363 1389 4419 sibi
1442 4363 1725 4436 gloriosas
1756 4380 1847 4418 ar-

216 4446 533 4517 bitraretur,
589 4451 805 4522 injuria
862 4458 1055 4509 tamen
1100 4470 1198 4509 eas
1246 4452 1446 4509 haberi
1504 4452 1847 4525 planissime

218 4540 455 4596 ostendit
486 4540 647 4612 (ibid.
684 4558 850 4596 num.
883 4542 959 4613 5).

278 4627 359 4681 59.
387 4629 450 4684 Et
479 4629 607 4684 hzec
635 4629 871 4701 quidem
903 4648 972 4685 ex
999 4630 1308 4686 Ambrosio
1340 4629 1467 4701 ipso
1516 4629 1801 4687 discimus
1826 4647 1838 4686 :

220 4716 270 4767 at
292 4723 581 4787 praterea,
616 4723 680 4773 ut
708 4718 988 4773 Paulinus
1046 4724 1247 4774 auctor
1299 4724 1408 4784 est,
1456 4721 1774 4774 Maximum
1808 4736 1843 4773 ιι

216 4809 593 4862 communionis
620 4810 890 4863 consortio
933 4806 1329 4879 segregandam
1370 4809 1603 4879 putavit,
1649 4807 1841 4862 admo-

218 4907 331 4947 nens
360 4902 417 4949 ut
442 4896 605 4966 eﬂusi
632 4897 928 4964 sanguinis
956 4896 1169 4951 domini
1194 4897 1305 4962 sui,
1336 4900 1389 4950 et
1420 4895 1561 4966 quod
1589 4898 1668 4951 est
1716 4913 1843 4966 gra-

218 4982 320 5036 vius
344 4985 668 5050 innocentis,
708 4992 895 5052 ageret
918 4986 1299 5055 pcenitcntiam
1346 4983 1597 5055 (Paulin.
1633 4986 1693 5038 in
1731 4985 1844 5039 Vita

216 5071 401 5137 Arabia,
438 5089 605 5128 num.
643 5072 751 5143 19).
815 5073 1022 5128 Verum
1061 5089 1197 5127 cum
1249 5076 1486 5128 sanctus
1513 5072 1724 5143 praesul
1755 5089 1843 5128 se-

219 5157 313 5214 mel
340 5176 403 5216 ac
432 5162 647 5217 iterum
682 5160 912 5233 legatus
938 5162 1006 5216 ad
1042 5160 1358 5216 Maximum
1393 5159 1685 5232 profectus
1718 5161 1840 5215 fue-

220 5248 297 5312 rit,
326 5254 378 5304 et
405 5249 583 5307 hasce
611 5250 764 5305 duas
825 5249 1143 5321 legationes
1198 5265 1316 5304 non
1372 5248 1698 5320 distinguat
1749 5248 1845 5305 hic

219 5333 346 5392 idem
375 5344 604 5408 auctor;
639 5356 711 5395 ex
758 5339 912 5393 serie
960 5337 1307 5393 narrationis
1355 5336 1716 5408 probabilius
1759 5342 1848 5393 est

222 5424 427 5482 citatum
454 5427 648 5484 locum
684 5426 999 5500 posteriori
1028 5426 1217 5499 magis
1239 5425 1547 5499 quadrare.
1574 5429 1844 5482 Attamen

222 5514 313 5570 noh
339 5516 560 5574 videtur
607 5515 991 5581 Ambrosius,
1043 5514 1333 5586 siquidem
1375 5514 1435 5569 in
1468 5513 1659 5586 prima
1691 5511 1845 5586 lega-

221 5602 344 5660 tione
372 5609 884 5664 communicasset
905 5620 1037 5658 cum
1061 5604 1325 5669 Maximo,
1352 5618 1485 5658 eum
1507 5601 1564 5656 in
1588 5606 1846 5659 secunda

1877 4565 1924 4629 D

1961 3300 2126 3355 tinuo
2185 3302 2471 3356 bonorum
2531 3318 2769 3374 operum
2841 3302 3110 3357 exercitio
3168 3307 3378 3374 tegere.
3439 3302 3605 3356 Hunc

1962 3404 2134 3459 porro
2163 3387 2400 3457 librum,
2436 3390 2484 3445 si
2532 3390 3082 3461 antiquissimorum
3124 3389 3348 3461 aliquot
3395 3406 3604 3444 manu-

1962 3476 2310 3549 scriptorum
2339 3478 2703 3551 inscriptioni
2752 3479 2926 3535 fidem
2958 3479 3302 3545 habeamus,
3335 3478 3606 3534 Theodo-

1962 3564 2050 3620 sio
2082 3570 2283 3637 postea
2309 3567 2470 3622 misit
2498 3567 2742 3625 antistes
2767 3571 2983 3634 noster,
3013 3571 3075 3623 ut
3104 3583 3309 3640 nempe
3341 3566 3508 3622 illum
3532 3567 3603 3621 ad

1962 3652 2332 3726 expiandam,
2384 3655 2616 3712 Davidis
2665 3655 2871 3725 instar,
2920 3657 3134 3713 caedem
3179 3655 3603 3713 Thessalonicae

1966 3742 2126 3797 urbis
2155 3743 2226 3799 ab
2257 3761 2323 3799 eo
2345 3744 2576 3814 jussam
2608 3746 3027 3802 exstimularet.

2031 3836 2121 3886 62.
2156 3834 2541 3905 Symmachus
2593 3835 2701 3889 hoc
2760 3851 2913 3890 anno
2973 3836 3373 3906 prasfecturam
3433 3832 3603 3889 Urbis

1961 3921 2445 3976 administrabat:
2501 3923 2551 3977 is
2577 3923 2975 3978 confusionem
3020 3940 3214 3977 rerum
3250 3940 3315 3977 ac
3352 3922 3602 3976 Valenti-

1962 4010 2119 4063 niani
2154 4010 2317 4080 pueri
2351 4011 2672 4081 matrisque
2701 4011 2946 4067 Justinus
2969 4012 3411 4083 trepidationem
3446 4026 3603 4063 com-

1960 4100 2195 4154 modam
2237 4102 2421 4165 ratus,
2457 4099 2669 4155 iterum
2701 4100 3076 4171 profanarum
3107 4098 3480 4168 religionum,
3516 4097 3603 4153 al-

1958 4187 2103 4242 taris
2158 4186 2445 4253 Victoriae,
2524 4203 2590 4242 ac
2663 4186 3097 4260 privilegiorum
3174 4187 3600 4243 restitutionem

1959 4279 2151 4347 petere
2183 4275 2503 4330 constituit.
2533 4275 2919 4339 Quamobrem
2953 4276 3290 4348 imperatori
3340 4275 3599 4330 libellum

1959 4362 2170 4419 obtulit
2199 4365 2474 4421 omnibus
2503 4363 2856 4419 calamistris
2905 4363 3250 4436 eloquentia:
3303 4368 3602 4435 comptum

1957 4457 2013 4509 et
2041 4452 2337 4516 excultum
2369 4454 2534 4525 (tom.
2567 4454 2635 4520 Il,
2671 4469 2802 4526 pag.
2832 4454 2980 4524 828).
3040 4454 3110 4508 Et
3154 4454 3392 4525 quidem
3444 4451 3603 4508 clan-

1957 4542 2154 4598 culum
2185 4558 2307 4598 rom
2341 4548 2661 4598 tentaverat
2690 4546 2884 4598 orator
2914 4541 3043 4609 ille;
3077 4542 3175 4597 sed
3206 4546 3432 4597 efficere
3459 4558 3606 4597 neu-

1955 4631 2180 4702 tiquam
2214 4631 2422 4700 potuit,
2446 4646 2518 4685 ne
2546 4631 2768 4685 veniret
2788 4631 2848 4685 in
2871 4631 3162 4687 Ambrosii
3186 4630 3598 4701 cognitionem.

1953 4720 2056 4775 Hic
2104 4736 2240 4789 ergo
2296 4719 2469 4775 istius
2522 4718 2752 4775 consilii
2801 4721 2990 4775 factus
3042 4719 3273 4786 certior,
3334 4718 3599 4774 libellum

1956 4808 2132 4879 (epist.
2169 4810 2258 4869 17)
2288 4813 2344 4862 et
2373 4807 2498 4878 ipse
2527 4806 2615 4861 vel
2646 4807 2955 4879 epistolam
2987 4806 3334 4880 episcopalis
3385 4806 3602 4876 vigoris

1953 4895 2184 4967 plenam
2217 4894 2625 4950 Valentiniano
2684 4896 2993 4950 confestim
3044 4895 3223 4961 dedit,
3258 4909 3374 4965 qua
3421 4891 3599 4947 libelli

1954 4982 2386 5058 Symmachiani
2439 4983 2547 5037 sibi
2605 4983 2835 5054 COpiam
2888 4983 3011 5037 ﬁeri
3063 4980 3417 5053 postulabat,
3460 4984 3525 5034 ut
3552 4980 3601 5034 ei

1954 5073 2330 5145 responderet
2377 5070 2727 5125 accuratius.
2786 5071 2985 5141 Itaque
3035 5085 3169 5124 mox
3217 5073 3348 5122 uta
3377 5068 3604 5122 Caesare

1956 5163 2062 5217 hoc
2094 5160 2375 5230 scriptum
2408 5158 2679 5224 obtinuit,
2732 5163 2851 5213 tam
2899 5157 3205 5229 perspicue
3234 5160 3475 5226 tamque
3507 5174 3601 5211 va-

1953 5250 2068 5307 lide
2100 5248 2334 5320 singula
2355 5245 2542 5316 ipsius
2565 5245 2757 5316 capita
2785 5244 2956 5299 diluit
2978 5262 3042 5299 ac
3068 5244 3388 5300 confutavit
3408 5243 3600 5316 (epist.

1954 5340 2065 5409 48),
2104 5340 2164 5391 ut
2208 5330 2558 5407 Symmacho
2620 5334 3014 5387 necessarium
3068 5348 3245 5404 super
3301 5348 3369 5388 ea
3427 5349 3604 5389 causa

1955 5423 2253 5483 silentium
2281 5420 2622 5490 imponeret.
2644 5418 2808 5472 llunc
2838 5423 3162 5476 secundum
3186 5419 3451 5477 libellum
3473 5428 3606 5494 post

1954 5508 2335 5571 vindemiales
2357 5505 2529 5563 ferias
2560 5508 2846 5576 scriptum
2890 5508 3225 5580 imperatori
3257 5510 3602 5566 Ambrosius

1955 5606 2153 5659 noster
2180 5597 2328 5655 tradi
2363 5591 2603 5662 curavit,
2637 5608 2811 5665 quem
2864 5594 3101 5667 quidem
3133 5597 3417 5667 libellum,
3452 5597 3604 5654 sicut
