3944 6216
306 342 391 418 es
1660 346 1846 412 vm
1891 348 1962 412 s.
2008 326 2393 412 Auaaosu
2624 312 2627 315 “
3632 349 3723 418 se

304 488 579 561 priorem,
610 483 826 543 lectum
858 483 917 542 in
949 482 1238 559 frequenti
1269 481 1637 551 consistorio,
1670 499 1798 555 qua:
1849 497 1946 554 pe-
1977 481 2033 549 Α
2060 481 2219 537 venit
2248 479 2660 540 Mediolanum.
2700 481 2843 541 Eam
2875 481 3153 558 dignatus
3182 484 3271 542 est
3301 486 3541 544 sanctus
3570 484 3715 543 Am-

303 577 598 644 tebantur,
653 580 989 632 assecutum
1035 591 1163 631 esse
1208 591 1276 630 ex
1314 572 1561 645 epistola
1591 572 1773 629 sancti
1809 588 1952 644 prae-

304 666 452 725 sulis
483 669 550 722 ad
585 665 909 739 Eugenium
943 665 1241 720 discamus
1272 662 1424 717 licet.

373 756 463 810 63.
509 752 669 811 ldein
729 753 1116 826 Symmachus
1173 769 1277 822 per
1323 767 1490 806 suam
1546 748 1949 821 praefecturam

304 845 375 901 de
405 844 735 901 Christiana
774 842 1050 914 religione
1099 840 1309 896 melius
1340 845 1429 895 est
1484 837 1726 892 meritus
1771 853 1949 908 quam

303 933 677 1006 cogitaverat;
712 930 1186 1004 quandoquidem
1219 926 1635 995 Mediolanum,
1668 927 1839 996 cujus
1870 925 1951 980 ci-

299 1039 397 1078 ves
430 1021 777 1094 magistrum
825 1020 1124 1075 rhetorica:
1178 1018 1251 1072 ab
1282 1032 1347 1071 eo
1407 1016 1713 1088 petierant,
1762 1016 1953 1085 Augu-

302 1111 525 1167 stinum
558 1127 625 1165 ea
658 1108 845 1182 gratia
875 1124 1111 1179 pergere
1144 1104 1346 1161 voluit.
1399 1105 1581 1168 Quam
1632 1101 1817 1157 amice
1849 1119 1949 1157 au-

302 1202 423 1255 tem
451 1196 817 1270 Augustinus
846 1212 913 1251 eo
961 1195 1195 1250 veniens
1236 1194 1308 1249 ab
1339 1192 1643 1248 Ambrosio
1676 1195 1951 1263 exceptus

302 1287 497 1356 fuerit,
527 1285 822 1357 eleganter
852 1284 975 1356 ipse
1004 1281 1302 1347 describit,
1349 1282 1521 1351 cujus
1569 1280 1810 1351 proinde
1844 1295 1949 1333 nos

302 1393 418 1431 non
448 1374 669 1447 pigebit
699 1374 870 1427 verba
922 1370 1177 1426 mutuari
1208 1389 1220 1426 :
1254 1372 1319 1425 Et
1345 1372 1493 1438 veni,
1545 1368 1644 1436 ait,
1696 1367 1947 1423 Mediola-

298 1481 433 1519 num
461 1464 529 1518 ad
580 1461 935 1517 Ambrosium
965 1462 1273 1531 episcopum
1304 1461 1363 1514 in
1394 1459 1613 1529 optimis
1639 1466 1830 1512 notum
1859 1472 1946 1512 or-

300 1554 360 1608 bi
386 1562 562 1618 terrae,
605 1552 763 1622 pium
818 1550 1078 1604 cultorem
1135 1556 1311 1616 tuum,
1345 1548 1500 1615 cuius
1551 1550 1680 1601 tunc
1734 1545 1948 1617 eloquia

296 1648 521 1697 strenue
563 1638 953 1693 ministrabant
1008 1636 1229 1707 adipem
1275 1636 1545 1707 frumenti
1594 1636 1696 1699 tui,
1730 1641 1780 1688 et
1807 1634 1945 1687 lzeti-

298 1730 433 1785 tiam
463 1728 588 1794 olei,
621 1735 671 1782 et
700 1728 942 1782 sobriam
980 1728 1096 1779 vini
1138 1726 1449 1779 ebrietatem
1487 1722 1691 1793 papula
1721 1726 1832 1776 tuo.
1870 1721 1947 1776 Ad

297 1833 420 1873 eum
452 1823 632 1870 autem
686 1814 927 1869 ducebar
984 1814 1078 1868 abs
1107 1821 1158 1868 te
1207 1813 1465 1878 nesciens,
1510 1815 1573 1864 ut
1598 1826 1696 1882 per
1724 1826 1849 1864 eum
1877 1810 1945 1865 ad

298 1909 349 1961 te
375 1906 549 1959 sciens
569 1902 810 1957 ducerer.
845 1901 1088 1972 Suscepit
1133 1917 1218 1956 me
1259 1904 1489 1972 paterae
1517 1899 1613 1953 ille
1641 1899 1797 1954 homo
1828 1899 1942 1966 Dei,

297 2001 350 2049 et
372 1991 877 2064 peregrinationem
906 2006 1088 2044 meam
1128 1990 1260 2044 satis
1308 1987 1684 2059 episcopaliter
1729 1987 1943 2042 dilexit.

298 2082 362 2137 Et
408 2097 536 2136 eum
583 2095 772 2135 amare
822 2079 977 2150 ccepi,
1031 2079 1213 2150 primo
1264 2076 1480 2150 quidem
1526 2093 1635 2132 non
1684 2079 1947 2146 tanquam

294 2169 566 2226 doctorem
598 2170 735 2234 veri,
767 2167 908 2240 quod
949 2169 1009 2222 in
1054 2168 1283 2223 ecclesia
1340 2175 1435 2221 tua
1489 2181 1715 2238 prorsus
1760 2164 1944 2236 despe-

296 2258 509 2323 rabam,
542 2256 633 2313 sed
669 2261 929 2328 tanquam
969 2256 1243 2311 hominem
1292 2255 1587 2325 benignum
1633 2255 1693 2308 in
1741 2268 1846 2308 me.
1880 2254 1946 2306 Et

296 2347 533 2402 studiose
586 2346 876 2401 audiebam
925 2345 1296 2417 disputantem
1346 2345 1405 2399 in
1446 2343 1668 2415 populo,
1716 2358 1828 2397 non
1860 2344 1943 2397 in-

295 2436 534 2494 tentione
567 2451 675 2507 qua
704 2434 886 2503 debui,
918 2433 1011 2489 sed
1057 2435 1217 2505 quasi
1259 2434 1550 2505 explorans
1595 2430 1939 2503 facundiam,

292 2528 481 2580 utrum
529 2525 837 2579 conveniret
886 2525 1058 2593 fama?
1105 2537 1244 2589 suae,
1316 2539 1389 2575 an
1446 2523 1623 2591 major
1696 2522 1943 2575 minorve

287 2615 613 2687 proﬂueret,’
649 2628 813 2685 quam
854 2611 1306 2684 praedicabatur:
1337 2618 1386 2667 et
1434 2611 1611 2665 verbis
1657 2612 1774 2682 ejus
1826 2626 1941 2663 sus-

285 2702 563 2776 pendebar
592 2703 854 2772 intentus,
916 2718 1105 2757 rerum
1134 2709 1315 2756 autem
1362 2700 1670 2754 incuriosus
1714 2701 1769 2753 et
1814 2714 1939 2752 con-

291 2794 522 2863 temptor
549 2791 834 2846 astubam:
896 2793 945 2845 et
973 2790 1286 2846 delectabar
1338 2789 1607 2843 suavitate
1651 2789 1935 2853 sermonis,

291 2896 608 2953 quanquam
637 2878 976 2944 eruditioris,
1003 2880 1189 2933 minus
1221 2881 1406 2933 tamen
1454 2877 1829 2931 hilurescentis
1857 2882 1937 2930 at-

292 2984 395 3042 que
422 2968 733 3035 mulcentis,
770 2983 935 3037 quam
987 2967 1176 3022 Fausti
1226 2972 1367 3033 erat,
1418 2965 1559 3037 quod
1617 2966 1813 3019 attinet
1869 2963 1938 3018 ad

289 3056 549 3112 modum:
570 3064 824 3111 eceteram
856 3070 1041 3110 rerum
1083 3057 1330 3126 ipsarum
1376 3054 1537 3109 nulla
1563 3053 1937 3124 comparatio;

289 3161 422 3200 nam
461 3143 565 3199 ille
590 3160 689 3216 per
722 3143 1051 3199 Manichacus
1078 3144 1335 3216 fallacias
1366 3142 1678 3209 aberrabat,
1708 3142 1810 3196 iste
1833 3157 1932 3194 au-

2060 571 2290 627 brosius
2319 572 2521 629 eadem
2547 572 2820 630 comitate
2850 590 2914 630 ac
2945 573 3367 643 benevolentia,
3391 592 3569 648 quam
3583 576 3714 647 jam

2059 661 2385 733 Augustino
2442 661 2785 718 exhibuerat
2840 661 2963 735 (lib.
3033 680 3090 718 v1
3146 666 3387 736 Con/ess.
3446 682 3572 737 cap.
3629 665 3711 735 4).

2057 748 2451 820 Augustinum
2503 766 2634 806 vero
2666 768 2700 807 a
2756 750 3209 807 Manichaeorum
3264 754 3611 809 commentis
3643 770 3713 809 ac

2058 837 2289 908 probris
2311 837 2704 894 abalienatum
2728 840 2969 895 offendit
2987 843 3190 907 mater,
3216 841 3367 896 nond
3381 858 3478 896 um
3507 845 3712 898 tamen

2058 940 2196 997 erga
2221 926 2519 981 veritatem
2546 927 2820 983 doctrinae
2841 926 3135 983 catholicae
3158 928 3303 984 satis
3325 945 3708 1001 propensum.

2060 1012 2304 1069 Summa
2332 1013 2532 1070 laetitia
2576 1016 2842 1072 eamdem
2892 1015 3081 1071 affecit
3126 1015 3225 1071 filii
3278 1016 3546 1090 agitatio;
3581 1034 3707 1073 cer-

2058 1106 2178 1159 tam
2210 1102 2367 1158 enim
2416 1120 2579 1175 spem
2633 1104 2767 1161 inde
2798 1104 3062 1177 capiebat
3089 1105 3527 1160 conversionem
3574 1106 3707 1178 ejus

2056 1191 2305 1247 vicinam
2336 1208 2483 1248 esse.
2518 1193 2881 1266 Quapropter
2911 1197 2973 1248 ut
3003 1209 3129 1248 eam
3163 1211 3196 1249 a
3227 1192 3421 1249 divina
3451 1193 3706 1250 clemen-

2057 1279 2138 1335 tia
2180 1286 2652 1351 consequeretur,
2706 1280 3019 1353 geminatis
3076 1280 3367 1352 precibus,
3426 1282 3601 1355 ccepit
3651 1290 3709 1338 et

2054 1368 2348 1426 studiosius
2375 1370 2445 1425 ad
2499 1371 2785 1425 ecclesiam
2837 1385 3075 1437 currere,
3108 1378 3160 1425 et
3187 1371 3245 1424 in
3281 1370 3553 1426 Ambrosii
3605 1387 3707 1427 ora

2054 1458 2314 1529 suspendi
2342 1459 2413 1514 ad
2456 1460 2663 1529 fontem
2716 1458 2963 1514 salientis
2992 1472 3154 1529 aqua?
3209 1459 3268 1512 in
3325 1459 3497 1514 vitam
3540 1463 3702 1514 aeter-

2053 1562 2205 1600 nam.
2240 1547 2508 1617 Diligebat
2563 1555 2744 1601 (uitem
2799 1546 2960 1601 illum
3017 1548 3198 1601 virum
3250 1548 3391 1601 sicut
3445 1548 3707 1619 angelum

2058 1636 2177 1702 Dei,
2212 1634 2351 1706 quod
2391 1652 2494 1707 per
2540 1636 2700 1691 illum
2726 1638 3045 1707 cognoverat
3073 1651 3159 1691 me
3189 1636 3415 1690 interim
3442 1635 3512 1691 ad
3541 1637 3703 1692 illam

2053 1725 2351 1795 ancipitem
2378 1725 2787 1794 ﬂuctuationem
2806 1724 2929 1795 jam
2974 1738 3087 1779 esse
3122 1723 3444 1795 perductum
3492 1724 3648 1796 (ibid.
3657 1730 3701 1793 ).

2124 1812 2212 1865 66.
2248 1812 2371 1876 Qua
2408 1829 2579 1885 porro
2633 1810 3004 1868 veneratione
3055 1815 3323 1866 sanctum
3378 1811 3702 1868 antistitem

2054 1905 2505 1973 prosequeretur
2533 1901 2629 1973 pia
2683 1899 2785 1955 illa
2827 1899 3022 1967 vidua,
3050 1899 3140 1955 vel
3198 1899 3335 1955 hinc
3383 1898 3701 1973 intelligas,

2054 1990 2208 2060 quod
2241 2006 2367 2044 eum
2394 1990 2465 2046 ad
2494 1991 2791 2045 memorias
2821 1993 3159 2055 sanctorum,
3191 1988 3384 2060 inquit
3427 1989 3704 2062 Augusti-

2052 2095 2184 2145 nus,
2243 2080 2382 2134 sicut
2442 2080 2501 2134 in
2554 2079 2742 2151 Africa
2795 2077 3017 2145 solebat,
3066 2078 3248 2149 pultes
3303 2085 3355 2133 et
3396 2094 3614 2149 panem,
3648 2082 3703 2133 et

2051 2183 2266 2221 merum
2295 2169 2567 2224 attulisset
2592 2167 2750 2239 (ibid.
2788 2182 2915 2239 cap.
2947 2167 3033 2238 2);
3065 2164 3167 2221 ubi
3198 2165 3420 2221 audivit
3462 2183 3497 2221 a
3534 2167 3700 2238 jani-

2050 2258 2173 2310 tore
2203 2259 2439 2327 prapter
2468 2255 2689 2311 abusus
2720 2254 3008 2328 quosdam
3038 2253 3196 2309 hunc
3227 2270 3448 2309 morem
3479 2255 3552 2310 ab
3582 2255 3703 2327 epi-

2050 2359 2226 2415 scopo
2261 2342 2438 2399 fuisse
2469 2343 2863 2413 interdictum,
2914 2350 3030 2398 tam
3058 2344 3146 2411 pi:
3175 2346 3337 2415 atque
3366 2343 3697 2410 obedienter,

2051 2431 2239 2505 pergit
2268 2429 2423 2486 idem
2455 2431 2572 2499 ille,
2621 2432 2879 2504 amplexa
2907 2440 3003 2502 est,
3034 2438 3095 2486 ut
3126 2433 3239 2503 ipse
3268 2432 3505 2487 mirarer
3531 2447 3700 2503 quam

2047 2519 2219 2592 facile
2271 2522 2583 2575 accusatrix
2632 2522 2816 2592 potius
2870 2520 3278 2575 consuetudinis
3332 2535 3469 2587 suae,
3530 2536 3699 2592 quam

2047 2613 2405 2686 disceptatrix
2428 2611 2583 2666 illius
2606 2609 3002 2682 prohibitionis
3031 2609 3214 2681 eﬂ‘ecta
3245 2611 3319 2664 sit
3348 2608 3547 2681 (ibid).

2117 2703 2206 2758 67.
2241 2700 2477 2757 Interim
2525 2698 2887 2771 Augustinus
2926 2697 2984 2753 in
3016 2697 3276 2753 veritatis
3306 2696 3508 2753 itinere
3539 2714 3697 2753 sem-

2047 2809 2151 2863 per
2181 2789 2428 2846 ulterius
2476 2787 2979 2861 progrediebatur,
3012 2787 3083 2843 de
3133 2786 3440 2843 Ambrosio
3496 2791 3697 2844 autem

2046 2880 2128 2936 ita
2157 2878 2446 2935 sentiebat
2471 2894 2484 2933 :
2515 2877 2879 2946 Ambrosium,
2913 2875 3123 2949 inquit,
3164 2877 3379 2949 felicem
3408 2876 3699 2950 quemdam

2047 2969 2321 3024 hominem
2375 2965 2671 3022 secundum
2724 2964 2989 3021 saeculum
3052 2965 3339 3037 epinabar,
3400 2981 3556 3037 quem
3613 2967 3700 3021 sic

2046 3060 2218 3114 tanta?
2243 3058 2529 3128 potestates
2558 3054 2928 3115 honorarent;
2974 3054 3260 3109 caelibatus
3314 3056 3529 3109 tantum
3574 3054 3698 3126 ejus

2043 3146 2186 3201 mihi
2241 3145 2542 3200 laboriosus
2587 3142 2872 3198 videbatur
2926 3141 3107 3211 (ibid,
3142 3158 3266 3214 cap.
3309 3142 3386 3213 3).
3439 3141 3697 3212 Optabat

288 3237 399 3289 tem
443 3232 805 3288 saluberrime
860 3232 1077 3287 docebat
1132 3232 1361 3287 salutem
1421 3230 1543 3299 (lib.
1595 3247 1632 3283 v
1691 3229 1930 3299 Con/ess.
1963 3220 2006 3286 C
2045 3251 2160 3290 non
2191 3231 2561 3288 mediocriter
2588 3230 2821 3303 longius
2850 3245 2983 3285 cum
3015 3247 3082 3286 eo
3111 3229 3259 3285 inire
3307 3230 3692 3303 colloquium,

289 3337 416 3394 cap.
449 3321 562 3390 23).
596 3320 887 3377 Hactenus
915 3320 1299 3393 Augustinus,
1332 3319 1428 3392 qui
1463 3319 1571 3374 hac
1601 3317 1933 3372 narratione

287 3409 457 3466 nobis
486 3410 674 3482 aperit
702 3427 817 3465 non
850 3408 1041 3465 solum
1081 3426 1257 3482 quam
1307 3408 1423 3464 alto
1471 3405 1713 3463 consilio
1763 3404 1930 3477 quasi

288 3514 468 3553 manu
499 3497 711 3552 ductus
742 3496 816 3553 sit
845 3497 915 3552 ad
942 3497 1338 3566 Ambrosium,
1371 3499 1437 3551 ut
1467 3498 1830 3551 revocaretur
1858 3494 1930 3549 ab

290 3583 613 3651 erroribus;
644 3601 845 3640 verum
877 3584 1053 3641 etiam
1085 3591 1305 3657 quanta
1330 3588 1486 3641 esset
1534 3584 1688 3656 apud
1741 3583 1930 3638 homi-

291 3688 396 3729 nes
425 3670 695 3743 presulis
725 3673 909 3728 nostri
941 3673 1311 3743 existimatio,
1347 3689 1597 3745 quamve
1646 3671 1928 3727 rationem

289 3765 348 3817 et
377 3760 435 3815 in
467 3759 821 3831 excipiendis
852 3762 1085 3828 exteris,
1117 3767 1174 3817 et
1204 3763 1262 3817 in
1294 3760 1524 3835 populis
1554 3759 1931 3815 instituendis

287 3847 384 3903 ille
415 3854 776 3919 sequeretur.
811 3849 1030 3905 Deinde
1067 3849 1316 3921 explicat
1363 3849 1517 3904 idem
1565 3848 1931 3921 Augustinus

286 3935 502 4008 quibus
559 3937 841 4009 gradibus
898 3937 1283 3994 Ambrosiana
1336 3938 1511 3992 verba
1564 3936 1818 4009 primum
1873 3936 1929 3989 in

285 4028 538 4081 mentem
563 4041 733 4081 suam
756 4027 1014 4081 veritatis
1035 4026 1232 4082 lumen
1256 4024 1579 4092 intulerint,
1606 4041 1672 4080 ac
1694 4025 1931 4080 demum

282 4113 724 4170 iminutaverint
769 4113 1151 4170 voluntatem.
1185 4114 1279 4170 Sic
1311 4118 1506 4169 autem
1568 4114 1638 4169 de
1681 4112 1791 4167 hoc
1848 4112 1932 4167 lo-

284 4199 513 4273 quitur:
548 4202 614 4257 Et
642 4200 775 4258 dum
820 4219 914 4259 cor
941 4204 1233 4275 aperirem,
1270 4202 1486 4274 inquit,
1537 4201 1607 4256 ad
1655 4202 1931 4274 excipien-

281 4291 415 4346 dum
443 4308 608 4362 quam
633 4291 832 4347 diserte
859 4292 1082 4358 diceret,
1126 4293 1342 4363 pariter
1369 4299 1422 4348 et
1472 4290 1723 4347 intrabat
1769 4307 1935 4363 quam

281 4394 407 4435 vere
434 4378 659 4447 diceret,
691 4380 970 4449 gradatim
1000 4379 1219 4452 quidem
1248 4379 1403 4450 (ibid.
1438 4395 1563 4451 cap.
1596 4379 1710 4447 24).

354 4468 444 4521 64.
480 4468 667 4538 Hujus
694 4484 927 4539 quoque
958 4468 1097 4523 anni
1118 4484 1248 4523 esse
1278 4472 1555 4539 putamus
1578 4467 1727 4523 duos
1754 4465 1935 4523 libros

2043 3326 2109 3378 ut
2137 3321 2188 3378 ei
2220 3320 2433 3376 mentis
2464 3336 2581 3375 sum
2612 3323 2809 3374 motus
2835 3323 3012 3391 atque
3042 3318 3387 3391 agitationes
3416 3320 3691 3391 aperiret.

2042 3409 2301 3467 Subinde
2333 3408 2403 3464 ad
2437 3408 2631 3479 ipsum
2661 3406 2935 3481 pergebat
2964 3405 3126 3462 illam
3157 3408 3228 3462 ob
3252 3423 3509 3475 causam,
3531 3423 3697 3464 cum-

2041 3516 2155 3571 que
2193 3498 2345 3554 mdes
2374 3494 2729 3569 episcopales
2777 3495 2997 3551 nemini
3048 3512 3163 3551 non
3212 3500 3493 3568 paterent,
3527 3497 3686 3553 facili

2041 3587 2272 3661 negotio
2302 3586 2372 3641 ad
2404 3585 2599 3658 ipsum
2642 3584 2971 3639 accedebat.
3002 3583 3219 3639 Verum
3268 3585 3405 3657 quia
3442 3590 3689 3641 sanctus

2041 3676 2286 3732 antistes
2317 3677 2418 3728 aut
2446 3672 2808 3728 diversorum
2866 3670 3171 3727 hominum
3205 3673 3490 3729 serviebat
3516 3672 3691 3729 infir—

2042 3764 2369 3832 mitatibus,
2402 3766 2502 3817 aut
2521 3760 2953 3832 Scripturarum
2978 3761 3351 3817 meditatione
3368 3767 3690 3833 occupatus

2041 3857 2184 3920 erat,
2244 3850 2569 3924 Augustino
2615 3847 2776 3905 nulla
2831 3849 3082 3904 dabatur
3129 3850 3296 3921 c0pia
3348 3849 3692 3906 sciscitandi

2043 3959 2170 4014 quae
2202 3940 2493 4013 cupiebat.
2534 3939 2681 3994 Eum
2712 3942 2908 3994 tamen
2957 3936 3362 4008 alloquebatur
3391 3938 3691 3995 interdum

2043 4029 2411 4095 Ambrosius,
2445 4028 2616 4099 eique
2645 4030 2880 4099 propter
2909 4030 3231 4082 maternam
3257 4027 3532 4099 pietatem
3562 4042 3695 4099 gra-

2042 4119 2359 4175 tulabatur.

2113 4209 2204 4263 68.
2236 4207 2346 4262 Sed
2374 4204 2783 4278 Augustinus,‘
2796 4219 3113 4277 congressu
3140 4206 3261 4259 tam
3293 4203 3694 4276 perfunctorie

2045 4295 2288 4352 minime
2304 4298 2636 4360 contentus,
2657 4296 2743 4359 ut,
2766 4308 2883 4364 qua
2899 4291 3131 4357 licebat,
3156 4291 3443 4348 desiderio
3465 4293 3698 4349 satisfa-

2044 4387 2199 4441 ceret
2230 4399 2358 4452 suo,
2409 4381 2574 4437 illum
2627 4383 2687 4437 in
2729 4381 2932 4453 populo
2978 4382 3202 4436 verbum
3252 4383 3497 4437 veritatis
3552 4385 3698 4438 recte

2042 4477 2367 4529 tractantem
2415 4472 2568 4527 omni
2613 4471 2701 4526 die
2727 4471 3016 4526 Dominico
3058 4470 3315 4526 audiebat
3349 4470 3548 4542 (ibid).
3591 4470 3696 4527 His

281 4556 358 4647 _De
380 4556 709 4647 panitentia
744 4556 1014 4647 Δ(Αιίηιοη.
1064 4558 1129 4647 in
1188 4556 1330 4647 eosd.
1392 4556 1535 4647 lib.),
1595 4573 1743 4647 quos
1797 4557 1930 4610 Am-
1964 4582 2013 4647 D
2045 4560 2426 4618 concionibus
2481 4559 2673 4647 nubes
2725 4558 2941 4631 quibus
2972 4558 3214 4647 interior
3269 4558 3395 4629 ejus
3451 4559 3696 4647 obtutus

284 4642 518 4699 brosius
550 4642 786 4715 scripsit
817 4649 1017 4699 contra
1064 4644 1433 4699 Novatianos.
1472 4645 1532 4698 In
1582 4644 1665 4700 eis
1724 4644 1932 4699 horum

284 4731 689 4787 hereticorum
712 4731 927 4787 deliras
949 4731 1125 4789 simul
1149 4736 1323 4803 atque
1344 4732 1606 4789 crudeles
1632 4732 1936 4805 opiniones

283 4819 552 4877 funditus
590 4821 813 4891 evertit,
873 4837 1095 4877 necnon
1148 4821 1552 4877 auctoritatem
1604 4820 1935 4876 dimittendi

282 4914 521 4983 peccata
544 4910 813 4966 Ecclesia:
843 4927 878 4966 a
916 4910 1145 4966 Christo
1202 4911 1397 4965 datam
1447 4909 1658 4965 invicte
1705 4909 1933 4982 probat.

285 4999 448 5064 Quod
480 5004 675 5056 autem
720 4999 854 5054 istic
884 4998 1161 5071 leguntur
1191 5016 1259 5055 ea
1288 5000 1491 5054 verba:
1520 5003 1639 5069 L‘go
1696 4999 1936 5069 aliquem

286 5088 527 5144 laborem
579 5104 682 5160 pro
737 5091 929 5143 sancta
982 5089 1227 5144 Ecclesia
1278 5088 1487 5158 suscepi
1543 5086 1666 5155 (lib.
1703 5102 1764 5157 η,
1796 5102 1845 5141 c.
1879 5088 1934 5152 8,

286 5192 451 5231 num.
483 5176 604 5245 73);
659 5176 777 5231 illis
826 5177 1027 5248 utique
1084 5176 1134 5231 si
1190 5175 1355 5231 labor
1410 5175 1693 5230 innuatur
1734 5180 1938 5231 contra

286 5264 706 5335 Symmachum
726 5271 901 5337 atque
918 5264 1181 5321 ethnicos
1195 5265 1265 5320 ab
1278 5263 1585 5319 Ambrosio
1602 5268 1934 5336 susceptus,

284 5352 520 5408 eosdem
554 5353 734 5407 libros
766 5355 838 5408 ab
866 5354 975 5408 hoc
1005 5354 1132 5426 ipso
1163 5369 1317 5409 anno
1350 5353 1600 5408 multum
1635 5368 1934 5409 removen-

286 5438 394 5493 dos
426 5440 683 5493 censebit
713 5455 905 5494 nemo.

357 5526 447 5581 65.
482 5526 609 5597 (AN.
644 5528 796 5597 385.)
837 5528 1084 5594 Monica,
1134 5528 1320 5586 tilium
1378 5534 1527 5585 terra
1580 5531 1853 5602 marique,
1886 5535 1937 5587 et

290 5618 351 5671 in
375 5616 643 5688 periculis
660 5617 918 5672 omnibus
939 5622 1158 5687 secuta,
1182 5635 1297 5676 non
1327 5617 1513 5675 multo
1541 5622 1674 5690 post
1702 5619 1776 5675 ad
1798 5635 1934 5675 eum

2045 4649 2473 4714 obcaecabatur,
2531 4645 2828 4718 dissipata:
2888 4650 3055 4712 sunt;
3098 4646 3339 4718 ipseque
3397 4646 3696 4702 catholicae

2045 4737 2180 4793 ﬁdei
2211 4736 2518 4793 veritatem
2540 4750 2874 4807 agnoscere,
2904 4751 2971 4791 ac
2993 4734 3447 4791 Manichaeorum
3470 4751 3698 4792 errores

2046 4824 2300 4881 maxime
2320 4825 2474 4880 circa
2494 4823 2669 4897 prisci
2688 4822 2921 4879 foederis
2937 4824 3378 4879 Testamentum
3398 4825 3700 4896 despicere

2046 4913 2241 4987 ccepit.
2265 4913 2422 4985 Saepe
2440 4914 2497 4968 in
2529 4912 2891 4986 popularibus
2922 4913 3267 4969 sermonibus
3296 4913 3434 4979 suis,
3479 4913 3700 4986 inquit,

2044 5003 2325 5059 docentem
2379 5002 2726 5058 Ambrosium
2753 5003 2952 5073 sapius
3002 5000 3291 5057 audiebam
3311 5018 3330 5057 :
3360 5002 3575 5058 Littera
3611 5018 3701 5058 oc-

2044 5092 2201 5157 cidit,
2232 5092 2458 5163 spiritus
2503 5098 2683 5145 autem
2717 5090 2977 5160 viviﬁcat,
3008 5106 3132 5145 cum
3160 5108 3225 5146 ea
3251 5105 3377 5161 quae
3420 5090 3491 5145 ad
3549 5092 3705 5147 litte-

2045 5196 2169 5235 ram
2210 5180 2618 5250 perversitatem
2644 5177 2833 5234 docere
2859 5178 3206 5247 videbantur,
3237 5182 3440 5235 remoto
3468 5182 3703 5251 mystico

2044 5268 2365 5336 velamento,
2421 5267 2753 5340 spiritaliter
2807 5268 3047 5339 aperiret
3098 5265 3255 5339 (ibid.
3301 5284 3426 5339 cap.
3461 5267 3539 5339 4).
3573 5267 3704 5324 Non

2046 5362 2136 5413 est
2163 5373 2300 5429 ergo
2331 5373 2437 5412 cur
2466 5355 2684 5428 aliquis
2716 5353 2981 5423 miretur,
3006 5355 3162 5428 quod
3191 5355 3540 5412 Ambrosius
3569 5360 3704 5412 tan-

2045 5449 2245 5516 topere
2290 5445 2606 5518 mysticum
2659 5447 2892 5516 urgeret
2929 5442 3290 5500 intellectum
3322 5442 3380 5498 in
3412 5444 3706 5499 sermoni-

2046 5533 2157 5589 bus
2189 5532 2297 5589 hoc
2338 5539 2395 5590 et
2451 5530 2723 5605 sequenti
2781 5547 2935 5588 anno
2998 5532 3069 5587 de
3124 5536 3404 5605 suggestu
3457 5531 3705 5604 habitis,

2046 5637 2298 5694 quorum
2329 5621 2590 5695 plerique
2621 5621 2682 5677 in
2724 5618 2906 5678 libros
2956 5620 3174 5677 redacti
3203 5624 3363 5678 sunt.
3396 5619 3514 5678 Hos
3545 5625 3737 5679 certe
