3944 6216
184 320 267 381 87
1234 320 1338 380 EX
1383 314 1571 381 EJUS
1614 314 2106 385 PO'I‘ISSIMUM
2151 317 2526 380 SGRIPTIS.

182 450 365 504 libros
391 446 677 505 fastidiosi
708 448 945 520 quidam
974 448 1183 519 maiori
1212 448 1493 506 haberent
1529 451 1585 503 in
1621 450 1824 521 pretio,
1862 452 1909 514 Α
1945 466 2072 503 sese
2118 450 2397 504 conferre.
2431 451 2537 504 Sed
2591 467 2724 505 cum
2757 468 2856 507 eos
2893 452 3099 509 beatus
3149 456 3396 512 antistes
3427 464 3581 516 esset

176 538 226 591 si
253 542 575 609 temporum
616 535 851 592 illorum
903 536 1334 602 necessitatem,
1385 544 1443 592 et
1487 554 1820 607 expressam

168 623 433 698 ipsorum
477 623 739 680 efficacia
790 624 988 698 magni
1018 626 1335 698 Augustini
1385 626 1824 682 conversionem

170 712 460 785 tantisper
498 712 888 769 attendcrcnt.

234 802 334 857 69.
360 802 727 867 Ambrosius,
760 802 857 874 qui
890 801 1044 858 ultra
1077 801 1533 858 Mediolanensis
1556 801 1825 858 Ecclesia;

167 890 389 947 limites
420 890 873 947 sollicitudinem
905 908 1076 947 suam
1115 891 1481 961 extendebat,
1523 893 1762 963 rogatus
1793 907 1828 944 a

164 977 382 1053 Vigilio
411 979 484 1035 ad
517 979 917 1036 Tridentinam
946 980 1144 1036 sedem
1176 997 1363 1052 nuper
1389 984 1601 1045 evecto,
1634 978 1828 1051 praeci-

165 1085 285 1140 pua
350 1068 701 1141 episcopalis
722 1068 1032 1140 dignitatis
1063 1085 1310 1125 munera
1361 1085 1463 1141 per
1517 1067 1825 1140 epistolam

163 1156 279 1229 ipsi
314 1157 591 1230 exposuit
619 1156 813 1229 (epist.
849 1154 959 1228 19).
992 1156 1115 1211 Prae
1159 1157 1382 1212 caeteris
1414 1162 1607 1212 autem
1657 1155 1827 1210 illum

164 1245 554 1311 admonebat,
614 1249 681 1300 ut
720 1261 791 1300 ne
839 1245 1311 1300 connubiainter
1357 1244 1518 1300 cultu
1565 1245 1828 1317 dispares

164 1334 323 1390 coire
357 1333 751 1407 permitteret,
781 1332 893 1389 hoc
922 1337 1013 1389 est
1042 1332 1196 1389 inter
1233 1333 1596 1389 Christianos
1652 1336 1709 1388 et
1740 1332 1829 1387 in-

162 1421 401 1479 fideles.
454 1422 636 1493 Cujus
699 1420 1112 1477 admonitionis
1166 1422 1483 1478 necessitas
1533 1422 1833 1478 oriebatur

160 1528 222 1568 ex
255 1509 718 1566 idololatrarum
752 1509 1281 1582 multitudineque
1309 1511 1370 1566 in
1388 1510 1747 1566 Tridentinis
1767 1510 1831 1564 fi-

159 1600 345 1655 nibus
367 1602 515 1654 tunc
540 1602 704 1653 tanta
731 1602 875 1661 erat,
908 1601 972 1652 ut
994 1598 1146 1654 idem
1182 1599 1432 1671 Vigilius
1461 1616 1592 1655 cum
1619 1616 1717 1655 eos
1744 1598 1830 1653 ni-

161 1691 398 1744 teretur
426 1686 715 1743 adducere
744 1686 817 1742 ad
853 1686 1065 1743 Christi
1117 1688 1530 1760 cognitionem,
1577 1688 1650 1743 ab
1682 1688 1829 1759 ipsis

160 1774 455 1848 martyrio
486 1774 730 1831 affectus
761 1778 1136 1831 memoretur.

227 1866 332 1919 70.
374 1862 481 1919 Ubi
513 1863 770 1935 primum
801 1863 1036 1919 Justina
1079 1880 1282 1935 pacem
1333 1882 1367 1919 a
1422 1865 1675 1921 Maximo
1715 1865 1824 1920 sibi

164 1969 518 2010 concessam
547 1951 711 2017 vidit,
743 1967 811 2008 ea
838 1952 1270 2024 opportunitate
1312 1954 1615 2010 constituit
1644 1954 1829 2020 abuti,

164 2046 230 2097 ut
258 2040 580 2098 Ambrosio
611 2039 829 2096 bellum
861 2041 1142 2097 indiceret
1170 2059 1184 2109 ;
1236 2046 1361 2097 rata
1389 2042 1544 2098 enim
1580 2042 1830 2098 auctori-

163 2133 356 2187 tatem
390 2128 494 2184 ﬁlii
525 2129 645 2200 jam
681 2128 824 2184 satis
853 2145 982 2186 esse
1004 2130 1431 2197 confirmatam,
1465 2130 1663 2187 omnia
1690 2132 1747 2186 in
1770 2148 1834 2187 se

165 2223 350 2291 atque
384 2218 442 2273 in
477 2216 792 2290 imperium
826 2218 1011 2273 sancti
1041 2218 1148 2273 viri
1179 2219 1387 2274 merita
1416 2218 1705 2274 oblivione
1732 2220 1832 2273 de-

162 2307 343 2363 levit-
371 2306 748 2362 Occasionem
783 2305 894 2378 ipsi
944 2305 1229 2374 exhibuit,
1264 2309 1418 2379 quod
1460 2308 1520 2363 in
1572 2309 1832 2380 proximo

167 2400 312 2463 erat,
374 2394 821 2452 resurrectionis
863 2394 1178 2451 Dominicis
1209 2396 1459 2463 festum;
1492 2399 1561 2450 ut
1600 2397 1669 2451 ad
1703 2398 1837 2453 Am-

168 2484 443 2540 brosium
476 2482 734 2539 mitteret
761 2482 957 2554 (epist.
986 2484 1097 2554 ‘20),
1131 2482 1230 2555 qui
1265 2483 1597 2539 Portianam
1630 2483 1834 2540 basili-

169 2589 322 2639 cam,
356 2572 473 2627 hoc
522 2575 610 2628 est
639 2575 1137 2643 extramuranam,
1171 2576 1430 2644 peterent
1466 2572 1717 2628 Arianis.
1770 2573 1833 2628 Id

167 2677 302 2717 cum
336 2659 567 2734 ingenti
592 2658 787 2716 animo
819 2664 1093 2732 negasset
1122 2665 1363 2716 sanctus
1386 2662 1620 2732 praesul,
1652 2660 1834 2731 impe-

170 2750 354 2805 ratrix
406 2765 479 2804 ex
525 2764 591 2803 eo
637 2748 892 2816 eti‘erata,
941 2747 1045 2802 ﬁlii
1093 2748 1331 2804 nomine
1386 2765 1452 2804 ac
1482 2753 1699 2804 terrore
1727 2749 1830 2804 ob-

164 2838 343 2909 jecto,
379 2853 508 2892 rem
538 2840 880 2907 extorquere
909 2840 1115 2892 conata
1143 2841 1251 2891 est.
1285 2836 1648 2908 Quapropter
1690 2835 1834 2891 feria

172 2930 337 2982 sexta
364 2927 505 2981 ante
544 2923 910 2980 Dominicam
941 2940 1067 2996 quae
1100 2923 1317 2980 dicitur
1347 2924 1695 2990 Palmarum,
1729 2941 1829 2978 ve-

170 3015 345 3070 niunt
396 3013 592 3086 ipsius
621 3013 789 3083 iussu
821 3012 1066 3068 comites
1106 3012 1348 3083 quidam
1398 3012 1826 3078 consistoriani,

172 3103 270 3176 qui
304 3101 622 3159 basilicam
648 3117 877 3167 novam,
912 3100 1022 3157 hoc
1050 3104 1139 3157 est
1163 3100 1650 3169 intramuranam,
1702 3118 1827 3173 quis

1935 536 2244 600 allocutus,
2278 539 2583 592 confestim
2619 540 2687 593 anl
2715 540 3027 598 stationem
3057 560 3227 599 suam
3260 546 3577 603 redierunt.

1932 626 2276 680 Ambrosius
2302 642 2434 682 vero
2451 626 2653 683 feriam
2681 629 2911 685 tertiam
2944 630 3000 685 in
3022 630 3266 688 ecclesia
3289 633 3581 709 integram

1935 713 2161 785 exegit:
2197 715 2542 771 imminente
2607 720 2799 773 autem
2845 719 3032 774 noctis
3078 724 3357 793 tempore,
3409 725 3584 780 rediit

1935 803 1991 858 in
2027 802 2178 858 sedes
2206 802 2596 874 episcopales:
2631 809 2691 860 ut
2725 805 2772 859 si
2804 823 2934 861 eum
2968 806 3026 862 in
3058 810 3322 866 exsilium
3367 811 3582 884 pellere

1932 890 2166 959 vellent,
2219 897 2487 963 paratum
2537 892 2868 949 invenirent
2912 895 3069 965 (ibid.
3118 914 3280 953 num.
3330 900 3437 970 10).
3483 901 3585 957 Ρο-

1935 980 2139 1035 stridie
2170 981 2298 1052 ejus
2328 980 2442 1036 diei
2492 981 2838 1037 antelucana
2884 983 3027 1040 hora
3079 986 3252 1041 dnmo
3290 1003 3583 1060 egressus,

1934 1068 2180 1123 cinctam
2213 1068 2498 1125 militibus
2527 1071 2742 1143 reperit
2768 1071 3095 1137 ecclesiam,
3128 1075 3185 1129 in
3218 1091 3335 1146 qua
3373 1077 3585 1135 nihilo-

1937 1157 2133 1212 minus
2175 1156 2453 1212 lectiones
2484 1164 2777 1215 consuetaa
2817 1162 3228 1219 recitabantur.
3279 1165 3587 1237 Imperavit

1938 1245 2249 1317 episcopus
2290 1245 2506 1301 milites
2540 1263 2715 1302 sacris
2756 1250 3187 1307 communionis
3230 1253 3364 1323 jure
3402 1253 3584 1311 inter-

1939 1333 2073 1398 dici,
2106 1350 2221 1404 quo
2254 1333 2336 1387 illi
2370 1334 2650 1398 deterriti,
2683 1337 2750 1388 ad
2786 1337 3202 1395 catholicorum
3254 1347 3451 1412 partes
3491 1360 3583 1399 ac-

1940 1425 2263 1476 cesserunt.
2297 1422 2461 1477 Tunc
2506 1421 2605 1478 ille
2655 1424 2965 1480 ambonem
2999 1426 3253 1483 basilica:
3306 1446 3588 1487 conscen-

1940 1511 2106 1575 dens,
2140 1527 2207 1565 ex
2239 1509 2388 1565 libro
2417 1511 2526 1566 Job
2560 1527 2731 1583 quem
2766 1515 2909 1567 tunc
2938 1511 3049 1586 legi
3081 1516 3342 1589 contigit,
3375 1519 3444 1573 ad
3488 1536 3589 1590 po-

1938 1598 2145 1670 pulum
2179 1599 2562 1656 concinnatus
2584 1605 2672 1655 est
2701 1602 2858 1667 (ibid.
2892 1619 3052 1658 num.
3087 1604 3155 1659 44
3183 1608 3235 1660 et
3261 1607 3415 1679 scq.).
3441 1608 3592 1664 Dum

1938 1703 2268 1743 sermonem
2295 1704 2466 1742 suum
2492 1688 2666 1744 rebus
2688 1692 3075 1758 praesentibus
3101 1693 3245 1749 scite
3265 1696 3588 1768 adaptaret,

1936 1792 2067 1831 eum
2121 1775 2514 1847 interpellant,
2563 1777 2688 1833 vela
2727 1779 3007 1834 removeri
3038 1797 3107 1835 ex
3138 1781 3379 1838 basilica
3408 1785 3592 1857 signi-

1944 1866 2203 1927 ficantes,
2230 1865 2382 1935 quod
2409 1864 2816 1936 imperatorem
2850 1872 3036 1938 empto
3066 1869 3344 1927 desistere
3376 1872 3589 1929 indicio

1939 1956 2081 2006 erat.
2116 1951 2585 2023 Prosequebatur
2611 1953 2952 2009 concionem
2984 1972 3151 2012 suam
3201 1960 3447 2017 antistes
3485 1978 3588 2017 no-

1940 2044 2081 2107 ster,
2114 2055 2247 2095 cum
2298 2056 2430 2096 ecce
2463 2041 2540 2095 ibi
2574 2043 2839 2098 notarius
2865 2045 2936 2098 ab
2966 2044 3317 2117 imperatore
3346 2051 3419 2104 ad
3451 2066 3589 2108 eum

1938 2128 2117 2191 venit,
2151 2128 2251 2198 qui
2280 2132 2335 2183 et
2356 2132 2665 2201 tyrannum
2687 2130 2881 2199 ipsum
2912 2131 3394 2205 appellavit(ibid.
3420 2154 3584 2194 num.

1939 2216 2051 2286 22),
2096 2222 2154 2271 et
2209 2218 2402 2272 verbis
2456 2219 2720 2273 tractavit
2774 2218 3272 2287 injuriosissimis.
3331 2224 3588 2283 Modesto

1942 2305 2179 2376 quidem
2212 2304 2308 2360 ille
2339 2306 2663 2377 respondit.
2696 2307 2798 2361 sed
2818 2307 2960 2362 nihil
2983 2310 3212 2366 remisit
3230 2312 3300 2367 de
3317 2318 3586 2370 constan-

1942 2393 2044 2448 tia.
2078 2392 2201 2447 Non
2236 2393 2562 2463 permissus
2593 2399 2683 2448 est
2706 2410 2772 2448 eo
2800 2395 2891 2450 die
2916 2396 3156 2453 domum
3188 2402 3431 2472 regredi,
3484 2404 3601 2459 sed-

1941 2496 2070 2536 cum
2096 2481 2366 2552 fratribus
2404 2482 2466 2535 in
2497 2481 2723 2535 basilica
2762 2484 2978 2537 minore
3019 2488 3296 2542 canendis
3346 2489 3588 2560 psalmis

1942 2585 2146 2624 omnes
2196 2572 2629 2640 pernoctaruut.
2693 2568 2967 2640 Sequenti
3027 2573 3138 2637 die,
3199 2574 3256 2629 id
3306 2580 3396 2631 est
3445 2577 3591 2635 feria

1942 2657 2139 2729 quinta
2179 2657 2420 2726 majoris
2451 2656 2848 2723 hebdomadas,
2880 2661 3039 2714 Jonas
3073 2661 3377 2733 prophetia
3430 2681 3590 2721 more

1940 2745 2110 2801 solito
2151 2744 2388 2801 recitata
2418 2748 2527 2811 est,
2578 2761 2751 2817 quam
2785 2746 3030 2803 dicendo
3061 2766 3341 2821 exponere
3373 2751 3591 2826 incepit

1939 2833 2288 2889 Ambrosius
2319 2832 2475 2905 (ibid.
2507 2850 2669 2888 num.
2690 2834 2802 2905 25).
2837 2835 3003 2892 Haud
3045 2837 3298 2894 multum
3355 2857 3586 2913 proces-

1940 2926 2096 2979 serat
2133 2922 2188 2975 in
2241 2922 2511 2977 instituto
2566 2938 2855 2990 sermone,
2890 2941 3023 2980 cum
3067 2943 3102 2981 a
3131 2928 3484 3000 quibusdam
3533 2931 3587 2988 ei

1938 3011 2186 3067 refertur
2238 3011 2578 3082 praecepisse
2642 3011 3055 3069 Valentianum
3113 3019 3178 3070 ut
3252 3020 3589 3076 recederent

1939 3098 2177 3165 milites,
2207 3115 2272 3153 ac
2303 3097 2456 3154 cives
2488 3098 2587 3170 qui
2621 3098 2677 3153 in
2702 3099 2951 3156 vinculis
3006 3107 3189 3168 erant,
3223 3105 3586 3163 dimitteren-
3669 3146 3673 3150 ›

172 3190 462 3265 superiori
508 3193 635 3245 erat
674 3189 940 3261 amplior,
965 3192 1271 3262 poscerent
1315 3192 1388 3246 ab
1436 3191 1637 3246 eodem
1684 3192 1822 3245 Am-
1853 3175 1896 3243 C
1940 3192 2053 3243 tur.
2107 3185 2511 3242 Incredibilem
2543 3187 2693 3257 apud
2729 3187 3045 3244 catholicos
3090 3191 3444 3263 voluptatem
3490 3211 3588 3265 pe-

170 3282 369 3338 hrosio
413 3279 620 3351 (ibid).
655 3279 758 3335 Hic
788 3284 982 3336 autem
1014 3296 1220 3335 rursus
1259 3280 1522 3337 modeste
1555 3280 1732 3336 simul
1764 3296 1831 3336 ac

170 3386 454 3443 generose
500 3369 762 3440 reposuit
823 3368 1084 3440 templum
1133 3368 1232 3423 Dei
1279 3386 1313 3424 a
1359 3368 1634 3425 sacerdote
1685 3369 1831 3424 tradi

170 3474 276 3514 non
305 3473 465 3530 posse
494 3455 677 3529 (ibid,
713 3472 878 3511 num.
910 3455 986 3527 2).
1034 3455 1320 3512 Postridie
1349 3456 1659 3528 praefectus
1704 3457 1831 3528 ipse

170 3546 435 3602 convenit
468 3549 738 3601 sanctum
775 3544 985 3605 virum,
1037 3547 1104 3598 ut
1147 3543 1237 3599 vel
1277 3545 1548 3601 Portiana
1588 3544 1832 3601 basilica

173 3634 611 3691 concederetur.
659 3632 913 3689 Maxima
950 3648 1086 3688 cum
1135 3634 1348 3704 pietate
1393 3649 1462 3688 ac
1503 3633 1832 3689 constantia

176 3722 431 3796 pepulus
460 3721 817 3788 reclamavit,
851 3722 1007 3792 quod
1036 3737 1172 3777 cum
1204 3725 1463 3777 cerneret
1499 3722 1653 3777 idem
1681 3739 1830 3794 pre-

177 3810 384 3880 fectus,
421 3810 499 3866 ad
550 3808 834 3881 palatium
874 3808 1066 3878 rediit,
1110 3808 1450 3881 imperatori
1497 3826 1626 3881 qua
1668 3815 1834 3883 gesta

180 3898 429 3967 fuerant,
471 3897 876 3954 nuntiaturus.
911 3897 1159 3953 Sanctus
1188 3896 1454 3967 antistes,
1488 3898 1830 3968 hujusmodi

177 3989 365 4045 turbis
397 4003 515 4043 non
570 3986 901 4055 deterritus,
944 3985 1249 4041 Dominica
1271 3984 1602 4042 Palmarum
1650 3988 1832 4044 sacris

179 4075 477 4132 consuetis
499 4074 608 4130 rite
638 4078 909 4146 operatus
938 4076 1045 4129 est.
1077 4073 1476 4130 Verumtatem
1509 4075 1651 4130 dum
1682 4091 1835 4132 com-

177 4164 514 4235 petentibus
543 4163 801 4219 traderet
830 4160 1185 4235 symbolum,
1218 4178 1252 4217 a
1281 4161 1633 4233 quihusdam
1666 4165 1832 4220 audi-

176 4251 273 4320 vit,
318 4252 465 4324 quod
512 4251 584 4307 ad
629 4252 955 4307 Portianam
998 4250 1285 4307 basilicam
1333 4251 1397 4306 de
1433 4252 1642 4322 palatio
1670 4253 1832 4310 decu-

178 4356 365 4397 manos
402 4341 720 4405 misissent;
769 4343 822 4394 et
866 4339 989 4394 vela
1016 4338 1407 4411 suspenderent
1436 4340 1613 4411 (ibid.,
1664 4358 1828 4398 num.

179 4428 263 4498 4);
323 4432 392 4484 ut
445 4426 719 4483 videlicet
782 4444 817 4481 a
866 4426 1229 4494 Valentiano,
1308 4426 1457 4482 hanc
1523 4428 1830 4486 ecclesiam

1937 3276 2088 3347 perit
2116 3275 2225 3329 hoc
2273 3274 2569 3329 nuntium.
2628 3278 2701 3329 At
2731 3275 2960 3330 etiamsi
2994 3279 3316 3347 persecutio
3346 3280 3448 3337 illa
3494 3282 3590 3338 hic

1939 3362 2159 3418 ﬁnierit
2184 3362 2344 3434 (ibid.
2373 3379 2432 3416 n.
2466 3364 2533 3416 27
2564 3370 2615 3418 ct
2641 3363 2755 3433 28).
2789 3364 3215 3420 nuntiabantur
3242 3370 3438 3425 tamen
3478 3369 3588 3425 im-

1939 3451 2223 3523 peratoris
2279 3450 2453 3506 verba
2508 3450 2809 3518 nonnulla,
2843 3468 2971 3524 quae
3028 3469 3265 3511 securos
3316 3472 3443 3513 esse
3472 3475 3599 3516 non

1940 3539 2313 3613 patiebantur
2340 3539 2575 3595 eosdem
2626 3539 2980 3598 catholicos:
3013 3546 3070 3597 et
3121 3544 3431 3618 Caligonus
3475 3548 3590 3603 Va-

1939 3627 2248 3684 lentiniani
2283 3627 2588 3700 praefectus
2634 3628 2923 3695 cubiculo,
2958 3632 3030 3686 ab
3060 3632 3438 3690 Ambrosium
3472 3637 3588 3691 mi-

1941 3718 2038 3782 sit,
2070 3717 2170 3789 qui
2202 3718 2326 3772 suis
2346 3716 2539 3773 verbis
2581 3716 2630 3772 ei
2665 3716 2919 3775 diceret:
2952 3720 3028 3775 Mc
3056 3723 3195 3787 vivo,
3232 3728 3292 3777 tu
3341 3734 3588 3780 contem-

1940 3808 2030 3862 nis
2066 3806 2561 3862 Valentinianum?
2591 3806 2763 3878 Caput
2791 3808 2895 3863 tibi
2918 3809 3047 3864 tollo
3075 3810 3231 3880 (ibid.
3274 3828 3438 3867 num.
3472 3814 3586 3884 28),

1941 3895 2041 3950 Cui
2075 3910 2423 3967 generosum
2451 3894 2561 3950 hoc
2605 3899 2664 3950 et
2694 3895 2864 3967 plane
2884 3896 3214 3969 episcopale
3238 3916 3601 3972 responsum

1941 3983 2138 4039 dedit:
2178 3987 2325 4038 Deus
2350 3984 2642 4053 permittat
2670 3986 2775 4040 tibi
2802 3988 2861 4039 ut
2892 3986 3123 4056 impleas
3149 3986 3289 4056 quod
3316 3988 3589 4051 minaris;

1940 4088 2038 4141 ego
2068 4072 2219 4125 enim
2246 4072 2437 4142 patiar
2465 4072 2609 4141 quod
2637 4075 2896 4143 epismpi,
2932 4082 2989 4127 tu
3016 4076 3187 4144 facies
3216 4074 3362 4144 quod
3391 4075 3589 4146 spado-

1939 4175 2055 4215 nes.
2088 4159 2361 4228 Ejusdem
2394 4158 2667 4226 snnuchi,
2690 4160 2786 4215 sed
2812 4176 3127 4232 suppresso
3148 4160 3309 4217 illius
3329 4163 3586 4232 nomine,

1940 4247 2288 4303 Ambrosius
2340 4246 2608 4303 meminit
2636 4247 2693 4301 in
2735 4246 3234 4305 Commentatione
3282 4252 3357 4306 De
3389 4252 3591 4324 Joseph

1938 4336 2275 4409 patriarcha,
2310 4336 2408 4391 ubi
2454 4336 2543 4391 ha:
2599 4352 2769 4392 voces
2811 4336 2986 4391 etiam
3017 4336 3295 4410 leguntur
3324 4340 3588 4398 modera-

1942 4426 2118 4482 tionis
2149 4424 2336 4480 sancti
2392 4423 2645 4497 episcopi
2676 4440 2808 4481 vere
2837 4425 3060 4481 indices
3088 4444 3101 4482 :
3132 4428 3210 4483 Nc
3240 4429 3410 4500 ipsius
3465 4432 3588 4502 qui-

179 4517 444 4590 occupari
474 4515 879 4588 vindicarique
911 4514 1331 4586 significarent.
1366 4517 1715 4574 Ambrosius
1756 4520 1829 4576 ah
1858 4541 1907 4605 Β
1939 4515 2062 4570 dem
2090 4529 2365 4570 sermones
2407 4515 2519 4569 mei
2572 4516 2890 4570 meminisse
2944 4514 3193 4585 delectat,
3248 4534 3407 4590 quem
3461 4527 3592 4577 tunc

180 4605 469 4661 offerendo
500 4604 787 4660 sacriﬁcio
816 4620 933 4659 non
963 4603 1306 4671 absistehat,
1328 4620 1463 4661 cum
1489 4607 1825 4665 nuntiatum
1869 4603 1883 4605 θ
1936 4612 2200 4675 ιεήψοηδ
2230 4604 2316 4659 vel
2343 4603 2619 4674 e/fuderit,
2650 4605 2732 4659 vel
2775 4607 3070 4659 extorserit
3096 4606 3350 4663 Ecclesiae
3395 4612 3590 4665 contu-

182 4696 265 4747 est
313 4693 723 4765 presbyterum
765 4692 1082 4762 quemdam
1126 4692 1499 4761 Arianorum,
1531 4695 1833 4752 Castulum

184 4783 439 4848 nomine,
471 4798 507 4837 a
536 4779 752 4853 populo
784 4781 969 4836 fuisse
999 4784 1259 4853 captum.
1284 4781 1346 4836 Id
1367 4782 1679 4855 episcopus
1697 4800 1829 4857 gra-

180 4869 315 4925 viter
343 4869 504 4938 tulit,
535 4873 711 4941 atque
741 4868 1028 4941 extemplo
1058 4869 1430 4942 presbyteros
1459 4887 1526 4927 ac
1556 4872 1832 4930 diaconos

182 4955 291 5013 huc
319 4958 641 5015 destinavit
671 4956 850 5025 (ibid,
885 4973 1049 5013 num.
1078 4959 1115 5012 5
1140 4961 1192 5013 et
1218 4959 1373 5030 περ),
1408 4976 1443 5014 a
1476 4960 1689 5031 quibus
1739 4978 1830 5017 sa-

185 5044 476 5101 criﬁculus
504 5044 872 5101 liberaretur.
904 5044 1141 5101 Justina
1167 5049 1361 5102 tamen
1382 5048 1684 5104 seditionis
1705 5047 1832 5105 loco

187 5131 321 5187 illud
352 5133 670 5206 accipiens,
705 5132 925 5190 multos
963 5133 1179 5189 civium
1208 5135 1457 5205 conjecit
1485 5136 1545 5190 in
1577 5135 1829 5202 vincula,

188 5217 397 5290 palatio
432 5221 743 5293 justitiam
773 5221 1007 5287 indixit,
1029 5237 1393 5295 magnasque
1424 5224 1619 5279 minas
1650 5223 1836 5279 inten-

186 5308 319 5363 tavit
359 5309 771 5382 optimatibus.
816 5311 1089 5365 Attamen
1141 5311 1333 5366 denuo
1373 5310 1541 5367 missi
1591 5316 1731 5366 sunt
1759 5312 1832 5367 ad

184 5396 554 5455 Ambrosium
576 5397 800 5453 tribuni
825 5403 883 5454 et
911 5397 1175 5465 comites,
1201 5399 1299 5471 qui
1326 5415 1461 5455 eum
1482 5399 1555 5453 de
1579 5399 1835 5455 cedenda

188 5498 296 5542 una
320 5485 688 5544 exlbasilicis
709 5485 1125 5559 compellarent
1152 5487 1310 5560 (ibid.
1333 5503 1497 5542 num.
1532 5488 1568 5541 8
1593 5489 1650 5541 et
1672 5493 1836 5559 δρψ).

187 5570 416 5636 Interim
447 5590 585 5637 vero
610 5573 766 5651 iussi
795 5578 936 5636 sunt
956 5574 1177 5641 milites
1190 5575 1267 5638 ad
1278 5589 1414 5638 eam
1432 5575 1851 5652 occupandam-

1940 4694 2113 4747 melia
2143 4691 2265 4762 (lib.
2297 4691 2364 4746 de
2391 4691 2605 4764 Ioseph,
2639 4708 2688 4747 c.
2721 4695 2774 4757 6,
2811 4709 2975 4750 num.
3006 4695 3077 4750 33
3116 4703 3169 4750 et
3220 4697 3377 4768 δρψ).
3438 4696 3587 4752 Sub-

1934 4780 2134 4852 jungit
2157 4785 2353 4836 tamen
2386 4778 2553 4835 illum
2587 4797 2701 4836 non
2734 4780 2919 4837 multo
2952 4787 3084 4855 post
3101 4800 3303 4854 pmnas
3333 4783 3587 4848 dedisse.

1941 4870 2042 4924 sed
2073 4869 2525 4925 condemnatum
2558 4869 2797 4926 alterius
2828 4870 3113 4939 criminis,
3147 4872 3301 4942 quod
3352 4874 3588 4941 Augus-

1941 4957 2100 5014 tinus
2140 4958 2309 5013 nohis
2338 4958 2588 5030 explicat
2615 4958 2675 5013 in
2706 4975 2839 5013 eum
2895 4961 3156 5022 modum,
3219 4958 3585 5026 Galligonum,

1941 5046 2152 5116 inquit,
2182 5046 2556 5101 Valentiniani
2573 5047 2818 5117 junioris
2854 5047 3166 5101 eunuchum
3202 5043 3385 5114 gladio
3431 5048 3586 5101 novi-

1940 5149 2059 5188 mus
2090 5134 2273 5188 ultorc
2305 5136 2583 5203 punitum,
2605 5136 2914 5191 meretricis
2927 5136 3266 5205 confessione
3285 5133 3589 5189 convictum

1944 5220 2064 5292 (lib.
2096 5238 2153 5275 v1
2181 5222 2244 5275 in
2269 5222 2479 5277 Julian.
2511 5239 2561 5277 c.
2595 5223 2705 5295 14).

2012 5309 2101 5363 71.
2127 5307 2250 5362 Dici
2281 5324 2394 5363 non
2419 5313 2610 5379 potest
2630 5326 2805 5380 quam
2837 5311 3208 5365 consternata
3236 5305 3411 5360 fuerit
3436 5307 3588 5365 Mar-

1942 5396 2170 5462 celline,
2205 5395 2304 5449 ubi
2335 5396 2555 5467 primos
2591 5396 2769 5467 hujus
2798 5397 3092 5452 tumultus
3129 5409 3394 5448 rumores
3426 5412 3590 5455 accc-

1942 5485 2046 5558 pit.
2097 5483 2308 5541 Statim
2347 5483 2527 5556 igitur
2556 5485 2775 5540 crebris
2814 5485 3024 5540 litteris
3075 5484 3310 5536 fratrem
3363 5486 3595 5555 rogavit

1942 5579 2010 5636 ut
2038 5591 2102 5637 se
2131 5572 2397 5633 omnium
2428 5572 2642 5634 faceret
2670 5573 2997 5632 certiorem.
3031 5565 3397 5629 Ambrosius
3452 5585 3595 5632 mro
