3944 6216
338 369 416 429 99
1677 354 1866 423 νιΤΑ

1677 354 1866 423 νιΤΑ
1911 355 1976 421 S.
2022 354 2399 422 AMBROSII

3630 357 3748 421 ιοο

337 499 648 555 sollicitam
688 497 759 553 de
790 511 851 553 se
900 510 1159 552 sororem
1191 494 1597 551 charissimam
1634 492 1813 548 animi
1850 509 1983 563 pen-
2016 492 2065 557 Α
2099 493 2349 557 brosius,
2385 494 2732 561 convocatis,
2767 494 2867 566 qui
2900 493 3211 550 Mediolani
3242 499 3380 549 tunc
3427 494 3745 548 versaban-

336 590 470 643 dere
514 602 882 658 nequaquam
930 601 1163 656 passus,
1214 584 1264 639 ei
1318 600 1419 655 per
1462 582 1722 637 ordinem
1789 581 1986 634 omnia

336 675 605 747 scripsit;
638 692 669 730 e
700 676 871 745 cujus
901 672 1145 744 epistola
1185 673 1378 742 (epist.
1408 671 1500 740 20)
1561 688 1687 741 qua-
1745 671 1816 724 de
1876 669 1985 723 hac

335 765 537 820 eadem
587 763 987 833 persecutione
1019 778 1052 815 a
1082 760 1250 815 nobis
1293 765 1530 814 narrata
1561 763 1720 822 sunt,
1781 763 1985 811 mutuo

337 853 721 924 sumpsimus.
758 849 1030 905 Nonnulli
1094 865 1262 919 porro
1321 848 1470 903 hanc
1527 846 1984 919 persecutionem

335 940 598 1011 sequenti
633 954 783 993 anno
813 938 1118 992 excitatam
1155 941 1506 1001 autumant;
1538 936 1638 990 sed
1677 951 1789 989 non
1820 933 1983 989 diffe-

334 1030 573 1085 rendam
602 1027 759 1082 ultra
779 1026 933 1080 hunc
959 1026 1153 1097 ipsum
1180 1023 1719 1079 demonstravimus
1750 1023 1983 1094 proprio

333 1118 459 1173 loco
490 1117 740 1187 (Admon.
775 1117 834 1169 in
864 1116 1021 1185 epist.
1051 1116 1123 1167 20
1151 1117 1203 1167 et
1230 1113 1343 1181 21).

402 1208 493 1261 72.
540 1208 656 1275 (ΑΝ.
706 1203 856 1271 386.)
913 1203 1033 1257 Etsi
1090 1201 1336 1256 Justinaa
1395 1200 1724 1255 vexationes
1783 1199 1983 1272 sopitae

334 1295 695 1357 viderentur,
728 1291 947 1363 optime
978 1297 1172 1345 tamen
1221 1290 1570 1344 Ambrosius
1604 1289 1721 1343 fore
1781 1287 1985 1358 praevi-

334 1384 517 1445 derat,
553 1386 617 1436 ut
650 1397 763 1434 non
796 1379 1089 1451 quisceret
1115 1377 1237 1432 haec
1269 1378 1504 1432 Ariana.
1565 1378 1631 1431 Et
1660 1381 1814 1431 certe
1866 1392 1982 1430 non

334 1472 432 1526 diu
477 1471 674 1525 odium
706 1467 808 1522 illa
837 1466 1161 1522 continuit:
1194 1466 1297 1521 sed
1329 1470 1395 1521 ut
1415 1465 1710 1521 efﬁcacius
1732 1463 1983 1535 cogitata

333 1558 652 1632 perficeret,
695 1556 820 1626 jam
873 1555 1009 1611 inde
1063 1572 1097 1610 a
1143 1569 1343 1610 mense
1397 1553 1681 1609 Januario
1734 1552 1984 1622 hujusce

332 1647 468 1703 anni
502 1645 794 1719 persuasit
820 1644 937 1698 ﬁlio
968 1644 1337 1699 scribendam
1361 1643 1571 1713 legem,
1595 1658 1722 1713 quae
1750 1641 1985 1697 Arianis

331 1737 391 1792 in
437 1734 739 1791 ecclesiam
792 1733 1166 1787 conveniendi
1202 1737 1549 1803 potestatem
1582 1732 1811 1794 faceret,
1862 1747 1982 1801 pm-

333 1840 587 1894 namque
616 1822 825 1893 capitis
853 1823 936 1876 eis
961 1821 1262 1891 irrogaret,
1297 1819 1397 1890 qui
1427 1824 1629 1874 contra
1660 1835 1774 1874 non
1806 1819 1979 1873 modo

336 1911 531 1984 palam
563 1909 940 1972 intercedere,
972 1909 1071 1963 sed
1094 1907 1181 1961 vel
1202 1908 1449 1963 clanculo
1465 1909 1774 1977 supplicare
1796 1912 1982 1961 atten-

332 1999 617 2055 tavissent
646 1997 769 2067 (lib.
819 1996 924 2051 ult.
978 1997 1054 2051 De
1092 1996 1244 2065 ﬁde).
1277 1997 1464 2051 Jussit
1492 1995 1829 2066 imperatrix
1876 1995 1985 2049 Be-

335 2085 627 2151 nevolum,
660 2086 938 2140 Memoriae
964 2084 1187 2138 scriniis
1214 2085 1554 2153 praefectum,
1606 2082 1755 2135 hanc
1794 2080 1983 2152 legem

336 2191 575 2233 exarare
606 2179 782 2244 atque
812 2172 1122 2241 obsignare
1152 2170 1355 2241 (ibid.).
1390 2170 1492 2225 Hic
1514 2185 1666 2233 vero,
1692 2168 1986 2224 conscien-

333 2265 476 2320 tiam
510 2262 689 2317 favori
729 2264 1109 2330 anteponens,
1146 2258 1254 2313 hoc
1284 2258 1646 2322 detrectavit,
1697 2273 1763 2312 ac
1810 2273 1983 2328 prop-

333 2359 492 2408 terea
520 2348 909 2405 libentissimo
952 2347 1145 2403 animo
1203 2346 1423 2402 subivit
1461 2344 1754 2415 exsilium,
1805 2344 1983 2414 hujus

335 2455 567 2513 operam
598 2436 888 2509 supplevit
915 2436 1261 2500 Auxentius,
1297 2434 1396 2506 qui
1432 2450 1517 2498 se,
1540 2438 1606 2489 ut
1632 2433 1982 2488 Ambrosius

334 2528 701 2590 testiﬁcatur,
735 2526 1074 2596 episcopum
1118 2524 1468 2578 Arianorum
1520 2538 1648 2577 esse
1698 2522 1980 2592 jactabat.

335 2616 446 2672 Sed
477 2619 716 2670 sanctus
747 2612 955 2685 praesul
989 2613 1059 2666 de
1091 2612 1187 2667 illo
1220 2612 1301 2667 sic
1334 2609 1596 2682 loquitur
1624 2610 1980 2681 imperatori:

335 2708 481 2760 Nam
507 2720 624 2774 ego,
655 2702 869 2773 inquit,
898 2717 997 2756 nec
1026 2703 1341 2771 episcopum
1364 2701 1515 2764 novi,
1564 2715 1665 2754 nec
1694 2700 1840 2753 unde
1891 2700 1982 2762 sit,

335 2795 445 2848 scio
473 2792 666 2862 (epist.
698 2790 787 2854 2|,
820 2806 984 2844 num.
1017 2789 1094 2858 9).
1127 2788 1523 2843 Nihilominus
1552 2794 1748 2841 tamen
1780 2804 1848 2842 ex
1886 2804 1986 2841 an-

338 2881 521 2936 tistite
565 2884 764 2934 nostro
797 2877 1082 2931 discimus
1112 2875 1277 2930 illum
1308 2892 1377 2930 ex
1407 2875 1642 2946 Scythia
1668 2876 1981 2930 oriundum

337 2985 484 3032 esse,
518 2973 574 3024 et
618 2968 754 3022 inde
811 2982 944 3021 cum
1002 2965 1259 3019 venisset
1322 2962 1735 3032 Mediolanum,
1796 2962 1985 3033 posito

340 3055 648 3114 Mercurini
688 3053 944 3118 nomine,
1004 3054 1115 3106 sub
1171 3068 1286 3123 quo
1341 3051 1690 3106 criminibus
1748 3050 1984 3107 infamis

337 3149 621 3209 evaserat,
671 3143 895 3197 dictum
936 3141 1310 3195 Auxentium.
1339 3139 1564 3211 Quippe
1620 3141 1696 3194 ita
1740 3139 1980 3205 erubuit,

342 3234 423 3289 ait
457 3230 818 3293 Ambrosius,
849 3236 909 3283 ut
937 3232 1174 3282 mutaret
1216 3226 1558 3282 vocabulum:
1592 3227 1776 3296 (scrin.
1809 3235 1975 3281 contr.
2013 3213 2056 3280 C

341 3325 583 3378 Auxent.
617 3335 758 3374 num
788 3317 904 3387 22).
954 3317 1049 3371 Sic
1105 3320 1299 3371 autem
1348 3315 1532 3370 voluit
1574 3332 1635 3370 se
1683 3314 1983 3386 appellari,

340 3411 493 3483 quod
512 3412 758 3481 propter
779 3405 1118 3461 memoriam
1146 3404 1356 3459 veteris
1395 3404 1664 3459 Auxentii
1701 3403 1985 3475 acceptio-

339 3516 463 3554 rem
490 3514 553 3553 se
584 3495 786 3568 paucis
816 3492 956 3559 illis,
987 3497 1046 3547 et
1093 3492 1458 3565 potissimam
1504 3497 1726 3565 partem
1774 3493 1987 3549 exteris

338 3585 572 3641 Arianis
593 3583 691 3656 qui
707 3582 1105 3653 sequebantur
1131 3580 1582 3652 imperatricem,
1626 3581 1745 3635 fore
1786 3581 1984 3637 crede-

339 3677 455 3731 bat.
491 3674 559 3728 Et
584 3668 923 3741 hujusmodi
954 3673 1078 3723 erat
1107 3669 1442 3740 praecipuus
1474 3667 1572 3723 ille
1600 3668 1843 3724 Justinte
1873 3669 1982 3724 mi-

337 3763 539 3828 nister,
594 3777 627 3815 a
674 3775 790 3831 quo
840 3758 1121 3829 scriptum
1155 3758 1264 3811 fuit
1295 3757 1489 3811 dirum
1535 3756 1643 3812 hoc
1702 3757 1980 3823 edictum,

338 3850 493 3923 quod
542 3849 713 3905 ﬂetus
758 3846 996 3918 quidem
1036 3844 1317 3915 expressit
1345 3843 1669 3916 catholicis,
1694 3846 1984 3901 Ambrosii

338 3955 472 3995 vero
504 3941 759 3993 mentem
790 3933 1108 4006 infringere
1138 3932 1381 3989 minime
1409 3933 1609 3989 valuit.

404 4030 496 4082 73.
549 4028 686 4082 Post
742 4024 922 4095 hujus
972 4022 1118 4095 legis
1178 4023 1725 4097 promulgationem,
1785 4025 1985 4081 relicta

339 4118 480 4174 urbe
521 4114 867 4181 Mediolano,
900 4112 1217 4183 imperator
1247 4130 1364 4168 una
1420 4129 1555 4169 cum
1600 4120 1785 4170 matre
1824 4115 1981 4170 Tici-

336 4222 478 4263 num
507 4204 683 4272 venit,
712 4207 770 4258 et
798 4202 1015 4257 ibidem
1044 4200 1232 4274 legem
1289 4202 1471 4257 edidit
1521 4220 1593 4258 xv
1623 4202 1751 4259 Kal.
1809 4203 1977 4259 Mart.

335 4291 660 4349 Verisimile
692 4296 885 4346 autem
920 4294 1009 4344 est
1064 4296 1205 4345 tunc
1257 4291 1595 4363 contigisse,
1657 4297 1723 4346 ut
1777 4292 1979 4349 eadem

336 4384 608 4454 princeps
637 4380 866 4434 cunctis
893 4378 1231 4434 orthodoxis
1270 4394 1502 4451 semper
1528 4380 1760 4447 infesto,
1794 4381 1979 4436 viduae

337 4469 665 4540 depositum
696 4466 1020 4521 Ticinensis
1059 4466 1314 4538 episcopi
1358 4467 1491 4523 ﬁdei
1547 4468 1833 4524 creditum
1890 4485 1982 4526 ex-

2100 588 2213 644 την,
2248 584 2537 655 episcopis
2566 582 2941 655 presbyteris,
2970 584 3040 638 de
3063 584 3338 638 mandato
3360 582 3648 651 imperiali
3674 582 3743 636 ad

2098 689 2196 726 eos
2233 672 2444 727 retulit.
2478 672 2620 727 Cum
2654 673 2842 727 visum
2873 672 3155 727 essetillis
3178 670 3745 726 omnibuslibellum

2095 760 2299 815 Caesari
2344 760 2536 815 offerri
2569 766 2854 831 oportere,
2888 760 3042 817 idem
3073 760 3421 815 Ambrosius
3448 760 3578 829 ejus
3611 759 3752 814 scri-

2096 849 2267 903 bendi
2301 850 2557 919 suscepit
2585 849 2964 920 provinciam.
3008 849 3067 903 In
3101 865 3167 903 eo
3198 849 3469 921 exposuit
3497 848 3748 918 impera-

2094 938 2225 1001 tori,
2260 938 2472 1008 quibus
2507 938 2577 992 de
2621 937 2817 993 causis
2847 938 2904 991 in
2961 937 3173 1009 palatio
3229 953 3426 991 coram
3486 934 3747 1007 profanis

2088 1026 2388 1097 judicihus
2427 1027 2498 1081 de
2531 1026 2642 1080 fide
2692 1027 2989 1095 disputare
3021 1026 3130 1079 sibi
3164 1042 3276 1079 non
3327 1024 3527 1079 liceret
3584 1024 3745 1095 (ibid.

2095 1132 2256 1169 num.
2282 1118 2381 1169 Zet
2400 1118 2533 1184 seq.)
2554 1131 2566 1168 :
2596 1115 2695 1169 sed
2719 1115 2917 1167 eadem
2943 1112 3043 1167 illa
3064 1115 3458 1168 controversia
3478 1114 3538 1166 in
3557 1112 3749 1167 conci-

2090 1205 2166 1259 lio
2199 1203 2501 1257 tractanda
2530 1208 2701 1256 esset.
2747 1201 2971 1269 Adjecit
3027 1201 3199 1255 etiam
3260 1201 3329 1255 ad
3389 1217 3451 1255 se
3499 1199 3745 1255 audien-

2094 1295 2231 1348 dum
2258 1308 2388 1346 cum
2409 1291 2479 1345 de
2511 1291 2623 1345 fide
2644 1291 2967 1345 disserebat
2998 1290 3055 1344 in
3072 1288 3614 1355 Eoclesia,liberum
3629 1288 3749 1344 adi-

2090 1387 2215 1437 tum
2277 1379 2501 1435 cunctis
2559 1384 2790 1450 patere:
2852 1395 2914 1432 se
2972 1379 3031 1432 in
3099 1377 3380 1449 palatium
3430 1381 3744 1432 venturum

2095 1471 2295 1533 fuisse,
2331 1473 2395 1523 ut
2427 1468 2548 1521 haec
2577 1483 2770 1521 coram
2805 1467 3021 1521 diceret
3049 1466 3211 1531 (ibid.
3258 1482 3422 1520 num.
3458 1466 3586 1535 17):
3640 1466 3743 1521 sed

2091 1575 2194 1630 per
2224 1557 2527 1628 episcopos
2558 1560 2614 1611 et
2643 1554 2990 1610 catholicum
3051 1554 3330 1626 populum
3365 1553 3475 1608 sibi
3521 1570 3635 1609 non
3670 1552 3741 1608 li-

2093 1662 2258 1703 cere:
2318 1646 2552 1700 eosdem
2611 1643 2884 1700 similiter
2912 1643 3119 1698 obnixe
3174 1641 3482 1715 prohibere
3513 1641 3745 1713 quomi-

2093 1752 2205 1791 nus
2234 1734 2471 1790 excedat
2501 1731 2824 1787 Mediolano
2852 1749 2865 1797 ;
2908 1747 3217 1802 persuasos
3246 1729 3515 1785 videlicet
3556 1745 3744 1785 unum

2093 1824 2367 1894 idemque
2390 1821 2661 1876 essehoc
2692 1835 2886 1875 rerum
2918 1824 3073 1874 statu
3108 1819 3428 1875 Ecclesium
3454 1819 3743 1886 deserere,

2094 1928 2160 1967 ac
2190 1928 2317 1965 eam
2357 1911 2599 1981 prodere
2626 1908 2933 1963 haereticis.
2987 1907 3194 1962 Postea
3224 1924 3285 1961 se
3338 1907 3467 1978 ipse
3525 1907 3747 1979 recepit

2090 2000 2150 2054 in
2183 1999 2508 2060 ecclesiam,
2542 1997 2641 2051 ubi
2682 2012 2785 2069 per
2812 1995 3182 2066 aliquantum
3237 1995 3519 2066 temporis
3550 1994 3647 2049 die
3678 2011 3744 2051 ac

2093 2094 2258 2143 nocte
2288 2087 2539 2160 populus
2567 2102 2701 2140 eum
2736 2085 2920 2156 sepsit
2950 2084 3482 2154 trequentissimus,
3517 2097 3590 2138 ne
3633 2083 3745 2139 sibi

2093 2193 2196 2249 per
2226 2177 2341 2230 vim
2372 2175 2714 2246 eriperetur.
2776 2174 2843 2228 Et
2872 2189 3015 2228 sane
3062 2172 3229 2227 missi
3274 2172 3346 2226 ab
3394 2171 3748 2242 imperatore

2093 2265 2348 2320 militum
2384 2261 2671 2334 manipuli
2700 2261 3005 2318 ecclesiam
3037 2262 3374 2317 cinxerunt:
3406 2266 3466 2314 at
3493 2260 3621 2330 ipse
3651 2276 3751 2315 ne-

2092 2355 2235 2409 dum
2266 2352 2453 2407 ullum
2501 2353 2795 2423 praeferret
2824 2349 3052 2405 timoris
3095 2348 3403 2416 indicium,
3441 2348 3595 2404 votis
3627 2364 3749 2404 om-

2092 2442 2269 2497 nibus
2300 2440 2604 2513 expetebat
2635 2438 2894 2511 martyrii
2928 2437 3173 2509 gratiam
3202 2453 3215 2491 :
3251 2441 3430 2508 atque
3458 2436 3604 2492 adeo
3646 2453 3747 2509 po-

2094 2529 2299 2601 pulum
2334 2545 2404 2583 ne
2434 2528 2546 2583 sibi
2579 2528 2651 2582 ad
2690 2526 2833 2581 illud
2889 2524 3307 2596 impedimento
3354 2528 3528 2589 esset,
3580 2524 3749 2581 οδω.

2094 2618 2380 2682 stabatur,
2406 2617 2477 2671 ob
2495 2615 2695 2671 oculos
2716 2615 2902 2670 eidem
2922 2629 3145 2686 ponens
3166 2629 3343 2685 quam
3363 2628 3525 2667 vana:
3547 2617 3753 2668 essent

2092 2722 2294 2761 eorum
2327 2704 2601 2768 excubiae,
2652 2720 2787 2758 cum
2817 2707 3041 2775 portam
3075 2706 3332 2775 apertam
3366 2717 3550 2757 caecus
3584 2716 3749 2773 repe-

2094 2796 2286 2862 risset,
2320 2810 2497 2864 quam
2550 2792 2635 2846 illi
2670 2796 3013 2864 putaverant
3062 2790 3374 2861 diligenter
3424 2788 3747 2859 occlusam,

2092 2899 2196 2938 nec
2224 2888 2515 2954 patentem
2546 2880 2977 2952 deprehendere
2997 2878 3215 2934 milites
3236 2882 3564 2949 potuerant.
3591 2878 3749 2935 Dum

2093 2970 2487 3026 custodiretur
2515 2968 2573 3023 in
2606 2967 2868 3036 ecclesia,
2902 2966 3183 3039 populum
3216 2983 3393 3022 suum
3415 2982 3546 3021 cum
3580 2966 3745 3022 Scri-

2093 3064 2400 3131 pturarum
2432 3058 2676 3113 lectione
2708 3061 2833 3112 tum
2868 3057 3125 3126 ipsarum
3185 3054 3543 3126 expositione
3602 3070 3744 3111 con-

2093 3149 2411 3203 solabatur.
2445 3147 2723 3216 Superest
2749 3145 2941 3200 adhuc
2973 3161 3090 3199 una
3118 3160 3148 3199 e
3174 3143 3481 3216 praecipius
3508 3144 3749 3199 concio-

2096 3236 2270 3291 nibus
2303 3251 2403 3307 per
2432 3234 2489 3288 id
2520 3232 2801 3305 temporis
2831 3233 2905 3287 ab
2934 3233 3136 3288 eodem
3179 3231 3380 3287 habita
3426 3232 3624 3301 (sermo
3671 3233 3752 3288 De

2096 3326 2289 3390 Basil.,
2340 3329 2482 3378 tom.
2516 3338 2580 3389 ιι,
2633 3338 2765 3394 pag.
2796 3321 2946 3391 863),
2978 3338 3101 3392 quis
3132 3337 3247 3376 non
3279 3320 3588 3375 minimam
3646 3336 3751 3377 eo-

2095 3430 2227 3468 rum
2257 3416 2573 3467 conatuum
2606 3414 2831 3482 partem
2863 3412 3169 3469 memorat.
3197 3409 3415 3479 quibus
3446 3413 3749 3481 pastorem

2094 3516 2445 3573 gregemque
2475 3499 2824 3555 catholicum
2858 3498 2969 3553 hoc
2997 3498 3174 3553 etiam
3208 3514 3359 3553 anno
3391 3514 3493 3569 per
3544 3513 3753 3555 sacros

2093 3590 2218 3646 dies
2250 3587 2710 3644 Resurrectionis
2744 3586 2962 3641 Ariana
3015 3585 3209 3641 rabies
3241 3586 3547 3641 divexavit.
3603 3591 3752 3643 Am-

2095 3678 2325 3734 brosius
2355 3692 2487 3732 vero
2517 3676 2577 3731 in
2607 3675 2905 3731 communi
2935 3675 3045 3730 hac
3076 3674 3352 3729 maestitia
3381 3678 3589 3745 praeter
3627 3689 3751 3732 me-

2094 3771 2319 3821 morata
2350 3764 2556 3820 solatia
2586 3768 2643 3818 et
2673 3763 2833 3818 aliud
2861 3763 3147 3832 adjunxit,
3181 3762 3459 3817 nimirum
3490 3761 3749 3833 hymno-

2094 3871 2225 3909 rum
2274 3870 2421 3925 quos
2446 3854 2504 3908 in
2538 3853 2814 3907 honorem
2871 3851 3249 3906 divinissimaa
3279 3850 3586 3905 Trinitatis
3616 3850 3747 3923 ipse

2093 3946 2518 4015 composuerat,
2593 3956 2825 3996 sacrum
2886 3944 3250 3995 concentum.
3328 3939 3585 3993 Canebat
3640 3955 3747 3995 eos

2092 4030 2342 4103 hymnos
2388 4034 2546 4085 totus
2577 4027 2828 4101 populus
2859 4045 2993 4084 cum
3045 4030 3205 4082 tanto
3237 4026 3469 4098 pietatis
3500 4026 3746 4083 interio-

2091 4120 2291 4190 risque
2320 4118 2563 4173 atl‘ectus
2591 4123 2773 4181 motu,
2807 4121 2872 4172 ut
2900 4116 3286 4188 lacrymarum
3332 4116 3446 4170 vim
3497 4114 3746 4186 plurimi

2089 4208 2471 4263 effunderent.
2503 4206 2667 4261 Certe
2691 4206 3079 4277 Augustinus,
3112 4204 3320 4260 horum
3352 4203 3620 4259 omnium
3654 4207 3742 4260 te-

2090 4297 2197 4352 stis
2227 4294 2517 4361 oculatus,
2549 4299 2858 4364 postquam
2889 4294 2960 4348 de
2988 4298 3223 4365 parente
3255 4291 3347 4347 his
3404 4292 3598 4348 verbis
3655 4292 3746 4349 lo-

2089 4390 2263 4440 cutus
2293 4388 2417 4439 est:
2451 4383 2533 4438 Ibi
2569 4391 2749 4437 mater
2770 4397 2909 4446 mea,
2944 4382 3151 4436 ancilla
3181 4389 3294 4443 tua,
3345 4381 3745 4437 sollicitudinis

2089 4482 2139 4529 et
2162 4472 2487 4543 vigiliarum
2512 4466 2723 4542 primas
2752 4474 2960 4536 tenens,
2993 4470 3334 4525 orationibus
3364 4469 3577 4524 vivebat
3613 4468 3740 4541 (lib.

338 4564 611 4625 torquere
652 4554 1047 4609 conniteretur
1082 4553 1205 4624 (lib.
1260 4554 1336 4608 De
1393 4555 1552 4625 legat.
1619 4563 1675 4611 et
1731 4556 1977 4631 ἀραῖσι).
2011 4578 2057 4641 D
2088 4578 2145 4617 1x
2173 4561 2407 4631 Con/ess.
2441 4576 2491 4614 c.
2522 4560 2557 4613 6
2604 4562 2661 4614 et
2688 4560 2783 4628 7);
2816 4558 2887 4613 de
2912 4574 2973 4613 se
3005 4574 3238 4629 quoque
3279 4557 3361 4612 ita
3390 4557 3739 4630 subjungit:

337 4646 555 4700 Verum
587 4642 919 4714 episcopus,
950 4658 1010 4696 re
1040 4658 1173 4697 cum
1196 4642 1506 4698 Ambrosio
1523 4646 1977 4713 communicata,

338 4729 672 4808 istiusmodi
702 4729 857 4783 viam
890 4728 1078 4795 inivit,
1113 4745 1230 4799 qua
1268 4730 1552 4787 sanctitas
1581 4733 1979 4804 depositorum

338 4824 499 4879 sarta
526 4823 794 4889 tectaque
824 4816 1216 4872 custodiretur
1246 4816 1368 4889 (lib.
1404 4834 1443 4874 ιι
1476 4819 1628 4891 Ofﬁc.
1653 4837 1702 4876 c.
1733 4823 1870 4894 29.).

404 4911 501 4964 74.
533 4908 672 4963 Inde
693 4906 944 4972 Justina,
975 4904 1175 4977 procul
1201 4906 1380 4962 dubio
1403 4908 1594 4979 magis
1620 4908 1985 4967 inﬂammata

339 5000 399 5056 in
463 4996 864 5061 Ambrosium,
918 4994 1216 5051 acerbiora
1269 4996 1647 5070 gravioraque
1703 5000 1984 5057 adversus

339 5104 473 5144 eum
505 5086 843 5141 machinata
872 5089 978 5140 est.
1014 5083 1119 5139 Ubi
1151 5084 1306 5139 enim
1346 5086 1516 5140 rediit
1566 5086 1981 5156 Mediolanum,

339 5175 665 5233 Dalmatius
696 5174 970 5229 tribunus
1001 5173 1341 5228 acnotarius
1363 5173 1731 5245 imperatoris
1749 5176 1985 5233 nomine

340 5269 609 5320 sanctum
661 5263 851 5317 virum
893 5262 1182 5331 convenit,
1216 5266 1279 5316 ut
1302 5261 1554 5332 judices,
1605 5265 1984 5335 quemadmo-

340 5352 480 5407 dum
511 5351 728 5406 fecerat
753 5349 1098 5415 Auxentius,
1129 5353 1185 5404 et
1213 5349 1337 5421 ipse
1366 5348 1645 5422 deligeret
1665 5351 1859 5423 (epist.
1893 5355 1983 5418 21,

342 5454 507 5493 num.
541 5440 595 5505 1)
622 5456 635 5493 :
672 5437 888 5509 quibus
920 5438 979 5492 in
1018 5436 1232 5509 palatio
1263 5436 1721 5505 considentibus,
1753 5440 1823 5496 de
1853 5440 1987 5497 ﬁdei

343 5542 464 5583 suae
493 5525 783 5598 dogmatis
807 5524 1169 5597 disputaret:
1204 5524 1294 5581 sin
1324 5529 1521 5582 autem
1553 5542 1742 5595 secus,
1796 5527 1987 5585 solum

339 5616 606 5687 verteret,
640 5627 705 5673 ac
732 5611 931 5673 sedem
962 5628 1159 5673 suam
1214 5613 1444 5675 cederet
1497 5616 1806 5677 Auxentio.
1847 5622 1987 5680 Am-

2090 4651 2367 4718 Quantum
2411 4649 2560 4717 ﬂetu,
2591 4646 2803 4718 inquit,
2855 4646 2913 4701 in
2959 4646 3179 4717 hymnis
3205 4650 3259 4700 et
3303 4647 3531 4700 canticis
3575 4662 3745 4702 suave

2088 4738 2338 4794 sonantis
2370 4735 2633 4791 Ecclesiae
2662 4738 2773 4791 tua:
2812 4726 3110 4790 commotus
3147 4735 3383 4789 acriter!
3433 4732 3743 4789 RatiOnem

2093 4832 2289 4881 autem
2322 4825 2381 4879 in
2431 4823 2525 4878 his
2556 4822 2827 4878 cantibus
2857 4822 3221 4877 observatam
3244 4838 3371 4877 esse
3395 4820 3745 4877 occidentali

2094 4914 2361 4971 Ecclesiae
2403 4912 2665 4968 nondum
2705 4912 3003 4976 usitatam,
3058 4910 3433 4981 postmodum
3484 4927 3619 4965 vero
3680 4910 3743 4966 in

2093 5021 2161 5059 ea
2218 5006 2615 5074 propagatam,
2668 4999 2792 5054 haec
2846 4999 3161 5071 Augustini
3191 4999 3367 5054 verba
3407 5001 3739 5054 testantur:

2097 5094 2260 5157 Tunc,
2318 5090 2398 5145 ait
2428 5089 2545 5152 ille,
2603 5088 2796 5159 hymni
2818 5096 2869 5142 et
2894 5089 3118 5158 psalmi,
3177 5090 3239 5142 ut
3287 5094 3619 5143 canerentur
3653 5102 3744 5143 se-

2090 5180 2330 5235 cundum
2356 5193 2564 5233 morem
2611 5179 2959 5232 orientalium
2987 5178 3234 5248 partium
3273 5177 3587 5231 institutum
3636 5179 3740 5242 est,

2092 5272 2141 5325 et
2171 5284 2240 5323 ea:
2269 5268 2364 5323 illo
2395 5268 2454 5321 in
2484 5265 2811 5321 hodiernum
2836 5269 3122 5331 retentum,
3161 5265 3349 5320 multis
3370 5280 3490 5335 3am
3520 5268 3573 5319 et
3598 5280 3746 5337 pene

2093 5357 2342 5412 omnibus
2371 5354 2623 5425 gregibus
2648 5363 2757 5410 tuis
2785 5358 2836 5410 et
2864 5370 2960 5425 per
3007 5363 3209 5411 caetera
3261 5353 3408 5408 orbis
3457 5354 3742 5408 imitanti-

2098 5447 2194 5500 bus
2224 5444 2424 5516 (ibid.).
2456 5444 2671 5499 Eadem
2711 5442 2888 5498 etiam
2944 5442 3015 5497 de
3066 5443 3174 5498 hoc
3229 5442 3502 5497 instituto
3560 5441 3746 5498 tradit

2097 5532 2373 5590 Paulinus
2403 5533 2488 5606 (in
2542 5533 2656 5589 vita
2737 5530 2981 5588 Ambros.
3042 5546 3204 5587 num.
3276 5529 3385 5603 13).
3431 5529 3744 5587 Verumta-

2099 5636 2233 5680 men
2267 5620 2420 5702 quod
2461 5618 2800 5700 psalmodiis
2851 5624 3027 5702 atque
3059 5618 3388 5701 hymondiie
3431 5633 3622 5700 genus
3643 5617 3745 5683 hic
