  <div class='ocr_page' id='page_1' title='image "/cluster/home/n/w/nwhite01/storage/ocr_20150623/14/uva.x000826552/065.png"; bbox 0 0 3944 6216; ppageno 0'>
   <div class='ocr_carea' id='block_1_1' title="bbox 249 367 348 432">
    <p class='ocr_par' dir='ltr' id='par_1_1' title="bbox 249 367 348 432">
     <span class='ocr_line' id='line_1_1' title="bbox 249 367 348 432; baseline 0.051 -5"><span class='ocrx_word' id='word_1_1' title='bbox 249 367 348 432; x_wconf 72' lang='grc'>101</span> 
     </span>
    </p>
   </div>
   <div class='ocr_carea' id='block_1_2' title="bbox 1287 354 2569 436">
    <p class='ocr_par' dir='ltr' id='par_1_2' title="bbox 1287 354 2569 436">
     <span class='ocr_line' id='line_1_2' title="bbox 1287 354 2569 436; baseline 0 -3"><span class='ocrx_word' id='word_1_2' title='bbox 1287 372 1391 434; x_wconf 88' lang='lat' dir='ltr'><strong>EX</strong></span> <span class='ocrx_word' id='word_1_3' title='bbox 1431 370 1620 436; x_wconf 87' lang='lat' dir='ltr'>EJUS</span> <span class='ocrx_word' id='word_1_4' title='bbox 1662 367 2151 432; x_wconf 83' lang='lat' dir='ltr'>POTISSIMUM</span> <span class='ocrx_word' id='word_1_5' title='bbox 2197 354 2569 433; x_wconf 83' lang='lat' dir='ltr'>SCRIPTIS.</span> 
     </span>
    </p>
   </div>
   <div class='ocr_carea' id='block_1_3' title="bbox 3521 371 3639 437">
    <p class='ocr_par' dir='ltr' id='par_1_3' title="bbox 3521 371 3639 437">
     <span class='ocr_line' id='line_1_3' title="bbox 3521 371 3639 437; baseline 0.025 -3"><span class='ocrx_word' id='word_1_6' title='bbox 3521 371 3639 437; x_wconf 71' lang='grc'>102</span> 
     </span>
    </p>
   </div>
   <div class='ocr_carea' id='block_1_4' title="bbox 249 501 3640 578">
    <p class='ocr_par' dir='ltr' id='par_1_4' title="bbox 249 501 3640 578">
     <span class='ocr_line' id='line_1_4' title="bbox 249 501 3640 578; baseline 0.002 -23"><span class='ocrx_word' id='word_1_7' title='bbox 249 501 315 556; x_wconf 85' lang='lat' dir='ltr'>sit</span> <span class='ocrx_word' id='word_1_8' title='bbox 341 502 809 578; x_wconf 79' lang='lat' dir='ltr'>intelligendum,</span> <span class='ocrx_word' id='word_1_9' title='bbox 842 524 955 563; x_wconf 91' lang='lat' dir='ltr'>non</span> <span class='ocrx_word' id='word_1_10' title='bbox 988 507 1131 563; x_wconf 85' lang='lat' dir='ltr'>salis</span> <span class='ocrx_word' id='word_1_11' title='bbox 1157 508 1385 561; x_wconf 82' lang='lat' dir='ltr'>constat</span> <span class='ocrx_word' id='word_1_12' title='bbox 1413 506 1564 558; x_wconf 84' lang='lat' dir='ltr'>inter</span> <span class='ocrx_word' id='word_1_13' title='bbox 1593 507 1877 567; x_wconf 74' lang='lat' dir='ltr'>auctores,</span> <span class='ocrx_word' id='word_1_14' title='bbox 1916 506 1957 568; x_wconf 80' lang='grc' dir='ltr'><strong>Λ</strong></span> <span class='ocrx_word' id='word_1_15' title='bbox 1996 519 2154 555; x_wconf 90' lang='lat' dir='ltr'>mum</span> <span class='ocrx_word' id='word_1_16' title='bbox 2214 520 2400 566; x_wconf 77' lang='lat' dir='ltr'>cxvm,</span> <span class='ocrx_word' id='word_1_17' title='bbox 2463 520 2615 557; x_wconf 85' lang='lat' dir='ltr'>nunc</span> <span class='ocrx_word' id='word_1_18' title='bbox 2690 504 2750 558; x_wconf 87' lang='lat' dir='ltr'>in</span> <span class='ocrx_word' id='word_1_19' title='bbox 2818 504 2984 559; x_wconf 72' lang='lat' dir='ltr'>Lucae</span> <span class='ocrx_word' id='word_1_20' title='bbox 3040 503 3412 575; x_wconf 74' lang='lat' dir='ltr'>Evangelium</span> <span class='ocrx_word' id='word_1_21' title='bbox 3465 509 3640 564; x_wconf 87' lang='lat' dir='ltr'>verba</span> 
     </span>
    </p>
   </div>
   <div class='ocr_carea' id='block_1_5' title="bbox 251 592 1880 665">
    <p class='ocr_par' dir='ltr' id='par_1_5' title="bbox 251 592 1880 665">
     <span class='ocr_line' id='line_1_5' title="bbox 251 592 1880 665; baseline -0.001 -21"><span class='ocrx_word' id='word_1_22' title='bbox 251 607 423 661; x_wconf 82' lang='lat' dir='ltr'>neque</span> <span class='ocrx_word' id='word_1_23' title='bbox 454 593 632 649; x_wconf 87' lang='lat' dir='ltr'>etiam</span> <span class='ocrx_word' id='word_1_24' title='bbox 664 593 842 665; x_wconf 84' lang='lat' dir='ltr'>hujus</span> <span class='ocrx_word' id='word_1_25' title='bbox 872 593 979 651; x_wconf 91' lang='lat' dir='ltr'>loci</span> <span class='ocrx_word' id='word_1_26' title='bbox 1011 598 1098 650; x_wconf 88' lang='lat' dir='ltr'>est</span> <span class='ocrx_word' id='word_1_27' title='bbox 1139 594 1442 665; x_wconf 82' lang='lat' dir='ltr'>operosius</span> <span class='ocrx_word' id='word_1_28' title='bbox 1472 593 1525 645; x_wconf 89' lang='lat' dir='ltr'>id</span> <span class='ocrx_word' id='word_1_29' title='bbox 1562 592 1880 662; x_wconf 83' lang='lat' dir='ltr'>explorare.</span> 
     </span>
    </p>
   </div>
   <div class='ocr_carea' id='block_1_6' title="bbox 309 679 1887 755">
    <p class='ocr_par' dir='ltr' id='par_1_6' title="bbox 309 679 1887 755">
     <span class='ocr_line' id='line_1_6' title="bbox 309 679 1887 755; baseline -0.001 -22"><span class='ocrx_word' id='word_1_30' title='bbox 309 681 393 733; x_wconf 89' lang='grc'>75.</span> <span class='ocrx_word' id='word_1_31' title='bbox 440 680 671 737; x_wconf 90' lang='lat' dir='ltr'>Clarius</span> <span class='ocrx_word' id='word_1_32' title='bbox 731 683 1013 755; x_wconf 82' lang='lat' dir='ltr'>quiddam</span> <span class='ocrx_word' id='word_1_33' title='bbox 1072 687 1248 754; x_wconf 85' lang='lat' dir='ltr'>atque</span> <span class='ocrx_word' id='word_1_34' title='bbox 1304 680 1617 741; x_wconf 68' lang='lat' dir='ltr'>illustrius,</span> <span class='ocrx_word' id='word_1_35' title='bbox 1652 684 1718 733; x_wconf 87' lang='lat' dir='ltr'>ut</span> <span class='ocrx_word' id='word_1_36' title='bbox 1772 679 1887 732; x_wconf 89' lang='lat' dir='ltr'>duo</span> 
     </span>
    </p>
   </div>
   <div class='ocr_carea' id='block_1_7' title="bbox 250 765 1888 842">
    <p class='ocr_par' dir='ltr' id='par_1_7' title="bbox 250 765 1888 842">
     <span class='ocr_line' id='line_1_7' title="bbox 250 765 1888 842; baseline 0 -21"><span class='ocrx_word' id='word_1_37' title='bbox 250 770 543 824; x_wconf 80' lang='lat' dir='ltr'>memorati</span> <span class='ocrx_word' id='word_1_38' title='bbox 576 771 894 842; x_wconf 88' lang='lat' dir='ltr'>scriptores</span> <span class='ocrx_word' id='word_1_39' title='bbox 927 775 1191 834; x_wconf 89' lang='lat' dir='ltr'>narrant,</span> <span class='ocrx_word' id='word_1_40' title='bbox 1224 768 1505 824; x_wconf 85' lang='lat' dir='ltr'>divinitus</span> <span class='ocrx_word' id='word_1_41' title='bbox 1555 765 1788 833; x_wconf 90' lang='lat' dir='ltr'>accidit,</span> <span class='ocrx_word' id='word_1_42' title='bbox 1819 765 1888 821; x_wconf 88' lang='lat' dir='ltr'>ad</span> 
     </span>
    </p>
   </div>
   <div class='ocr_carea' id='block_1_8' title="bbox 244 857 1885 931">
    <p class='ocr_par' dir='ltr' id='par_1_8' title="bbox 244 857 1885 931">
     <span class='ocr_line' id='line_1_8' title="bbox 244 857 1885 931; baseline -0.001 -21"><span class='ocrx_word' id='word_1_43' title='bbox 244 857 603 923; x_wconf 82' lang='lat' dir='ltr'>coercendam,</span> <span class='ocrx_word' id='word_1_44' title='bbox 635 858 829 931; x_wconf 83' lang='lat' dir='ltr'>inquit</span> <span class='ocrx_word' id='word_1_45' title='bbox 878 858 1264 931; x_wconf 83' lang='lat' dir='ltr'>Augustinus,</span> <span class='ocrx_word' id='word_1_46' title='bbox 1309 857 1522 911; x_wconf 86' lang='lat' dir='ltr'>rabiem</span> <span class='ocrx_word' id='word_1_47' title='bbox 1571 857 1885 925; x_wconf 79' lang='lat' dir='ltr'>femineam,</span> 
     </span>
    </p>
   </div>
   <div class='ocr_carea' id='block_1_9' title="bbox 244 944 1889 1019">
    <p class='ocr_par' dir='ltr' id='par_1_9' title="bbox 244 944 1889 1019">
     <span class='ocr_line' id='line_1_9' title="bbox 244 944 1889 1019; baseline -0.001 -20"><span class='ocrx_word' id='word_1_48' title='bbox 244 945 329 999; x_wconf 81' lang='lat' dir='ltr'>sed</span> <span class='ocrx_word' id='word_1_49' title='bbox 353 949 565 1017; x_wconf 81' lang='lat' dir='ltr'>regiam</span> <span class='ocrx_word' id='word_1_50' title='bbox 594 948 750 1019; x_wconf 80' lang='lat' dir='ltr'>(locis</span> <span class='ocrx_word' id='word_1_51' title='bbox 778 948 1008 1017; x_wconf 84' lang='lat' dir='ltr'>citatis).</span> <span class='ocrx_word' id='word_1_52' title='bbox 1049 946 1356 1001; x_wconf 81' lang='lat' dir='ltr'>Enimvero</span> <span class='ocrx_word' id='word_1_53' title='bbox 1397 944 1507 1000; x_wconf 89' lang='lat' dir='ltr'>hac</span> <span class='ocrx_word' id='word_1_54' title='bbox 1542 947 1889 1015; x_wconf 79' lang='lat' dir='ltr'>tempestate</span> 
     </span>
    </p>
   </div>
   <div class='ocr_carea' id='block_1_10' title="bbox 239 1032 1888 1105">
    <p class='ocr_par' dir='ltr' id='par_1_10' title="bbox 239 1032 1888 1105">
     <span class='ocr_line' id='line_1_10' title="bbox 239 1032 1888 1105; baseline -0.002 -17"><span class='ocrx_word' id='word_1_55' title='bbox 239 1049 481 1105; x_wconf 91' lang='lat' dir='ltr'>corpora</span> <span class='ocrx_word' id='word_1_56' title='bbox 507 1035 753 1091; x_wconf 89' lang='lat' dir='ltr'>Protasii</span> <span class='ocrx_word' id='word_1_57' title='bbox 786 1052 851 1091; x_wconf 91' lang='lat' dir='ltr'>ac</span> <span class='ocrx_word' id='word_1_58' title='bbox 884 1035 1143 1091; x_wconf 86' lang='lat' dir='ltr'>Gervasii</span> <span class='ocrx_word' id='word_1_59' title='bbox 1174 1035 1420 1089; x_wconf 81' lang='lat' dir='ltr'>fratrum</span> <span class='ocrx_word' id='word_1_60' title='bbox 1451 1035 1773 1103; x_wconf 83' lang='lat' dir='ltr'>martyrum</span> <span class='ocrx_word' id='word_1_61' title='bbox 1795 1032 1888 1085; x_wconf 90' lang='lat' dir='ltr'>di-</span> 
     </span>
    </p>
   </div>
   <div class='ocr_carea' id='block_1_11' title="bbox 236 1120 1888 1191">
    <p class='ocr_par' dir='ltr' id='par_1_11' title="bbox 236 1120 1888 1191">
     <span class='ocr_line' id='line_1_11' title="bbox 236 1120 1888 1191; baseline 0 -16"><span class='ocrx_word' id='word_1_62' title='bbox 236 1123 369 1176; x_wconf 83' lang='lat' dir='ltr'>vino</span> <span class='ocrx_word' id='word_1_63' title='bbox 400 1123 627 1179; x_wconf 89' lang='lat' dir='ltr'>monitu</span> <span class='ocrx_word' id='word_1_64' title='bbox 653 1123 960 1179; x_wconf 88' lang='lat' dir='ltr'>Ambrosio</span> <span class='ocrx_word' id='word_1_65' title='bbox 988 1127 1187 1178; x_wconf 89' lang='lat' dir='ltr'>nostro</span> <span class='ocrx_word' id='word_1_66' title='bbox 1210 1120 1459 1177; x_wconf 90' lang='lat' dir='ltr'>revelata</span> <span class='ocrx_word' id='word_1_67' title='bbox 1473 1125 1888 1191; x_wconf 89' lang='lat' dir='ltr'>sunt,quorum</span> 
     </span>
    </p>
   </div>
   <div class='ocr_carea' id='block_1_12' title="bbox 233 1207 1888 1278">
    <p class='ocr_par' dir='ltr' id='par_1_12' title="bbox 233 1207 1888 1278">
     <span class='ocr_line' id='line_1_12' title="bbox 233 1207 1888 1278; baseline -0.002 -15"><span class='ocrx_word' id='word_1_68' title='bbox 233 1207 563 1267; x_wconf 85' lang='lat' dir='ltr'>solemnem</span> <span class='ocrx_word' id='word_1_69' title='bbox 613 1210 1110 1275; x_wconf 85' lang='lat' dir='ltr'>exhumationem,</span> <span class='ocrx_word' id='word_1_70' title='bbox 1142 1208 1703 1278; x_wconf 87' lang='lat' dir='ltr'>translationemque</span> <span class='ocrx_word' id='word_1_71' title='bbox 1747 1207 1888 1261; x_wconf 92' lang='lat' dir='ltr'>dum</span> 
     </span>
    </p>
   </div>
   <div class='ocr_carea' id='block_1_13' title="bbox 232 1295 1890 1368">
    <p class='ocr_par' dir='ltr' id='par_1_13' title="bbox 232 1295 1890 1368">
     <span class='ocr_line' id='line_1_13' title="bbox 232 1295 1890 1368; baseline -0.002 -16"><span class='ocrx_word' id='word_1_72' title='bbox 232 1298 415 1353; x_wconf 85' lang='lat' dir='ltr'>refert</span> <span class='ocrx_word' id='word_1_73' title='bbox 442 1299 817 1368; x_wconf 87' lang='lat' dir='ltr'>Ambrosius,</span> <span class='ocrx_word' id='word_1_74' title='bbox 849 1315 956 1355; x_wconf 89' lang='lat' dir='ltr'>nec</span> <span class='ocrx_word' id='word_1_75' title='bbox 988 1312 1289 1354; x_wconf 88' lang='lat' dir='ltr'>sermones</span> <span class='ocrx_word' id='word_1_76' title='bbox 1339 1297 1398 1351; x_wconf 91' lang='lat' dir='ltr'>in</span> <span class='ocrx_word' id='word_1_77' title='bbox 1448 1312 1517 1351; x_wconf 87' lang='lat' dir='ltr'>ea</span> <span class='ocrx_word' id='word_1_78' title='bbox 1563 1295 1890 1350; x_wconf 76' lang='lat' dir='ltr'>celebritate</span> 
     </span>
    </p>
   </div>
   <div class='ocr_carea' id='block_1_14' title="bbox 232 1385 1894 1455">
    <p class='ocr_par' dir='ltr' id='par_1_14' title="bbox 232 1385 1894 1455">
     <span class='ocr_line' id='line_1_14' title="bbox 232 1385 1894 1455; baseline -0.002 -15"><span class='ocrx_word' id='word_1_79' title='bbox 232 1388 338 1442; x_wconf 89' lang='lat' dir='ltr'>abs</span> <span class='ocrx_word' id='word_1_80' title='bbox 383 1403 450 1443; x_wconf 92' lang='lat' dir='ltr'>se</span> <span class='ocrx_word' id='word_1_81' title='bbox 504 1387 757 1453; x_wconf 88' lang='lat' dir='ltr'>habitos,</span> <span class='ocrx_word' id='word_1_82' title='bbox 792 1403 898 1443; x_wconf 90' lang='lat' dir='ltr'>nec</span> <span class='ocrx_word' id='word_1_83' title='bbox 955 1385 1239 1442; x_wconf 88' lang='lat' dir='ltr'>miracula</span> <span class='ocrx_word' id='word_1_84' title='bbox 1286 1401 1498 1455; x_wconf 86' lang='lat' dir='ltr'>magno</span> <span class='ocrx_word' id='word_1_85' title='bbox 1555 1399 1801 1438; x_wconf 90' lang='lat' dir='ltr'>numero</span> <span class='ocrx_word' id='word_1_86' title='bbox 1858 1399 1894 1438; x_wconf 88' lang='lat' dir='ltr'>a</span> 
     </span>
    </p>
   </div>
   <div class='ocr_carea' id='block_1_15' title="bbox 230 1470 1888 1546">
    <p class='ocr_par' dir='ltr' id='par_1_15' title="bbox 230 1470 1888 1546">
     <span class='ocr_line' id='line_1_15' title="bbox 230 1470 1888 1546; baseline -0.002 -18"><span class='ocrx_word' id='word_1_87' title='bbox 230 1474 606 1546; x_wconf 80' lang='lat' dir='ltr'>martyribus</span> <span class='ocrx_word' id='word_1_88' title='bbox 634 1480 772 1529; x_wconf 87' lang='lat' dir='ltr'>tunc</span> <span class='ocrx_word' id='word_1_89' title='bbox 804 1479 1136 1546; x_wconf 87' lang='lat' dir='ltr'>perpetrata</span> <span class='ocrx_word' id='word_1_90' title='bbox 1165 1472 1399 1527; x_wconf 90' lang='lat' dir='ltr'>silentio</span> <span class='ocrx_word' id='word_1_91' title='bbox 1431 1470 1888 1543; x_wconf 61' lang='lat' dir='ltr'>praeterit(epist.</span> 
     </span>
    </p>
   </div>
   <div class='ocr_carea' id='block_1_16' title="bbox 229 1556 1891 1633">
    <p class='ocr_par' dir='ltr' id='par_1_16' title="bbox 229 1556 1891 1633">
     <span class='ocr_line' id='line_1_16' title="bbox 229 1556 1891 1633; baseline -0.002 -16"><span class='ocrx_word' id='word_1_92' title='bbox 229 1564 324 1633; x_wconf 85' lang='lat'>22)</span> <span class='ocrx_word' id='word_1_93' title='bbox 359 1581 373 1618; x_wconf 90' lang='lat'><strong>:</strong></span> <span class='ocrx_word' id='word_1_94' title='bbox 411 1563 536 1617; x_wconf 89' lang='lat' dir='ltr'>imo</span> <span class='ocrx_word' id='word_1_95' title='bbox 569 1579 673 1617; x_wconf 92' lang='lat' dir='ltr'>nec</span> <span class='ocrx_word' id='word_1_96' title='bbox 704 1562 1030 1617; x_wconf 90' lang='lat' dir='ltr'>calumnias</span> <span class='ocrx_word' id='word_1_97' title='bbox 1052 1560 1480 1625; x_wconf 57' lang='lat' dir='ltr'>haereticorum,</span> <span class='ocrx_word' id='word_1_98' title='bbox 1516 1559 1617 1631; x_wconf 87' lang='lat' dir='ltr'>qui</span> <span class='ocrx_word' id='word_1_99' title='bbox 1661 1556 1891 1613; x_wconf 83' lang='lat' dir='ltr'>diabolo</span> 
     </span>
    </p>
   </div>
   <div class='ocr_carea' id='block_1_17' title="bbox 230 1647 1890 1723">
    <p class='ocr_par' dir='ltr' id='par_1_17' title="bbox 230 1647 1890 1723">
     <span class='ocr_line' id='line_1_17' title="bbox 230 1647 1890 1723; baseline -0.002 -19"><span class='ocrx_word' id='word_1_100' title='bbox 230 1652 364 1722; x_wconf 88' lang='lat' dir='ltr'>ipso</span> <span class='ocrx_word' id='word_1_101' title='bbox 397 1651 589 1720; x_wconf 87' lang='lat' dir='ltr'>magis</span> <span class='ocrx_word' id='word_1_102' title='bbox 620 1651 845 1723; x_wconf 83' lang='lat' dir='ltr'>perﬁdi,</span> <span class='ocrx_word' id='word_1_103' title='bbox 880 1667 1026 1722; x_wconf 91' lang='lat' dir='ltr'>quos</span> <span class='ocrx_word' id='word_1_104' title='bbox 1056 1649 1269 1706; x_wconf 84' lang='lat' dir='ltr'>Christi</span> <span class='ocrx_word' id='word_1_105' title='bbox 1300 1652 1585 1719; x_wconf 76' lang='lat' dir='ltr'>martyres</span> <span class='ocrx_word' id='word_1_106' title='bbox 1615 1647 1711 1701; x_wconf 91' lang='lat' dir='ltr'>hic</span> <span class='ocrx_word' id='word_1_107' title='bbox 1740 1647 1890 1701; x_wconf 84' lang='lat' dir='ltr'>fate-</span> 
     </span>
    </p>
   </div>
   <div class='ocr_carea' id='block_1_18' title="bbox 231 1734 1887 1808">
    <p class='ocr_par' dir='ltr' id='par_1_18' title="bbox 231 1734 1887 1808">
     <span class='ocr_line' id='line_1_18' title="bbox 231 1734 1887 1808; baseline -0.004 -14"><span class='ocrx_word' id='word_1_108' title='bbox 231 1740 433 1804; x_wconf 86' lang='lat' dir='ltr'>batur,</span> <span class='ocrx_word' id='word_1_109' title='bbox 466 1738 759 1795; x_wconf 88' lang='lat' dir='ltr'>obstinate</span> <span class='ocrx_word' id='word_1_110' title='bbox 779 1740 950 1808; x_wconf 87' lang='lat' dir='ltr'>juxta</span> <span class='ocrx_word' id='word_1_111' title='bbox 981 1754 1047 1793; x_wconf 92' lang='lat' dir='ltr'>ac</span> <span class='ocrx_word' id='word_1_112' title='bbox 1076 1737 1449 1808; x_wconf 88' lang='lat' dir='ltr'>impudenter</span> <span class='ocrx_word' id='word_1_113' title='bbox 1478 1750 1690 1806; x_wconf 86' lang='lat' dir='ltr'>negare</span> <span class='ocrx_word' id='word_1_114' title='bbox 1712 1734 1887 1788; x_wconf 86' lang='lat' dir='ltr'>aude-</span> 
     </span>
    </p>
   </div>
   <div class='ocr_carea' id='block_1_19' title="bbox 1998 590 3640 664">
    <p class='ocr_par' dir='ltr' id='par_1_19' title="bbox 1998 590 3640 664">
     <span class='ocr_line' id='line_1_19' title="bbox 1998 590 3640 664; baseline 0.006 -23"><span class='ocrx_word' id='word_1_115' title='bbox 1998 590 2215 645; x_wconf 81' lang='lat' dir='ltr'>t&#39;ecisse.</span> <span class='ocrx_word' id='word_1_116' title='bbox 2258 591 2361 655; x_wconf 87' lang='lat' dir='ltr'>Qui</span> <span class='ocrx_word' id='word_1_117' title='bbox 2403 596 2595 646; x_wconf 85' lang='lat' dir='ltr'>autem</span> <span class='ocrx_word' id='word_1_118' title='bbox 2631 598 2945 664; x_wconf 78' lang='lat' dir='ltr'>uirumque</span> <span class='ocrx_word' id='word_1_119' title='bbox 2990 600 3399 664; x_wconf 78' lang='lat' dir='ltr'>argumentum</span> <span class='ocrx_word' id='word_1_120' title='bbox 3450 599 3640 651; x_wconf 73' lang='lat' dir='ltr'>conti-</span> 
     </span>
    </p>
   </div>
   <div class='ocr_carea' id='block_1_20' title="bbox 1997 679 3643 752">
    <p class='ocr_par' dir='ltr' id='par_1_20' title="bbox 1997 679 3643 752">
     <span class='ocr_line' id='line_1_20' title="bbox 1997 679 3643 752; baseline 0.006 -21"><span class='ocrx_word' id='word_1_121' title='bbox 1997 679 2132 731; x_wconf 75' lang='lat' dir='ltr'>nuis</span> <span class='ocrx_word' id='word_1_122' title='bbox 2166 680 2484 735; x_wconf 81' lang='lat' dir='ltr'>Lominicis</span> <span class='ocrx_word' id='word_1_123' title='bbox 2536 682 2607 735; x_wconf 89' lang='lat' dir='ltr'>ad</span> <span class='ocrx_word' id='word_1_124' title='bbox 2656 684 2831 736; x_wconf 78' lang='lat' dir='ltr'>finem</span> <span class='ocrx_word' id='word_1_125' title='bbox 2876 698 3063 752; x_wconf 89' lang='lat' dir='ltr'>usque</span> <span class='ocrx_word' id='word_1_126' title='bbox 3101 686 3413 738; x_wconf 88' lang='lat' dir='ltr'>tractatum</span> <span class='ocrx_word' id='word_1_127' title='bbox 3446 685 3643 741; x_wconf 92' lang='lat' dir='ltr'>volent</span> 
     </span>
    </p>
   </div>
   <div class='ocr_carea' id='block_1_21' title="bbox 1996 765 3639 840">
    <p class='ocr_par' dir='ltr' id='par_1_21' title="bbox 1996 765 3639 840">
     <span class='ocr_line' id='line_1_21' title="bbox 1996 765 3639 840; baseline 0.005 -21"><span class='ocrx_word' id='word_1_128' title='bbox 1996 765 2245 835; x_wconf 80' lang='lat' dir='ltr'>(Admon.</span> <span class='ocrx_word' id='word_1_129' title='bbox 2302 769 2364 822; x_wconf 91' lang='lat' dir='ltr'>in</span> <span class='ocrx_word' id='word_1_130' title='bbox 2420 768 2535 823; x_wconf 90' lang='lat' dir='ltr'>eod.</span> <span class='ocrx_word' id='word_1_131' title='bbox 2593 776 2800 840; x_wconf 86' lang='lat' dir='ltr'>opera),</span> <span class='ocrx_word' id='word_1_132' title='bbox 2849 772 3165 840; x_wconf 87' lang='lat' dir='ltr'>quominus</span> <span class='ocrx_word' id='word_1_133' title='bbox 3215 773 3521 828; x_wconf 86' lang='lat' dir='ltr'>conciones</span> <span class='ocrx_word' id='word_1_134' title='bbox 3580 775 3639 828; x_wconf 92' lang='lat' dir='ltr'>in</span> 
     </span>
    </p>
   </div>
   <div class='ocr_carea' id='block_1_22' title="bbox 2004 855 3639 933">
    <p class='ocr_par' dir='ltr' id='par_1_22' title="bbox 2004 855 3639 933">
     <span class='ocr_line' id='line_1_22' title="bbox 2004 855 3639 933; baseline 0.006 -25"><span class='ocrx_word' id='word_1_135' title='bbox 2004 855 2215 911; x_wconf 82' lang='lat' dir='ltr'>Lucam</span> <span class='ocrx_word' id='word_1_136' title='bbox 2252 855 2519 926; x_wconf 88' lang='lat' dir='ltr'>rejiciant</span> <span class='ocrx_word' id='word_1_137' title='bbox 2547 856 2605 913; x_wconf 91' lang='lat' dir='ltr'>in</span> <span class='ocrx_word' id='word_1_138' title='bbox 2639 861 2979 929; x_wconf 81' lang='lat' dir='ltr'>sequentem</span> <span class='ocrx_word' id='word_1_139' title='bbox 3014 860 3405 924; x_wconf 88' lang='lat' dir='ltr'>annum,nihil</span> <span class='ocrx_word' id='word_1_140' title='bbox 3436 861 3639 933; x_wconf 91' lang='lat' dir='ltr'>prohi-</span> 
     </span>
    </p>
   </div>
   <div class='ocr_carea' id='block_1_23' title="bbox 1997 943 2174 998">
    <p class='ocr_par' dir='ltr' id='par_1_23' title="bbox 1997 943 2174 998">
     <span class='ocr_line' id='line_1_23' title="bbox 1997 943 2174 998; baseline 0.011 -2"><span class='ocrx_word' id='word_1_141' title='bbox 1997 943 2174 998; x_wconf 90' lang='lat' dir='ltr'>bebit.</span> 
     </span>
    </p>
   </div>
   <div class='ocr_carea' id='block_1_24' title="bbox 2064 1031 3639 1106">
    <p class='ocr_par' dir='ltr' id='par_1_24' title="bbox 2064 1031 3639 1106">
     <span class='ocr_line' id='line_1_24' title="bbox 2064 1031 3639 1106; baseline 0.007 -23"><span class='ocrx_word' id='word_1_142' title='bbox 2064 1031 2154 1084; x_wconf 93' lang='lat'>78.</span> <span class='ocrx_word' id='word_1_143' title='bbox 2190 1031 2455 1103; x_wconf 85' lang='lat' dir='ltr'>Episcopi</span> <span class='ocrx_word' id='word_1_144' title='bbox 2487 1033 2730 1088; x_wconf 63' lang='lat' dir='ltr'>[Emilise</span> <span class='ocrx_word' id='word_1_145' title='bbox 2782 1034 3111 1105; x_wconf 69' lang='lat' dir='ltr'>provinciae.</span> <span class='ocrx_word' id='word_1_146' title='bbox 3171 1053 3297 1106; x_wconf 67' lang='lat' dir='ltr'>quae</span> <span class='ocrx_word' id='word_1_147' title='bbox 3348 1054 3503 1092; x_wconf 93' lang='lat' dir='ltr'>nunc</span> <span class='ocrx_word' id='word_1_148' title='bbox 3549 1055 3639 1093; x_wconf 90' lang='lat' dir='ltr'>ar-</span> 
     </span>
    </p>
   </div>
   <div class='ocr_carea' id='block_1_25' title="bbox 1997 1117 3645 1194">
    <p class='ocr_par' dir='ltr' id='par_1_25' title="bbox 1997 1117 3645 1194">
     <span class='ocr_line' id='line_1_25' title="bbox 1997 1117 3645 1194; baseline 0.006 -22"><span class='ocrx_word' id='word_1_149' title='bbox 1997 1117 2431 1190; x_wconf 89' lang='lat' dir='ltr'>chiepiscopatu</span> <span class='ocrx_word' id='word_1_150' title='bbox 2461 1121 2809 1177; x_wconf 85' lang='lat' dir='ltr'>Bononiensi</span> <span class='ocrx_word' id='word_1_151' title='bbox 2838 1124 3375 1194; x_wconf 81' lang='lat' dir='ltr'>comprehenditur,</span> <span class='ocrx_word' id='word_1_152' title='bbox 3395 1126 3645 1182; x_wconf 85' lang='lat' dir='ltr'>Ambro-</span> 
     </span>
    </p>
   </div>
   <div class='ocr_carea' id='block_1_26' title="bbox 1998 1206 3647 1284">
    <p class='ocr_par' dir='ltr' id='par_1_26' title="bbox 1998 1206 3647 1284">
     <span class='ocr_line' id='line_1_26' title="bbox 1998 1206 3647 1284; baseline 0.005 -24"><span class='ocrx_word' id='word_1_153' title='bbox 1998 1207 2154 1260; x_wconf 91' lang='lat' dir='ltr'>sium</span> <span class='ocrx_word' id='word_1_154' title='bbox 2187 1206 2295 1262; x_wconf 92' lang='lat' dir='ltr'>hoc</span> <span class='ocrx_word' id='word_1_155' title='bbox 2326 1225 2480 1263; x_wconf 89' lang='lat' dir='ltr'>anno</span> <span class='ocrx_word' id='word_1_156' title='bbox 2513 1227 2615 1281; x_wconf 84' lang='lat' dir='ltr'>per</span> <span class='ocrx_word' id='word_1_157' title='bbox 2644 1210 2870 1265; x_wconf 81' lang='lat' dir='ltr'>litteras</span> <span class='ocrx_word' id='word_1_158' title='bbox 2920 1212 3342 1267; x_wconf 84' lang='lat' dir='ltr'>consuluerunt</span> <span class='ocrx_word' id='word_1_159' title='bbox 3391 1229 3509 1284; x_wconf 88' lang='lat' dir='ltr'>qua</span> <span class='ocrx_word' id='word_1_160' title='bbox 3554 1213 3647 1270; x_wconf 91' lang='lat' dir='ltr'>die</span> 
     </span>
    </p>
   </div>
   <div class='ocr_carea' id='block_1_27' title="bbox 1999 1296 3641 1371">
    <p class='ocr_par' dir='ltr' id='par_1_27' title="bbox 1999 1296 3641 1371">
     <span class='ocr_line' id='line_1_27' title="bbox 1999 1296 3641 1371; baseline 0.004 -22"><span class='ocrx_word' id='word_1_161' title='bbox 1999 1311 2152 1349; x_wconf 89' lang='lat' dir='ltr'>anno</span> <span class='ocrx_word' id='word_1_162' title='bbox 2184 1296 2445 1366; x_wconf 86' lang='lat' dir='ltr'>proximo</span> <span class='ocrx_word' id='word_1_163' title='bbox 2470 1297 2683 1353; x_wconf 84' lang='lat' dir='ltr'>festum</span> <span class='ocrx_word' id='word_1_164' title='bbox 2714 1299 3012 1353; x_wconf 86' lang='lat' dir='ltr'>Paschatis</span> <span class='ocrx_word' id='word_1_165' title='bbox 3034 1306 3188 1354; x_wconf 83' lang='lat' dir='ltr'>esset</span> <span class='ocrx_word' id='word_1_166' title='bbox 3206 1300 3641 1371; x_wconf 86' lang='lat' dir='ltr'>celebrandum;</span> 
     </span>
    </p>
   </div>
   <div class='ocr_carea' id='block_1_28' title="bbox 2000 1384 3644 1450">
    <p class='ocr_par' dir='ltr' id='par_1_28' title="bbox 2000 1384 3644 1450">
     <span class='ocr_line' id='line_1_28' title="bbox 2000 1384 3644 1450; baseline 0.006 -14"><span class='ocrx_word' id='word_1_167' title='bbox 2000 1384 2216 1437; x_wconf 89' lang='lat' dir='ltr'>etenim</span> <span class='ocrx_word' id='word_1_168' title='bbox 2246 1400 2379 1437; x_wconf 90' lang='lat' dir='ltr'>cum</span> <span class='ocrx_word' id='word_1_169' title='bbox 2409 1386 2528 1439; x_wconf 78' lang='lat' dir='ltr'>fore</span> <span class='ocrx_word' id='word_1_170' title='bbox 2558 1385 2827 1450; x_wconf 85' lang='lat' dir='ltr'>viderint,</span> <span class='ocrx_word' id='word_1_171' title='bbox 2857 1394 2919 1439; x_wconf 87' lang='lat' dir='ltr'>ut</span> <span class='ocrx_word' id='word_1_172' title='bbox 2946 1388 3003 1440; x_wconf 85' lang='lat' dir='ltr'>in</span> <span class='ocrx_word' id='word_1_173' title='bbox 3030 1404 3108 1441; x_wconf 85' lang='lat' dir='ltr'>vu</span> <span class='ocrx_word' id='word_1_174' title='bbox 3139 1387 3262 1444; x_wconf 83' lang='lat' dir='ltr'>Kal.</span> <span class='ocrx_word' id='word_1_175' title='bbox 3285 1389 3468 1444; x_wconf 88' lang='lat' dir='ltr'>Maias</span> <span class='ocrx_word' id='word_1_176' title='bbox 3499 1390 3644 1446; x_wconf 89' lang='lat' dir='ltr'>illud</span> 
     </span>
    </p>
   </div>
   <div class='ocr_carea' id='block_1_29' title="bbox 2000 1471 3645 1547">
    <p class='ocr_par' dir='ltr' id='par_1_29' title="bbox 2000 1471 3645 1547">
     <span class='ocr_line' id='line_1_29' title="bbox 2000 1471 3645 1547; baseline 0.006 -24"><span class='ocrx_word' id='word_1_177' title='bbox 2000 1471 2302 1537; x_wconf 85' lang='lat' dir='ltr'>incideret,</span> <span class='ocrx_word' id='word_1_178' title='bbox 2341 1476 2535 1526; x_wconf 86' lang='lat' dir='ltr'>utrum</span> <span class='ocrx_word' id='word_1_179' title='bbox 2588 1473 2683 1527; x_wconf 89' lang='lat' dir='ltr'>hic</span> <span class='ocrx_word' id='word_1_180' title='bbox 2732 1474 2856 1527; x_wconf 88' lang='lat' dir='ltr'>dies</span> <span class='ocrx_word' id='word_1_181' title='bbox 2907 1476 2979 1528; x_wconf 86' lang='lat' dir='ltr'>ad</span> <span class='ocrx_word' id='word_1_182' title='bbox 3033 1475 3285 1544; x_wconf 85' lang='lat' dir='ltr'>primum</span> <span class='ocrx_word' id='word_1_183' title='bbox 3316 1477 3645 1547; x_wconf 66' lang='lat' dir='ltr'>aequinoctii</span> 
     </span>
    </p>
   </div>
   <div class='ocr_carea' id='block_1_30' title="bbox 2001 1561 3645 1633">
    <p class='ocr_par' dir='ltr' id='par_1_30' title="bbox 2001 1561 3645 1633">
     <span class='ocr_line' id='line_1_30' title="bbox 2001 1561 3645 1633; baseline 0.005 -21"><span class='ocrx_word' id='word_1_184' title='bbox 2001 1574 2263 1613; x_wconf 88' lang='lat' dir='ltr'>mensem</span> <span class='ocrx_word' id='word_1_185' title='bbox 2300 1561 2633 1630; x_wconf 88' lang='lat' dir='ltr'>pertineret,</span> <span class='ocrx_word' id='word_1_186' title='bbox 2665 1561 2750 1614; x_wconf 91' lang='lat' dir='ltr'>illi</span> <span class='ocrx_word' id='word_1_187' title='bbox 2783 1562 3176 1633; x_wconf 82' lang='lat' dir='ltr'>ambigebant.</span> <span class='ocrx_word' id='word_1_188' title='bbox 3213 1563 3423 1617; x_wconf 88' lang='lat' dir='ltr'>Eorum</span> <span class='ocrx_word' id='word_1_189' title='bbox 3470 1565 3645 1621; x_wconf 87' lang='lat' dir='ltr'>inter-</span> 
     </span>
    </p>
   </div>
   <div class='ocr_carea' id='block_1_31' title="bbox 1998 1647 3649 1722">
    <p class='ocr_par' dir='ltr' id='par_1_31' title="bbox 1998 1647 3649 1722">
     <span class='ocr_line' id='line_1_31' title="bbox 1998 1647 3649 1722; baseline 0.005 -22"><span class='ocrx_word' id='word_1_190' title='bbox 1998 1649 2283 1716; x_wconf 81' lang='lat' dir='ltr'>rogationi</span> <span class='ocrx_word' id='word_1_191' title='bbox 2316 1647 2603 1703; x_wconf 83' lang='lat' dir='ltr'>satisfecit</span> <span class='ocrx_word' id='word_1_192' title='bbox 2650 1656 2886 1704; x_wconf 83' lang='lat' dir='ltr'>sanctus</span> <span class='ocrx_word' id='word_1_193' title='bbox 2937 1650 3183 1704; x_wconf 85' lang='lat' dir='ltr'>antistes</span> <span class='ocrx_word' id='word_1_194' title='bbox 3215 1651 3407 1722; x_wconf 86' lang='lat' dir='ltr'>(epist.</span> <span class='ocrx_word' id='word_1_195' title='bbox 3439 1653 3551 1719; x_wconf 87' lang='lat'>23),</span> <span class='ocrx_word' id='word_1_196' title='bbox 3592 1656 3649 1709; x_wconf 90' lang='lat' dir='ltr'>et</span> 
     </span>
    </p>
   </div>
   <div class='ocr_carea' id='block_1_32' title="bbox 1999 1734 3648 1803">
    <p class='ocr_par' dir='ltr' id='par_1_32' title="bbox 1999 1734 3648 1803">
     <span class='ocr_line' id='line_1_32' title="bbox 1999 1734 3648 1803; baseline 0.005 -15"><span class='ocrx_word' id='word_1_197' title='bbox 1999 1735 2208 1789; x_wconf 87' lang='lat' dir='ltr'>solutis</span> <span class='ocrx_word' id='word_1_198' title='bbox 2238 1736 2515 1791; x_wconf 89' lang='lat' dir='ltr'>omnibus</span> <span class='ocrx_word' id='word_1_199' title='bbox 2536 1734 3003 1803; x_wconf 86' lang='lat' dir='ltr'>difﬁcultatibus,</span> <span class='ocrx_word' id='word_1_200' title='bbox 3039 1755 3104 1792; x_wconf 90' lang='lat' dir='ltr'>eo</span> <span class='ocrx_word' id='word_1_201' title='bbox 3138 1737 3229 1793; x_wconf 88' lang='lat' dir='ltr'>die</span> <span class='ocrx_word' id='word_1_202' title='bbox 3260 1746 3648 1796; x_wconf 87' lang='lat' dir='ltr'>memoratum</span> 
     </span>
    </p>
   </div>
   <div class='ocr_carea' id='block_1_33' title="bbox 232 1822 3217 1928">
    <p class='ocr_par' dir='ltr' id='par_1_33' title="bbox 232 1822 3217 1928">
     <span class='ocr_line' id='line_1_33' title="bbox 232 1822 3217 1928; baseline -0.001 -46"><span class='ocrx_word' id='word_1_203' title='bbox 232 1827 401 1882; x_wconf 84' lang='lat' dir='ltr'>bant.</span> <span class='ocrx_word' id='word_1_204' title='bbox 432 1826 825 1896; x_wconf 79' lang='lat' dir='ltr'>Augustinus,</span> <span class='ocrx_word' id='word_1_205' title='bbox 855 1826 955 1897; x_wconf 89' lang='lat' dir='ltr'>qui</span> <span class='ocrx_word' id='word_1_206' title='bbox 992 1842 1246 1897; x_wconf 61' lang='lat' dir='ltr'>praesens</span> <span class='ocrx_word' id='word_1_207' title='bbox 1277 1828 1420 1889; x_wconf 89' lang='lat' dir='ltr'>erat,</span> <span class='ocrx_word' id='word_1_208' title='bbox 1447 1822 1660 1879; x_wconf 88' lang='lat' dir='ltr'>horum</span> <span class='ocrx_word' id='word_1_209' title='bbox 1710 1822 1886 1876; x_wconf 88' lang='lat' dir='ltr'>etiam</span> <span class='ocrx_word' id='word_1_210' title='bbox 1920 1863 1967 1928; x_wconf 83' lang='lat' dir='ltr'><strong>B</strong></span> <span class='ocrx_word' id='word_1_211' title='bbox 1998 1823 2210 1877; x_wconf 83' lang='lat' dir='ltr'>festum</span> <span class='ocrx_word' id='word_1_212' title='bbox 2243 1823 2524 1879; x_wconf 89' lang='lat' dir='ltr'>celebrari</span> <span class='ocrx_word' id='word_1_213' title='bbox 2554 1824 2761 1879; x_wconf 88' lang='lat' dir='ltr'>debere</span> <span class='ocrx_word' id='word_1_214' title='bbox 2791 1824 3029 1896; x_wconf 87' lang='lat' dir='ltr'>planum</span> <span class='ocrx_word' id='word_1_215' title='bbox 3062 1826 3217 1881; x_wconf 70' lang='lat' dir='ltr'>facit.</span> 
     </span>
    </p>
   </div>
   <div class='ocr_carea' id='block_1_34' title="bbox 234 1909 1887 1986">
    <p class='ocr_par' dir='ltr' id='par_1_34' title="bbox 234 1909 1887 1986">
     <span class='ocr_line' id='line_1_34' title="bbox 234 1909 1887 1986; baseline -0.003 -17"><span class='ocrx_word' id='word_1_216' title='bbox 234 1931 358 1970; x_wconf 89' lang='lat' dir='ltr'>non</span> <span class='ocrx_word' id='word_1_217' title='bbox 389 1913 571 1969; x_wconf 90' lang='lat' dir='ltr'>semel</span> <span class='ocrx_word' id='word_1_218' title='bbox 601 1914 869 1969; x_wconf 87' lang='lat' dir='ltr'>meminit</span> <span class='ocrx_word' id='word_1_219' title='bbox 896 1914 1099 1986; x_wconf 82' lang='lat' dir='ltr'>(libJX</span> <span class='ocrx_word' id='word_1_220' title='bbox 1121 1914 1275 1983; x_wconf 82' lang='lat' dir='ltr'>Conf.</span> <span class='ocrx_word' id='word_1_221' title='bbox 1300 1929 1425 1984; x_wconf 88' lang='lat' dir='ltr'>cap.</span> <span class='ocrx_word' id='word_1_222' title='bbox 1458 1928 1568 1977; x_wconf 83' lang='lat' dir='ltr'>vn;</span> <span class='ocrx_word' id='word_1_223' title='bbox 1599 1914 1656 1965; x_wconf 88' lang='lat' dir='ltr'>et</span> <span class='ocrx_word' id='word_1_224' title='bbox 1684 1909 1785 1963; x_wconf 88' lang='lat' dir='ltr'>lib.</span> <span class='ocrx_word' id='word_1_225' title='bbox 1820 1910 1887 1964; x_wconf 87' lang='grc' dir='ltr'>ΙΙ.</span> 
     </span>
    </p>
   </div>
   <div class='ocr_carea' id='block_1_35' title="bbox 233 1997 1891 2072">
    <p class='ocr_par' dir='ltr' id='par_1_35' title="bbox 233 1997 1891 2072">
     <span class='ocr_line' id='line_1_35' title="bbox 233 1997 1891 2072; baseline -0.003 -15"><span class='ocrx_word' id='word_1_226' title='bbox 233 2004 316 2057; x_wconf 91' lang='lat' dir='ltr'>De</span> <span class='ocrx_word' id='word_1_227' title='bbox 341 2018 446 2057; x_wconf 73' lang='lat' dir='ltr'>civ.</span> <span class='ocrx_word' id='word_1_228' title='bbox 476 2002 618 2072; x_wconf 72' lang='lat' dir='ltr'>Dei).</span> <span class='ocrx_word' id='word_1_229' title='bbox 668 2002 952 2057; x_wconf 84' lang='lat' dir='ltr'>Paulinus</span> <span class='ocrx_word' id='word_1_230' title='bbox 1000 2006 1220 2071; x_wconf 90' lang='lat' dir='ltr'>autem,</span> <span class='ocrx_word' id='word_1_231' title='bbox 1260 2019 1295 2055; x_wconf 89' lang='lat' dir='ltr'>a</span> <span class='ocrx_word' id='word_1_232' title='bbox 1337 2016 1452 2072; x_wconf 88' lang='lat' dir='ltr'>quo</span> <span class='ocrx_word' id='word_1_233' title='bbox 1510 1997 1611 2053; x_wconf 89' lang='lat' dir='ltr'>illa</span> <span class='ocrx_word' id='word_1_234' title='bbox 1660 2012 1891 2069; x_wconf 87' lang='lat' dir='ltr'>quoque</span> 
     </span>
    </p>
   </div>
   <div class='ocr_carea' id='block_1_36' title="bbox 238 2086 1890 2160">
    <p class='ocr_par' dir='ltr' id='par_1_36' title="bbox 238 2086 1890 2160">
     <span class='ocr_line' id='line_1_36' title="bbox 238 2086 1890 2160; baseline -0.003 -16"><span class='ocrx_word' id='word_1_235' title='bbox 238 2107 360 2144; x_wconf 90' lang='lat' dir='ltr'>non</span> <span class='ocrx_word' id='word_1_236' title='bbox 390 2090 767 2157; x_wconf 89' lang='lat' dir='ltr'>omittuntur,</span> <span class='ocrx_word' id='word_1_237' title='bbox 795 2089 1077 2160; x_wconf 81' lang='lat' dir='ltr'>adjuncta</span> <span class='ocrx_word' id='word_1_238' title='bbox 1106 2088 1377 2160; x_wconf 73' lang='lat' dir='ltr'>quaedam</span> <span class='ocrx_word' id='word_1_239' title='bbox 1406 2086 1586 2157; x_wconf 88' lang='lat' dir='ltr'>hujus</span> <span class='ocrx_word' id='word_1_240' title='bbox 1621 2099 1890 2157; x_wconf 90' lang='lat' dir='ltr'>persecu-</span> 
     </span>
    </p>
   </div>
   <div class='ocr_carea' id='block_1_37' title="bbox 234 2173 1892 2248">
    <p class='ocr_par' dir='ltr' id='par_1_37' title="bbox 234 2173 1892 2248">
     <span class='ocr_line' id='line_1_37' title="bbox 234 2173 1892 2248; baseline -0.004 -15"><span class='ocrx_word' id='word_1_241' title='bbox 234 2177 422 2233; x_wconf 87' lang='lat' dir='ltr'>tionis</span> <span class='ocrx_word' id='word_1_242' title='bbox 462 2178 758 2233; x_wconf 73' lang='lat' dir='ltr'>memorize</span> <span class='ocrx_word' id='word_1_243' title='bbox 814 2178 1092 2248; x_wconf 88' lang='lat' dir='ltr'>prodidit,</span> <span class='ocrx_word' id='word_1_244' title='bbox 1127 2193 1256 2247; x_wconf 60' lang='lat' dir='ltr'>quas</span> <span class='ocrx_word' id='word_1_245' title='bbox 1312 2173 1659 2230; x_wconf 87' lang='lat' dir='ltr'>Ambrosius</span> <span class='ocrx_word' id='word_1_246' title='bbox 1715 2178 1892 2244; x_wconf 88' lang='lat' dir='ltr'>atque</span> 
     </span>
    </p>
   </div>
   <div class='ocr_carea' id='block_1_38' title="bbox 236 2262 1894 2337">
    <p class='ocr_par' dir='ltr' id='par_1_38' title="bbox 236 2262 1894 2337">
     <span class='ocr_line' id='line_1_38' title="bbox 236 2262 1894 2337; baseline -0.003 -16"><span class='ocrx_word' id='word_1_247' title='bbox 236 2265 607 2337; x_wconf 81' lang='lat' dir='ltr'>Augustinus</span> <span class='ocrx_word' id='word_1_248' title='bbox 638 2266 940 2321; x_wconf 90' lang='lat' dir='ltr'>reticuere.</span> <span class='ocrx_word' id='word_1_249' title='bbox 975 2264 1327 2336; x_wconf 83' lang='lat' dir='ltr'>Hujusmodi</span> <span class='ocrx_word' id='word_1_250' title='bbox 1374 2268 1463 2319; x_wconf 86' lang='lat' dir='ltr'>est</span> <span class='ocrx_word' id='word_1_251' title='bbox 1509 2262 1663 2334; x_wconf 89' lang='lat' dir='ltr'>quod</span> <span class='ocrx_word' id='word_1_252' title='bbox 1693 2265 1894 2316; x_wconf 89' lang='lat' dir='ltr'>narrat</span> 
     </span>
    </p>
   </div>
   <div class='ocr_carea' id='block_1_39' title="bbox 241 2349 1892 2425">
    <p class='ocr_par' dir='ltr' id='par_1_39' title="bbox 241 2349 1892 2425">
     <span class='ocr_line' id='line_1_39' title="bbox 241 2349 1892 2425; baseline -0.004 -16"><span class='ocrx_word' id='word_1_253' title='bbox 241 2355 316 2410; x_wconf 89' lang='lat' dir='ltr'>de</span> <span class='ocrx_word' id='word_1_254' title='bbox 349 2353 663 2425; x_wconf 83' lang='lat' dir='ltr'>Euthymio</span> <span class='ocrx_word' id='word_1_255' title='bbox 707 2354 792 2425; x_wconf 85' lang='lat' dir='ltr'>(in</span> <span class='ocrx_word' id='word_1_256' title='bbox 824 2354 944 2410; x_wconf 82' lang='lat' dir='ltr'>Vita</span> <span class='ocrx_word' id='word_1_257' title='bbox 970 2354 1157 2409; x_wconf 84' lang='lat' dir='ltr'>Ambr.</span> <span class='ocrx_word' id='word_1_258' title='bbox 1192 2369 1357 2407; x_wconf 89' lang='lat' dir='ltr'>num.</span> <span class='ocrx_word' id='word_1_259' title='bbox 1392 2353 1458 2405; x_wconf 80' lang='grc'>14</span> <span class='ocrx_word' id='word_1_260' title='bbox 1488 2354 1541 2406; x_wconf 90' lang='lat' dir='ltr'>et</span> <span class='ocrx_word' id='word_1_261' title='bbox 1566 2351 1756 2421; x_wconf 87' lang='lat' dir='ltr'>seqq.),</span> <span class='ocrx_word' id='word_1_262' title='bbox 1792 2349 1892 2421; x_wconf 91' lang='lat' dir='ltr'>qui</span> 
     </span>
    </p>
   </div>
   <div class='ocr_carea' id='block_1_40' title="bbox 240 2439 1892 2514">
    <p class='ocr_par' dir='ltr' id='par_1_40' title="bbox 240 2439 1892 2514">
     <span class='ocr_line' id='line_1_40' title="bbox 240 2439 1892 2514; baseline -0.004 -16"><span class='ocrx_word' id='word_1_263' title='bbox 240 2459 381 2499; x_wconf 90' lang='lat' dir='ltr'>cum</span> <span class='ocrx_word' id='word_1_264' title='bbox 433 2442 710 2498; x_wconf 87' lang='lat' dir='ltr'>mandato</span> <span class='ocrx_word' id='word_1_265' title='bbox 771 2442 1161 2514; x_wconf 88' lang='lat' dir='ltr'>imperatricis</span> <span class='ocrx_word' id='word_1_266' title='bbox 1215 2439 1552 2496; x_wconf 88' lang='lat' dir='ltr'>vehiculum</span> <span class='ocrx_word' id='word_1_267' title='bbox 1608 2442 1892 2510; x_wconf 86' lang='lat' dir='ltr'>parasset,</span> 
     </span>
    </p>
   </div>
   <div class='ocr_carea' id='block_1_41' title="bbox 243 2525 1892 2603">
    <p class='ocr_par' dir='ltr' id='par_1_41' title="bbox 243 2525 1892 2603">
     <span class='ocr_line' id='line_1_41' title="bbox 243 2525 1892 2603; baseline -0.004 -16"><span class='ocrx_word' id='word_1_268' title='bbox 243 2548 363 2603; x_wconf 90' lang='lat' dir='ltr'>quo</span> <span class='ocrx_word' id='word_1_269' title='bbox 412 2534 683 2586; x_wconf 86' lang='lat' dir='ltr'>sanctum</span> <span class='ocrx_word' id='word_1_270' title='bbox 737 2531 1053 2586; x_wconf 84' lang='lat' dir='ltr'>antistitem</span> <span class='ocrx_word' id='word_1_271' title='bbox 1101 2533 1428 2602; x_wconf 84' lang='lat' dir='ltr'>exportaret</span> <span class='ocrx_word' id='word_1_272' title='bbox 1482 2527 1542 2583; x_wconf 91' lang='lat' dir='ltr'>in</span> <span class='ocrx_word' id='word_1_273' title='bbox 1599 2525 1892 2591; x_wconf 84' lang='lat' dir='ltr'>exsilium,</span> 
     </span>
    </p>
   </div>
   <div class='ocr_carea' id='block_1_42' title="bbox 242 2615 1893 2692">
    <p class='ocr_par' dir='ltr' id='par_1_42' title="bbox 242 2615 1893 2692">
     <span class='ocr_line' id='line_1_42' title="bbox 242 2615 1893 2692; baseline -0.004 -16"><span class='ocrx_word' id='word_1_274' title='bbox 242 2618 517 2692; x_wconf 87' lang='lat' dir='ltr'>sequenti</span> <span class='ocrx_word' id='word_1_275' title='bbox 548 2635 699 2674; x_wconf 89' lang='lat' dir='ltr'>anno</span> <span class='ocrx_word' id='word_1_276' title='bbox 722 2618 913 2674; x_wconf 90' lang='lat' dir='ltr'>solum</span> <span class='ocrx_word' id='word_1_277' title='bbox 938 2622 1157 2674; x_wconf 87' lang='lat' dir='ltr'>vertere</span> <span class='ocrx_word' id='word_1_278' title='bbox 1185 2617 1434 2690; x_wconf 88' lang='lat' dir='ltr'>ipsemet</span> <span class='ocrx_word' id='word_1_279' title='bbox 1455 2615 1893 2687; x_wconf 89' lang='lat' dir='ltr'>jussus,eodem</span> 
     </span>
    </p>
   </div>
   <div class='ocr_carea' id='block_1_43' title="bbox 243 2704 1894 2780">
    <p class='ocr_par' dir='ltr' id='par_1_43' title="bbox 243 2704 1894 2780">
     <span class='ocr_line' id='line_1_43' title="bbox 243 2704 1894 2780; baseline -0.004 -16"><span class='ocrx_word' id='word_1_280' title='bbox 243 2725 424 2764; x_wconf 90' lang='lat' dir='ltr'>curru</span> <span class='ocrx_word' id='word_1_281' title='bbox 455 2708 645 2780; x_wconf 88' lang='lat' dir='ltr'>patria</span> <span class='ocrx_word' id='word_1_282' title='bbox 672 2707 947 2763; x_wconf 86' lang='lat' dir='ltr'>excedere</span> <span class='ocrx_word' id='word_1_283' title='bbox 994 2711 1231 2762; x_wconf 91' lang='lat' dir='ltr'>coactus</span> <span class='ocrx_word' id='word_1_284' title='bbox 1280 2705 1408 2761; x_wconf 91' lang='lat' dir='ltr'>fuit.</span> <span class='ocrx_word' id='word_1_285' title='bbox 1445 2705 1553 2761; x_wconf 87' lang='lat' dir='ltr'>Sed</span> <span class='ocrx_word' id='word_1_286' title='bbox 1603 2704 1716 2759; x_wconf 89' lang='lat' dir='ltr'>utri</span> <span class='ocrx_word' id='word_1_287' title='bbox 1764 2720 1894 2774; x_wconf 89' lang='lat' dir='ltr'>per-</span> 
     </span>
    </p>
   </div>
   <div class='ocr_carea' id='block_1_44' title="bbox 244 2791 1896 2865">
    <p class='ocr_par' dir='ltr' id='par_1_44' title="bbox 244 2791 1896 2865">
     <span class='ocr_line' id='line_1_44' title="bbox 244 2791 1896 2865; baseline -0.005 -12"><span class='ocrx_word' id='word_1_288' title='bbox 244 2795 535 2853; x_wconf 87' lang='lat' dir='ltr'>secutioni</span> <span class='ocrx_word' id='word_1_289' title='bbox 554 2795 662 2851; x_wconf 89' lang='lat' dir='ltr'>hoc</span> <span class='ocrx_word' id='word_1_290' title='bbox 686 2795 1208 2857; x_wconf 85' lang='lat' dir='ltr'>tribuendum.non</span> <span class='ocrx_word' id='word_1_291' title='bbox 1230 2792 1769 2865; x_wconf 86' lang='lat' dir='ltr'>explicuit.Circiter</span> <span class='ocrx_word' id='word_1_292' title='bbox 1787 2791 1896 2846; x_wconf 89' lang='lat' dir='ltr'>hoc</span> 
     </span>
    </p>
   </div>
   <div class='ocr_carea' id='block_1_45' title="bbox 244 2880 1895 2956">
    <p class='ocr_par' dir='ltr' id='par_1_45' title="bbox 244 2880 1895 2956">
     <span class='ocr_line' id='line_1_45' title="bbox 244 2880 1895 2956; baseline -0.005 -15"><span class='ocrx_word' id='word_1_293' title='bbox 244 2886 427 2942; x_wconf 83' lang='lat' dir='ltr'>etiam</span> <span class='ocrx_word' id='word_1_294' title='bbox 473 2889 701 2956; x_wconf 86' lang='lat' dir='ltr'>tempus</span> <span class='ocrx_word' id='word_1_295' title='bbox 750 2883 1010 2939; x_wconf 88' lang='lat' dir='ltr'>evenisse</span> <span class='ocrx_word' id='word_1_296' title='bbox 1066 2883 1222 2938; x_wconf 90' lang='lat' dir='ltr'>idem</span> <span class='ocrx_word' id='word_1_297' title='bbox 1284 2882 1512 2947; x_wconf 89' lang='lat' dir='ltr'>asserit,</span> <span class='ocrx_word' id='word_1_298' title='bbox 1564 2885 1628 2935; x_wconf 90' lang='lat' dir='ltr'>ut</span> <span class='ocrx_word' id='word_1_299' title='bbox 1675 2880 1734 2935; x_wconf 92' lang='lat' dir='ltr'>in</span> <span class='ocrx_word' id='word_1_300' title='bbox 1790 2880 1895 2934; x_wconf 86' lang='lat' dir='ltr'>Ec-</span> 
     </span>
    </p>
   </div>
   <div class='ocr_carea' id='block_1_46' title="bbox 246 2967 1894 3043">
    <p class='ocr_par' dir='ltr' id='par_1_46' title="bbox 246 2967 1894 3043">
     <span class='ocr_line' id='line_1_46' title="bbox 246 2967 1894 3043; baseline -0.006 -13"><span class='ocrx_word' id='word_1_301' title='bbox 246 2972 443 3030; x_wconf 65' lang='lat' dir='ltr'>clesia</span> <span class='ocrx_word' id='word_1_302' title='bbox 472 2972 764 3043; x_wconf 84' lang='lat' dir='ltr'>gremium</span> <span class='ocrx_word' id='word_1_303' title='bbox 814 2975 1200 3026; x_wconf 86' lang='lat' dir='ltr'>reverteretur</span> <span class='ocrx_word' id='word_1_304' title='bbox 1240 2970 1481 3042; x_wconf 86' lang='lat' dir='ltr'>quidam</span> <span class='ocrx_word' id='word_1_305' title='bbox 1530 2985 1598 3024; x_wconf 83' lang='lat' dir='ltr'>ex</span> <span class='ocrx_word' id='word_1_306' title='bbox 1642 2967 1894 3034; x_wconf 90' lang='lat' dir='ltr'>Arianis,</span> 
     </span>
    </p>
   </div>
   <div class='ocr_carea' id='block_1_47' title="bbox 245 3058 1897 3133">
    <p class='ocr_par' dir='ltr' id='par_1_47' title="bbox 245 3058 1897 3133">
     <span class='ocr_line' id='line_1_47' title="bbox 245 3058 1897 3133; baseline -0.001 -16"><span class='ocrx_word' id='word_1_307' title='bbox 245 3061 407 3133; x_wconf 82' lang='lat' dir='ltr'>(Ibid.</span> <span class='ocrx_word' id='word_1_308' title='bbox 442 3076 610 3115; x_wconf 91' lang='lat' dir='ltr'>num.</span> <span class='ocrx_word' id='word_1_309' title='bbox 643 3061 752 3131; x_wconf 83' lang='lat'>17),</span> <span class='ocrx_word' id='word_1_310' title='bbox 781 3059 882 3132; x_wconf 90' lang='lat' dir='ltr'>qui</span> <span class='ocrx_word' id='word_1_311' title='bbox 913 3058 1187 3132; x_wconf 86' lang='lat' dir='ltr'>angelum</span> <span class='ocrx_word' id='word_1_312' title='bbox 1213 3063 1415 3115; x_wconf 89' lang='lat' dir='ltr'>sancto</span> <span class='ocrx_word' id='word_1_313' title='bbox 1444 3058 1565 3113; x_wconf 90' lang='lat' dir='ltr'>viro</span> <span class='ocrx_word' id='word_1_314' title='bbox 1610 3063 1897 3115; x_wconf 85' lang='lat' dir='ltr'>astantem</span> 
     </span>
    </p>
   </div>
   <div class='ocr_carea' id='block_1_48' title="bbox 244 3146 1896 3219">
    <p class='ocr_par' dir='ltr' id='par_1_48' title="bbox 244 3146 1896 3219">
     <span class='ocr_line' id='line_1_48' title="bbox 244 3146 1896 3219; baseline -0.002 -13"><span class='ocrx_word' id='word_1_315' title='bbox 244 3166 313 3206; x_wconf 88' lang='lat' dir='ltr'>se</span> <span class='ocrx_word' id='word_1_316' title='bbox 350 3149 573 3205; x_wconf 87' lang='lat' dir='ltr'>vidisse</span> <span class='ocrx_word' id='word_1_317' title='bbox 622 3147 833 3217; x_wconf 87' lang='lat' dir='ltr'>aiebat,</span> <span class='ocrx_word' id='word_1_318' title='bbox 864 3155 927 3204; x_wconf 90' lang='lat' dir='ltr'>et</span> <span class='ocrx_word' id='word_1_319' title='bbox 972 3164 1101 3219; x_wconf 72' lang='lat' dir='ltr'>quis</span> <span class='ocrx_word' id='word_1_320' title='bbox 1151 3146 1366 3219; x_wconf 91' lang='lat' dir='ltr'>populo</span> <span class='ocrx_word' id='word_1_321' title='bbox 1423 3152 1735 3218; x_wconf 89' lang='lat' dir='ltr'>exponeret</span> <span class='ocrx_word' id='word_1_322' title='bbox 1783 3146 1896 3219; x_wconf 90' lang='lat' dir='ltr'>ipsi</span> 
     </span>
    </p>
   </div>
   <div class='ocr_carea' id='block_1_49' title="bbox 246 3241 689 3310">
    <p class='ocr_par' dir='ltr' id='par_1_49' title="bbox 246 3241 689 3310">
     <span class='ocr_line' id='line_1_49' title="bbox 246 3241 689 3310; baseline -0.009 -15"><span class='ocrx_word' id='word_1_323' title='bbox 246 3241 689 3310; x_wconf 84' lang='lat' dir='ltr'>suggerentem.</span> 
     </span>
    </p>
   </div>
   <div class='ocr_carea' id='block_1_50' title="bbox 316 3323 1895 3395">
    <p class='ocr_par' dir='ltr' id='par_1_50' title="bbox 316 3323 1895 3395">
     <span class='ocr_line' id='line_1_50' title="bbox 316 3323 1895 3395; baseline -0.001 -15"><span class='ocrx_word' id='word_1_324' title='bbox 316 3328 411 3382; x_wconf 87' lang='lat'>76.</span> <span class='ocrx_word' id='word_1_325' title='bbox 446 3326 530 3382; x_wconf 80' lang='lat' dir='ltr'>Re</span> <span class='ocrx_word' id='word_1_326' title='bbox 558 3341 695 3380; x_wconf 89' lang='lat' dir='ltr'>vera</span> <span class='ocrx_word' id='word_1_327' title='bbox 721 3324 963 3381; x_wconf 90' lang='lat' dir='ltr'>minime</span> <span class='ocrx_word' id='word_1_328' title='bbox 993 3325 1311 3380; x_wconf 89' lang='lat' dir='ltr'>obscurum</span> <span class='ocrx_word' id='word_1_329' title='bbox 1337 3327 1426 3379; x_wconf 91' lang='lat' dir='ltr'>est</span> <span class='ocrx_word' id='word_1_330' title='bbox 1453 3323 1563 3379; x_wconf 88' lang='lat' dir='ltr'>hac</span> <span class='ocrx_word' id='word_1_331' title='bbox 1591 3323 1721 3395; x_wconf 80' lang='lat' dir='ltr'>ipsa</span> <span class='ocrx_word' id='word_1_332' title='bbox 1749 3327 1895 3379; x_wconf 89' lang='lat' dir='ltr'>tem-</span> 
     </span>
    </p>
   </div>
   <div class='ocr_carea' id='block_1_51' title="bbox 248 3410 1899 3488">
    <p class='ocr_par' dir='ltr' id='par_1_51' title="bbox 248 3410 1899 3488">
     <span class='ocr_line' id='line_1_51' title="bbox 248 3410 1899 3488; baseline -0.003 -17"><span class='ocrx_word' id='word_1_333' title='bbox 248 3419 479 3488; x_wconf 86' lang='lat' dir='ltr'>pestate</span> <span class='ocrx_word' id='word_1_334' title='bbox 509 3413 916 3485; x_wconf 89' lang='lat' dir='ltr'>pronuntiatos</span> <span class='ocrx_word' id='word_1_335' title='bbox 936 3429 1065 3469; x_wconf 88' lang='lat' dir='ltr'>esse</span> <span class='ocrx_word' id='word_1_336' title='bbox 1093 3412 1225 3468; x_wconf 90' lang='lat' dir='ltr'>illos</span> <span class='ocrx_word' id='word_1_337' title='bbox 1257 3427 1652 3477; x_wconf 88' lang='lat' dir='ltr'>sermones,ex</span> <span class='ocrx_word' id='word_1_338' title='bbox 1682 3410 1899 3483; x_wconf 89' lang='lat' dir='ltr'>quibus</span> 
     </span>
    </p>
   </div>
   <div class='ocr_carea' id='block_1_52' title="bbox 247 3498 1900 3575">
    <p class='ocr_par' dir='ltr' id='par_1_52' title="bbox 247 3498 1900 3575">
     <span class='ocr_line' id='line_1_52' title="bbox 247 3498 1900 3575; baseline -0.003 -17"><span class='ocrx_word' id='word_1_339' title='bbox 247 3501 746 3575; x_wconf 66' lang='lat' dir='ltr'>praestantissima</span> <span class='ocrx_word' id='word_1_340' title='bbox 798 3499 985 3556; x_wconf 81' lang='lat' dir='ltr'>sancti</span> <span class='ocrx_word' id='word_1_341' title='bbox 1033 3500 1288 3555; x_wconf 90' lang='lat' dir='ltr'>doctoris</span> <span class='ocrx_word' id='word_1_342' title='bbox 1343 3515 1518 3571; x_wconf 85' lang='lat' dir='ltr'>opera</span> <span class='ocrx_word' id='word_1_343' title='bbox 1575 3498 1900 3570; x_wconf 90' lang='lat' dir='ltr'>composita</span> 
     </span>
    </p>
   </div>
   <div class='ocr_carea' id='block_1_53' title="bbox 240 3587 1901 3661">
    <p class='ocr_par' dir='ltr' id='par_1_53' title="bbox 240 3587 1901 3661">
     <span class='ocr_line' id='line_1_53' title="bbox 240 3587 1901 3661; baseline -0.002 -14"><span class='ocrx_word' id='word_1_344' title='bbox 240 3595 409 3648; x_wconf 87' lang='lat' dir='ltr'>sunt.</span> <span class='ocrx_word' id='word_1_345' title='bbox 441 3590 725 3660; x_wconf 74' lang='lat' dir='ltr'>Expositio</span> <span class='ocrx_word' id='word_1_346' title='bbox 751 3591 814 3644; x_wconf 89' lang='lat' dir='ltr'>in</span> <span class='ocrx_word' id='word_1_347' title='bbox 855 3590 1129 3661; x_wconf 76' lang='lat' dir='ltr'>psalmum</span> <span class='ocrx_word' id='word_1_348' title='bbox 1177 3605 1343 3643; x_wconf 80' lang='lat' dir='ltr'>cxvm</span> <span class='ocrx_word' id='word_1_349' title='bbox 1377 3587 1623 3658; x_wconf 83' lang='lat' dir='ltr'>(Admon.</span> <span class='ocrx_word' id='word_1_350' title='bbox 1655 3589 1718 3642; x_wconf 89' lang='lat' dir='ltr'>in</span> <span class='ocrx_word' id='word_1_351' title='bbox 1756 3588 1901 3643; x_wconf 83' lang='lat' dir='ltr'>hunc</span> 
     </span>
    </p>
   </div>
   <div class='ocr_carea' id='block_1_54' title="bbox 235 3676 1899 3751">
    <p class='ocr_par' dir='ltr' id='par_1_54' title="bbox 235 3676 1899 3751">
     <span class='ocr_line' id='line_1_54' title="bbox 235 3676 1899 3751; baseline -0.002 -17"><span class='ocrx_word' id='word_1_352' title='bbox 235 3680 434 3751; x_wconf 89' lang='lat' dir='ltr'>psal.).</span> <span class='ocrx_word' id='word_1_353' title='bbox 468 3694 599 3749; x_wconf 75' lang='lat' dir='ltr'>quis</span> <span class='ocrx_word' id='word_1_354' title='bbox 629 3677 781 3732; x_wconf 89' lang='lat' dir='ltr'>inter</span> <span class='ocrx_word' id='word_1_355' title='bbox 808 3676 1174 3749; x_wconf 84' lang='lat' dir='ltr'>pulcherima</span> <span class='ocrx_word' id='word_1_356' title='bbox 1200 3676 1467 3747; x_wconf 88' lang='lat' dir='ltr'>ejusdem</span> <span class='ocrx_word' id='word_1_357' title='bbox 1514 3681 1899 3731; x_wconf 90' lang='lat' dir='ltr'>monumenta</span> 
     </span>
    </p>
   </div>
   <div class='ocr_carea' id='block_1_55' title="bbox 232 3763 1896 3840">
    <p class='ocr_par' dir='ltr' id='par_1_55' title="bbox 232 3763 1896 3840">
     <span class='ocr_line' id='line_1_55' title="bbox 232 3763 1896 3840; baseline -0.002 -17"><span class='ocrx_word' id='word_1_358' title='bbox 232 3770 374 3840; x_wconf 91' lang='lat' dir='ltr'>jure</span> <span class='ocrx_word' id='word_1_359' title='bbox 405 3770 788 3833; x_wconf 88' lang='lat' dir='ltr'>memoratur,</span> <span class='ocrx_word' id='word_1_360' title='bbox 819 3764 1035 3821; x_wconf 88' lang='lat' dir='ltr'>multos</span> <span class='ocrx_word' id='word_1_361' title='bbox 1066 3781 1366 3820; x_wconf 89' lang='lat' dir='ltr'>sermones</span> <span class='ocrx_word' id='word_1_362' title='bbox 1395 3763 1637 3833; x_wconf 85' lang='lat' dir='ltr'>hujusce</span> <span class='ocrx_word' id='word_1_363' title='bbox 1667 3764 1805 3820; x_wconf 91' lang='lat' dir='ltr'>anni</span> <span class='ocrx_word' id='word_1_364' title='bbox 1837 3765 1896 3820; x_wconf 91' lang='lat' dir='ltr'>in</span> 
     </span>
    </p>
   </div>
   <div class='ocr_carea' id='block_1_56' title="bbox 240 3851 1899 3923">
    <p class='ocr_par' dir='ltr' id='par_1_56' title="bbox 240 3851 1899 3923">
     <span class='ocr_line' id='line_1_56' title="bbox 240 3851 1899 3923; baseline -0.002 -11"><span class='ocrx_word' id='word_1_365' title='bbox 240 3872 308 3912; x_wconf 89' lang='lat' dir='ltr'>se</span> <span class='ocrx_word' id='word_1_366' title='bbox 339 3854 606 3910; x_wconf 88' lang='lat' dir='ltr'>continet</span> <span class='ocrx_word' id='word_1_367' title='bbox 640 3869 651 3907; x_wconf 91' lang='lat'><strong>:</strong></span> <span class='ocrx_word' id='word_1_368' title='bbox 687 3853 786 3907; x_wconf 87' lang='lat' dir='ltr'>sed</span> <span class='ocrx_word' id='word_1_369' title='bbox 818 3852 1036 3908; x_wconf 87' lang='lat' dir='ltr'>multos</span> <span class='ocrx_word' id='word_1_370' title='bbox 1067 3852 1245 3908; x_wconf 88' lang='lat' dir='ltr'>etiam</span> <span class='ocrx_word' id='word_1_371' title='bbox 1293 3851 1432 3907; x_wconf 90' lang='lat' dir='ltr'>anni</span> <span class='ocrx_word' id='word_1_372' title='bbox 1479 3852 1797 3923; x_wconf 89' lang='lat' dir='ltr'>sequentis,</span> <span class='ocrx_word' id='word_1_373' title='bbox 1831 3856 1899 3908; x_wconf 89' lang='lat' dir='ltr'>ut</span> 
     </span>
    </p>
   </div>
   <div class='ocr_carea' id='block_1_57' title="bbox 239 3940 1890 4012">
    <p class='ocr_par' dir='ltr' id='par_1_57' title="bbox 239 3940 1890 4012">
     <span class='ocr_line' id='line_1_57' title="bbox 239 3940 1890 4012; baseline -0.002 -14"><span class='ocrx_word' id='word_1_374' title='bbox 239 3959 355 3999; x_wconf 91' lang='lat' dir='ltr'>suo</span> <span class='ocrx_word' id='word_1_375' title='bbox 381 3941 515 3997; x_wconf 92' lang='lat' dir='ltr'>loco</span> <span class='ocrx_word' id='word_1_376' title='bbox 546 3940 1011 3996; x_wconf 89' lang='lat' dir='ltr'>demonstratum</span> <span class='ocrx_word' id='word_1_377' title='bbox 1035 3940 1495 4011; x_wconf 79' lang='lat' dir='ltr'>est(Admonit.in</span> <span class='ocrx_word' id='word_1_378' title='bbox 1526 3942 1729 4011; x_wconf 75' lang='lat' dir='ltr'>Expos.</span> <span class='ocrx_word' id='word_1_379' title='bbox 1751 3940 1890 4012; x_wconf 89' lang='lat' dir='ltr'>psal.</span> 
     </span>
    </p>
   </div>
   <div class='ocr_carea' id='block_1_58' title="bbox 237 4027 1898 4100">
    <p class='ocr_par' dir='ltr' id='par_1_58' title="bbox 237 4027 1898 4100">
     <span class='ocr_line' id='line_1_58' title="bbox 237 4027 1898 4100; baseline -0.001 -14"><span class='ocrx_word' id='word_1_380' title='bbox 237 4034 462 4096; x_wconf 84' lang='lat' dir='ltr'>cxvm).</span> <span class='ocrx_word' id='word_1_381' title='bbox 496 4028 687 4099; x_wconf 86' lang='lat' dir='ltr'>Hujus</span> <span class='ocrx_word' id='word_1_382' title='bbox 729 4028 921 4100; x_wconf 90' lang='lat' dir='ltr'>operis</span> <span class='ocrx_word' id='word_1_383' title='bbox 966 4029 1081 4083; x_wconf 92' lang='lat' dir='ltr'>huc</span> <span class='ocrx_word' id='word_1_384' title='bbox 1126 4031 1351 4100; x_wconf 88' lang='lat' dir='ltr'>spectat</span> <span class='ocrx_word' id='word_1_385' title='bbox 1396 4027 1782 4100; x_wconf 88' lang='lat' dir='ltr'>propositum,</span> <span class='ocrx_word' id='word_1_386' title='bbox 1832 4032 1898 4085; x_wconf 88' lang='lat' dir='ltr'>ut</span> 
     </span>
    </p>
   </div>
   <div class='ocr_carea' id='block_1_59' title="bbox 238 4116 1896 4189">
    <p class='ocr_par' dir='ltr' id='par_1_59' title="bbox 238 4116 1896 4189">
     <span class='ocr_line' id='line_1_59' title="bbox 238 4116 1896 4189; baseline -0.001 -15"><span class='ocrx_word' id='word_1_387' title='bbox 238 4117 565 4176; x_wconf 83' lang='lat' dir='ltr'>Christiani</span> <span class='ocrx_word' id='word_1_388' title='bbox 588 4121 647 4172; x_wconf 89' lang='lat' dir='ltr'>et</span> <span class='ocrx_word' id='word_1_389' title='bbox 666 4117 991 4172; x_wconf 80' lang='lat' dir='ltr'>ofﬁciorum</span> <span class='ocrx_word' id='word_1_390' title='bbox 1022 4133 1263 4172; x_wconf 89' lang='lat' dir='ltr'>suorum</span> <span class='ocrx_word' id='word_1_391' title='bbox 1291 4116 1680 4172; x_wconf 87' lang='lat' dir='ltr'>informentur</span> <span class='ocrx_word' id='word_1_392' title='bbox 1698 4117 1896 4189; x_wconf 89' lang='lat' dir='ltr'>cogni-</span> 
     </span>
    </p>
   </div>
   <div class='ocr_carea' id='block_1_60' title="bbox 236 4203 1897 4276">
    <p class='ocr_par' dir='ltr' id='par_1_60' title="bbox 236 4203 1897 4276">
     <span class='ocr_line' id='line_1_60' title="bbox 236 4203 1897 4276; baseline -0.001 -14"><span class='ocrx_word' id='word_1_393' title='bbox 236 4208 424 4271; x_wconf 89' lang='lat' dir='ltr'>tione,</span> <span class='ocrx_word' id='word_1_394' title='bbox 457 4209 517 4261; x_wconf 90' lang='lat' dir='ltr'>et</span> <span class='ocrx_word' id='word_1_395' title='bbox 563 4205 636 4260; x_wconf 89' lang='lat' dir='ltr'>ad</span> <span class='ocrx_word' id='word_1_396' title='bbox 689 4205 892 4268; x_wconf 87' lang='lat' dir='ltr'>eadem</span> <span class='ocrx_word' id='word_1_397' title='bbox 944 4220 1175 4260; x_wconf 91' lang='lat' dir='ltr'>morum</span> <span class='ocrx_word' id='word_1_398' title='bbox 1225 4203 1528 4259; x_wconf 88' lang='lat' dir='ltr'>honestate</span> <span class='ocrx_word' id='word_1_399' title='bbox 1568 4220 1634 4259; x_wconf 89' lang='lat' dir='ltr'>ac</span> <span class='ocrx_word' id='word_1_400' title='bbox 1664 4204 1897 4276; x_wconf 89' lang='lat' dir='ltr'>pietatis</span> 
     </span>
    </p>
   </div>
   <div class='ocr_carea' id='block_1_61' title="bbox 238 4291 1897 4364">
    <p class='ocr_par' dir='ltr' id='par_1_61' title="bbox 238 4291 1897 4364">
     <span class='ocr_line' id='line_1_61' title="bbox 238 4291 1897 4364; baseline -0.002 -14"><span class='ocrx_word' id='word_1_401' title='bbox 238 4293 409 4350; x_wconf 90' lang='lat' dir='ltr'>cultu</span> <span class='ocrx_word' id='word_1_402' title='bbox 459 4291 761 4364; x_wconf 89' lang='lat' dir='ltr'>implenda</span> <span class='ocrx_word' id='word_1_403' title='bbox 812 4291 1281 4347; x_wconf 88' lang='lat' dir='ltr'>stimularentur.</span> <span class='ocrx_word' id='word_1_404' title='bbox 1317 4292 1374 4347; x_wconf 93' lang='lat' dir='ltr'>Id</span> <span class='ocrx_word' id='word_1_405' title='bbox 1437 4297 1634 4347; x_wconf 88' lang='lat' dir='ltr'>autem</span> <span class='ocrx_word' id='word_1_406' title='bbox 1690 4292 1897 4348; x_wconf 87' lang='lat' dir='ltr'>beatus</span> 
     </span>
    </p>
   </div>
   <div class='ocr_carea' id='block_1_62' title="bbox 240 4379 1895 4452">
    <p class='ocr_par' dir='ltr' id='par_1_62' title="bbox 240 4379 1895 4452">
     <span class='ocr_line' id='line_1_62' title="bbox 240 4379 1895 4452; baseline -0.001 -14"><span class='ocrx_word' id='word_1_407' title='bbox 240 4383 415 4438; x_wconf 91' lang='lat' dir='ltr'>Pater</span> <span class='ocrx_word' id='word_1_408' title='bbox 445 4380 659 4437; x_wconf 91' lang='lat' dir='ltr'>melius</span> <span class='ocrx_word' id='word_1_409' title='bbox 688 4380 838 4435; x_wconf 85' lang='lat' dir='ltr'>efﬁci</span> <span class='ocrx_word' id='word_1_410' title='bbox 862 4380 1100 4435; x_wconf 89' lang='lat' dir='ltr'>omnino</span> <span class='ocrx_word' id='word_1_411' title='bbox 1122 4396 1238 4435; x_wconf 92' lang='lat' dir='ltr'>non</span> <span class='ocrx_word' id='word_1_412' title='bbox 1259 4396 1430 4452; x_wconf 90' lang='lat' dir='ltr'>posse</span> <span class='ocrx_word' id='word_1_413' title='bbox 1455 4379 1770 4436; x_wconf 88' lang='lat' dir='ltr'>arbitratus</span> <span class='ocrx_word' id='word_1_414' title='bbox 1787 4381 1895 4449; x_wconf 83' lang='lat' dir='ltr'>est,</span> 
     </span>
    </p>
   </div>
   <div class='ocr_carea' id='block_1_63' title="bbox 238 4466 1898 4543">
    <p class='ocr_par' dir='ltr' id='par_1_63' title="bbox 238 4466 1898 4543">
     <span class='ocr_line' id='line_1_63' title="bbox 238 4466 1898 4543; baseline -0.001 -17"><span class='ocrx_word' id='word_1_415' title='bbox 238 4486 421 4543; x_wconf 89' lang='lat' dir='ltr'>quam</span> <span class='ocrx_word' id='word_1_416' title='bbox 454 4468 822 4542; x_wconf 89' lang='lat' dir='ltr'>psalmorum</span> <span class='ocrx_word' id='word_1_417' title='bbox 852 4467 1232 4533; x_wconf 88' lang='lat' dir='ltr'>nobilissimi,</span> <span class='ocrx_word' id='word_1_418' title='bbox 1267 4484 1335 4523; x_wconf 90' lang='lat' dir='ltr'>ac</span> <span class='ocrx_word' id='word_1_419' title='bbox 1366 4466 1679 4524; x_wconf 90' lang='lat' dir='ltr'>moralium</span> <span class='ocrx_word' id='word_1_420' title='bbox 1709 4484 1898 4540; x_wconf 89' lang='lat' dir='ltr'>prece-</span> 
     </span>
    </p>
   </div>
   <div class='ocr_carea' id='block_1_64' title="bbox 239 4555 1896 4631">
    <p class='ocr_par' dir='ltr' id='par_1_64' title="bbox 239 4555 1896 4631">
     <span class='ocr_line' id='line_1_64' title="bbox 239 4555 1896 4631; baseline 0 -18"><span class='ocrx_word' id='word_1_421' title='bbox 239 4557 515 4631; x_wconf 90' lang='lat' dir='ltr'>ptionum</span> <span class='ocrx_word' id='word_1_422' title='bbox 548 4556 917 4612; x_wconf 85' lang='lat' dir='ltr'>refertissimi</span> <span class='ocrx_word' id='word_1_423' title='bbox 950 4555 1343 4623; x_wconf 88' lang='lat' dir='ltr'>enarratione;</span> <span class='ocrx_word' id='word_1_424' title='bbox 1378 4557 1470 4611; x_wconf 92' lang='lat' dir='ltr'>cui</span> <span class='ocrx_word' id='word_1_425' title='bbox 1493 4561 1768 4628; x_wconf 58' lang='lat' dir='ltr'>praeterea</span> <span class='ocrx_word' id='word_1_426' title='bbox 1798 4573 1896 4613; x_wconf 89' lang='lat' dir='ltr'>an-</span> 
     </span>
    </p>
   </div>
   <div class='ocr_carea' id='block_1_65' title="bbox 250 4643 1896 4714">
    <p class='ocr_par' dir='ltr' id='par_1_65' title="bbox 250 4643 1896 4714">
     <span class='ocr_line' id='line_1_65' title="bbox 250 4643 1896 4714; baseline 0 -14"><span class='ocrx_word' id='word_1_427' title='bbox 250 4661 459 4701; x_wconf 83' lang='lat' dir='ltr'>nexam</span> <span class='ocrx_word' id='word_1_428' title='bbox 491 4643 678 4699; x_wconf 89' lang='lat' dir='ltr'>voluit</span> <span class='ocrx_word' id='word_1_429' title='bbox 701 4643 1146 4714; x_wconf 85' lang='lat' dir='ltr'>explicationem</span> <span class='ocrx_word' id='word_1_430' title='bbox 1176 4643 1441 4699; x_wconf 87' lang='lat' dir='ltr'>locorum</span> <span class='ocrx_word' id='word_1_431' title='bbox 1472 4659 1502 4699; x_wconf 90' lang='lat' dir='ltr'>e</span> <span class='ocrx_word' id='word_1_432' title='bbox 1532 4643 1782 4700; x_wconf 87' lang='lat' dir='ltr'>Canticis</span> <span class='ocrx_word' id='word_1_433' title='bbox 1804 4646 1896 4700; x_wconf 91' lang='lat' dir='ltr'>be-</span> 
     </span>
    </p>
   </div>
   <div class='ocr_carea' id='block_1_66' title="bbox 240 4731 1893 4805">
    <p class='ocr_par' dir='ltr' id='par_1_66' title="bbox 240 4731 1893 4805">
     <span class='ocr_line' id='line_1_66' title="bbox 240 4731 1893 4805; baseline 0 -16"><span class='ocrx_word' id='word_1_434' title='bbox 240 4750 313 4789; x_wconf 90' lang='lat' dir='ltr'>ne</span> <span class='ocrx_word' id='word_1_435' title='bbox 365 4731 716 4798; x_wconf 91' lang='lat' dir='ltr'>multorum,</span> <span class='ocrx_word' id='word_1_436' title='bbox 750 4748 898 4802; x_wconf 90' lang='lat' dir='ltr'>quos</span> <span class='ocrx_word' id='word_1_437' title='bbox 957 4734 1301 4803; x_wconf 88' lang='lat' dir='ltr'>argumento</span> <span class='ocrx_word' id='word_1_438' title='bbox 1358 4747 1466 4787; x_wconf 91' lang='lat' dir='ltr'>suo</span> <span class='ocrx_word' id='word_1_439' title='bbox 1524 4734 1714 4805; x_wconf 89' lang='lat' dir='ltr'>magis</span> <span class='ocrx_word' id='word_1_440' title='bbox 1758 4750 1893 4789; x_wconf 89' lang='lat' dir='ltr'>con-</span> 
     </span>
    </p>
   </div>
   <div class='ocr_carea' id='block_1_67' title="bbox 235 4818 852 4895">
    <p class='ocr_par' dir='ltr' id='par_1_67' title="bbox 235 4818 852 4895">
     <span class='ocr_line' id='line_1_67' title="bbox 235 4818 852 4895; baseline -0.008 -16"><span class='ocrx_word' id='word_1_441' title='bbox 235 4837 447 4895; x_wconf 85' lang='lat' dir='ltr'>gruere</span> <span class='ocrx_word' id='word_1_442' title='bbox 478 4818 852 4876; x_wconf 84' lang='lat' dir='ltr'>existimavit.</span> 
     </span>
    </p>
   </div>
   <div class='ocr_carea' id='block_1_68' title="bbox 308 4906 1897 4980">
    <p class='ocr_par' dir='ltr' id='par_1_68' title="bbox 308 4906 1897 4980">
     <span class='ocr_line' id='line_1_68' title="bbox 308 4906 1897 4980; baseline 0.001 -16"><span class='ocrx_word' id='word_1_443' title='bbox 308 4912 399 4964; x_wconf 89' lang='lat'>77.</span> <span class='ocrx_word' id='word_1_444' title='bbox 456 4906 735 4975; x_wconf 86' lang='lat' dir='ltr'>Quamvis</span> <span class='ocrx_word' id='word_1_445' title='bbox 792 4908 1023 4980; x_wconf 80' lang='lat' dir='ltr'>Beronii</span> <span class='ocrx_word' id='word_1_446' title='bbox 1081 4908 1374 4963; x_wconf 89' lang='lat' dir='ltr'>sententia</span> <span class='ocrx_word' id='word_1_447' title='bbox 1424 4908 1598 4964; x_wconf 89' lang='lat' dir='ltr'>fuerit</span> <span class='ocrx_word' id='word_1_448' title='bbox 1646 4910 1897 4966; x_wconf 85' lang='lat' dir='ltr'>Ambro-</span> 
     </span>
    </p>
   </div>
   <div class='ocr_carea' id='block_1_69' title="bbox 235 4994 1898 5068">
    <p class='ocr_par' dir='ltr' id='par_1_69' title="bbox 235 4994 1898 5068">
     <span class='ocr_line' id='line_1_69' title="bbox 235 4994 1898 5068; baseline -0.001 -13"><span class='ocrx_word' id='word_1_449' title='bbox 235 4997 410 5056; x_wconf 85' lang='lat' dir='ltr'>siana</span> <span class='ocrx_word' id='word_1_450' title='bbox 438 4997 501 5052; x_wconf 93' lang='lat' dir='ltr'>in</span> <span class='ocrx_word' id='word_1_451' title='bbox 532 4994 913 5068; x_wconf 88' lang='lat' dir='ltr'>Evangelium</span> <span class='ocrx_word' id='word_1_452' title='bbox 946 4996 1102 5051; x_wconf 89' lang='lat' dir='ltr'>beati</span> <span class='ocrx_word' id='word_1_453' title='bbox 1135 4996 1302 5051; x_wconf 70' lang='lat' dir='ltr'>Lucas</span> <span class='ocrx_word' id='word_1_454' title='bbox 1321 4996 1741 5052; x_wconf 87' lang='lat' dir='ltr'>commentaria</span> <span class='ocrx_word' id='word_1_455' title='bbox 1761 4996 1898 5053; x_wconf 90' lang='lat' dir='ltr'>inde</span> 
     </span>
    </p>
   </div>
   <div class='ocr_carea' id='block_1_70' title="bbox 237 5084 1897 5156">
    <p class='ocr_par' dir='ltr' id='par_1_70' title="bbox 237 5084 1897 5156">
     <span class='ocr_line' id='line_1_70' title="bbox 237 5084 1897 5156; baseline -0.002 -14"><span class='ocrx_word' id='word_1_456' title='bbox 237 5087 310 5142; x_wconf 87' lang='lat' dir='ltr'>ab</span> <span class='ocrx_word' id='word_1_457' title='bbox 339 5101 500 5142; x_wconf 88' lang='lat' dir='ltr'>anno</span> <span class='ocrx_word' id='word_1_458' title='bbox 528 5086 638 5140; x_wconf 87' lang='lat'>376</span> <span class='ocrx_word' id='word_1_459' title='bbox 667 5084 885 5156; x_wconf 88' lang='lat' dir='ltr'>scripta</span> <span class='ocrx_word' id='word_1_460' title='bbox 913 5084 1127 5150; x_wconf 88' lang='lat' dir='ltr'>fuisse;</span> <span class='ocrx_word' id='word_1_461' title='bbox 1159 5087 1416 5139; x_wconf 89' lang='lat' dir='ltr'>attamen</span> <span class='ocrx_word' id='word_1_462' title='bbox 1446 5089 1607 5140; x_wconf 84' lang='lat' dir='ltr'>extra</span> <span class='ocrx_word' id='word_1_463' title='bbox 1651 5084 1897 5139; x_wconf 90' lang='lat' dir='ltr'>dubium</span> 
     </span>
    </p>
   </div>
   <div class='ocr_carea' id='block_1_71' title="bbox 236 5171 1941 5243">
    <p class='ocr_par' dir='ltr' id='par_1_71' title="bbox 236 5171 1941 5243">
     <span class='ocr_line' id='line_1_71' title="bbox 236 5171 1941 5243; baseline -0.002 -13"><span class='ocrx_word' id='word_1_464' title='bbox 236 5179 327 5231; x_wconf 88' lang='lat' dir='ltr'>est</span> <span class='ocrx_word' id='word_1_465' title='bbox 354 5175 416 5229; x_wconf 90' lang='lat' dir='ltr'>in</span> <span class='ocrx_word' id='word_1_466' title='bbox 450 5172 852 5237; x_wconf 87' lang='lat' dir='ltr'>sermonibus,</span> <span class='ocrx_word' id='word_1_467' title='bbox 889 5189 958 5228; x_wconf 89' lang='lat' dir='ltr'>ex</span> <span class='ocrx_word' id='word_1_468' title='bbox 1004 5171 1223 5243; x_wconf 88' lang='lat' dir='ltr'>quibus</span> <span class='ocrx_word' id='word_1_469' title='bbox 1272 5176 1640 5243; x_wconf 91' lang='lat' dir='ltr'>compactum</span> <span class='ocrx_word' id='word_1_470' title='bbox 1671 5171 1898 5228; x_wconf 89' lang='lat' dir='ltr'>esthoc</span> <span class='ocrx_word' id='word_1_471' title='bbox 1926 5215 1941 5226; x_wconf 94' lang='lat'>.</span> 
     </span>
    </p>
   </div>
   <div class='ocr_carea' id='block_1_72' title="bbox 237 5259 1899 5334">
    <p class='ocr_par' dir='ltr' id='par_1_72' title="bbox 237 5259 1899 5334">
     <span class='ocr_line' id='line_1_72' title="bbox 237 5259 1899 5334; baseline -0.002 -16"><span class='ocrx_word' id='word_1_472' title='bbox 237 5262 442 5334; x_wconf 85' lang='lat' dir='ltr'>ipsum</span> <span class='ocrx_word' id='word_1_473' title='bbox 475 5276 647 5333; x_wconf 84' lang='lat' dir='ltr'>Opus,</span> <span class='ocrx_word' id='word_1_474' title='bbox 675 5259 1028 5315; x_wconf 86' lang='lat' dir='ltr'>Arianorum</span> <span class='ocrx_word' id='word_1_475' title='bbox 1060 5259 1477 5327; x_wconf 87' lang='lat' dir='ltr'>infestationis,</span> <span class='ocrx_word' id='word_1_476' title='bbox 1504 5263 1786 5330; x_wconf 88' lang='lat' dir='ltr'>tanquam</span> <span class='ocrx_word' id='word_1_477' title='bbox 1817 5259 1899 5314; x_wconf 88' lang='lat' dir='ltr'>rei</span> 
     </span>
    </p>
   </div>
   <div class='ocr_carea' id='block_1_73' title="bbox 236 5346 1897 5416">
    <p class='ocr_par' dir='ltr' id='par_1_73' title="bbox 236 5346 1897 5416">
     <span class='ocr_line' id='line_1_73' title="bbox 236 5346 1897 5416; baseline -0.002 -11"><span class='ocrx_word' id='word_1_478' title='bbox 236 5349 564 5405; x_wconf 84' lang='lat' dir='ltr'>admodum</span> <span class='ocrx_word' id='word_1_479' title='bbox 597 5347 866 5416; x_wconf 87' lang='lat' dir='ltr'>recentis,</span> <span class='ocrx_word' id='word_1_480' title='bbox 899 5348 1026 5404; x_wconf 85' lang='lat' dir='ltr'>ﬁeri</span> <span class='ocrx_word' id='word_1_481' title='bbox 1059 5347 1439 5404; x_wconf 89' lang='lat' dir='ltr'>mentionem.</span> <span class='ocrx_word' id='word_1_482' title='bbox 1470 5346 1720 5403; x_wconf 88' lang='lat' dir='ltr'>Aliunde</span> <span class='ocrx_word' id='word_1_483' title='bbox 1764 5363 1897 5402; x_wconf 91' lang='lat' dir='ltr'>vero</span> 
     </span>
    </p>
   </div>
   <div class='ocr_carea' id='block_1_74' title="bbox 238 5434 1898 5511">
    <p class='ocr_par' dir='ltr' id='par_1_74' title="bbox 238 5434 1898 5511">
     <span class='ocr_line' id='line_1_74' title="bbox 238 5434 1898 5511; baseline -0.003 -16"><span class='ocrx_word' id='word_1_484' title='bbox 238 5454 376 5495; x_wconf 88' lang='lat' dir='ltr'>cum</span> <span class='ocrx_word' id='word_1_485' title='bbox 405 5442 695 5511; x_wconf 87' lang='lat' dir='ltr'>appareat</span> <span class='ocrx_word' id='word_1_486' title='bbox 718 5439 954 5494; x_wconf 90' lang='lat' dir='ltr'>eosdem</span> <span class='ocrx_word' id='word_1_487' title='bbox 986 5454 1287 5493; x_wconf 89' lang='lat' dir='ltr'>sermones</span> <span class='ocrx_word' id='word_1_488' title='bbox 1317 5454 1432 5493; x_wconf 89' lang='lat' dir='ltr'>non</span> <span class='ocrx_word' id='word_1_489' title='bbox 1464 5436 1581 5493; x_wconf 85' lang='lat' dir='ltr'>nisi</span> <span class='ocrx_word' id='word_1_490' title='bbox 1612 5452 1714 5509; x_wconf 89' lang='lat' dir='ltr'>per</span> <span class='ocrx_word' id='word_1_491' title='bbox 1734 5434 1898 5490; x_wconf 89' lang='lat' dir='ltr'>bien-</span> 
     </span>
    </p>
   </div>
   <div class='ocr_carea' id='block_1_75' title="bbox 239 5522 1901 5597">
    <p class='ocr_par' dir='ltr' id='par_1_75' title="bbox 239 5522 1901 5597">
     <span class='ocr_line' id='line_1_75' title="bbox 239 5522 1901 5597; baseline -0.003 -13"><span class='ocrx_word' id='word_1_492' title='bbox 239 5528 407 5585; x_wconf 87' lang='lat' dir='ltr'>nium</span> <span class='ocrx_word' id='word_1_493' title='bbox 438 5527 633 5583; x_wconf 87' lang='lat' dir='ltr'>fuisse</span> <span class='ocrx_word' id='word_1_494' title='bbox 665 5524 988 5597; x_wconf 87' lang='lat' dir='ltr'>absolutos,</span> <span class='ocrx_word' id='word_1_495' title='bbox 1020 5529 1194 5581; x_wconf 88' lang='lat' dir='ltr'>erunt</span> <span class='ocrx_word' id='word_1_496' title='bbox 1238 5526 1385 5581; x_wconf 87' lang='lat' dir='ltr'>forte</span> <span class='ocrx_word' id='word_1_497' title='bbox 1434 5524 1543 5597; x_wconf 85' lang='lat' dir='ltr'>qui‘</span> <span class='ocrx_word' id='word_1_498' title='bbox 1585 5522 1901 5596; x_wconf 85' lang='lat' dir='ltr'>conjiciant</span> 
     </span>
    </p>
   </div>
   <div class='ocr_carea' id='block_1_76' title="bbox 238 5606 1900 5688">
    <p class='ocr_par' dir='ltr' id='par_1_76' title="bbox 238 5606 1900 5688">
     <span class='ocr_line' id='line_1_76' title="bbox 238 5606 1900 5688; baseline -0.005 -6"><span class='ocrx_word' id='word_1_499' title='bbox 238 5615 544 5682; x_wconf 76' lang='lat' dir='ltr'>doctorem</span> <span class='ocrx_word' id='word_1_500' title='bbox 575 5606 848 5676; x_wconf 82' lang='lat' dir='ltr'>nostrum</span> <span class='ocrx_word' id='word_1_501' title='bbox 876 5613 1115 5680; x_wconf 80' lang='lat' dir='ltr'>alternis</span> <span class='ocrx_word' id='word_1_502' title='bbox 1134 5612 1457 5676; x_wconf 85' lang='lat' dir='ltr'>Dominicis</span> <span class='ocrx_word' id='word_1_503' title='bbox 1490 5616 1631 5675; x_wconf 88' lang='lat' dir='ltr'>tunc</span> <span class='ocrx_word' id='word_1_504' title='bbox 1650 5611 1711 5671; x_wconf 89' lang='lat' dir='ltr'>in</span> <span class='ocrx_word' id='word_1_505' title='bbox 1743 5610 1900 5688; x_wconf 80' lang='lat' dir='ltr'>psal-</span> 
     </span>
    </p>
   </div>
   <div class='ocr_carea' id='block_1_77' title="bbox 2070 1911 3645 1988">
    <p class='ocr_par' dir='ltr' id='par_1_77' title="bbox 2070 1911 3645 1988">
     <span class='ocr_line' id='line_1_77' title="bbox 2070 1911 3645 1988; baseline 0.006 -25"><span class='ocrx_word' id='word_1_506' title='bbox 2070 1912 2160 1966; x_wconf 84' lang='lat'>79.</span> <span class='ocrx_word' id='word_1_507' title='bbox 2194 1911 2299 1966; x_wconf 85' lang='lat' dir='ltr'>Per</span> <span class='ocrx_word' id='word_1_508' title='bbox 2339 1917 2740 1983; x_wconf 82' lang='lat' dir='ltr'>tempestatem</span> <span class='ocrx_word' id='word_1_509' title='bbox 2785 1914 3212 1968; x_wconf 88' lang='lat' dir='ltr'>vindemiarum</span> <span class='ocrx_word' id='word_1_510' title='bbox 3257 1916 3645 1988; x_wconf 86' lang='lat' dir='ltr'>Augustinus,</span> 
     </span>
    </p>
   </div>
   <div class='ocr_carea' id='block_1_78' title="bbox 2001 2000 3644 2077">
    <p class='ocr_par' dir='ltr' id='par_1_78' title="bbox 2001 2000 3644 2077">
     <span class='ocr_line' id='line_1_78' title="bbox 2001 2000 3644 2077; baseline 0.005 -24"><span class='ocrx_word' id='word_1_511' title='bbox 2001 2000 2170 2069; x_wconf 83' lang='lat' dir='ltr'>cujus</span> <span class='ocrx_word' id='word_1_512' title='bbox 2202 2000 2560 2055; x_wconf 87' lang='lat' dir='ltr'>conversioni</span> <span class='ocrx_word' id='word_1_513' title='bbox 2609 2016 2945 2071; x_wconf 89' lang='lat' dir='ltr'>supremam</span> <span class='ocrx_word' id='word_1_514' title='bbox 2995 2018 3236 2057; x_wconf 86' lang='lat' dir='ltr'>manum</span> <span class='ocrx_word' id='word_1_515' title='bbox 3268 2003 3422 2059; x_wconf 92' lang='lat' dir='ltr'>Deus</span> <span class='ocrx_word' id='word_1_516' title='bbox 3457 2006 3644 2077; x_wconf 88' lang='lat' dir='ltr'>impo-</span> 
     </span>
    </p>
   </div>
   <div class='ocr_carea' id='block_1_79' title="bbox 2001 2087 3643 2165">
    <p class='ocr_par' dir='ltr' id='par_1_79' title="bbox 2001 2087 3643 2165">
     <span class='ocr_line' id='line_1_79' title="bbox 2001 2087 3643 2165; baseline 0.005 -25"><span class='ocrx_word' id='word_1_517' title='bbox 2001 2092 2218 2153; x_wconf 88' lang='lat' dir='ltr'>suerat,</span> <span class='ocrx_word' id='word_1_518' title='bbox 2250 2087 2407 2142; x_wconf 85' lang='lat' dir='ltr'>venit</span> <span class='ocrx_word' id='word_1_519' title='bbox 2454 2090 2513 2142; x_wconf 85' lang='lat' dir='ltr'>in</span> <span class='ocrx_word' id='word_1_520' title='bbox 2566 2087 2883 2144; x_wconf 70' lang='lat' dir='ltr'>Cassiorum</span> <span class='ocrx_word' id='word_1_521' title='bbox 2932 2090 3236 2146; x_wconf 81' lang='lat' dir='ltr'>Verecundi</span> <span class='ocrx_word' id='word_1_522' title='bbox 3279 2093 3473 2147; x_wconf 84' lang='lat' dir='ltr'>villam</span> <span class='ocrx_word' id='word_1_523' title='bbox 3518 2094 3643 2165; x_wconf 90' lang='lat' dir='ltr'>(lib.</span> 
     </span>
    </p>
   </div>
   <div class='ocr_carea' id='block_1_80' title="bbox 1999 2176 3642 2251">
    <p class='ocr_par' dir='ltr' id='par_1_80' title="bbox 1999 2176 3642 2251">
     <span class='ocr_line' id='line_1_80' title="bbox 1999 2176 3642 2251; baseline 0.004 -20"><span class='ocrx_word' id='word_1_524' title='bbox 1999 2176 2070 2231; x_wconf 87' lang='lat' dir='ltr'>IX</span> <span class='ocrx_word' id='word_1_525' title='bbox 2102 2176 2254 2247; x_wconf 79' lang='lat' dir='ltr'>Conf.</span> <span class='ocrx_word' id='word_1_526' title='bbox 2289 2193 2414 2247; x_wconf 89' lang='lat' dir='ltr'>cap.</span> <span class='ocrx_word' id='word_1_527' title='bbox 2447 2178 2531 2247; x_wconf 86' lang='lat' dir='ltr'>v):</span> <span class='ocrx_word' id='word_1_528' title='bbox 2565 2185 2617 2231; x_wconf 85' lang='lat' dir='ltr'>et</span> <span class='ocrx_word' id='word_1_529' title='bbox 2640 2193 2668 2232; x_wconf 88' lang='lat' dir='ltr'>e</span> <span class='ocrx_word' id='word_1_530' title='bbox 2690 2177 2931 2249; x_wconf 87' lang='lat' dir='ltr'>vestigio</span> <span class='ocrx_word' id='word_1_531' title='bbox 2974 2178 3112 2233; x_wconf 91' lang='lat' dir='ltr'>hinc</span> <span class='ocrx_word' id='word_1_532' title='bbox 3143 2180 3215 2234; x_wconf 87' lang='lat' dir='ltr'>ad</span> <span class='ocrx_word' id='word_1_533' title='bbox 3245 2181 3642 2251; x_wconf 87' lang='lat' dir='ltr'>Ambrosium,</span> 
     </span>
    </p>
   </div>
   <div class='ocr_carea' id='block_1_81' title="bbox 2001 2264 3645 2340">
    <p class='ocr_par' dir='ltr' id='par_1_81' title="bbox 2001 2264 3645 2340">
     <span class='ocr_line' id='line_1_81' title="bbox 2001 2264 3645 2340; baseline 0.005 -22"><span class='ocrx_word' id='word_1_534' title='bbox 2001 2281 2175 2335; x_wconf 91' lang='lat' dir='ltr'>quem</span> <span class='ocrx_word' id='word_1_535' title='bbox 2208 2265 2266 2318; x_wconf 90' lang='lat' dir='ltr'>in</span> <span class='ocrx_word' id='word_1_536' title='bbox 2298 2264 2406 2319; x_wconf 86' lang='lat' dir='ltr'>hoc</span> <span class='ocrx_word' id='word_1_537' title='bbox 2439 2281 2610 2336; x_wconf 90' lang='lat' dir='ltr'>opere</span> <span class='ocrx_word' id='word_1_538' title='bbox 2662 2265 3006 2335; x_wconf 84' lang='lat' dir='ltr'>primarium</span> <span class='ocrx_word' id='word_1_539' title='bbox 3057 2266 3265 2322; x_wconf 68' lang='lat' dir='ltr'>divinis</span> <span class='ocrx_word' id='word_1_540' title='bbox 3307 2269 3504 2340; x_wconf 71' lang='lat' dir='ltr'>gratia:</span> <span class='ocrx_word' id='word_1_541' title='bbox 3536 2271 3645 2326; x_wconf 90' lang='lat' dir='ltr'>mi-</span> 
     </span>
    </p>
   </div>
   <div class='ocr_carea' id='block_1_82' title="bbox 2002 2352 3653 2429">
    <p class='ocr_par' dir='ltr' id='par_1_82' title="bbox 2002 2352 3653 2429">
     <span class='ocr_line' id='line_1_82' title="bbox 2002 2352 3653 2429; baseline 0.005 -23"><span class='ocrx_word' id='word_1_542' title='bbox 2002 2353 2249 2407; x_wconf 89' lang='lat' dir='ltr'>nistrum</span> <span class='ocrx_word' id='word_1_543' title='bbox 2284 2353 2553 2421; x_wconf 89' lang='lat' dir='ltr'>ducebat,</span> <span class='ocrx_word' id='word_1_544' title='bbox 2586 2352 2812 2408; x_wconf 88' lang='lat' dir='ltr'>litteras</span> <span class='ocrx_word' id='word_1_545' title='bbox 2860 2354 3023 2409; x_wconf 87' lang='lat' dir='ltr'>dedit</span> <span class='ocrx_word' id='word_1_546' title='bbox 3058 2356 3221 2422; x_wconf 88' lang='lat' dir='ltr'>(Ibid.</span> <span class='ocrx_word' id='word_1_547' title='bbox 3264 2373 3390 2428; x_wconf 90' lang='lat' dir='ltr'>cap.</span> <span class='ocrx_word' id='word_1_548' title='bbox 3419 2358 3497 2429; x_wconf 77' lang='lat' dir='ltr'>vx)</span> <span class='ocrx_word' id='word_1_549' title='bbox 3534 2375 3547 2414; x_wconf 88' lang='lat'><strong>:</strong></span> <span class='ocrx_word' id='word_1_550' title='bbox 3583 2363 3653 2415; x_wconf 83' lang='lat' dir='ltr'>Et</span> 
     </span>
    </p>
   </div>
   <div class='ocr_carea' id='block_1_83' title="bbox 2003 2440 3646 2511">
    <p class='ocr_par' dir='ltr' id='par_1_83' title="bbox 2003 2440 3646 2511">
     <span class='ocr_line' id='line_1_83' title="bbox 2003 2440 3646 2511; baseline 0.005 -16"><span class='ocrx_word' id='word_1_551' title='bbox 2003 2442 2281 2505; x_wconf 87' lang='lat' dir='ltr'>intimavi,</span> <span class='ocrx_word' id='word_1_552' title='bbox 2314 2440 2527 2511; x_wconf 91' lang='lat' dir='ltr'>inquit,</span> <span class='ocrx_word' id='word_1_553' title='bbox 2577 2457 2673 2511; x_wconf 84' lang='lat' dir='ltr'>per</span> <span class='ocrx_word' id='word_1_554' title='bbox 2721 2442 2929 2496; x_wconf 76' lang='lat' dir='ltr'>litteras</span> <span class='ocrx_word' id='word_1_555' title='bbox 2981 2445 3218 2498; x_wconf 83' lang='lat' dir='ltr'>antistiti</span> <span class='ocrx_word' id='word_1_556' title='bbox 3247 2447 3338 2500; x_wconf 86' lang='lat' dir='ltr'>tuo</span> <span class='ocrx_word' id='word_1_557' title='bbox 3366 2462 3490 2502; x_wconf 88' lang='lat' dir='ltr'>vero</span> <span class='ocrx_word' id='word_1_558' title='bbox 3518 2464 3646 2503; x_wconf 89' lang='lat' dir='ltr'>san-</span> 
     </span>
    </p>
   </div>
   <div class='ocr_carea' id='block_1_84' title="bbox 2002 2529 3649 2605">
    <p class='ocr_par' dir='ltr' id='par_1_84' title="bbox 2002 2529 3649 2605">
     <span class='ocr_line' id='line_1_84' title="bbox 2002 2529 3649 2605; baseline 0.005 -22"><span class='ocrx_word' id='word_1_559' title='bbox 2002 2533 2084 2584; x_wconf 87' lang='lat' dir='ltr'>cto</span> <span class='ocrx_word' id='word_1_560' title='bbox 2141 2529 2418 2583; x_wconf 80' lang='lat' dir='ltr'>Ambrosio</span> <span class='ocrx_word' id='word_1_561' title='bbox 2472 2530 2736 2599; x_wconf 87' lang='lat' dir='ltr'>pristinos</span> <span class='ocrx_word' id='word_1_562' title='bbox 2791 2545 3003 2585; x_wconf 85' lang='lat' dir='ltr'>errores</span> <span class='ocrx_word' id='word_1_563' title='bbox 3067 2546 3231 2597; x_wconf 84' lang='lat' dir='ltr'>meos,</span> <span class='ocrx_word' id='word_1_564' title='bbox 3301 2541 3351 2587; x_wconf 87' lang='lat' dir='ltr'>et</span> <span class='ocrx_word' id='word_1_565' title='bbox 3406 2549 3649 2605; x_wconf 54' lang='lat' dir='ltr'>presens</span> 
     </span>
    </p>
   </div>
   <div class='ocr_carea' id='block_1_85' title="bbox 2006 2618 3651 2689">
    <p class='ocr_par' dir='ltr' id='par_1_85' title="bbox 2006 2618 3651 2689">
     <span class='ocr_line' id='line_1_85' title="bbox 2006 2618 3651 2689; baseline 0.005 -17"><span class='ocrx_word' id='word_1_566' title='bbox 2006 2626 2186 2672; x_wconf 87' lang='lat' dir='ltr'>votum</span> <span class='ocrx_word' id='word_1_567' title='bbox 2214 2633 2413 2683; x_wconf 86' lang='lat' dir='ltr'>meum,</span> <span class='ocrx_word' id='word_1_568' title='bbox 2445 2621 2506 2671; x_wconf 91' lang='lat' dir='ltr'>ut</span> <span class='ocrx_word' id='word_1_569' title='bbox 2543 2625 2785 2672; x_wconf 84' lang='lat' dir='ltr'>moneret</span> <span class='ocrx_word' id='word_1_570' title='bbox 2831 2618 2963 2688; x_wconf 91' lang='lat' dir='ltr'>quid</span> <span class='ocrx_word' id='word_1_571' title='bbox 3000 2620 3352 2689; x_wconf 85' lang='lat' dir='ltr'>potissimum</span> <span class='ocrx_word' id='word_1_572' title='bbox 3400 2622 3542 2678; x_wconf 85' lang='lat' dir='ltr'>mihi</span> <span class='ocrx_word' id='word_1_573' title='bbox 3587 2624 3651 2680; x_wconf 87' lang='lat' dir='ltr'>de</span> 
     </span>
    </p>
   </div>
   <div class='ocr_carea' id='block_1_86' title="bbox 2005 2702 3652 2777">
    <p class='ocr_par' dir='ltr' id='par_1_86' title="bbox 2005 2702 3652 2777">
     <span class='ocr_line' id='line_1_86' title="bbox 2005 2702 3652 2777; baseline 0.006 -20"><span class='ocrx_word' id='word_1_574' title='bbox 2005 2704 2163 2757; x_wconf 80' lang='lat' dir='ltr'>libris</span> <span class='ocrx_word' id='word_1_575' title='bbox 2229 2705 2337 2758; x_wconf 81' lang='lat' dir='ltr'>tuis</span> <span class='ocrx_word' id='word_1_576' title='bbox 2387 2702 2679 2772; x_wconf 85' lang='lat' dir='ltr'>legendum</span> <span class='ocrx_word' id='word_1_577' title='bbox 2724 2712 2875 2772; x_wconf 89' lang='lat' dir='ltr'>esset,</span> <span class='ocrx_word' id='word_1_578' title='bbox 2920 2720 3023 2775; x_wconf 88' lang='lat' dir='ltr'>quo</span> <span class='ocrx_word' id='word_1_579' title='bbox 3073 2707 3442 2777; x_wconf 67' lang='lat' dir='ltr'>percipimzdc&#39;e</span> <span class='ocrx_word' id='word_1_580' title='bbox 3487 2714 3652 2767; x_wconf 67' lang='lat' dir='ltr'>tanta:</span> 
     </span>
    </p>
   </div>
   <div class='ocr_carea' id='block_1_87' title="bbox 2004 2793 3651 2865">
    <p class='ocr_par' dir='ltr' id='par_1_87' title="bbox 2004 2793 3651 2865">
     <span class='ocr_line' id='line_1_87' title="bbox 2004 2793 3651 2865; baseline 0.006 -20"><span class='ocrx_word' id='word_1_581' title='bbox 2004 2793 2203 2860; x_wconf 69' lang='lat' dir='ltr'>gratiae</span> <span class='ocrx_word' id='word_1_582' title='bbox 2225 2793 2476 2862; x_wconf 86' lang='lat' dir='ltr'>paratior</span> <span class='ocrx_word' id='word_1_583' title='bbox 2501 2793 2743 2863; x_wconf 87' lang='lat' dir='ltr'>aptiorve</span> <span class='ocrx_word' id='word_1_584' title='bbox 2769 2793 2977 2861; x_wconf 78' lang='lat' dir='ltr'>ﬁerem.</span> <span class='ocrx_word' id='word_1_585' title='bbox 3011 2795 3077 2848; x_wconf 80' lang='lat' dir='ltr'>At</span> <span class='ocrx_word' id='word_1_586' title='bbox 3107 2795 3203 2849; x_wconf 87' lang='lat' dir='ltr'>ille</span> <span class='ocrx_word' id='word_1_587' title='bbox 3234 2795 3405 2865; x_wconf 84' lang='lat' dir='ltr'>jussit</span> <span class='ocrx_word' id='word_1_588' title='bbox 3438 2800 3651 2855; x_wconf 86' lang='lat' dir='ltr'>Isaiam</span> 
     </span>
    </p>
   </div>
   <div class='ocr_carea' id='block_1_88' title="bbox 2002 2880 3648 2954">
    <p class='ocr_par' dir='ltr' id='par_1_88' title="bbox 2002 2880 3648 2954">
     <span class='ocr_line' id='line_1_88' title="bbox 2002 2880 3648 2954; baseline 0.006 -20"><span class='ocrx_word' id='word_1_589' title='bbox 2002 2881 2323 2951; x_wconf 79' lang='lat' dir='ltr'>prophetam</span> <span class='ocrx_word' id='word_1_590' title='bbox 2342 2897 2363 2940; x_wconf 84' lang='lat'><em>;</em></span> <span class='ocrx_word' id='word_1_591' title='bbox 2394 2880 2549 2935; x_wconf 82' lang='lat' dir='ltr'>credo</span> <span class='ocrx_word' id='word_1_592' title='bbox 2575 2881 2721 2951; x_wconf 88' lang='lat' dir='ltr'>quod</span> <span class='ocrx_word' id='word_1_593' title='bbox 2732 2896 2857 2951; x_wconf 68' lang='lat' dir='ltr'>prae</span> <span class='ocrx_word' id='word_1_594' title='bbox 2875 2884 3089 2938; x_wconf 68' lang='lat' dir='ltr'>caeteris</span> <span class='ocrx_word' id='word_1_595' title='bbox 3108 2883 3390 2954; x_wconf 82' lang='lat' dir='ltr'>Evangelii</span> <span class='ocrx_word' id='word_1_596' title='bbox 3413 2889 3648 2944; x_wconf 83' lang='lat' dir='ltr'>vocalio-</span> 
     </span>
    </p>
   </div>
   <div class='ocr_carea' id='block_1_89' title="bbox 2003 2970 3649 3042">
    <p class='ocr_par' dir='ltr' id='par_1_89' title="bbox 2003 2970 3649 3042">
     <span class='ocr_line' id='line_1_89' title="bbox 2003 2970 3649 3042; baseline 0.006 -20"><span class='ocrx_word' id='word_1_597' title='bbox 2003 2970 2197 3038; x_wconf 85' lang='lat' dir='ltr'>nisque</span> <span class='ocrx_word' id='word_1_598' title='bbox 2222 2970 2471 3038; x_wconf 85' lang='lat' dir='ltr'>gentium</span> <span class='ocrx_word' id='word_1_599' title='bbox 2498 2970 2574 3024; x_wconf 86' lang='lat' dir='ltr'>sit</span> <span class='ocrx_word' id='word_1_600' title='bbox 2594 2972 3000 3040; x_wconf 77' lang='lat' dir='ltr'>praenuntiator</span> <span class='ocrx_word' id='word_1_601' title='bbox 3025 2973 3291 3042; x_wconf 83' lang='lat' dir='ltr'>apertior.</span> <span class='ocrx_word' id='word_1_602' title='bbox 3339 2973 3649 3033; x_wconf 89' lang='lat' dir='ltr'>Verumta-</span> 
     </span>
    </p>
   </div>
   <div class='ocr_carea' id='block_1_90' title="bbox 2007 3057 3647 3132">
    <p class='ocr_par' dir='ltr' id='par_1_90' title="bbox 2007 3057 3647 3132">
     <span class='ocr_line' id='line_1_90' title="bbox 2007 3057 3647 3132; baseline 0.006 -22"><span class='ocrx_word' id='word_1_603' title='bbox 2007 3074 2141 3111; x_wconf 88' lang='lat' dir='ltr'>men</span> <span class='ocrx_word' id='word_1_604' title='bbox 2185 3073 2319 3111; x_wconf 88' lang='lat' dir='ltr'>cum</span> <span class='ocrx_word' id='word_1_605' title='bbox 2368 3057 2659 3128; x_wconf 65' lang='lat' dir='ltr'>prophetas</span> <span class='ocrx_word' id='word_1_606' title='bbox 2710 3058 2889 3129; x_wconf 92' lang='lat' dir='ltr'>hujus</span> <span class='ocrx_word' id='word_1_607' title='bbox 2946 3059 3090 3114; x_wconf 88' lang='lat' dir='ltr'>satis</span> <span class='ocrx_word' id='word_1_608' title='bbox 3134 3063 3367 3132; x_wconf 88' lang='lat' dir='ltr'>assequi</span> <span class='ocrx_word' id='word_1_609' title='bbox 3408 3080 3647 3120; x_wconf 89' lang='lat' dir='ltr'>sensum</span> 
     </span>
    </p>
   </div>
   <div class='ocr_carea' id='block_1_91' title="bbox 2008 3143 3649 3220">
    <p class='ocr_par' dir='ltr' id='par_1_91' title="bbox 2008 3143 3649 3220">
     <span class='ocr_line' id='line_1_91' title="bbox 2008 3143 3649 3220; baseline 0.005 -20"><span class='ocrx_word' id='word_1_610' title='bbox 2008 3162 2123 3200; x_wconf 90' lang='lat' dir='ltr'>non</span> <span class='ocrx_word' id='word_1_611' title='bbox 2157 3149 2371 3214; x_wconf 90' lang='lat' dir='ltr'>posset,</span> <span class='ocrx_word' id='word_1_612' title='bbox 2405 3144 2532 3213; x_wconf 86' lang='lat' dir='ltr'>ejus</span> <span class='ocrx_word' id='word_1_613' title='bbox 2562 3143 2868 3200; x_wconf 89' lang='lat' dir='ltr'>lectionem</span> <span class='ocrx_word' id='word_1_614' title='bbox 2920 3146 2979 3200; x_wconf 91' lang='lat' dir='ltr'>in</span> <span class='ocrx_word' id='word_1_615' title='bbox 3027 3147 3185 3201; x_wconf 87' lang='lat' dir='ltr'>aliud</span> <span class='ocrx_word' id='word_1_616' title='bbox 3225 3153 3458 3220; x_wconf 90' lang='lat' dir='ltr'>tempus</span> <span class='ocrx_word' id='word_1_617' title='bbox 3486 3158 3649 3209; x_wconf 88' lang='lat' dir='ltr'>ratus</span> 
     </span>
    </p>
   </div>
   <div class='ocr_carea' id='block_1_92' title="bbox 1925 3220 2526 3289">
    <p class='ocr_par' dir='ltr' id='par_1_92' title="bbox 1925 3220 2526 3289">
     <span class='ocr_line' id='line_1_92' title="bbox 1925 3220 2526 3289; baseline -0.003 -2"><span class='ocrx_word' id='word_1_618' title='bbox 1925 3220 1967 3287; x_wconf 87' lang='lat' dir='ltr'>C</span> <span class='ocrx_word' id='word_1_619' title='bbox 2005 3238 2094 3289; x_wconf 88' lang='lat' dir='ltr'>est</span> <span class='ocrx_word' id='word_1_620' title='bbox 2122 3232 2526 3287; x_wconf 79' lang='lat' dir='ltr'>diﬁ‘erendam.</span> 
     </span>
    </p>
   </div>
   <div class='ocr_carea' id='block_1_93' title="bbox 2076 3319 3648 3397">
    <p class='ocr_par' dir='ltr' id='par_1_93' title="bbox 2076 3319 3648 3397">
     <span class='ocr_line' id='line_1_93' title="bbox 2076 3319 3648 3397; baseline 0.004 -22"><span class='ocrx_word' id='word_1_621' title='bbox 2076 3320 2147 3375; x_wconf 91' lang='lat'>80</span> <span class='ocrx_word' id='word_1_622' title='bbox 2178 3321 2307 3381; x_wconf 79' lang='lat' dir='ltr'>(AN.</span> <span class='ocrx_word' id='word_1_623' title='bbox 2342 3319 2492 3389; x_wconf 87' lang='lat'>387.)</span> <span class='ocrx_word' id='word_1_624' title='bbox 2520 3319 2731 3374; x_wconf 90' lang='lat' dir='ltr'>Statim</span> <span class='ocrx_word' id='word_1_625' title='bbox 2781 3324 2957 3391; x_wconf 88' lang='lat' dir='ltr'>atque</span> <span class='ocrx_word' id='word_1_626' title='bbox 3002 3324 3237 3391; x_wconf 88' lang='lat' dir='ltr'>tempus</span> <span class='ocrx_word' id='word_1_627' title='bbox 3284 3324 3488 3392; x_wconf 81' lang='lat' dir='ltr'>adfuit,</span> <span class='ocrx_word' id='word_1_628' title='bbox 3532 3342 3648 3397; x_wconf 92' lang='lat' dir='ltr'>quo</span> 
     </span>
    </p>
   </div>
   <div class='ocr_carea' id='block_1_94' title="bbox 2007 3406 3648 3480">
    <p class='ocr_par' dir='ltr' id='par_1_94' title="bbox 2007 3406 3648 3480">
     <span class='ocr_line' id='line_1_94' title="bbox 2007 3406 3648 3480; baseline 0.006 -18"><span class='ocrx_word' id='word_1_629' title='bbox 2007 3406 2409 3463; x_wconf 89' lang='lat' dir='ltr'>catechumeni</span> <span class='ocrx_word' id='word_1_630' title='bbox 2440 3421 2503 3461; x_wconf 91' lang='lat' dir='ltr'>se</span> <span class='ocrx_word' id='word_1_631' title='bbox 2532 3407 2602 3461; x_wconf 89' lang='lat' dir='ltr'>ad</span> <span class='ocrx_word' id='word_1_632' title='bbox 2635 3407 2996 3478; x_wconf 87' lang='lat' dir='ltr'>baptismum</span> <span class='ocrx_word' id='word_1_633' title='bbox 3026 3407 3266 3466; x_wconf 87' lang='lat' dir='ltr'>inscribi</span> <span class='ocrx_word' id='word_1_634' title='bbox 3298 3418 3521 3480; x_wconf 88' lang='lat' dir='ltr'>curant,</span> <span class='ocrx_word' id='word_1_635' title='bbox 3538 3416 3648 3472; x_wconf 90' lang='lat' dir='ltr'>sub</span> 
     </span>
    </p>
   </div>
   <div class='ocr_carea' id='block_1_95' title="bbox 2007 3493 3646 3573">
    <p class='ocr_par' dir='ltr' id='par_1_95' title="bbox 2007 3493 3646 3573">
     <span class='ocr_line' id='line_1_95' title="bbox 2007 3493 3646 3573; baseline 0.005 -23"><span class='ocrx_word' id='word_1_636' title='bbox 2007 3500 2323 3551; x_wconf 87' lang='lat' dir='ltr'>extremam</span> <span class='ocrx_word' id='word_1_637' title='bbox 2382 3493 2603 3549; x_wconf 88' lang='lat' dir='ltr'>scilicet</span> <span class='ocrx_word' id='word_1_638' title='bbox 2667 3495 3202 3567; x_wconf 87' lang='lat' dir='ltr'>Quadragesimam,</span> <span class='ocrx_word' id='word_1_639' title='bbox 3259 3502 3646 3573; x_wconf 85' lang='lat' dir='ltr'>Augustinus,</span> 
     </span>
    </p>
   </div>
   <div class='ocr_carea' id='block_1_96' title="bbox 2005 3582 3646 3655">
    <p class='ocr_par' dir='ltr' id='par_1_96' title="bbox 2005 3582 3646 3655">
     <span class='ocr_line' id='line_1_96' title="bbox 2005 3582 3646 3655; baseline 0.006 -17"><span class='ocrx_word' id='word_1_640' title='bbox 2005 3583 2207 3655; x_wconf 80' lang='lat' dir='ltr'>Alypio</span> <span class='ocrx_word' id='word_1_641' title='bbox 2238 3599 2366 3649; x_wconf 91' lang='lat' dir='ltr'>suo,</span> <span class='ocrx_word' id='word_1_642' title='bbox 2399 3587 2456 3638; x_wconf 90' lang='lat' dir='ltr'>et</span> <span class='ocrx_word' id='word_1_643' title='bbox 2485 3582 2604 3638; x_wconf 83' lang='lat' dir='ltr'>ﬁlio</span> <span class='ocrx_word' id='word_1_644' title='bbox 2632 3584 2924 3639; x_wconf 85' lang='lat' dir='ltr'>Adeodato</span> <span class='ocrx_word' id='word_1_645' title='bbox 2957 3585 3393 3655; x_wconf 85' lang='lat' dir='ltr'>comitantibus,</span> <span class='ocrx_word' id='word_1_646' title='bbox 3429 3591 3646 3648; x_wconf 90' lang='lat' dir='ltr'>Medio-</span> 
     </span>
    </p>
   </div>
   <div class='ocr_carea' id='block_1_97' title="bbox 2005 3670 3647 3750">
    <p class='ocr_par' dir='ltr' id='par_1_97' title="bbox 2005 3670 3647 3750">
     <span class='ocr_line' id='line_1_97' title="bbox 2005 3670 3647 3750; baseline 0.006 -24"><span class='ocrx_word' id='word_1_647' title='bbox 2005 3671 2207 3727; x_wconf 92' lang='lat' dir='ltr'>lanum</span> <span class='ocrx_word' id='word_1_648' title='bbox 2240 3671 2428 3739; x_wconf 89' lang='lat' dir='ltr'>rediit,</span> <span class='ocrx_word' id='word_1_649' title='bbox 2460 3676 2522 3725; x_wconf 89' lang='lat' dir='ltr'>ut</span> <span class='ocrx_word' id='word_1_650' title='bbox 2553 3670 2729 3727; x_wconf 89' lang='lat' dir='ltr'>simul</span> <span class='ocrx_word' id='word_1_651' title='bbox 2777 3672 2835 3726; x_wconf 92' lang='lat' dir='ltr'>in</span> <span class='ocrx_word' id='word_1_652' title='bbox 2885 3674 3148 3729; x_wconf 89' lang='lat' dir='ltr'>ordinem</span> <span class='ocrx_word' id='word_1_653' title='bbox 3191 3681 3647 3750; x_wconf 88' lang='lat' dir='ltr'>competentium</span> 
     </span>
    </p>
   </div>
   <div class='ocr_carea' id='block_1_98' title="bbox 2006 3760 3649 3842">
    <p class='ocr_par' dir='ltr' id='par_1_98' title="bbox 2006 3760 3649 3842">
     <span class='ocr_line' id='line_1_98' title="bbox 2006 3760 3649 3842; baseline 0.005 -26"><span class='ocrx_word' id='word_1_654' title='bbox 2006 3760 2495 3816; x_wconf 84' lang='lat' dir='ltr'>admitterentur:</span> <span class='ocrx_word' id='word_1_655' title='bbox 2534 3761 2650 3827; x_wconf 87' lang='lat' dir='ltr'>Ubi,</span> <span class='ocrx_word' id='word_1_656' title='bbox 2703 3760 2784 3815; x_wconf 90' lang='lat' dir='ltr'>ait</span> <span class='ocrx_word' id='word_1_657' title='bbox 2831 3760 2945 3827; x_wconf 90' lang='lat' dir='ltr'>ille,</span> <span class='ocrx_word' id='word_1_658' title='bbox 2993 3769 3208 3834; x_wconf 77' lang='lat' dir='ltr'>tempus</span> <span class='ocrx_word' id='word_1_659' title='bbox 3255 3767 3495 3837; x_wconf 80' lang='lat' dir='ltr'>advenit,</span> <span class='ocrx_word' id='word_1_660' title='bbox 3544 3786 3649 3842; x_wconf 80' lang='lat' dir='ltr'>quo</span> 
     </span>
    </p>
   </div>
   <div class='ocr_carea' id='block_1_99' title="bbox 2003 3848 3651 3920">
    <p class='ocr_par' dir='ltr' id='par_1_99' title="bbox 2003 3848 3651 3920">
     <span class='ocr_line' id='line_1_99' title="bbox 2003 3848 3651 3920; baseline 0.005 -16"><span class='ocrx_word' id='word_1_661' title='bbox 2003 3865 2089 3904; x_wconf 86' lang='lat' dir='ltr'>me</span> <span class='ocrx_word' id='word_1_662' title='bbox 2129 3864 2325 3904; x_wconf 80' lang='lat' dir='ltr'>nomen</span> <span class='ocrx_word' id='word_1_663' title='bbox 2354 3848 2486 3904; x_wconf 87' lang='lat' dir='ltr'>dare</span> <span class='ocrx_word' id='word_1_664' title='bbox 2527 3852 2813 3920; x_wconf 84' lang='lat' dir='ltr'>oporteret,</span> <span class='ocrx_word' id='word_1_665' title='bbox 2862 3851 3049 3907; x_wconf 84' lang='lat' dir='ltr'>relicto</span> <span class='ocrx_word' id='word_1_666' title='bbox 3095 3868 3229 3909; x_wconf 80' lang='lat' dir='ltr'>rure</span> <span class='ocrx_word' id='word_1_667' title='bbox 3273 3856 3651 3913; x_wconf 83' lang='lat' dir='ltr'>Mediolanum</span> 
     </span>
    </p>
   </div>
   <div class='ocr_carea' id='block_1_100' title="bbox 2005 3937 3651 4014">
    <p class='ocr_par' dir='ltr' id='par_1_100' title="bbox 2005 3937 3651 4014">
     <span class='ocr_line' id='line_1_100' title="bbox 2005 3937 3651 4014; baseline 0.005 -22"><span class='ocrx_word' id='word_1_668' title='bbox 2005 3940 2380 3993; x_wconf 84' lang='lat' dir='ltr'>remeavimus.</span> <span class='ocrx_word' id='word_1_669' title='bbox 2424 3937 2679 4010; x_wconf 85' lang='lat' dir='ltr'>Contigit</span> <span class='ocrx_word' id='word_1_670' title='bbox 2719 3942 2913 3993; x_wconf 88' lang='lat' dir='ltr'>autem</span> <span class='ocrx_word' id='word_1_671' title='bbox 2967 3944 3030 3993; x_wconf 90' lang='lat' dir='ltr'>ut</span> <span class='ocrx_word' id='word_1_672' title='bbox 3076 3946 3214 3995; x_wconf 90' lang='lat' dir='ltr'>tunc</span> <span class='ocrx_word' id='word_1_673' title='bbox 3258 3945 3541 4014; x_wconf 91' lang='lat' dir='ltr'>temporis</span> <span class='ocrx_word' id='word_1_674' title='bbox 3585 3946 3651 4001; x_wconf 86' lang='lat' dir='ltr'>de</span> 
     </span>
    </p>
   </div>
   <div class='ocr_carea' id='block_1_101' title="bbox 2002 4025 3650 4095">
    <p class='ocr_par' dir='ltr' id='par_1_101' title="bbox 2002 4025 3650 4095">
     <span class='ocr_line' id='line_1_101' title="bbox 2002 4025 3650 4095; baseline 0.004 -13"><span class='ocrx_word' id='word_1_675' title='bbox 2002 4027 2303 4082; x_wconf 83' lang='lat' dir='ltr'>moralibus</span> <span class='ocrx_word' id='word_1_676' title='bbox 2341 4025 2721 4095; x_wconf 85' lang='lat' dir='ltr'>quotidianum</span> <span class='ocrx_word' id='word_1_677' title='bbox 2763 4042 3068 4083; x_wconf 87' lang='lat' dir='ltr'>sermonem</span> <span class='ocrx_word' id='word_1_678' title='bbox 3117 4028 3356 4085; x_wconf 89' lang='lat' dir='ltr'>haberet</span> <span class='ocrx_word' id='word_1_679' title='bbox 3405 4034 3650 4088; x_wconf 90' lang='lat' dir='ltr'>Ambro-</span> 
     </span>
    </p>
   </div>
   <div class='ocr_carea' id='block_1_102' title="bbox 2005 4113 3648 4185">
    <p class='ocr_par' dir='ltr' id='par_1_102' title="bbox 2005 4113 3648 4185">
     <span class='ocr_line' id='line_1_102' title="bbox 2005 4113 3648 4185; baseline 0.004 -17"><span class='ocrx_word' id='word_1_680' title='bbox 2005 4115 2130 4169; x_wconf 89' lang='lat' dir='ltr'>sius</span> <span class='ocrx_word' id='word_1_681' title='bbox 2171 4113 2266 4185; x_wconf 89' lang='lat' dir='ltr'>(De</span> <span class='ocrx_word' id='word_1_682' title='bbox 2322 4117 2484 4185; x_wconf 72' lang='lat' dir='ltr'>mysi.</span> <span class='ocrx_word' id='word_1_683' title='bbox 2534 4130 2660 4185; x_wconf 91' lang='lat' dir='ltr'>cap.</span> <span class='ocrx_word' id='word_1_684' title='bbox 2716 4132 2757 4179; x_wconf 84' lang='grc' dir='ltr'>ι,</span> <span class='ocrx_word' id='word_1_685' title='bbox 2806 4131 2864 4170; x_wconf 91' lang='lat' dir='ltr'>n.</span> <span class='ocrx_word' id='word_1_686' title='bbox 2913 4116 2986 4185; x_wconf 87' lang='grc'>1).</span> <span class='ocrx_word' id='word_1_687' title='bbox 3034 4115 3186 4170; x_wconf 90' lang='lat' dir='ltr'>Alibi</span> <span class='ocrx_word' id='word_1_688' title='bbox 3234 4133 3366 4173; x_wconf 90' lang='lat' dir='ltr'>vero</span> <span class='ocrx_word' id='word_1_689' title='bbox 3392 4118 3648 4176; x_wconf 88' lang='lat' dir='ltr'>declara-</span> 
     </span>
    </p>
   </div>
   <div class='ocr_carea' id='block_1_103' title="bbox 2004 4201 3651 4274">
    <p class='ocr_par' dir='ltr' id='par_1_103' title="bbox 2004 4201 3651 4274">
     <span class='ocr_line' id='line_1_103' title="bbox 2004 4201 3651 4274; baseline 0.004 -17"><span class='ocrx_word' id='word_1_690' title='bbox 2004 4207 2131 4257; x_wconf 90' lang='lat' dir='ltr'>tum</span> <span class='ocrx_word' id='word_1_691' title='bbox 2182 4206 2289 4269; x_wconf 90' lang='lat' dir='ltr'>est,</span> <span class='ocrx_word' id='word_1_692' title='bbox 2341 4201 2621 4257; x_wconf 86' lang='lat' dir='ltr'>moralem</span> <span class='ocrx_word' id='word_1_693' title='bbox 2669 4201 2866 4269; x_wconf 89' lang='lat' dir='ltr'>istam,</span> <span class='ocrx_word' id='word_1_694' title='bbox 2909 4214 3086 4274; x_wconf 90' lang='lat' dir='ltr'>quam</span> <span class='ocrx_word' id='word_1_695' title='bbox 3137 4203 3245 4259; x_wconf 91' lang='lat' dir='ltr'>hoc</span> <span class='ocrx_word' id='word_1_696' title='bbox 3289 4204 3415 4261; x_wconf 93' lang='lat' dir='ltr'>loco</span> <span class='ocrx_word' id='word_1_697' title='bbox 3458 4206 3651 4264; x_wconf 92' lang='lat' dir='ltr'>innuit</span> 
     </span>
    </p>
   </div>
   <div class='ocr_carea' id='block_1_104' title="bbox 2006 4289 3648 4367">
    <p class='ocr_par' dir='ltr' id='par_1_104' title="bbox 2006 4289 3648 4367">
     <span class='ocr_line' id='line_1_104' title="bbox 2006 4289 3648 4367; baseline 0.005 -23"><span class='ocrx_word' id='word_1_698' title='bbox 2006 4290 2161 4345; x_wconf 92' lang='lat' dir='ltr'>idem</span> <span class='ocrx_word' id='word_1_699' title='bbox 2192 4289 2502 4361; x_wconf 90' lang='lat' dir='ltr'>episcopus</span> <span class='ocrx_word' id='word_1_700' title='bbox 2533 4289 2779 4361; x_wconf 83' lang='lat' dir='ltr'>(Admon.</span> <span class='ocrx_word' id='word_1_701' title='bbox 2828 4293 2891 4345; x_wconf 79' lang='lat' dir='ltr'>in</span> <span class='ocrx_word' id='word_1_702' title='bbox 2942 4291 3037 4345; x_wconf 86' lang='lat' dir='ltr'>lib.</span> <span class='ocrx_word' id='word_1_703' title='bbox 3069 4291 3137 4347; x_wconf 85' lang='lat' dir='ltr'>de</span> <span class='ocrx_word' id='word_1_704' title='bbox 3164 4293 3413 4363; x_wconf 82' lang='lat' dir='ltr'>Abrah.),</span> <span class='ocrx_word' id='word_1_705' title='bbox 3444 4295 3648 4367; x_wconf 89' lang='lat' dir='ltr'>dispu-</span> 
     </span>
    </p>
   </div>
   <div class='ocr_carea' id='block_1_105' title="bbox 2005 4377 3649 4456">
    <p class='ocr_par' dir='ltr' id='par_1_105' title="bbox 2005 4377 3649 4456">
     <span class='ocr_line' id='line_1_105' title="bbox 2005 4377 3649 4456; baseline 0.005 -23"><span class='ocrx_word' id='word_1_706' title='bbox 2005 4377 2283 4433; x_wconf 88' lang='lat' dir='ltr'>tationem</span> <span class='ocrx_word' id='word_1_707' title='bbox 2330 4379 2524 4449; x_wconf 89' lang='lat' dir='ltr'>aptius</span> <span class='ocrx_word' id='word_1_708' title='bbox 2554 4377 2801 4450; x_wconf 87' lang='lat' dir='ltr'>intelligi</span> <span class='ocrx_word' id='word_1_709' title='bbox 2854 4379 3199 4451; x_wconf 88' lang='lat' dir='ltr'>neutiquam</span> <span class='ocrx_word' id='word_1_710' title='bbox 3245 4399 3436 4452; x_wconf 90' lang='lat' dir='ltr'>posse,</span> <span class='ocrx_word' id='word_1_711' title='bbox 3469 4400 3649 4456; x_wconf 86' lang='lat' dir='ltr'>quam</span> 
     </span>
    </p>
   </div>
   <div class='ocr_carea' id='block_1_106' title="bbox 2006 4465 3650 4543">
    <p class='ocr_par' dir='ltr' id='par_1_106' title="bbox 2006 4465 3650 4543">
     <span class='ocr_line' id='line_1_106' title="bbox 2006 4465 3650 4543; baseline 0.006 -23"><span class='ocrx_word' id='word_1_712' title='bbox 2006 4466 2078 4521; x_wconf 90' lang='lat' dir='ltr'>de</span> <span class='ocrx_word' id='word_1_713' title='bbox 2130 4465 2522 4533; x_wconf 89' lang='lat' dir='ltr'>sermonibus,</span> <span class='ocrx_word' id='word_1_714' title='bbox 2579 4482 2647 4520; x_wconf 88' lang='lat' dir='ltr'>ex</span> <span class='ocrx_word' id='word_1_715' title='bbox 2698 4466 2913 4537; x_wconf 89' lang='lat' dir='ltr'>quibus</span> <span class='ocrx_word' id='word_1_716' title='bbox 2988 4467 3123 4522; x_wconf 92' lang='lat' dir='ltr'>libri</span> <span class='ocrx_word' id='word_1_717' title='bbox 3178 4470 3249 4523; x_wconf 83' lang='lat' dir='ltr'>de</span> <span class='ocrx_word' id='word_1_718' title='bbox 3303 4472 3650 4543; x_wconf 89' lang='lat' dir='ltr'>patriarchis</span> 
     </span>
    </p>
   </div>
   <div class='ocr_carea' id='block_1_107' title="bbox 1926 4552 3649 4640">
    <p class='ocr_par' dir='ltr' id='par_1_107' title="bbox 1926 4552 3649 4640">
     <span class='ocr_line' id='line_1_107' title="bbox 1926 4552 3649 4640; baseline 0.006 -32"><span class='ocrx_word' id='word_1_719' title='bbox 1926 4576 1972 4640; x_wconf 70' lang='grc' dir='ltr'>Β</span> <span class='ocrx_word' id='word_1_720' title='bbox 2003 4553 2311 4624; x_wconf 90' lang='lat' dir='ltr'>compositi</span> <span class='ocrx_word' id='word_1_721' title='bbox 2340 4557 2498 4608; x_wconf 88' lang='lat' dir='ltr'>sunt.</span> <span class='ocrx_word' id='word_1_722' title='bbox 2536 4552 2710 4608; x_wconf 89' lang='lat' dir='ltr'>Primi</span> <span class='ocrx_word' id='word_1_723' title='bbox 2742 4555 3081 4611; x_wconf 90' lang='lat' dir='ltr'>eorumdem</span> <span class='ocrx_word' id='word_1_724' title='bbox 3113 4556 3473 4616; x_wconf 90' lang='lat' dir='ltr'>collocantur</span> <span class='ocrx_word' id='word_1_725' title='bbox 3515 4561 3649 4618; x_wconf 89' lang='lat' dir='ltr'>libri</span> 
     </span>
    </p>
   </div>
   <div class='ocr_carea' id='block_1_108' title="bbox 2001 4640 3649 4721">
    <p class='ocr_par' dir='ltr' id='par_1_108' title="bbox 2001 4640 3649 4721">
     <span class='ocr_line' id='line_1_108' title="bbox 2001 4640 3649 4721; baseline 0.005 -23"><span class='ocrx_word' id='word_1_726' title='bbox 2001 4640 2065 4698; x_wconf 83' lang='lat' dir='ltr'>de</span> <span class='ocrx_word' id='word_1_727' title='bbox 2093 4642 2387 4706; x_wconf 82' lang='lat' dir='ltr'>Abraham,</span> <span class='ocrx_word' id='word_1_728' title='bbox 2422 4658 2534 4712; x_wconf 91' lang='lat' dir='ltr'>quo</span> <span class='ocrx_word' id='word_1_729' title='bbox 2586 4641 2644 4696; x_wconf 88' lang='lat' dir='ltr'>in</span> <span class='ocrx_word' id='word_1_730' title='bbox 2694 4658 2862 4712; x_wconf 89' lang='lat' dir='ltr'>opere</span> <span class='ocrx_word' id='word_1_731' title='bbox 2906 4645 3092 4721; x_wconf 85' lang='lat' dir='ltr'>sancti</span> <span class='ocrx_word' id='word_1_732' title='bbox 3124 4646 3302 4718; x_wconf 91' lang='lat' dir='ltr'>hujus</span> <span class='ocrx_word' id='word_1_733' title='bbox 3346 4649 3452 4704; x_wconf 91' lang='lat' dir='ltr'>viri</span> <span class='ocrx_word' id='word_1_734' title='bbox 3486 4651 3649 4721; x_wconf 87' lang='lat' dir='ltr'>impi-</span> 
     </span>
    </p>
   </div>
   <div class='ocr_carea' id='block_1_109' title="bbox 2005 4729 3646 4807">
    <p class='ocr_par' dir='ltr' id='par_1_109' title="bbox 2005 4729 3646 4807">
     <span class='ocr_line' id='line_1_109' title="bbox 2005 4729 3646 4807; baseline 0.004 -22"><span class='ocrx_word' id='word_1_735' title='bbox 2005 4747 2161 4798; x_wconf 86' lang='lat' dir='ltr'>gram</span> <span class='ocrx_word' id='word_1_736' title='bbox 2189 4729 2316 4801; x_wconf 82' lang='lat' dir='ltr'>ﬁdei</span> <span class='ocrx_word' id='word_1_737' title='bbox 2342 4729 2679 4785; x_wconf 82' lang='lat' dir='ltr'>devotionem</span> <span class='ocrx_word' id='word_1_738' title='bbox 2725 4732 3072 4788; x_wconf 84' lang='lat' dir='ltr'>Ambrosius</span> <span class='ocrx_word' id='word_1_739' title='bbox 3116 4735 3481 4792; x_wconf 86' lang='lat' dir='ltr'>demonstrat</span> <span class='ocrx_word' id='word_1_740' title='bbox 3522 4737 3646 4807; x_wconf 88' lang='lat' dir='ltr'>(lib.</span> 
     </span>
    </p>
   </div>
   <div class='ocr_carea' id='block_1_110' title="bbox 2009 4820 3650 4894">
    <p class='ocr_par' dir='ltr' id='par_1_110' title="bbox 2009 4820 3650 4894">
     <span class='ocr_line' id='line_1_110' title="bbox 2009 4820 3650 4894; baseline 0.003 -19"><span class='ocrx_word' id='word_1_741' title='bbox 2009 4821 2080 4875; x_wconf 89' lang='lat' dir='ltr'>De</span> <span class='ocrx_word' id='word_1_742' title='bbox 2106 4820 2316 4890; x_wconf 79' lang='lat' dir='ltr'>Ioseph,</span> <span class='ocrx_word' id='word_1_743' title='bbox 2349 4834 2474 4890; x_wconf 85' lang='lat' dir='ltr'>cap.</span> <span class='ocrx_word' id='word_1_744' title='bbox 2507 4836 2548 4883; x_wconf 84' lang='grc' dir='ltr'>ι,</span> <span class='ocrx_word' id='word_1_745' title='bbox 2583 4835 2747 4873; x_wconf 92' lang='lat' dir='ltr'>num.</span> <span class='ocrx_word' id='word_1_746' title='bbox 2780 4822 2857 4889; x_wconf 86' lang='lat'>7),</span> <span class='ocrx_word' id='word_1_747' title='bbox 2900 4821 2972 4875; x_wconf 87' lang='lat' dir='ltr'>ab</span> <span class='ocrx_word' id='word_1_748' title='bbox 3023 4822 3151 4893; x_wconf 79' lang='lat' dir='ltr'>ipso</span> <span class='ocrx_word' id='word_1_749' title='bbox 3201 4840 3434 4894; x_wconf 90' lang='lat' dir='ltr'>quoque</span> <span class='ocrx_word' id='word_1_750' title='bbox 3481 4824 3650 4880; x_wconf 89' lang='lat' dir='ltr'>factis</span> 
     </span>
    </p>
   </div>
   <div class='ocr_carea' id='block_1_111' title="bbox 2006 4907 3648 4982">
    <p class='ocr_par' dir='ltr' id='par_1_111' title="bbox 2006 4907 3648 4982">
     <span class='ocr_line' id='line_1_111' title="bbox 2006 4907 3648 4982; baseline 0.004 -20"><span class='ocrx_word' id='word_1_751' title='bbox 2006 4907 2338 4979; x_wconf 90' lang='lat' dir='ltr'>impletum,</span> <span class='ocrx_word' id='word_1_752' title='bbox 2371 4907 2527 4977; x_wconf 90' lang='lat' dir='ltr'>quod</span> <span class='ocrx_word' id='word_1_753' title='bbox 2564 4907 2657 4962; x_wconf 86' lang='lat' dir='ltr'>vix</span> <span class='ocrx_word' id='word_1_754' title='bbox 2692 4907 2900 4978; x_wconf 90' lang='lat' dir='ltr'>jejuna</span> <span class='ocrx_word' id='word_1_755' title='bbox 2948 4910 3201 4979; x_wconf 88' lang='lat' dir='ltr'>quadam</span> <span class='ocrx_word' id='word_1_756' title='bbox 3233 4910 3364 4966; x_wconf 89' lang='lat' dir='ltr'>idea</span> <span class='ocrx_word' id='word_1_757' title='bbox 3392 4909 3648 4982; x_wconf 88' lang='lat' dir='ltr'>philoso-</span> 
     </span>
    </p>
   </div>
   <div class='ocr_carea' id='block_1_112' title="bbox 2006 4995 2488 5073">
    <p class='ocr_par' dir='ltr' id='par_1_112' title="bbox 2006 4995 2488 5073">
     <span class='ocr_line' id='line_1_112' title="bbox 2006 4995 2488 5073; baseline -0.002 -22"><span class='ocrx_word' id='word_1_758' title='bbox 2006 4997 2105 5067; x_wconf 89' lang='lat' dir='ltr'>phi</span> <span class='ocrx_word' id='word_1_759' title='bbox 2132 4995 2488 5073; x_wconf 3' lang='lat' dir='ltr'>(intellexere.</span> 
     </span>
    </p>
   </div>
   <div class='ocr_carea' id='block_1_113' title="bbox 2076 5082 3646 5157">
    <p class='ocr_par' dir='ltr' id='par_1_113' title="bbox 2076 5082 3646 5157">
     <span class='ocr_line' id='line_1_113' title="bbox 2076 5082 3646 5157; baseline 0.001 -15"><span class='ocrx_word' id='word_1_760' title='bbox 2076 5084 2162 5142; x_wconf 83' lang='lat'>8|.</span> <span class='ocrx_word' id='word_1_761' title='bbox 2198 5083 2368 5138; x_wconf 87' lang='lat' dir='ltr'>Liber</span> <span class='ocrx_word' id='word_1_762' title='bbox 2395 5082 2459 5137; x_wconf 84' lang='lat' dir='ltr'>de</span> <span class='ocrx_word' id='word_1_763' title='bbox 2488 5084 2640 5138; x_wconf 86' lang='lat' dir='ltr'>Isaae</span> <span class='ocrx_word' id='word_1_764' title='bbox 2669 5093 2720 5140; x_wconf 88' lang='lat' dir='ltr'>et</span> <span class='ocrx_word' id='word_1_765' title='bbox 2745 5085 2937 5138; x_wconf 83' lang='lat' dir='ltr'>animo</span> <span class='ocrx_word' id='word_1_766' title='bbox 2979 5085 3127 5139; x_wconf 92' lang='lat' dir='ltr'>duos</span> <span class='ocrx_word' id='word_1_767' title='bbox 3180 5083 3309 5140; x_wconf 90' lang='lat' dir='ltr'>illos</span> <span class='ocrx_word' id='word_1_768' title='bbox 3360 5086 3646 5157; x_wconf 89' lang='lat' dir='ltr'>sequitur.</span> 
     </span>
    </p>
   </div>
   <div class='ocr_carea' id='block_1_114' title="bbox 2007 5171 3652 5243">
    <p class='ocr_par' dir='ltr' id='par_1_114' title="bbox 2007 5171 3652 5243">
     <span class='ocr_line' id='line_1_114' title="bbox 2007 5171 3652 5243; baseline 0.004 -19"><span class='ocrx_word' id='word_1_769' title='bbox 2007 5171 2110 5225; x_wconf 90' lang='lat' dir='ltr'>Hic</span> <span class='ocrx_word' id='word_1_770' title='bbox 2131 5178 2325 5225; x_wconf 88' lang='lat' dir='ltr'>autem</span> <span class='ocrx_word' id='word_1_771' title='bbox 2345 5186 2411 5225; x_wconf 92' lang='lat' dir='ltr'>eo</span> <span class='ocrx_word' id='word_1_772' title='bbox 2438 5171 2776 5241; x_wconf 90' lang='lat' dir='ltr'>pertinet,ut</span> <span class='ocrx_word' id='word_1_773' title='bbox 2797 5173 2855 5225; x_wconf 90' lang='lat' dir='ltr'>in</span> <span class='ocrx_word' id='word_1_774' title='bbox 2877 5171 3076 5226; x_wconf 89' lang='lat' dir='ltr'>eodem</span> <span class='ocrx_word' id='word_1_775' title='bbox 3104 5178 3303 5227; x_wconf 88' lang='lat' dir='ltr'>sancto</span> <span class='ocrx_word' id='word_1_776' title='bbox 3325 5173 3652 5243; x_wconf 86' lang='lat' dir='ltr'>patriarcha</span> 
     </span>
    </p>
   </div>
   <div class='ocr_carea' id='block_1_115' title="bbox 2006 5258 3646 5336">
    <p class='ocr_par' dir='ltr' id='par_1_115' title="bbox 2006 5258 3646 5336">
     <span class='ocr_line' id='line_1_115' title="bbox 2006 5258 3646 5336; baseline 0.004 -23"><span class='ocrx_word' id='word_1_777' title='bbox 2006 5261 2238 5313; x_wconf 50' lang='lat' dir='ltr'>sincera</span> <span class='ocrx_word' id='word_1_778' title='bbox 2272 5259 2468 5312; x_wconf 85' lang='lat' dir='ltr'>mentis</span> <span class='ocrx_word' id='word_1_779' title='bbox 2502 5262 2805 5329; x_wconf 84' lang='lat' dir='ltr'>puritatem</span> <span class='ocrx_word' id='word_1_780' title='bbox 2851 5258 3039 5314; x_wconf 91' lang='lat' dir='ltr'>oculis</span> <span class='ocrx_word' id='word_1_781' title='bbox 3082 5259 3400 5329; x_wconf 88' lang='lat' dir='ltr'>subjiciens</span> <span class='ocrx_word' id='word_1_782' title='bbox 3445 5262 3646 5336; x_wconf 62' lang='lat' dir='ltr'>(ibid),</span> 
     </span>
    </p>
   </div>
   <div class='ocr_carea' id='block_1_116' title="bbox 2008 5343 3649 5418">
    <p class='ocr_par' dir='ltr' id='par_1_116' title="bbox 2008 5343 3649 5418">
     <span class='ocr_line' id='line_1_116' title="bbox 2008 5343 3649 5418; baseline 0.005 -19"><span class='ocrx_word' id='word_1_783' title='bbox 2008 5345 2201 5415; x_wconf 90' lang='lat' dir='ltr'>ipsum</span> <span class='ocrx_word' id='word_1_784' title='bbox 2234 5343 2447 5398; x_wconf 85' lang='lat' dir='ltr'>Christi</span> <span class='ocrx_word' id='word_1_785' title='bbox 2490 5344 2744 5413; x_wconf 89' lang='lat' dir='ltr'>Domini,</span> <span class='ocrx_word' id='word_1_786' title='bbox 2795 5345 3116 5402; x_wconf 85' lang='lat' dir='ltr'>Rebeccam</span> <span class='ocrx_word' id='word_1_787' title='bbox 3163 5363 3296 5403; x_wconf 90' lang='lat' dir='ltr'>vero</span> <span class='ocrx_word' id='word_1_788' title='bbox 3340 5349 3467 5418; x_wconf 88' lang='lat' dir='ltr'>ejus</span> <span class='ocrx_word' id='word_1_789' title='bbox 3511 5368 3649 5408; x_wconf 86' lang='lat' dir='ltr'>uxo-</span> 
     </span>
    </p>
   </div>
   <div class='ocr_carea' id='block_1_117' title="bbox 2008 5429 3649 5507">
    <p class='ocr_par' dir='ltr' id='par_1_117' title="bbox 2008 5429 3649 5507">
     <span class='ocr_line' id='line_1_117' title="bbox 2008 5429 3649 5507; baseline 0.005 -19"><span class='ocrx_word' id='word_1_790' title='bbox 2008 5448 2131 5488; x_wconf 87' lang='lat' dir='ltr'>rem</span> <span class='ocrx_word' id='word_1_791' title='bbox 2164 5429 2432 5486; x_wconf 66' lang='lat' dir='ltr'>Ecclesiae</span> <span class='ocrx_word' id='word_1_792' title='bbox 2463 5436 2664 5502; x_wconf 82' lang='lat' dir='ltr'>typum</span> <span class='ocrx_word' id='word_1_793' title='bbox 2686 5433 2978 5489; x_wconf 86' lang='lat' dir='ltr'>exstitisse</span> <span class='ocrx_word' id='word_1_794' title='bbox 3009 5435 3317 5507; x_wconf 77' lang='lat' dir='ltr'>patefaciet</span> <span class='ocrx_word' id='word_1_795' title='bbox 3349 5455 3361 5492; x_wconf 90' lang='lat'><strong>:</strong></span> <span class='ocrx_word' id='word_1_796' title='bbox 3397 5455 3500 5493; x_wconf 92' lang='lat' dir='ltr'>nec</span> <span class='ocrx_word' id='word_1_797' title='bbox 3534 5455 3649 5496; x_wconf 93' lang='lat' dir='ltr'>non</span> 
     </span>
    </p>
   </div>
   <div class='ocr_carea' id='block_1_118' title="bbox 2010 5516 3649 5591">
    <p class='ocr_par' dir='ltr' id='par_1_118' title="bbox 2010 5516 3649 5591">
     <span class='ocr_line' id='line_1_118' title="bbox 2010 5516 3649 5591; baseline 0.006 -17"><span class='ocrx_word' id='word_1_798' title='bbox 2010 5526 2327 5589; x_wconf 88' lang='lat' dir='ltr'>utrumque</span> <span class='ocrx_word' id='word_1_799' title='bbox 2358 5516 2527 5573; x_wconf 90' lang='lat' dir='ltr'>illum</span> <span class='ocrx_word' id='word_1_800' title='bbox 2556 5521 2866 5591; x_wconf 89' lang='lat' dir='ltr'>conjugem</span> <span class='ocrx_word' id='word_1_801' title='bbox 2912 5523 3119 5579; x_wconf 63' lang='lat' dir='ltr'>animae</span> <span class='ocrx_word' id='word_1_802' title='bbox 3155 5523 3344 5581; x_wconf 81' lang='lat' dir='ltr'>ﬁdelis</span> <span class='ocrx_word' id='word_1_803' title='bbox 3370 5541 3505 5582; x_wconf 88' lang='lat' dir='ltr'>cum</span> <span class='ocrx_word' id='word_1_804' title='bbox 3537 5544 3649 5585; x_wconf 80' lang='lat' dir='ltr'>cce-</span> 
     </span>
    </p>
   </div>
   <div class='ocr_carea' id='block_1_119' title="bbox 2010 5604 3097 5685">
    <p class='ocr_par' dir='ltr' id='par_1_119' title="bbox 2010 5604 3097 5685">
     <span class='ocr_line' id='line_1_119' title="bbox 2010 5604 3097 5685; baseline -0.002 -16"><span class='ocrx_word' id='word_1_805' title='bbox 2010 5606 2144 5670; x_wconf 88' lang='lat' dir='ltr'>lesti</span> <span class='ocrx_word' id='word_1_806' title='bbox 2176 5619 2394 5683; x_wconf 86' lang='lat' dir='ltr'>sponso</span> <span class='ocrx_word' id='word_1_807' title='bbox 2424 5604 2648 5685; x_wconf 88' lang='lat' dir='ltr'>nuptiis</span> <span class='ocrx_word' id='word_1_808' title='bbox 2677 5610 3097 5671; x_wconf 87' lang='lat' dir='ltr'>accommodet.</span> 
     </span>
    </p>
   </div>
  </div>
