3938 6214
332 331 449 393 103

1673 327 1858 389 VITA
1904 327 1970 388 S.
2015 327 2404 394 AMBROSII-

3613 327 3733 402 104

399 470 487 521 82.
543 464 706 529 Quod
766 462 827 517 in
887 461 1084 518 libello
1149 461 1434 536 superiori
1497 461 1841 516 Ambrosius
1902 461 1971 514 de
2004 462 2434 535 Asigniﬁcavit
2489 463 2682 534 (epist.
2743 465 2854 531 24),
2927 477 3279 535 omnemque
3337 478 3530 519 rerum
3593 451 3758 518 cum.

329 556 524 611 anima
553 553 970 624 disputaverat.
1002 569 1134 606 eum
1181 551 1429 612 induxit,
1472 555 1534 604 ut
1583 550 1734 604 edila
1786 548 1973 618 opella

328 646 402 699 De
433 645 565 698 bono
596 644 804 706 mortis,
836 639 982 694 nihil
1013 639 1270 695 terribile
1301 640 1493 694 inesse
1524 637 1698 692 morti
1732 637 1972 708 planum

328 735 568 797 faceret;
603 730 897 800 simulque
930 732 1215 782 astrueret
1253 728 1492 783 omnino
1542 730 1850 796 oporteret,
1885 727 1971 790 ut,

326 821 591 876 abdicatis
619 819 856 888 corporis
870 817 1336 878 delectationibus,
1356 814 1752 883 cupiditatibus
1796 814 1970 868 omni-

327 911 440 974 bus,
470 907 765 976 mundique
795 905 1060 959 illecebris
1090 904 1212 968 (lib.
1248 906 1322 958 De
1361 905 1496 958 bono
1524 907 1686 957 mort.
1722 919 1848 974 cap.
1884 917 1970 965 III,

326 1014 383 1051 n.
416 996 492 1065 9).
524 996 582 1050 in
615 998 960 1065 perpetuum
993 991 1202 1048 saeculo
1237 992 1579 1046 moriamur.

394 1086 484 1138 83.
519 1084 618 1138 His
647 1081 1019 1137 sermonibus
1041 1082 1111 1134 ad
1144 1080 1554 1152 praeparandos
1593 1078 1968 1134 catechume-

325 1189 430 1228 nos
461 1169 913 1243 appositissimis
961 1169 1167 1223 imbuti
1213 1169 1582 1240 Augustinus
1631 1172 1806 1238 atque
1847 1165 1969 1231 alii,

325 1278 479 1333 aqua
506 1260 733 1314 viviﬁca
763 1259 821 1313 in
855 1257 1156 1329 pervigilio
1189 1256 1508 1324 Paschatis,
1545 1256 1695 1326 quod
1733 1271 1808 1309 vn
1841 1252 1966 1308 Kal.

326 1350 508 1406 Maias
553 1348 690 1403 anni
739 1345 1039 1418 praesentis
1089 1345 1441 1399 celebratum
1493 1343 1766 1409 diximus,
1801 1342 1968 1396 tincti

324 1439 502 1494 fuere.
550 1436 815 1492 Initiatns
863 1450 1027 1489 sacro
1071 1433 1362 1505 baptismo
1411 1431 1713 1487 confestim
1773 1447 1967 1485 sacra-

324 1531 652 1582 mentorum
711 1539 839 1594 quae
892 1525 1247 1592 receperant,
1281 1521 1434 1575 sicut
1481 1523 1538 1574 et
1585 1534 1785 1573 eorum
1837 1534 1966 1588 quae

321 1613 596 1671 occultari
629 1612 794 1682 prius
825 1609 1110 1676 solebant,
1163 1609 1520 1680 expositione
1570 1611 1812 1663 sanctus
1843 1606 1964 1678 epi-

322 1719 535 1774 sc0pus
587 1701 695 1755 rite
753 1699 1007 1753 instituit
1059 1714 1071 1751 :
1123 1713 1239 1768 qua
1279 1697 1514 1767 quidem
1566 1712 1633 1750 ex
1679 1694 1964 1749 catechesi

323 1792 536 1846 librum
569 1791 642 1843 De
670 1789 947 1858 mysteriis
973 1788 1189 1839 factum
1222 1791 1500 1856 putamus
1527 1784 1839 1853 (Admon.in
1866 1782 1954 1836 lib.
1993 1817 2041 1881 Β

520 1893 584 1930 ει.
601 1893 632 1930 l.

520 1893 542 1927 ς
573 1917 584 1930 .
620 1917 632 1929 .

327 1877 708 2022 ὓϐὃῖἶνὶξθῖἆὶίι
738 1965 807 2018 ad
841 1961 1084 2018 moralia
1116 1966 1400 2032 praecepta
1443 1966 1679 2015 sanctus
1722 1958 1964 2012 Ambro-

323 2059 468 2116 sius.
502 2059 557 2109 et
589 2059 652 2107 ut
680 2052 988 2107 candidam
1023 2050 1185 2103 illum
1217 2049 1640 2120 neophytorum
1674 2049 1905 2102 turbam
1931 2063 1966 2101 a

322 2144 618 2202 redeundo
647 2142 706 2195 in
738 2139 1037 2200 seculum,
1063 2139 1156 2193 cui
1205 2154 1306 2208 per
1351 2137 1643 2208 baptisma
1690 2136 1964 2190 nuntium

321 2234 688 2292 remiserant,
721 2228 928 2284 fortius
957 2229 1300 2291 deterreret;
1342 2225 1471 2279 ideo
1503 2239 1800 2278 sermones
1831 2239 1960 2293 pro-

321 2321 629 2383 nuntiavit,
661 2319 760 2388 qui
813 2332 968 2371 nuno
1017 2315 1232 2370 redacti
1267 2315 1324 2367 in
1357 2312 1652 2366 librariam
1690 2311 1958 2380 formam,

319 2412 430 2467 sub
466 2407 629 2463 titulo
659 2405 792 2460 libri
839 2408 914 2460 De
959 2407 1087 2474 fuga
1137 2403 1324 2457 saeculi
1377 2401 1446 2457 ad
1495 2417 1601 2455 nos
1651 2415 1962 2470 pervenere

318 2499 565 2570 (Admon.
599 2497 659 2550 in
689 2493 868 2549 eumd.
901 2494 1023 2560 lib.)

386 2589 472 2642 85.
488 2582 1047 2641 Comment-stionem
1080 2580 1229 2635 banc
1259 2578 1554 2649 excipiunt
1584 2577 1698 2630 duo
1731 2574 1863 2630 libri
1890 2575 1962 2628 De

313 2677 475 2733 Iacob
503 2683 553 2728 et
570 2676 682 2727 vita
714 2671 882 2731 beata,
917 2669 973 2722 in
1005 2669 1220 2738 quibus
1249 2666 1595 2721 Ambrosius
1619 2664 1960 2733 singularem

317 2765 495 2819 animi
523 2761 878 2828 laborumque
904 2758 1226 2826 patientiam
1265 2756 1324 2808 in
1356 2755 1557 2810 eodem
1590 2758 1792 2808 sancto
1825 2751 1956 2805 imi-

316 2853 554 2908 tandam
587 2861 917 2918 pr0ponens
948 2844 1071 2910 (lib.
1107 2845 1178 2897 De
1206 2843 1416 2912 Ioseph.
1449 2849 1593 2912 patr.
1627 2857 1752 2910 cap.
1789 2840 1957 2909 i,n.l)

317 2936 739 3007 beatitudinem
770 2932 828 2986 in
860 2932 1311 2993 calamitatibus,
1347 2929 1843 2992 afﬂictationibus,
1890 2943 1956 2982 ac

316 3025 619 3083 doloribus
649 3037 776 3076 esse
808 3021 1058 3091 positam
1092 3018 1385 3073 evidenter
1414 3018 1600 3072 docet.

388 3115 478 3169 86.
512 3112 635 3167 Non
668 3107 1039 3182 praetermisit
1081 3105 1320 3176 Josepbi
1374 3104 1677 3159 historiam
1710 3105 1956 3159 antistes

2089 566 2329 622 tyranno
2365 553 2469 607 abs
2495 569 2556 607 se
2585 556 2883 624 gestarum
2929 552 3216 623 pertexuit
3252 552 3534 607 ordinem.
3571 552 3730 607 lianc

2083 641 2386 711 epistolam
2445 641 2585 694 dum
2654 641 2888 704 rediret,
2948 656 3016 696 ex
3072 642 3200 712 ipso
3257 641 3462 696 itinere
3515 641 3726 696 Caesari

2083 728 2272 794 misit;
2305 745 2378 784 ne
2436 729 2582 785 forte
2629 729 2762 800 quis
2811 733 3196 795 antevertens,
3238 733 3494 784 mentem
3540 729 3729 800 ipsius

2083 817 2335 888 maligne
2365 823 2703 887 occuparet;
2756 823 2812 872 et
2860 817 3032 872 simul
3083 823 3147 872 ut
3194 819 3484 889 princeps,
3529 834 3729 874 rerum

2081 905 2345 960 omnium
2399 906 2587 961 factus
2618 906 2848 971 certior,
2883 907 3164 961 adversus
3203 905 3429 962 hostem
3460 911 3581 962 tam
3611 906 3728 962 for-

2080 993 2441 1060 midabilem,
2475 995 2573 1064 qui
2606 1010 2740 1049 eum
2772 994 3100 1066 opprimere
3131 995 3281 1064 apud
3320 1009 3382 1048 se
3421 998 3726 1064 statuerat,

2079 1087 2319 1152 paratus
2349 1082 2789 1153 esset.Duplicis
2818 1084 3049 1148 generis
3079 1083 3444 1155 episcopos,a
3473 1099 3726 1154 quorum

2079 1170 2490 1226 communione
2520 1173 2751 1241 penitus
2783 1172 3244 1242 abstinuit.apnd
3271 1172 3588 1226 Maximum
3630 1187 3726 1228 re-

2077 1257 2227 1328 perit
2257 1259 2621 1314 Ambrosius.
2649 1259 2873 1315 Priores
2902 1263 3087 1317 erant.
3121 1259 3218 1331 qui
3257 1260 3444 1314 eidem
3473 1260 3724 1315 Maximo

2077 1347 2590 1402 communicabant
2623 1348 2805 1416 (ibid.,
2861 1365 3024 1402 num.
3072 1349 3189 1412 12):
3245 1349 3399 1403 unde
3441 1348 3726 1406 Paulinus

2077 1435 2270 1504 ipsum
2321 1453 2355 1490 a
2404 1437 2570 1490 beato
2631 1435 2879 1506 prmsule
2941 1436 3371 1491 communionis
3431 1437 3724 1494 consortio

2075 1522 2366 1592 privatum
2399 1528 2692 1577 asseverat
2719 1524 2801 1590 (in.
2828 1525 2945 1577 Vita
2977 1524 3328 1578 Ambr.num.
3365 1525 3473 1589 19),
3507 1530 3569 1578 ut.
3591 1526 3719 1594 jam

2073 1610 2294 1664 dictum
2339 1615 2473 1666 est:
2509 1610 2859 1680 posteriores
2906 1627 3060 1678 vero,
3115 1614 3210 1682 qui
3255 1613 3489 1682 aliquos,
3537 1613 3720 1669 devios

2073 1699 2196 1752 licet
2225 1716 2258 1753 τι
2295 1699 2418 1766 ﬁde,
2452 1699 2521 1753 ad
2559 1715 2744 1753 necem
2791 1700 3037 1767 petebant
3068 1700 3253 1769 (epist.
3285 1702 3375 1760 24.
3410 1717 3572 1760 num.
3608 1702 3719 1772 12),

2073 1802 2280 1856 nempe
2309 1787 2584 1842 [thaciani
2621 1803 2654 1841 a
2685 1788 2899 1858 quibus
2933 1787 3087 1856 apud
3125 1788 3444 1843 Maximum
3477 1805 3718 1845 accusa-

2072 1880 2167 1928 tus
2199 1881 2285 1929 est
2319 1874 2803 1937 Priscillianus.et
2830 1875 3040 1929 iisdem
3073 1876 3402 1946 agentibus,
3429 1892 3562 1931 cum
3590 1876 3723 1948 ipse

2072 1968 2195 2016 tum
2225 1965 2351 2029 ejus
2375 1967 2690 2018 sectatores
2715 1962 2910 2028 gladio
2930 1964 3182 2017 truncati
3215 1964 3538 2020 sunt.Hanc
3555 1981 3723 2022 sano-

2071 2051 2113 2103 ti
2137 2050 2424 2105 Ambrosii
2445 2052 2831 2105 constantiam
2847 2056 2903 2106 et
2917 2067 2986 2105 an
2998 2052 3097 2105 imi
3121 2053 3580 2123 magnitudinem
3599 2069 3719 2110 non

2071 2139 2207 2192 tulit
2231 2145 2514 2208 tyrannus
2547 2156 2559 2192 :
2593 2139 2692 2193 sed
2725 2139 2978 2208 graviter
3007 2146 3332 2196 commotus
3354 2143 3536 2209 jussit
3575 2158 3715 2198 cum

2069 2227 2188 2281 sine
2217 2243 2369 2282 mora
2401 2227 2613 2296 regredi
2645 2227 2830 2297 (ibid.)

2141 2315 2225 2370 89.
2282 2315 2570 2370 Maximus
2617 2315 2956 2369 redeuntem
3008 2331 3250 2386 propere
3297 2322 3552 2380 secutus,
3605 2333 3717 2373 no-

2071 2403 2226 2458 mine
2284 2403 2622 2469 obsistente,
2686 2401 2911 2457 ltaliam
2971 2403 3182 2459 invasit
3221 2421 3233 2458 :
3272 2405 3724 2463 Valentinianus

2068 2508 2222 2557 vero,
2255 2496 2521 2546 metuens
2573 2506 2646 2545 ne
2689 2491 2972 2547 incideret
3001 2492 3058 2546 in
3092 2493 3220 2562 ejus
3253 2509 3486 2558 manus,
3518 2500 3575 2549 et
3614 2511 3714 2551 ea-

2068 2580 2196 2635 dem
2247 2579 2652 2634 inhumanitas
2702 2579 2773 2633 ab
2823 2596 2888 2635 eo
2932 2584 3298 2646 tractaretur,
3352 2598 3527 2651 quam
3567 2582 3712 2638 Gra-

2067 2668 2263 2723 tianus
2317 2672 2591 2738 expertus
2647 2672 2792 2736 erat,
2853 2685 3169 2726 conscenso
3245 2671 3495 2739 navigio,
3556 2671 3724 2728 venit

2068 2756 2569 2819 Thessalonicam,
2603 2772 2782 2826 seque
2813 2757 2945 2811 ﬁdei
2976 2773 3042 2812 ac
3085 2758 3351 2827 praesidio
3401 2758 3718 2824 Theodosii

2067 2849 2255 2899 totum
2314 2845 2627 2899 commisit.
2698 2845 3011 2916 Profugum
3073 2846 3438 2902 Theodosius
3481 2847 3722 2917 excepit

2069 2948 2348 3003 perquam
2380 2931 2720 2987 humaniter
2752 2949 2764 2986 :
2795 2933 3064 2988 eumdem
3097 2949 3229 2988 vero
3264 2934 3356 3001 pie
3403 2934 3724 2992 admonuit.

2065 3019 2172 3075 has
2204 3026 2394 3076 tantas
2423 3019 2616 3075 clades
2643 3021 2715 3074 ob
2757 3025 3182 3092 propugnatam
3233 3021 3498 3088 haeresim
3545 3021 3713 3087 Aria-

2065 3125 2201 3164 nam
2235 3125 2300 3163 ac
2331 3109 2654 3164 divexatam
2685 3107 2998 3163 Ecclesiam
3030 3107 3372 3164 catholicam
3425 3109 3720 3168 divinitus

315 3207 533 3261 noster.
584 3177 685 3254 sed
741 3197 799 3250 in
849 3211 976 3250 eam
1027 3211 1139 3249 non
1192 3193 1370 3248 semel
1425 3197 1602 3248 verba
1654 3194 1807 3255 fecit,
1840 3209 1954 3263 pra
1985 3177 2028 3241 C
2065 3197 2364 3252 immissas
2397 3212 2467 3250 ne
2498 3197 2810 3250 dubitaret.

312 3289 532 3346 caeteris
561 3287 824 3357 ejusdem
849 3283 1188 3354 patriarchas
1211 3282 1800 3347 dotibus,castitatem
1823 3283 1951 3352 ejus

309 3379 537 3451 egregie
567 3375 889 3447 pradicans
938 3371 1096 3442 (Ibid.
1147 3387 1197 3426 c.
1242 3371 1297 3436 6,
1348 3386 1509 3424 num.
1553 3371 1622 3422 30
1651 3375 1709 3424 et
1738 3371 1849 3434 38).
1888 3369 1948 3423 In

309 3470 463 3524 idem
486 3462 1033 3537 argumentumjam
1053 3459 1350 3530 superiore
1370 3474 1523 3512 anno
1541 3457 1948 3514 concionatum

311 3574 373 3613 se
405 3571 534 3612 esse
566 3553 686 3606 illic
713 3555 990 3614 testatur;
1022 3564 1220 3602 verum
1246 3551 1346 3602 aut
1376 3546 1714 3601 exciderunt
1735 3563 1953 3602 sermo-

310 3660 414 3701 nes
447 3641 550 3704 illi,
585 3644 686 3695 aut
716 3639 862 3692 forte
893 3636 1110 3690 chartis
1141 3650 1444 3705 nunquam
1486 3634 1742 3688 mandati
1789 3639 1947 3690 sunt.

380 3734 468 3787 87.
504 3730 720 3784 Horum
772 3729 1129 3780 tractatuum
1180 3723 1444 3777 ordinem
1493 3723 1648 3793 cogit
1704 3721 1850 3778 liber
1877 3725 1952 3779 De

318 3817 768 3876 ﬁenedictzonibus
827 3811 1302 3885 patriarcharnm‘
1338 3810 1585 3878 (Admon.
1644 3812 1704 3864 in
1769 3811 1948 3866 eumd.

309 3910 450 3979 lib.).
486 3907 651 3962 Hunc
683 3901 839 3958 brevi
871 3899 1174 3955 intervallo
1218 3899 1681 3954 lucubrationem
1726 3900 1798 3954 de
1837 3916 1952 3971 qua

310 3995 568 4068 proxime
600 4010 705 4048 nos
735 3991 1098 4052 dicebamus,
1129 3993 1395 4042 secutum
1435 4004 1582 4052 esse,
1615 3993 1791 4058 atque
1821 3991 1953 4044 ante

309 4085 546 4140 alteram
577 4079 868 4138 Ambrosii
898 4077 968 4133 ad
1003 4077 1320 4132 Maximum
1345 4075 1689 4148 legationem
1725 4075 1954 4148 publice

307 4170 752 4246 pronuntiatum
785 4163 1083 4238 probabile
1115 4167 1223 4219 est.

375 4261 464 4316 88.
491 4260 622 4315 Jam
649 4257 955 4311 veniamus
1003 4253 1074 4308 ad
1126 4251 1440 4307 secundam
1489 4251 1662 4306 istam
1709 4250 1949 4322 legatio-

307 4366 462 4406 nem.
495 4348 710 4402 Omnes
740 4345 986 4413 hujusce
1032 4339 1262 4413 tyranni
1312 4345 1506 4395 motus
1537 4339 1681 4394 satis
1719 4354 1952 4410 prome-

306 4440 448 4494 bant
477 4435 651 4490 Italiae
685 4430 1000 4503 provinciis
1031 4445 1165 4484 eum
1199 4428 1526 4494 imminere,
1546 4425 1952 4499 spoliandique

2128 3285 2214 3340 90.
2244 3284 2499 3339 Tametsi
2533 3290 2728 3339 autem
2761 3283 3069 3339 Ambrosio
3115 3283 3402 3340 Maximus
3455 3286 3714 3354 intenta-

2056 3373 2238 3428 visset
2267 3371 2676 3428 acerbissimas
2710 3371 2922 3438 minas,
2955 3387 3067 3426 non
3101 3371 3183 3426 illi
3216 3375 3433 3434 tamen.
3463 3379 3527 3428 ut
3574 3373 3710 3444 qui.

2059 3461 2192 3515 dem
2210 3460 2742 3528 videtur,damnum
2757 3459 2880 3513 intu
2893 3459 3178 3530 lit.Usque
3192 3461 3332 3516 adeo
3354 3461 3529 3516 etiam
3546 3462 3708 3533 apud

2062 3547 2248 3604 malos
2277 3547 2705 3603 venerationem
2755 3547 2978 3602 invenit
3024 3548 3238 3604 virtus!
3273 3549 3482 3606 Praeter
3530 3567 3714 3621 opera

2054 3638 2178 3706 jam
2204 3636 2489 3690 recensita
2510 3636 2689 3705 hujus
2714 3652 2948 3707 quoque
2967 3636 3244 3706 temporis
3265 3653 3391 3692 esse
3412 3637 3716 3705 credimus

2061 3723 2258 3795 plures
2274 3723 2794 3794 epistolas,quibus
2813 3730 3052 3779 sanctus
3069 3725 3157 3778 vir
3174 3724 3491 3784 multorum
3509 3726 3713 3783 dubiis

2061 3813 2173 3867 sibi
2203 3828 2304 3882 per
2335 3811 2559 3866 litteras
2597 3812 2861 3866 certatim
2910 3811 3223 3883 propositis
3280 3828 3562 3882 responsa
3607 3814 3710 3868 de-

2061 3901 2164 3954 dit.
2197 3899 2259 3954 In
2291 3899 2501 3954 harum
2555 3916 2800 3954 numero
2847 3898 3102 3969 epistolas
3153 3900 3225 3953 ad
3277 3899 3524 3956 Sudium
3579 3900 3716 3956 duas

2062 3989 2262 4060 reponi
2294 3993 2542 4058 possunt
2573 3988 2764 4058 (epist.
2814 3989 2884 4041 25
2930 3993 2987 4043 et
3038 3989 3150 4056 26).
3185 3987 3247 4042 In
3292 3987 3554 4044 saculari
3586 3989 3714 4045 foro

2061 4075 2154 4130 hic
2178 4077 2360 4144 judex
2388 4080 2512 4131 erat
2542 4092 2556 4131 :
2589 4076 2640 4130 is
2671 4092 2806 4132 cum
2836 4076 3074 4136 videret.
3111 4075 3470 4132 Priscilliano
3501 4092 3715 4146 urgen-

2063 4165 2219 4218 tibus
2249 4162 2566 4218 Itbacianis
2593 4164 2803 4234 capitis
2834 4163 3240 4227 condemnato,
3271 4165 3535 4220 recedere
3574 4163 3710 4236 plu-

2062 4251 2242 4306 rimos
2271 4252 2343 4306 ab
2375 4267 2576 4306 eorum
2608 4252 2873 4307 omnium
2907 4253 3316 4306 communione
3346 4251 3445 4323 qui
3484 4251 3711 4323 capita-

2062 4339 2176 4394 lem
2208 4341 2556 4396 sententiam
2585 4338 2644 4394 in
2677 4340 3015 4411 quempiam
3049 4339 3344 4404 tulissent,
3377 4339 3713 4398 sciscitatus

2060 4433 2184 4484 erat
2212 4445 2281 4483 ex
2307 4427 2786 4493 Ambrosio,num
2819 4427 2930 4482 sibi
2964 4444 2997 4482 a
3029 4426 3210 4482 sacris
3240 4427 3391 4482 esset
3417 4425 3715 4482 abstinen-

307 4519 702 4578 Valentiniani
738 4516 1048 4572 consilium
1081 4514 1318 4586 cepisse.
1353 4514 1608 4578 Justina,
1641 4513 1751 4567 hoc
1782 4516 1945 4567 tanto
1978 4538 2022 4600 Ι)
2060 4517 2227 4579 dum,
2258 4516 2487 4586 quoties
2518 4515 2774 4586 aliquem
2823 4521 3080 4570 extremo
3131 4513 3416 4586 supplicio
3446 4513 3572 4586 ipse
3601 4514 3712 4572 ad-

307 4608 565 4683 periculo
611 4607 983 4662 vehementer
1029 4603 1314 4674 perculsa,
1349 4602 1566 4657 nullius
1597 4617 1767 4672 opem
1800 4617 1942 4672 prae-

306 4698 621 4754 sentiorem
679 4695 960 4749 arbitrata
1011 4695 1118 4755 est,
1170 4707 1346 4760 quam
1399 4689 1583 4745 sancti
1631 4687 1944 4742 Ambrosii.

304 4790 668 4858 Quapropter
697 4799 831 4838 cum
853 4781 944 4835 hic
968 4781 1309 4835 memoriam
1343 4778 1695 4848 injuriarum
1721 4775 1946 4830 nullam

306 4875 807 4944 retineret,rogatu
835 4870 1099 4940 ejusdem
1128 4866 1515 4938 imperatricis
1547 4881 1751 4919 rursus
1772 4863 1946 4936 legati

305 4965 376 5019 ad
411 4969 725 5034 tyrannum
758 4958 922 5012 illum
956 4973 1104 5011 onus
1154 4955 1386 5010 subivit.
1421 4955 1527 5023 Ego
1557 4960 1700 5013 tuus,
1734 4952 1948 5022 inquit,

303 5057 507 5108 iterum
557 5051 764 5120 legatus
829 5048 1057 5117 repetivi
1101 5043 1386 5104 Gallias,et
1445 5042 1588 5096 mihi
1642 5041 1798 5095 dulce
1846 5056 1946 5110 pro

305 5142 481 5196 salute
513 5143 606 5194 tua
631 5139 829 5208 primo,
857 5133 1053 5189 deinde
1093 5147 1194 5204 pro
1232 5145 1384 5201 pace,
1417 5135 1579 5201 atque
1607 5132 1807 5200 pietate
1839 5145 1949 5199 qua

305 5234 578 5299 fraternas
606 5226 867 5295 reliquias
910 5221 1244 5293 postulabas,
1272 5219 1514 5274 nondum
1561 5233 1656 5285 pro
1700 5227 1748 5272 te
1795 5233 1946 5272 secu-

308 5331 425 5379 rus,
450 5322 499 5369 et
521 5315 642 5384 jam
683 5329 784 5383 pro
826 5315 1071 5381 fraterno
1111 5310 1317 5364 honore
1343 5309 1608 5362 sollicitus
1655 5308 1751 5378 (De
1797 5307 1949 5362 obitu

313 5403 540 5467 Valent.,
601 5417 762 5454 num.
819 5402 931 5470 28).
990 5398 1091 5454 His
1136 5397 1328 5452 verbis
1397 5413 1576 5451 causa
1641 5395 1948 5468 legationis

309 5489 568 5564 aperitur
600 5504 612 5544 :
646 5488 770 5561 ipse
800 5505 933 5543 vero
966 5491 1204 5544 sanctus
1257 5484 1523 5555 antistes,
1576 5500 1751 5556 quem
1783 5501 1850 5538 ex
1869 5499 1950 5556 ea

311 5593 650 5639 successum
684 5575 966 5650 retulerit,
993 5574 1210 5653 scripta
1252 5571 1656 5634 Valentiniano
1704 5571 1952 5650 epistola

2059 4604 2466 4674 dixisset.Ejus
2495 4603 2848 4673 interrogato
2879 4603 3222 4658 Ambrosius
3251 4602 3332 4656 ita
3363 4600 3707 4674 respondit:

2056 4692 2322 4762 Plerique
2352 4698 2558 4762 sponte
2588 4707 2650 4746 se
2681 4691 2996 4755 abstinent,
3021 4696 3079 4746 et
3108 4689 3713 4761 laudanturquidem,

2059 4797 2162 4835 nec
2191 4780 2302 4850 ipsi
2334 4796 2432 4834 eos
2465 4779 2704 4834 laudare
2734 4796 2849 4833 non
2882 4795 3220 4849 possumus,
3255 4777 3354 4850 qui
3389 4775 3712 4838 auctorita-

2058 4875 2174 4924 tem
2206 4866 2468 4939 Apostoli
2526 4871 2767 4922 eatenus
2814 4867 3213 4930 observamus,
3245 4869 3312 4918 ut
3341 4864 3412 4918 iis
3442 4879 3710 4936 commu-

2056 4957 2292 5012 nionem
2326 4972 2439 5010 non
2485 4955 2810 5010 audeamus
2855 4970 3089 5025 negare.
3122 4953 3343 5009 Deinde
3371 4968 3502 5007 vero
3532 4951 3710 5024 quasi

2057 5045 2369 5116 episcopus
2400 5043 2458 5097 in
2491 5043 2880 5098 exhibendam
2919 5042 3116 5112 potius
3166 5041 3281 5096 reis
3329 5038 3707 5111 clementiam

2039 5149 2238 5209 .quam
2271 5132 2635 5188 severitatem
2669 5129 2836 5185 illum
2869 5129 3151 5184 hortatur.

2126 5220 2339 5275 91.Hoc
2355 5219 2530 5274 etiam
2549 5225 2806 5291 tempore
2833 5218 3047 5288 saepius
3072 5217 3141 5271 ad
3176 5216 3458 5272 Irenaeum
3479 5214 3709 5286 charis-

2056 5311 2276 5364 simam
2308 5307 2494 5362 lilium
2525 5312 2582 5381 et
2613 5307 2875 5362 Ecclesiae
2906 5304 3360 5361 Mediolanensis
3405 5305 3710 5375 presbyte-

2055 5415 2188 5453 rum
2222 5401 2322 5453 aut
2352 5394 2929 5466 diaconum,scripsit
2957 5393 3320 5449 Ambrosius.
3357 5391 3553 5451 Prima
3579 5390 3708 5465 epi—

2056 5485 2209 5543 stola
2238 5484 2429 5557 (epist.
2461 5484 2574 5556 27),
2606 5480 3040 5541 Deuteronomii
3070 5496 3305 5538 versum
3337 5476 3606 5536 enucleat
3641 5482 3714 5553 et

2061 5573 2402 5648 societatem
2417 5571 2780 5652 perditorum
2798 5569 3106 5648 hominum
3129 5567 3742 5651 ςμεάοιβγίιβηςὶςεδεε
