3938 6214
1223 357 1324 420 EX
1366 357 1553 421 EJUS
1596 355 2074 420 POTISSIMUM
2123 357 2493 420 SCRIP’I‘IS.

3433 334 3556 422 ica

160 491 402 547 Secunda
432 507 547 545 non
578 490 776 546 multo
826 495 966 564 post
993 495 1188 546 secuta
1217 490 1408 562 (epist.
1440 491 1553 549 28‘.
1616 491 1803 561 ipsius
1831 488 1881 554 Α
1913 490 2112 544 eadem
2147 508 2378 562 quoque
2410 492 2696 562 sapientia
2725 508 2851 547 esse
2910 492 3127 561 positas
3161 492 3288 547 aliis
3343 491 3550 550 litteris

160 582 336 645 vitam,
369 586 437 634 ut
465 587 598 652 pote
629 580 906 635 hominis
937 581 1201 635 divininri
1238 579 1574 634 charactere
1590 577 1797 632 nouili-

157 670 268 736 tati,
298 669 508 742 probat
537 669 954 742 perfectior-em
985 685 1111 724 esse
1161 667 1388 736 debere,
1440 683 1507 722 ac
1563 666 1799 722 szecula~

155 757 291 814 rium
317 758 772 814 conversatione
805 757 995 813 multo
1026 757 1395 812 sanctiorem.
1431 754 1645 811 Eodem
1702 755 1797 809 die

152 848 376 904 domum
407 864 684 904 reversus
715 864 752 903 a
776 845 996 920 vigiliis
1026 849 1266 902 sanctus
1295 843 1628 916 episcopus,
1678 848 1798 899 stu-

150 936 252 992 diis
269 936 396 993 suis
419 935 498 993 de
524 951 692 992 more
703 935 989 1009 repetitis,
1012 951 1246 991 versum
1264 933 1600 1006 Scriptura,
1617 948 1792 1004 quem

150 1026 306 1080 modo
337 1025 400 1081 in
453 1025 665 1097 synaxi
690 1025 915 1080 cantari
948 1023 1231 1086 audierat,
1271 1021 1564 1077 revolvere
1596 1021 1793 1075 animo

149 1114 324 1186 cepit.
346 1113 632 1170 Admovit
661 1113 862 1169 statim
894 1129 1134 1168 manum
1167 1110 1413 1176 calamo,
1446 1116 1503 1164 et
1560 1113 1797 1165 exarata

150 1202 388 1275 epistola
417 1203 623 1268 tertia,
659 1202 938 1258 Irenaeum
993 1200 1471 1270 interpretatione
1525 1199 1791 1269 ejusdem

145 1291 402 1348 versiculi
417 1291 775 1347 exhortatus
787 1289 1266 1363 est(epist.29),ut
1297 1305 1402 1360 per
1432 1287 1637 1342 mundi
1659 1302 1796 1341 cen~

145 1384 420 1453 temptum
453 1384 642 1452 atque
665 1379 976 1452 repudium
1007 1393 1280 1451 supremo
1313 1377 1464 1432 bono
1497 1376 1665 1431 unice
1695 1375 1796 1430 ad-

144 1469 395 1526 hereret.
431 1469 549 1524 Vix
580 1469 880 1525 ferendam
892 1468 1130 1524 dederat
1149 1467 1302 1522 hanc
1314 1464 1790 1538 epistolam,cum

143 1557 292 1614 locus
320 1575 395 1616 ex
423 1560 648 1631 Aggere
678 1558 731 1614 ei
761 1557 1071 1623 succurrit,
1105 1555 1242 1612 huic
1276 1555 1387 1626 ipsi
1443 1557 1790 1626 argumento

142 1646 298 1718 plane
381 1646 772 1711 conveniens,
855 1645 956 1716 qui
1010 1643 1316 1700 materiam
1379 1642 1790 1699 elucubranda

141 1741 345 1808 quarta
375 1733 654 1808 epistolae
691 1733 1082 1806 suppeditavit
1107 1732 1298 1804 (epist.
1331 1731 1446 1801 30).

199 1850 285 1907 92.
305 1851 599 1916 Irenaeus,
626 1849 806 1904 tantis
826 1847 1240 1904 benevolentiae
1259 1864 1324 1902 ac
1344 1846 1644 1903 facilitatis
1659 1848 1791 1902 Am-
1823 1857 1870 1922 Β

139 1939 416 1995 brosianzs
449 1937 816 1995 testimoniis
846 1936 1144 2010 pellectus,
1178 1953 1292 1992 non
1322 1935 1610 1991 dubitavit
1631 1952 1796 1990 sanc-

143 2035 261 2084 tum
294 2029 654 2100 episcopum
686 2042 864 2098 super
889 2025 1065 2081 variis
1112 2024 1535 2097 questionibus
1592 2040 1798 2080 consu-

141 2116 699 2183 Iere.Qua:stionum
730 2117 859 2186 ejus
888 2113 1009 2168 hac
1041 2115 1229 2185 prima
1258 2113 1388 2179 fuit,
1433 2118 1631 2167 utrum
1679 2129 1796 2167 ma-

134 2207 222 2276 jor
249 2204 559 2260 censenda
591 2208 748 2259 esset
764 2219 965 2258 eorum
997 2201 1377 2272 cbaritas,qui
1410 2202 1481 2256 ab
1506 2201 1792 2273 unguicu-

143 2293 210 2348 lis
236 2293 339 2348 Dei
372 2291 670 2364 obesquio
700 2308 762 2346 se
802 2290 1260 2362 mancipassent,
1296 2306 1368 2343 an
1397 2305 1532 2344 vero
1589 2305 1793 2344 eorum

143 2383 231 2454 qui
262 2380 624 2454 provectiori
647 2384 877 2435 tantum
904 2379 1112 2434 atate?
1131 2379 1320 2448 Hujus
1345 2377 1507 2432 dubii
1532 2377 1687 2432 haud
1711 2377 1795 2432 in-

136 2470 377 2540 jucundi
405 2468 863 2540 explicationem
883 2465 1128 2538 epistola
1159 2483 1279 2520 una
1306 2465 1643 2536 complexus
1683 2465 1794 2537 pri-

142 2576 229 2614 mo
246 2555 809 2614 fueratAmbrosius
827 2555 1147 2626 (epist.3l),
1173 2561 1233 2609 at
1259 2571 1392 2609 mox
1412 2554 1587 2609 aliam
1611 2554 1679 2609 de
1697 2571 1792 2610 ea-

141 2649 264 2703 dem
281 2664 346 2704 re
368 2645 825 2719 supperaddidit
838 2643 1420 2715 (epist.32).Acceptis
1437 2649 1631 2697 autem
1647 2643 1794 2713 prio-

141 2735 296 2792 ribus
327 2734 551 2790 litteris
586 2734 838 2788 lrenaaus
869 2732 941 2786 ob
961 2731 1155 2787 locum
1179 2731 1492 2804 quemdam
1517 2731 1791 2786 Deutero-

144 2824 314 2880 nomii
338 2823 400 2878 in
413 2822 513 2878 his
525 2822 771 2877 citatum
789 2819 1155 2876 difﬁcultatis
1168 2819 1389 2891 aliquid
1408 2819 1791 2891 passus,illud

145 2914 351 2968 iterum
381 2912 502 2983 ipsi
535 2913 866 2983 proposuit,
899 2925 932 2964 a
962 2925 1074 2980 quo
1110 2913 1166 2964 et
1221 2913 1480 2980 optatam
1525 2909 1790 2978 ejusdem

144 3001 489 3074 quaestionis
522 2999 804 3055 continuo
825 2998 1047 3069 accepit
1076 2996 1421 3052 solationem
1453 2997 1646 3068 (epist.
1677 2998 1788 3068 33).

202 3128 294 3182 93.
329 3124 760 3192 Horontianus,
795 3122 980 3178 sancti
1013 3122 1265 3178 doctoris
1287 3126 1345 3176 et
1374 3123 1500 3194 ipse
1528 3122 1789 3194 discipu-

144 3217 250 3286 lus,
281 3217 386 3290 qui
410 3214 764 3272 clericcrum
803 3212 863 3267 in
885 3211 1267 3268 contubernio
1289 3212 1573 3266 educatus
1595 3211 1668 3266 ab
1701 3211 1787 3265 in-
1821 3220 1864 3288 ε

146 3306 344 3372 fantia,
377 3303 660 3360 manibus
697 3299 987 3357 Ambrosii
1036 3300 1318 3356 diaconus
1349 3304 1451 3356 aut
1493 3299 1796 3372 presbyter

146 3398 521 3452 consecratus
539 3392 1162 3462 fuerat,praeceptorem
1189 3406 1364 3444 suum
1393 3387 1792 3460 interrogavit,

146 3483 432 3556 numquid
467 3482 733 3536 humana
761 3479 960 3534 anima
979 3477 1227 3533 caelestis
1255 3481 1412 3533 esset
1442 3476 1797 3533 subtantie?

149 3572 386 3628 Duabus
417 3568 689 3643 epistolis
741 3568 933 3639 (epist.
983 3567 1051 3622 34
1080 3570 1137 3623 et
1186 3568 1298 3637 35),
1332 3583 1581 3638 quarum
1642 3565 1795 3637 prio-

151 3676 266 3716 rem
301 3657 658 3715 brevissimo
687 3655 879 3728 spatio
910 3660 1108 3711 secuta
1157 3655 1445 3726 posterior
1474 3659 1581 3721 est,
1629 3670 1796 3710 sanc-

152 3753 242 3806 tus
273 3747 488 3823 praesul
511 3745 682 3801 illum
715 3744 915 3800 docuit
934 3744 1138 3799 animos
1173 3749 1387 3799 nostra:
1417 3749 1686 3798 naturam
1708 3759 1797 3798 es-

156 3835 888 3910 sespiritualem,eumque
910 3837 975 3888 ut
1019 3831 1234 3887 librum
1267 3837 1543 3903 quartum
1606 3832 1799 3888 Esdrze

160 3925 531 3996 per-volveret,
567 3921 822 3978 multum
839 3920 1093 3993 impulit.
1128 3921 1283 3976 Idem
1304 3920 1700 3976 Horontianus
1729 3921 1802 3975 de

163 4014 518 4085 quibusdam
547 4009 810 4084 Apostoli
839 4010 1028 4065 verbis
1087 4025 1336 4080 quorum
1369 4010 1441 4064 ab
1495 4009 1803 4066 Ambrosio

164 4103 336 4160 citata
366 4103 605 4158 fuerant
633 4097 1055 4166 antecedentia,
1088 4099 1226 4170 quid
1261 4097 1358 4152 ille
1388 4099 1804 4167 sentiret,scire

163 4193 397 4262 optavit.
431 4187 730 4245 Satisfecit
759 4187 946 4258 ipsius
975 4185 1256 4242 voluntati
1308 4186 1553 4243 antistes
1608 4191 1808 4243 noster

166 4278 351 4350 (epist.
386 4277 501 4346 36),
535 4276 637 4332 sed
670 4291 874 4330 eorum
904 4273 1211 4330 verborum
1226 4275 1528 4330 occasione
1556 4273 1806 4347 impera-

168 4383 223 4422 re
250 4365 363 4422 sibi
395 4382 513 4421 non
537 4363 897 4437 potuit,quin
926 4361 1187 4435 martyrii
1211 4362 1673 4435 opportunitates
1695 4363 1807 4420 sibi

169 4461 390 4528 ereptas
439 4453 596 4527 apud
654 4469 788 4509 eum
846 4452 1084 4508 deﬁeret
1137 4452 1503 4523 gravissimis
1557 4451 1746 4508 verbis
1793 4470 1806 4508 :

173 4543 710 4610 Qualesoccasiones,
760 4541 972 4611 inquit,
1033 4539 1244 4605 habuit,
1304 4540 1438 4596 etde
1485 4542 1600 4611 ipso
1642 4555 1809 4612 prope

173 4630 278 4700 ﬁne
304 4638 584 4688 revocatus
610 4646 733 4685 sum
763 4628 922 4698 (Ibid.
956 4645 1120 4683 num.
1155 4629 1208 4696 4)
1243 4627 1255 4682 l

235 4747 323 4802 94.
353 4745 780 4819 Simplicianus
807 4744 1117 4801 Ambrosio
1174 4743 1541 4816 signiﬁcavit,
1596 4748 1817 4818 quanta

179 4833 466 4908 voluptate
496 4834 742 4890 affectus
773 4836 926 4888 esset
956 4831 1027 4888 iis
1058 4829 1339 4904 legendis,
1373 4849 1498 4904 quas
1525 4832 1582 4888 in
1625 4833 1815 4889 Pauli-

177 4939 276 4980 nas
297 4922 578 4997 epistolas
599 4922 670 4977 ad
691 4919 974 4994 populum
992 4921 1369 4976 disseruerat:
1385 4938 1682 4994 quamque
1695 4939 1820 4995 gra-

181 5015 299 5068 tum
322 5013 434 5069 sibi
457 5015 614 5068 esset
631 5009 976 5076 futurum,si
1003 5009 1145 5080 quid
1169 5008 1415 5081 insuper
1431 5011 1697 5081 ejusdem
1719 5026 1816 5082 ge-

181 5101 326 5157 neris
347 5103 418 5158 ad
445 5119 508 5157 se
532 5097 1005 5169 mitteret.Major
1032 5102 1156 5153 erat
1175 5098 1463 5154 Ambrosii
1496 5114 1633 5170 erga
1661 5097 1820 5153 hunc

179 5189 356 5246 virum
382 5186 777 5254 observantia,
802 5202 977 5257 quam
1005 5190 1068 5240 ut
1089 5187 1218 5257 ejus
1237 5186 1449 5258 optatis
1467 5203 1582 5241 non
1607 5202 1822 5242 annue-

180 5283 274 5334 ιιι.
305 5277 629 5352 Epistulam
665 5275 847 5348 igitur
869 5275 941 5329 ad
966 5273 1130 5330 illum
1153 5275 1460 5346 dedit,qua
1483 5274 1820 5346 complexus

183 5381 247 5422 ea
268 5365 614 5438 fuerat,quie
637 5365 697 5420 in
720 5363 901 5421 alium
923 5362 1180 5436 Apostoli
1213 5367 1432 5419 textum
1473 5364 1821 5436 pronuntia-

184 5463 331 5511 verat
345 5472 548 5512 coram
577 5453 829 5527 populo:
871 5452 970 5508 ubi
996 5451 1339 5525 praetereaid
1358 5453 1721 5525 probaverat,
1756 5454 1826 5508 li-

187 5543 430 5602 bertatem
462 5548 715 5602 nostram
733 5544 794 5598 in
845 5540 1051 5598 Christi
1083 5557 1194 5600 esse
1214 5543 1486 5615 sapientia
1507 5541 1701 5616 (epist.
1731 5541 1820 5598 37.

188 5629 290 5692 3d
313 5632 422 5704 hoc
455 5631 738 5696 ultimum
773 5630 979 5690 rursus
1008 5635 1299 5708 repetens,
1321 5644 1487 5689 veras
1517 5629 1823 5690 divitiasin

486 5762 763 5832 Panos.
809 5757 978 5840 XIV.

1907 587 2060 633 clare
2091 580 2666 652 demonstrahepist.
2701 581 2811 651 36).

1974 667 2064 721 95.
2097 667 2356 740 Denique
2386 670 2540 724 circa
2570 669 2626 723 id
2657 670 2939 741 temporis
2967 669 3309 725 Faustinum
3343 685 3547 742 quem-

1905 755 2042 810 dam
2075 757 2356 813 amissam
2387 775 2644 814 sororem
2679 757 2912 814 virtutis
2945 758 3263 830 singularis
3285 776 3350 814 ac
3382 759 3554 814 meri-

1902 843 1947 898 ti
1979 844 2256 901 feminam
2287 846 2561 918 lacrymis
2589 847 2881 918 lugentem
2901 865 3040 903 sane
3065 848 3396 903 immodicis
3411 850 3548 903 Am-

1903 932 2136 988 brosius
2167 934 2474 1006 epistolam
2507 935 2841 991 consolatus
2870 941 2956 990 est
2991 937 3182 1007 (epist.
3217 937 3328 1003 39).

1972 1022 2060 1076 96.
2095 1023 2190 1090 (AN
2221 1024 2368 1092 388.)
2397 1023 2692 1079 Justiuani
2724 1024 2994 1079 Arianam
3033 1024 3188 1078 illam
3221 1025 3548 1096 imperatri-

1901 1127 2022 1164 cem
2058 1109 2229 1182 vulgo
2262 1112 2599 1176 existimant
2631 1130 2741 1167 non
2763 1114 3066 1168 revertisse
3093 1113 3152 1167 in
3186 1113 3544 1179 Italiam,sed

1901 1199 1958 1253 in
1992 1199 2130 1271 fuga
2159 1200 2287 1271 ipsa
2316 1201 2432 1256 fato
2453 1202 2811 1258 concessisse
2846 1220 2859 1269 ;
2895 1202 2975 1257 ita
3001 1206 3064 1256 ut
3096 1219 3209 1257 non
3242 1201 3366 1257 sine
3396 1201 3548 1256 divi-

1901 1305 1974 1342 no
1997 1288 2220 1358 judicio
2252 1305 2379 1360 quae
2418 1291 2591 1346 toties
2621 1291 2998 1346 Ambrosium
3029 1291 3242 1360 ejicere
3273 1289 3333 1344 in
3391 1289 3541 1346 exsi-

1899 1376 2051 1431 tium
2068 1382 2275 1432 conata
2303 1378 2515 1446 fuerat,
2536 1379 2698 1434 exsul
2729 1384 2903 1451 atque
2930 1379 3172 1435 extorris
3202 1379 3331 1451 ipsa
3357 1395 3546 1434 more-

1901 1471 2079 1520 retur.
2105 1466 2161 1521 Si
2188 1483 2305 1537 qua
2325 1467 2499 1522 etiam
2523 1468 2861 1536 conjectura
2892 1467 2950 1522 in
2977 1466 3202 1522 Paulini
3225 1467 3417 1522 verbis
3434 1471 3545 1522 sta-

1900 1553 1983 1608 tui
2007 1555 2191 1626 possit
2229 1557 2311 1626 (in
2339 1557 2452 1610 Vita
2471 1557 2655 1610 Ambr.
2680 1573 2738 1610 n.
2759 1557 2870 1627 20),
2893 1555 3122 1611 circiter
3142 1555 3300 1610 hunc
3323 1572 3543 1610 annum

1897 1643 2213 1715 contigisse
2234 1643 2517 1710 dicemus,
2541 1649 2604 1699 ut
2629 1660 2837 1717 magus
2885 1643 3147 1716 quidam,
3173 1643 3547 1700 Innocentius

1899 1733 2154 1797 nomine,
2187 1749 2319 1787 cum
2345 1736 2716 1804 torqueretur
2738 1734 2810 1788 ob
2839 1733 3001 1789 varia
3055 1732 3294 1799 scelera,
3329 1732 3548 1788 confes-

1900 1837 2003 1875 sus
2029 1821 2223 1885 fuerit,
2253 1821 2491 1876 Justina
2506 1822 2868 1894 gubernante
2891 1822 3242 1876 conductum
3268 1826 3451 1877 semet
3472 1821 3545 1876 ab

1904 1909 2135 1963 Arianis
2159 1914 2222 1963 ut
2253 1909 2312 1964 in
2343 1909 2681 1981 episcopum
2714 1908 2913 1982 pepuli
2957 1909 3089 1964 odia
3117 1909 3408 1975 excitaret,
3443 1925 3546 1964 ex-

1903 1997 2184 2052 secranda
2214 1998 2501 2052 sacriﬁcia
2530 1997 2875 2066 celebrasse,
2935 1998 3037 2052 sed
3097 1997 3259 2053 irrito
3311 2002 3543 2054 conatu.

1901 2086 2112 2141 Subdit
2142 2085 2420 2142 Paulinus
2450 2086 2631 2157 (ibid.)
2651 2103 2891 2142 manum
2917 2086 3276 2158 percussoris
3305 2087 3377 2142 ad
3407 2089 3545 2142 Am-

1902 2175 2166 2230 brosium
2200 2175 2364 2230 missi
2385 2175 2707 2239 exaruisse,
2729 2181 2904 2246 atque
2926 2192 2959 2230 a
2990 2181 3193 2230 sancto
3214 2175 3334 2229 viro
3355 2174 3545 2230 eidem

1904 2264 2084 2318 fuisse
2116 2280 2247 2317 mox
2270 2264 2853 2318 restitutam.Narrat
2881 2264 3041 2333 (ibid.
3060 2266 3151 2335 21)
3173 2267 3374 2336 postea
3401 2263 3547 2318 Pro-

1904 2353 2044 2408 bum
2073 2368 2332 2417 curasse,
2355 2357 2418 2406 ut
2449 2368 2593 2423 puer
2623 2352 2882 2408 notarius
2911 2353 3296 2408 deduceretur
3315 2352 3388 2408 ad
3413 2353 3549 2407 Am-

1903 2440 2187 2506 brosium,
2220 2442 2389 2510 cujus
2420 2440 2699 2495 beneﬁcio
2731 2458 2763 2495 a
2794 2442 3056 2496 daemone
3086 2440 3454 2497 liberaretur.

1971 2528 2059 2583 97.
2086 2528 2229 2582 Cum
2261 2527 2664 2583 Valentiniano
2698 2529 2926 2584 transiit
2957 2529 3320 2584 Theodosius
3351 2530 3408 2583 in
3435 2529 3546 2584 Ita-

1900 2617 2064 2684 liam,
2090 2633 2155 2672 ac
2177 2617 2407 2671 duabus
2437 2617 2694 2672 victoriis
2725 2617 2794 2672 de
2817 2617 3067 2672 Maximo
3099 2623 3343 2688 tyranno
3373 2616 3546 2672 citius

1901 2706 2234 2777 reportatis,
2272 2705 2620 2777 Aquileiam,
2652 2722 2764 2776 quo
2786 2710 3067 2778 tyrannus
3098 2704 3194 2760 ille
3224 2721 3286 2760 sc
3315 2721 3544 2777 recepe-

1903 2800 2012 2859 rat,
2032 2794 2338 2849 obsidione
2369 2793 2548 2848 cinxit
2576 2813 2588 2850 :
2624 2812 2739 2866 qua
2777 2799 3107 2866 expugnata
3135 2794 3190 2849 in
3226 2793 3390 2849 illum
3424 2793 3542 2866 gla-

1901 2883 1996 2938 dio
2018 2883 2764 2938 animadvertit.Summam
2793 2883 2851 2937 in
2885 2882 2976 2938 bis
3007 2883 3262 2939 victoriis
3283 2882 3547 2938 Theodo-

1901 2974 1971 3028 sii
1996 2971 2453 3028 moderationem
2471 2973 2734 3028 certatim
2770 2972 3028 3027 historici
3049 2973 3323 3027 laudibus
3342 2988 3548 3027 cumu-

1903 3062 2099 3118 larunt
2131 3078 2144 3116 :
2177 3061 2390 3132 quibus
2420 3061 2468 3114 si
2500 3061 2820 3132 quidquam
2854 3061 3101 3130 adjicere
3137 3061 3546 3116 induceremus

1900 3150 2263 3214 inanimum,
2305 3149 2555 3203 instituti
2590 3149 2771 3204 nostri
2802 3150 3084 3204 terminos
3113 3149 3542 3204 excederemus.

1904 3239 2027 3294 Non
2059 3243 2255 3293 tamen
2279 3253 2596 3309 possumus
2627 3238 2768 3307 quin
2801 3254 2868 3291 ea
2890 3255 3014 3307 qua:
3042 3237 3332 3291 Ambrosii
3365 3237 3544 3308 preci-

1903 3329 2014 3383 bus
2042 3326 2329 3382 concessit
2377 3325 2711 3397 imperator,
2770 3323 3171 3380 Ambrosianis
3201 3326 3392 3379 verbis
3449 3325 3544 3380 hic

1903 3417 2249 3471 efferamus:
2286 3414 2477 3481 Debeo,
2512 3413 2725 3485 inquit,
2759 3413 3031 3483 beneﬁciis
3057 3415 3185 3478 tuis,
3219 3413 3544 3486 quibus,pc-

1905 3510 2049 3560 tcnte
2077 3521 2183 3570 me,
2210 3504 2458 3558 liberasti
2481 3505 2751 3574 plurimos
2780 3503 2847 3558 de
2873 3505 3102 3568 exsiliis,
3126 3503 3190 3559 de
3218 3503 3545 3574 carceribus,

1903 3594 1967 3650 de
1992 3594 2197 3649 ultimm
2225 3593 2373 3648 necis
2403 3593 2688 3664 suppliciis
2709 3593 2903 3665 (epist.
2939 3594 3025 3660 40,
3061 3610 3222 3648 num.
3255 3595 3367 3666 25).

1976 3683 2066 3737 98.
2091 3681 2323 3736 Maximi
2359 3680 2624 3753 partibus
2646 3681 2990 3753 proﬂigatis,
3011 3683 3167 3737 venit
3187 3681 3552 3738 Theodosius

1909 3769 2326 3835 Mediolanum,
2357 3770 2511 3824 unde
2541 3769 2884 3824 Ambrosius
2899 3770 3224 3842 Aquileiam
3257 3772 3553 3843 profectus

1909 3863 2051 3915 erat.
2095 3857 2459 3913 Ambrosiani
2485 3857 2708 3913 itineris
2729 3875 2854 3929 qua:
2885 3876 3062 3914 causa
3095 3860 3290 3927 fuerit,
3327 3859 3556 3931 ignora-

1909 3953 2026 4002 tur.
2059 3947 2344 4018 Opinatus
2373 3950 2462 4000 est
2495 3945 2812 4001 cardinalis
2833 3948 3115 4002 Baronius
3143 3949 3233 4018 (ab
3261 3965 3394 4002 ann.
3427 3948 3554 4018 388)

1913 4040 2254 4108 susceptum
2274 4033 2418 4088 illud
2432 4034 2631 4100 fuisse,
2657 4039 2723 4089 ut
2743 4035 3175 4106 Valeriano,qui
3200 4052 3328 4090 eam
3350 4036 3556 4107 guber-

1915 4129 2153 4181 neverat
2182 4121 2519 4188 Ecclesium,
2553 4122 2922 4178 sufﬁceretur
2977 4140 3162 4179 novus
3221 4123 3552 4195 episcopus.

1913 4213 2328 4270 Verumtamen
2360 4211 2686 4266 astrueudze
2710 4210 2842 4265 huic
2861 4211 3121 4283 opinioni
3152 4211 3554 4267 testimonium

1917 4301 2145 4358 nullum
2161 4299 2411 4372 reperire
2430 4304 2536 4354 est.
2562 4299 2890 4371 Utcumque
2908 4304 3102 4355 autem
3127 4317 3187 4356 se
3211 4317 3301 4356 res
3322 4300 3553 4369 habeat,

1917 4389 2264 4446 Ambrosius
2295 4388 2511 4444 ibidem
2533 4393 2668 4444 tunc
2689 4389 3047 4457 versabatur,
3071 4406 3204 4445 cum
3229 4389 3449 4462 perlata
3469 4393 3560 4446 est

1920 4481 1990 4535 ad
2019 4495 2153 4534 eum
2187 4479 2342 4533 fama
2362 4478 2433 4532 de
2455 4477 2860 4533 Theodosiano
2883 4479 3135 4551 quodam
3169 4478 3377 4548 edicto,
3403 4479 3558 4552 quod

1842 4586 1886 4650 ι)
1919 4574 2118 4625 contra
2150 4567 2487 4639 episcopum
2520 4566 2700 4622 Cestri
2729 4568 3006 4636 Callinici,
3067 4569 3168 4624 ubi
3200 4587 3233 4624 a
3284 4568 3562 4626 nonnulis

1918 4655 2384 4712 Christianorum
2415 4655 2662 4712 Judaica
2692 4673 2984 4731 synagoga
3012 4657 3252 4714 incensa
3281 4659 3486 4726 fuerat,
3503 4661 3562 4714 et

1925 4750 2128 4800 contra
2177 4744 2492 4800 monachos
2524 4745 2622 4816 qui
2680 4745 3221 4804 Valentinianorum
3278 4747 3562 4819 templum

1927 4835 2393 4900 combusserant,
2427 4833 2580 4888 idem
2627 4840 2914 4891 sanxerat.
2977 4837 3223 4908 Scripsit
3278 4833 3567 4906 extemplo

1928 4922 2267 4994 imperatori
2299 4926 2536 4977 sanctus
2568 4924 2813 4979 antistes
2844 4925 2902 4978 in
2933 4926 3181 4996 gratiam
3214 4923 3470 4995 episcopi
3503 4938 3569 4978 ac

1929 5010 2349 5066 monachorum
2386 5027 2399 5064 :
2426 5011 2526 5066 sed
2559 5027 2691 5065 cum
2721 5011 3105 5078 Theodosius,
3135 5027 3331 5065 aurem
3348 5027 3567 5082 purpu-

1928 5105 2190 5154 ratorum
2221 5097 2480 5154 consiliis
2506 5098 2639 5169 plus
2669 5116 2834 5170 aaquo
2867 5099 3152 5170 praebens,
3185 5099 3441 5153 edictum
3471 5116 3570 5154 su-

1931 5205 2029 5242 um
2057 5192 2401 5256 revocasset,
2432 5187 2621 5258 prima
2677 5187 2812 5241 data
2863 5187 3163 5242 occasione
3221 5204 3414 5243 coram
3473 5203 3567 5243 eo-

1931 5276 2061 5330 dem
2120 5273 2379 5346 principe
2427 5273 2827 5342 concionandi,
2887 5278 3050 5328 tanta
3106 5292 3238 5330 cum
3305 5274 3570 5332 libertate

1933 5361 2339 5434 indignitatem
2371 5361 2488 5416 dati
2538 5360 2800 5432 rescripti
2860 5362 3299 5430 demonstravit,
3334 5370 3398 5421 ut
3444 5367 3573 5438 ejus

1931 5451 2353 5508 revocationem
2401 5466 2517 5504 non
2569 5449 2883 5505 concedere
2939 5467 3056 5506 non
3088 5454 3343 5524 potuerit
3382 5455 3572 5513 bonus

1932 5543 2267 5615 imperator.
2295 5538 2569 5604 Quamvis
2593 5541 2783 5592 autem
2803 5537 3150 5612 episcopalis
3173 5545 3576 5616 generositatis

1931 5630 2088 5690 haud
2119 5625 2286 5689 facile
2317 5627 2430 5688 isto
2460 5623 2724 5701 exemplo
2755 5625 3082 5702 reperiatur
3113 5630 3272 5691 aliud
3324 5632 3576 5695 nobilius

3223 5760 3264 5842 4.
