3938 6214
345 334 467 396 10⁸1

1704 339 1891 399 VITA
1935 340 2001 399 S.
2047 337 2424 400 AMBROSII

3649 340 3774 404 108

354 467 496 541 quia
521 471 719 525 tamen
751 484 887 525 cum
919 470 1075 542 apud
1098 468 1407 526 Paulinum
1440 472 1454 539 τί
1463 471 1520 525 in
1558 471 1677 525 Vita
1724 472 1909 525 Ambr.
1942 489 2000 525 η.
2028 472 2086 537 Α
2115 471 2271 542 pisse
2301 470 2718 525 Mediolanum.
2752 471 2895 526 Huic
2924 472 3199 543 episcopo
3230 431 3588 544 responsum
3627 474 3771 530 mit-

349 560 467 629 22),
497 563 624 614 tum
656 557 717 613 in
776 559 1005 615 duabus
1065 559 1327 631 epistolis
1377 560 1779 615 Ambrosianis
1810 568 2003 615 exacte

354 647 710 703 describitur
734 648 929 721 (epist.
958 650 1026 703 40
1054 654 1111 704 et
1130 650 1217 719 41)
1252 649 1346 704 hic
1375 650 1447 704 de
1477 652 1678 704 eodem
1712 650 1881 722 plura
1908 650 2001 703 di-

354 752 487 791 cere
516 737 989 809 supersedemus.

421 824 643 881 99.80::
669 842 822 881 anno
852 826 1062 898 pagani
1094 828 1286 881 denuo
1318 825 1647 898 periculum
1686 827 1872 880 facere
1895 827 2004 880 mi-

358 914 516 969 nime
563 914 927 983 dubitarunt,
962 931 1104 969 num
1162 932 1197 969 a
1244 915 1570 970 Theodosio
1627 915 2003 987 profanarum

358 1002 708 1075 religionum
738 1004 867 1073 jam
926 1005 1141 1075 saepius
1197 1005 1441 1076 petitam
1520 1004 2003 1058 instaurationem

356 1096 599 1164 possent
626 1093 965 1149 extundere.
997 1093 1418 1165 Symmachum
1449 1094 1507 1147 in
1540 1093 1649 1147 hac
1671 1094 1847 1147 etiam
1867 1094 2007 1164 peti-

356 1181 514 1237 tione
532 1181 987 1253 antesignanum
1001 1198 1129 1237 sese
1152 1182 1469 1253 prazhuisse
1492 1198 1605 1235 non
1624 1197 1773 1252 aegre
1820 1182 2006 1236 credi-

359 1285 529 1337 mus;
553 1274 613 1325 at
631 1286 765 1325 vero
787 1286 921 1326 cum
941 1270 1319 1325 Ambrosium
1337 1272 1513 1325 etiam
1530 1269 1639 1324 hac
1656 1271 1777 1325 vice
1808 1269 2006 1325 Chris-

358 1359 531 1414 tiane
552 1357 851 1431 religionis
886 1364 1198 1430 patronum
1243 1359 1607 1424 offendisset,
1661 1358 2009 1429 repulsama

357 1448 578 1505 Cesare
600 1464 810 1518 passus
832 1452 920 1501 est
942 1446 1367 1518 turpissimam.
1397 1446 1458 1500 Id
1486 1452 1682 1501 narrat
1706 1447 1829 1517 ipse
1870 1450 2005 1501 Am-

358 1537 591 1592 brosius
611 1536 683 1589 ad
706 1551 840 1590 eum
863 1536 1103 1589 modum
1126 1551 1140 1588 :
1164 1540 1361 1590 Postea
1376 1537 1545 1590 etiam
1587 1537 2007 1591 clementissimo

355 1626 681 1697 imperatori
699 1623 987 1679 Theodosio
1001 1641 1185 1679 coram
1202 1626 1480 1691 intimavi,
1502 1626 1663 1694 atque
1682 1627 1739 1678 in
1756 1640 1814 1679 os
1832 1626 2011 1680 dicere

355 1731 469 1771 non
495 1712 865 1782 dubitavi,cui
884 1714 1139 1768 intimari
1152 1717 1370 1768 senatus
1386 1714 1651 1783 legatione
1671 1714 2006 1783 hujusmodi,

358 1804 487 1859 licet
510 1818 622 1859 non
652 1806 794 1858 totus
840 1806 1062 1857 senatus
1114 1805 1437 1873 papasceril,
1478 1804 1845 1857 insinuationi
1870 1818 2009 1859 mea?
2038 1837 2086 1902 Β

357 1890 581 1948 tandem
622 1906 907 1946 assensum
954 1891 1169 1957 detulit,
1216 1899 1267 1945 et
1294 1892 1373 1945 sic
1394 1891 1671 1961 aliquibus
1727 1891 1797 1945 ad
1826 1894 2005 1963 ipsum

363 1980 555 2037 diebus
582 1995 697 2035 non
719 1980 918 2034 accessi
948 1996 962 2033 :
992 1995 1094 2034 nec
1114 1978 1333 2034 moleste
1377 1980 1529 2044 tulit,
1586 1981 1717 2049 quia
1744 1997 1851 2034 non
1908 1997 2007 2051 pro

358 2071 497 2127 meis
514 2068 815 2126 commodis
833 2068 1126 2139 faciebam,
1153 2067 1245 2123 sed
1274 2067 1415 2139 quod
1459 2076 1509 2122 et
1541 2069 1668 2139 ipsi,
1695 2077 1747 2123 et
1800 2071 2009 2126 anim

358 2174 498 2215 mea
521 2156 799 2231 proderat,
832 2158 893 2212 in
920 2164 1207 2228 conspectu
1236 2159 1378 2227 regis
1436 2156 1587 2227 loqui
1612 2172 1723 2210 non
1775 2160 2006 2229 confun-

362 2247 531 2304 debar
558 2245 754 2320 (epist.
786 2246 878 2314 57,
910 2261 1076 2300 num.
1106 2245 1183 2315 4).

434 2336 556 2391 100.
584 2335 703 2406 (ΑΝ.
733 2333 886 2405 389.)
934 2334 1246 2390 Sermones
1284 2333 1915 2406 quoscomplectuntur
1936 2334 2005 2390 li-

361 2423 452 2481 bri
482 2424 900 2489 Hexaemeron,
932 2427 1192 2477 extrema
1222 2422 1469 2494 hujusce
1498 2424 1635 2477 anni
1688 2424 2014 2495 quadrage-

361 2512 534 2581 sima,
558 2513 625 2567 ut
652 2509 961 2567 docuimus
991 2509 1238 2580 (Admon.
1269 2512 1328 2564 in
1388 2509 1534 2564 hunc
1575 2509 1719 2579 lib.),
1776 2509 2008 2565 habitos

360 2616 491 2658 esse
505 2592 805 2673 probabile
824 2602 935 2653 est.
966 2598 1181 2653 Eorum
1212 2614 1328 2653 non
1346 2614 1476 2653 raro
1497 2598 1667 2653 binos
1686 2598 1890 2652 eodem
1912 2598 2008 2653 die

362 2688 804 2763 pronuntiabat.
834 2687 946 2743 Sed
973 2686 1031 2742 in
1089 2686 1270 2742 tantis
1298 2685 1602 2742 laboribus
1652 2686 1711 2741 id
1741 2685 1854 2757 ipsi
1883 2691 2009 2742 erat

361 2793 477 2833 non
489 2793 667 2850 parvo
683 2775 1077 2847 solatio,quod
1099 2774 1363 2831 ﬁdelium
1380 2790 1615 2847 gregem
1638 2774 2006 2831 ethnicorum

360 2869 535 2937 atque
563 2864 966 2921 haereticorum
988 2862 1363 2919 conversione
1392 2863 1450 2917 in
1507 2862 1632 2917 dies
1656 2864 2009 2935 augericon-

363 2953 651 3026 spiciebat
679 2953 803 3023 (lib.
834 2969 895 3008 Ill
930 2954 1183 3007 Hexaem.
1217 2968 1268 3007 c.
1306 2955 1354 3017 t,
1386 2967 1550 3006 num.
1580 2952 1657 3023 3).

432 3039 558 3097 101.
581 3040 795 3097 Statim
826 3045 1003 3113 atque
1032 3057 1180 3113 opus
1224 3044 1619 3096 Hexaemeron
1673 3040 2006 3097 absolutum

362 3128 498 3197 fuit,
529 3129 667 3186 etin
698 3128 1023 3185 amicorum
1054 3128 1597 3201 discipulorumque
1628 3130 1814 3185 sancti
1853 3132 2005 3201 epis-

2112 564 2241 614 tcns
2272 560 2616 615 Ambrosius
2646 565 2852 615 noster
2882 560 3076 630 (epist.
3110 561 3221 629 46).
3278 578 3542 616 errorem
3591 560 3769 618 illum

2112 647 2419 703 Mediolani
2452 648 2785 703 clanculum
2819 648 3051 719 placitis
3111 650 3236 703 suis
3264 648 3503 705 iniicere
3533 651 3771 707 animos

2113 744 2387 791 conatum
2418 754 2568 802 esse,
2587 743 2645 791 et
2676 737 2731 791 in
2760 737 2917 791 locos
2935 737 3162 808 aliquos
3184 738 3469 794 librorum
3493 757 3767 807 suorum,

2112 828 2186 881 De
2214 827 2319 895 [ide
2346 825 2543 896 procul
2571 827 2773 888 dubio,
2823 826 3076 880 multum
3109 827 3476 882 clamitasse:
3538 828 3649 883 hac
3705 844 3771 884 re

2113 922 2432 985 comperta,
2478 931 2607 969 sese
2659 915 2893 969 misisse
2925 914 3025 983 qui
3057 914 3249 969 verbis
3274 916 3398 969 suis
3430 914 3516 969 illi
3547 916 3771 972 diceret

2116 1020 2229 1057 non
2261 1020 2328 1057 ex
2357 1003 2641 1057 charitate
2662 1005 2855 1074 ipsum
2889 1019 3060 1073 agere
3092 1020 3106 1056 :
3140 1020 3202 1058 se
3230 1004 3548 1069 enimvero,
3568 1010 3635 1060 ut
3663 1006 3769 1077 qui

2114 1091 2289 1145 homo
2318 1097 2492 1149 esset.
2514 1092 2695 1145 errori
2728 1091 3001 1145 similiter
3029 1108 3157 1147 esse
3185 1092 3528 1159 obnoxium,
3586 1099 3771 1166 atque

2115 1181 2257 1234 adeo
2289 1197 2404 1235 non
2436 1197 2726 1243 recusare,
2748 1182 2893 1251 quin
2935 1180 3138 1251 lapsus
3167 1198 3308 1236 suos
3337 1181 3549 1238 lubens
3579 1198 3773 1255 agno-

2116 1274 2322 1331 sceret,
2355 1270 2403 1323 si
2435 1270 2547 1323 sibi
2580 1270 2848 1339 privatim
2879 1270 3328 1324 ostenderentur
3359 1288 3373 1324 :
3415 1273 3516 1326 sed
3548 1272 3623 1327 ad
3673 1288 3773 1328 ex-

2117 1362 2369 1411 tremum
2385 1375 2519 1411 cum
2533 1359 2886 1428 pertinacem
2910 1357 3065 1411 hunc
3087 1357 3421 1413 hareticum
3443 1358 3625 1415 latius
3637 1377 3772 1432 pro-

2118 1463 2327 1516 pagare
2349 1463 2487 1501 suos
2517 1463 2741 1501 errores
2772 1445 3174 1513 intellexisset,
3208 1449 3448 1502 tandem
3478 1448 3615 1503 huic
3648 1449 3769 1521 ipsi

2118 1533 2347 1605 publice
2377 1535 2624 1589 refutatu
2656 1551 2717 1589 se
2747 1540 2959 1605 preter
2978 1535 3178 1606 fugam
3211 1534 3359 1590 nihil
3390 1536 3732 1608 reliquisse.

2192 1625 2312 1677 105.
2344 1624 2689 1679 Ambrosius
2721 1640 2841 1678 una
2870 1640 3004 1679 cum
3026 1623 3397 1696 epistolasua
3423 1642 3554 1680 eam
3585 1627 3772 1682 etiam

2117 1712 2689 1777 commentationem,
2739 1729 2917 1783 quam
2967 1712 3415 1784 reprehenderat
3466 1712 3774 1786 Apollina-

2118 1800 2281 1866 rista,
2316 1801 2531 1855 Sabino
2572 1802 2851 1867 miserat;
2911 1806 2976 1856 ut
3001 1818 3181 1873 quam
3211 1818 3522 1858 censuram
3552 1803 3625 1859 de
3668 1803 3774 1860 illa

2119 1890 2310 1955 ferret,
2337 1888 2513 1944 libere
2541 1890 2652 1944 sibi
2680 1890 3053 1962 significaret.
3086 1889 3302 1945 Verum
3332 1908 3465 1946 cum
3525 1893 3770 1949 eosdem

2116 1977 2294 2031 libros
2328 1979 2524 2032 minus
2553 1978 2827 2034 distincte
2847 1984 3112 2034 exaratos
3142 1979 3396 2035 Sabinus
3425 1964 3616 2053 legere
3648 1998 3767 2038 non

2116 2068 2420 2137 potuisset,
2453 2083 2552 2121 eos
2581 2068 2808 2122 remisit
2835 2068 2910 2122 ad
2953 2067 3366 2123 Ambrosium:
3424 2086 3575 2141 quos
3631 2072 3769 2142 qui-

2116 2154 2249 2209 dem
2274 2152 2600 2226 elegantius
2631 2156 2880 2226 scriptos
2910 2172 3117 2211 rursus
3138 2155 3232 2211 hic
3264 2161 3461 2213 noster
3488 2158 3562 2213 ad
3593 2158 3770 2215 illum

2115 2243 2456 2315 episcopum
2487 2244 2709 2298 curavit
2732 2244 3128 2315 perferendos,
3178 2246 3377 2301 addita
3409 2246 3590 2303 etiam
3648 2247 3774 2304 alia

2116 2331 2365 2402 epistola
2404 2332 2597 2403 (epist.
2656 2333 2768 2401 47),
2801 2332 2862 2386 in
2919 2350 3038 2403 qua
3065 2333 3136 2387 de
3186 2333 3525 2405 Scripturis,
3589 2342 3773 2407 prout

2116 2419 2370 2476 Sabinus
2401 2420 2525 2491 ipse
2569 2424 2888 2492 aptaverat,
2921 2426 3097 2492 caput
3150 2420 3382 2493 aliquod
3430 2424 3770 2481 excutieba-

2115 2512 2234 2562 tur.

2190 2598 2308 2651 106.
2344 2596 2462 2651 Hoc
2493 2597 2686 2668 ipsum
2719 2614 2869 2668 opus
2898 2597 3216 2669 perlectum
3247 2616 3283 2655 a
3322 2599 3537 2657 Sabino
3568 2607 3626 2658 et
3680 2605 3772 2659 si-

2116 2684 2237 2739 mul
2271 2686 2657 2758 approbatum
2689 2686 3033 2742 Ambrosius
3064 2688 3277 2760 recepit
3307 2705 3322 2743 :
3353 2689 3453 2745 sed
3485 2692 3771 2750 continuo

2113 2774 2183 2829 ad
2217 2775 2489 2829 eumdem
2519 2773 2677 2829 aliud
2712 2774 2892 2841 misit,
2924 2776 3079 2847 quod
3110 2780 3177 2831 ut
3204 2793 3400 2833 severe
3457 2780 3768 2837 examina-

2116 2868 2222 2929 ret,
2254 2864 2579 2919 obtestatus
2609 2870 2717 2931 est,
2755 2864 3413 2936 Unumquemque,inquit
3442 2868 3770 2943 (epist.48),

2114 2953 2320 3023 fallunt
2351 2970 2453 3007 sua
2471 2955 2695 3024 scripta,
2727 2957 2778 3008 et
2805 2970 2996 3008 aurem
3044 2958 3381 3025 prmiereunl
3407 2973 3430 3017 ;
3486 2960 3650 3030 atque
3700 2969 3775 3016 ut

2114 3042 2221 3112 ﬁlii
2250 3043 2417 3097 etiam
2444 3041 2710 3111 deformes
2760 3040 3047 3106 delectant,
3089 3043 3168 3096 sic
3220 3042 3390 3096 etiam
3432 3046 3775 3115 scriptorem

2116 3129 2391 3185 indecores
2412 3144 2683 3185 sermones
2710 3129 2959 3200 palpant.
2992 3127 3237 3184 Pulchre
3294 3129 3351 3184 id
3384 3132 3621 3202 quidem
3679 3140 3777 3191 at-

363 3218 494 3292 copi
524 3234 737 3275 manus
765 3216 1359 3291 pervenit,diligenter
1385 3218 1459 3273 ab
1474 3218 1560 3274 eis
1581 3218 1877 3274 evolutum
1892 3223 2000 3274 est.
2034 3202 2077 3268 (ἶ
2116 3234 2229 3290 que
2260 3218 2598 3290 prudenter,
2628 3217 2729 3272 sed
2760 3233 2893 3272 eum
2921 3216 3162 3288 insuper
3189 3216 3305 3272 alia
3334 3219 3600 3289 quaedam
3620 3237 3772 3278 cau-

361 3306 756 3364 Horontianus
784 3324 855 3363 ex
881 3322 1084 3363 eorum
1115 3323 1360 3363 numero
1384 3307 1485 3362 ubi
1516 3307 1810 3363 attentiori
1841 3324 2004 3363 men-

360 3399 419 3453 te
435 3395 582 3452 illud
604 3395 1299 3470 perlegisset,admiratus
1315 3399 1622 3467 est,neque
1637 3396 2005 3469 Moysen,ne-

360 3501 478 3559 que
497 3484 870 3541 Ambrosium
889 3500 1173 3557 exponere
1192 3488 1432 3541 conatos
1450 3500 1578 3540 esse
1605 3501 1710 3540 cur
1729 3484 1903 3542 homo
1921 3485 2008 3540 ul-

360 3572 546 3629 timus
565 3576 963 3629 creaturarum
983 3577 1138 3628 esset
1158 3572 1659 3644 conditus.ltaque
1680 3589 1782 3645 pro
1802 3572 1903 3628 illo
1911 3575 2007 3645 ju~

362 3659 1042 3734 refamiliaritatis,quod
1084 3661 1133 3715 ei
1174 3677 1519 3717 concessum
1547 3661 1735 3717 fuerat
1772 3662 1844 3717 ab
1876 3661 2003 3734 ipso

359 3748 862 3819 Ambrosio,illum
875 3764 944 3804 ea
963 3749 1035 3805 de
1054 3764 1115 3804 re
1136 3749 1533 3821 interrogavit.
1548 3748 1693 3806 Huic
1706 3750 2008 3822 respondit

361 3842 602 3896 sanctus
632 3839 880 3895 antistes
907 3837 1103 3911 (epist.
1138 3839 1227 3904 43,
1258 3843 1317 3894 et
1344 3854 1478 3893 cum
1508 3838 1886 3910 praemisisset
1922 3838 2004 3894 le-

359 3924 698 4000 gislatorem
723 3924 867 3982 nihil
898 3924 1226 3997 scripsisse,
1260 3924 1415 3996 quod
1446 3940 1560 3980 non
1590 3924 1873 3980 divinitus
1914 3924 2002 3997 ip-

360 4032 425 4073 se
454 4015 789 4089 recepisset.
812 4014 1002 4071 varias
1033 4013 1285 4070 rationes
1316 4012 1503 4069 eidem
1534 4013 1751 4086 promit
1778 4013 2002 4071 solven-

360 4105 435 4162 do
458 4104 598 4161 huic
627 4102 976 4177 problemati
1004 4102 1172 4159 valde
1195 4102 1516 4175 appositas.

432 4194 555 4250 102.
584 4191 744 4250 Idem
773 4191 950 4249 etiam
982 4190 1377 4248 Horontianus
1406 4190 1741 4246 sciscitatus
1769 4194 1878 4259 est,
1899 4208 2005 4247 cur

356 4298 458 4341 sex
485 4282 694 4339 diebus
740 4298 937 4339 rerum
968 4280 1321 4337 universitas
1350 4283 1542 4335 creata
1568 4279 1768 4335 esset?
1824 4280 2005 4352 Cujus

356 4368 737 4446 quaestionem
770 4370 956 4427 altera
970 4368 1218 4442 epistola
1248 4367 1419 4424 solvit
1433 4367 1777 4424 Ambrosius
1809 4368 2001 4441 (epist.

2114 3324 2182 3362 sa
2200 3306 2503 3373 movebat;
2525 3306 2585 3360 in
2615 3323 2682 3361 eo
2712 3306 2870 3361 enim
2900 3305 3048 3361 libro
3070 3322 3190 3360 una
3205 3323 3274 3361 ex
3293 3308 3598 3380 precipuis
3621 3310 3771 3367 ﬁdei

2113 3395 2539 3468 qumstionibus
2568 3394 2922 3467 agitabatur.
2952 3395 3022 3448 Et
3050 3393 3189 3449 hinc
3227 3394 3420 3467 colligi
3452 3413 3623 3468 posse
3653 3416 3771 3456 no-

2113 3485 2205 3541 bis
2232 3484 2464 3539 videtur
2493 3499 2607 3538 non
2629 3482 2811 3538 alium
2843 3481 3058 3537 librum
3088 3482 3185 3538 hic
3215 3484 3533 3557 designari,
3577 3502 3767 3558 quam

2112 3573 2177 3628 de
2205 3573 2607 3627 incarnationis
2638 3571 2933 3627 dominica:
2960 3575 3341 3639 sacramento,-
3391 3589 3508 3644 qua
3534 3574 3593 3629 in
3624 3592 3769 3648 ope.

2112 3661 2193 3716 lla
2223 3677 2338 3715 non
2368 3660 2559 3716 solum
2616 3659 2960 3715 Arianorum
2987 3664 3047 3715 et
3102 3659 3589 3730 Sabellianorum,
3650 3667 3764 3722 sed

2112 3750 2490 3823 potissimum
2519 3747 3070 3819 Apollinaristarum
3102 3764 3327 3804 errores
3351 3750 3761 3809 confutantur.

2184 3839 2307 3893 101.
2342 3837 2445 3893 His
2485 3836 2778 3892 Ambrosii
2809 3836 2881 3891 ad
2911 3836 3183 3892 eumdem
3216 3837 3499 3895 Sabinum
3538 3841 3763 3913 episto-

2109 3926 2184 3982 lis
2214 3926 2436 3982 accedit
2462 3924 2578 3981 alia
2607 3925 2799 3997 (epist.
2836 3926 2946 3994 49),
2977 3925 3037 3980 in
3068 3942 3184 3997 qua
3204 3942 3266 3982 se
3297 3944 3600 4000 nunquam
3643 3931 3764 3987 mi-

2113 4033 2226 4070 nus
2250 4031 2379 4071 esse
2395 4014 2608 4082 solum,
2633 4029 2810 4085 quam
2840 4029 2976 4069 cum
3006 4013 3169 4069 solus
3225 4020 3398 4086 esset,
3429 4019 3573 4074 scite
3630 4018 3764 4076 dis-

2111 4108 2298 4176 putat.
2330 4104 2441 4159 Sed
2473 4102 2619 4159 alias
2646 4104 2777 4173 ejus
2826 4103 2899 4158 ad
2930 4102 3100 4158 illum
3156 4104 3437 4176 epistolas
3480 4106 3613 4162 inde
3663 4123 3771 4164 co-

2108 4193 2446 4266 gnoscimus
2475 4191 2789 4259 interiisse,
2820 4191 2978 4262 quod
3001 4192 3365 4264 frequentius
3394 4195 3445 4250 ei
3477 4211 3540 4251 se
3569 4196 3770 4269 scrip-

2109 4287 2312 4337 turum
2342 4282 2401 4337 in
2431 4281 2543 4336 hac
2576 4279 2881 4353 promittit.
3212 4280 3221 4284 “

2181 4370 2303 4425 108.
2335 4369 2703 4437 Ambrosius,
2740 4367 2949 4424 litteris
2993 4368 3312 4426 Chromatii
3368 4369 3768 4443 Aquileiensis

2110 4460 2323 4516 certior
2350 4460 2540 4515 factus
2576 4457 3079 4529 jucundissimum
3117 4458 3170 4513 ei
3225 4458 3510 4528 futurum,
3543 4461 3594 4516 si
3654 4479 3768 4534 per

431 4547 553 4605 103.
614 4546 869 4603 Sabinus
927 4563 1181 4619 quoque,
1213 4563 1248 4601 a
1298 4561 1414 4617 quo
1470 4544 1763 4634 similiter
1787 4544 2001 4602 lectum
2029 4569 2078 4634 Ι)
2107 4546 2387 4620 epistolas
2416 4548 2488 4602 de
2518 4547 2708 4619 prisco
2740 4546 2953 4602 findere
2981 4546 3285 4619 quidpiam
3316 4552 3762 4619 tractaret,con-

357 4635 552 4692 fuerat
570 4637 1030 4703 Hexaemeron,a
1054 4638 1255 4690 sancto
1285 4634 1407 4689 viro
1436 4634 1605 4705 petiit
1633 4650 1736 4706 per
1754 4633 1998 4703 litteras,

355 4740 431 4781 an
463 4722 677 4781 alicubi
708 4723 780 4779 de
836 4722 1090 4796 paradisi
1135 4722 1425 4778 terrestris
1455 4722 1579 4778 loco
1608 4722 2003 4792 disseruisset,

355 4817 459 4872 aut
485 4829 614 4886 quas
642 4816 799 4869 esset
826 4813 954 4884 ejus
975 4812 1047 4868 de
1066 4810 1168 4867 illo
1188 4810 1474 4867 sententia
1490 4812 1849 4884 ?Rescripstt
1867 4814 2006 4869 Am-

355 4902 587 4960 brosius
620 4901 815 4976 (epist.
850 4902 939 4973 45)
970 4901 1042 4957 de
1074 4900 1175 4957 illa
1220 4900 1556 4973 quaestione,
1589 4901 1661 4957 de
1712 4918 1829 4972 qua
1876 4903 2003 4973 jam

354 4995 489 5049 ante
519 4991 940 5065 disputaverat,
975 4989 1034 5045 in
1067 4989 1227 5046 hisce
1258 4989 1427 5045 libris
1453 4990 1793 5061 neutiquam
1849 4991 2001 5061 egis-

352 5095 416 5137 se
448 5096 461 5135 :
498 5084 700 5154 postea
740 5083 937 5136 tamen
968 5077 1028 5134 in
1077 5096 1186 5135 sua
1231 5078 1610 5150 responsione
1638 5083 1759 5133 tam
1792 5094 2003 5133 secun-

352 5168 495 5225 dum
524 5185 765 5227 sensum
824 5167 1210 5243 spiritualem,
1274 5183 1451 5240 quam
1510 5165 1791 5233 ethicum,
1851 5166 2000 5222 hanc

348 5257 645 5315 examinat
673 5257 1101 5314 difficultatem.

425 5345 547 5402 104.
573 5346 821 5418 Scripsit
849 5346 1059 5402 iterum
1092 5344 1346 5402 Sabinus
1372 5344 1700 5413 Ambrosio,
1762 5344 1994 5400 nuntia-

2108 4636 2273 4693 tinuo
2305 4637 2376 4692 ad
2410 4636 2607 4709 ipsum
2639 4635 2923 4702 scribens,
2955 4634 3261 4691 historiam
3294 4635 3532 4692 Balaam
3581 4654 3762 4709 pseu-

2114 4724 2489 4798 d0prophetzn
2511 4724 2930 4796 interpretatus
2959 4728 3048 4780 est
3076 4724 3182 4795 (ep.
3211 4724 3324 4795 50).
3358 4725 3601 4781 Etiamsi
3648 4743 3764 4783 au-

2114 4819 2232 4869 tem
2263 4814 2373 4869 hac
2403 4813 2463 4868 in
2492 4811 2739 4884 epistola
2767 4812 2956 4868 eidem
2987 4812 3322 4868 Chromatio
3352 4812 3498 4870 alias
3528 4814 3766 4871 additu-

2113 4919 2244 4958 rum
2269 4918 2331 4958 se
2361 4900 2722 4973 polliceatur,
2756 4899 2981 4956 nullam
3012 4905 3207 4957 tamen
3235 4901 3307 4957 ad
3338 4917 3474 4958 eum
3531 4905 3765 4976 reperi-

2112 5007 2246 5046 mus
2277 4991 2387 5045 nisi
2422 4989 2573 5044 hanc
2602 4988 2810 5044 solam.
2920 5054 2928 5062 ,

2182 5079 2305 5135 109.
2337 5082 2478 5133 Cum
2503 5077 2697 5133 Rome
2719 5078 3008 5134 Joviniani
3021 5094 3248 5135 errores
3259 5079 3492 5152 publice
3520 5082 3765 5154 erupis-

2109 5171 2259 5233 sent,
2282 5166 2523 5222 Siricius
2558 5171 2720 5238 pont.
2746 5184 2923 5235 max.,
2948 5167 3302 5240 presbyteris
3350 5169 3475 5225 suis
3504 5169 3765 5243 aliisque

2107 5255 2331 5312 clericis
2352 5254 2410 5310 in
2430 5253 2741 5311 concilium
2775 5273 2892 5311 una
2921 5256 3271 5326 convocatis,
3305 5256 3762 5318 heresiarcham

2106 5344 2274 5400 illum
2305 5349 2479 5416 atque
2508 5345 2637 5416 ejus
2668 5349 2999 5401 commenta
3019 5345 3447 5402 condemnavit.
3465 5348 3762 5412 Quoniam

351 5431 551 5504 vitque
596 5438 938 5490 sectatorem
996 5434 1314 5506 quemdam
1370 5432 1711 5506 Apollinarii
1766 5434 1995 5489 venisse
2102 5449 2236 5488 vero
2267 5431 2583 5489 nonnullos
2611 5448 2642 5488 e
2673 5431 2978 5489 monachis
3004 5434 3133 5503 ejus
3162 5434 3426 5490 asceterii
3447 5436 3604 5506 quod
3633 5436 3761 5495 Me-

354 5519 730 5589 Placentiam,
779 5524 836 5576 et
882 5520 941 5577 in
999 5538 1067 5578 ea
1120 5521 1262 5578 urbe
1292 5537 1517 5578 errores
1547 5538 1687 5579 suos
1722 5521 1991 5578 dissemi-

353 5624 527 5678 nasse
556 5626 570 5683 ς
604 5624 739 5671 eum
769 5624 903 5673 vero
933 5608 1013 5671 ibi
1061 5608 1268 5671 fuisset
1320 5609 1679 5687 confutatus,
1730 5609 1840 5671 iter
1895 5626 1990 5671 ce-

2104 5520 2323 5578 diolani
2354 5538 2533 5596 prope
2562 5538 2763 5578 muros
2806 5521 3107 5578 conditum
3133 5526 3275 5588 erat,
3320 5523 3496 5579 iidem
3526 5540 3761 5585 errores

2104 5609 2427 5671 infecerant
2457 5628 2473 5684 ;
2504 5609 2566 5671 in
2596 5626 2725 5673 eam
2756 5609 2962 5671 urbem
2991 5608 3157 5674 misit
3180 5609 3405 5689 legatos
3434 5627 3470 5670 a
3533 5614 3759 5694 quibus
