3938 6214
182 388 298 456 109

1252 400 1351 459 ex
1395 398 1585 463 EJUS
1627 397 2117 463 POTlSSIMUM
2161 400 2535 461 SCRIPTIS.
3413 376 3433 413 '
3474 376 3594 466 i‘io

186 524 452 597 synodica
485 526 745 597 epistola
774 530 946 595 (tom.
980 529 1052 583 Il.
1082 545 1210 601 pag.
1252 530 1380 601 963)
1412 531 1486 585 ad
1536 530 1698 586 illam
1727 532 1831 587 Ec-
1861 531 1919 597 Α
1944 530 2339 603 ingerebatur,
2372 530 2422 585 si
2471 531 2685 587 rebello
2716 531 3052 588 istiusmodi
3105 538 3366 589 maneret
3395 534 3589 606 impu-

184 613 412 670 clesiam
476 619 612 671 tuto
669 616 1054 689 perferretur.
1113 619 1377 690 Acceptis
1434 619 1529 675 his
1602 619 1831 676 litteris.

1944 619 2089 686 nita,
2140 620 2291 676 cives
2359 619 2915 676 Thessalonicenses
2982 621 3342 677 atrocissime
3393 622 3591 694 puniri

179 701 543 765 Ambrosius.
574 720 756 776 quem
789 705 1080 778 praecipue
1120 705 1261 762 dicti
1306 709 1647 764 monasterii
1695 725 1838 764 cura
1935 708 2157 780 jussit:
2182 725 2298 780 quo
2319 710 2630 765 exdecreto
2652 709 3171 765 innumeraczedos
3191 726 3307 781 qua
3328 710 3588 766 sontium

182 791 499 864 spectabat,
534 790 786 850 clericos
818 793 1087 850 Ecclesiae
1115 811 1237 851 suae
1274 800 1541 851 actutum
1590 814 1836 870 congre-

178 879 346 952 gavit,
377 896 450 935 ac
483 882 887 952 presentibus
933 881 1138 955 legatis
1182 884 1517 955 pontiﬁciis,
1567 886 1834 941 eamdem

177 967 437 1023 heresim
472 968 535 1024 in
569 975 776 1031 suo.ut
806 971 891 1025 sic
922 970 1441 1043 loquamur,natali
1488 973 1610 1029 solo
1657 973 1833 1029 simul

176 1056 765 1113 confodere.8anctus
794 1059 884 1114 vir
910 1075 1081 1131 porro
1099 1058 1310 1115 litteris
1359 1060 1539 1116 totius
1585 1077 1835 1117 conven-

174 1148 267 1201 tus
295 1146 542 1201 nomine
573 1146 835 1219 scriptis,
858 1164 973 1203 non
1007 1149 1179 1204 modo
1208 1148 1437 1205 concilii
1485 1150 1833 1206 sententiam

174 1233 533 1306 signiﬁcavit
563 1251 804 1290 summo
852 1235 1130 1308 pontifici,
1186 1253 1389 1292 verum
1444 1238 1620 1293 etiam
1660 1254 1832 1310 argu-

172 1327 369 1377 menta
395 1321 780 1379 validissima
806 1324 1023 1380 ibidem
1056 1326 1380 1398 proposuit,
1398 1326 1612 1398 quibus
1634 1343 1832 1382 amen-

174 1409 249 1466 tia
276 1410 463 1482 hujus
496 1411 744 1469 heresis
774 1412 1213 1485 proﬂigabatur.

236 1500 364 1555 410.
397 1500 545 1557 Post
575 1517 801 1557 annum
830 1502 960 1570 385,
1010 1502 1109 1558 sed
1152 1507 1285 1559 ante
1326 1504 1433 1559 390
1478 1504 1728 1573 (Admon.
1773 1505 1835 1559 in

169 1589 568 1661 easdEnarr.)
592 1591 834 1663 scripsit
859 1592 1205 1649 Ambrosius
1235 1610 1403 1649 suam
1429 1593 1488 1648 iu
1512 1593 1830 1666 psalmum.

172 1678 646 1745 Enarrationem,
678 1680 775 1736 cui
805 1685 863 1737 et
891 1682 1176 1753 praemisit
1202 1681 1666 1754 pulcherrimam
1688 1699 1835 1755 prce-

168 1767 452 1823 fationem
488 1769 550 1823 in
596 1784 803 1824 omnes
850 1769 1130 1841 psalmos,
1182 1775 1495 1842 utramque
1540 1776 1734 1826 autem
1764 1787 1833 1826 ex

167 1855 552 1956 semermibus
584 1856 817 1956 publice
846 1857 1063 1956 habitis
1094 1863 1563 1931 coagmentatam
1588 1877 1601 1926 ;
1643 1876 1831 1931 quan-
1861 1892 1909 1956 Β

166 1945 491 2016 doquidem
524 1944 587 1998 in
618 1945 988 2001 auditoribus
1018 1947 1142 2003 suis
1172 1949 1710 2013 catechumenos,et
1732 1963 1832 2003 eos

169 2034 251 2087 uti
310 2034 575 2098 videtur,
636 2050 707 2089 ex
760 2034 967 2089 ordine
1010 2035 1461 2107 competenlium
1492 2039 1830 2090 numeratos

166 2137 291 2177 esse
320 2120 587 2193 ipsemet
612 2121 853 2189 indicat,
882 2139 997 2194 quo
1027 2139 1162 2194 pars
1191 2128 1448 2179 extrema
1496 2124 1830 2195 Quadroge-

167 2210 329 2265 sime
366 2214 534 2266 certo
579 2209 944 2283 designatur.
992 2212 1400 2268 Enarratioues
1458 2213 1517 2266 in
1570 2212 1829 2284 psalmos

166 2315 285 2366 ην,
318 2315 508 2369 xcvn,
537 2315 715 2354 XLVIII
745 2303 803 2355 et
832 2316 947 2365 LXI,
979 2316 1126 2371 quas
1152 2299 1327 2355 etiam
1378 2317 1409 2355 e
1455 2300 1828 2356 sermonibus

167 2388 354 2444 factas
384 2392 781 2443 autumamus
811 2387 1017 2459 (ibid.),
1038 2389 1242 2444 eodem
1293 2388 1523 2444 circiter
1566 2394 1828 2460 tempore

165 2476 330 2532 edite
365 2481 535 2533 sunt.

230 2565 360 2620 4H.
395 2566 529 2636 (Ax.
574 2564 726 2636 390.)
784 2564 1026 2620 Librum
1075 2570 1155 2621 De
1199 2567 1324 2621 Elia
1362 2575 1424 2622 et
1462 2567 1679 2638 jejunio
1726 2567 1826 2621 de-

166 2654 638 2709 monstravimus
686 2653 936 2725 (Admon.
984 2655 1045 2708 in
1092 2656 1254 2710 illum
1283 2655 1402 2725 lib.)
1447 2659 1714 2711 constare
1758 2672 1827 2711 ex

165 2742 359 2798 tribus
378 2742 804 2809 sermonibus;
853 2758 1104 2814 quorum
1161 2744 1262 2816 qui
1322 2744 1549 2816 primus
1596 2750 1705 2810 est,
1752 2744 1824 2799 ad

166 2832 536 2903 capessenda
590 2830 1061 2903 Quadragesimae
1109 2848 1286 2904 opera
1345 2831 1614 2888 stimulat
1668 2832 1827 2888 Chri-

166 2920 416 2986 stianos,
452 2919 754 2973 secundus
783 2935 850 2974 ac
879 2919 1084 2975 tertius
1114 2920 1494 2993 percipiendas
1527 2921 1635 2977 sub
1666 2921 1824 2992 ejus-

167 3009 292 3064 dem
328 3006 813 3080 Quadragesimze
843 3006 1019 3062 finem
1060 3008 1393 3081 baptismali
1434 3010 1633 3082 gratiae
1665 3025 1821 3064 com-

165 3100 436 3169 petentes
468 3100 777 3168 przeparat.
811 3095 891 3150 Ex
938 3095 1054 3152 illis
1090 3114 1223 3154 vero
1272 3098 1449 3153 simul
1495 3097 1824 3169 conjunctis

166 3184 518 3242 Ambrosius
545 3188 746 3240 noster
774 3182 974 3240 Basilii
1031 3185 1293 3258 exemplo
1339 3186 1561 3242 librum
1591 3201 1820 3258 compe-

165 3274 263 3347 git.

230 3364 366 3419 412.
417 3362 569 3418 Cum
619 3360 822 3417 civitas
870 3361 1304 3431 Thessalonica,
1366 3363 1427 3418 in
1475 3363 1818 3420 seditionem

162 3468 356 3521 versa,
410 3450 721 3523 praefectos
776 3451 1089 3507 nonnullos
1146 3452 1558 3519 interemisset,
1620 3468 1821 3524 pcenas

166 3541 305 3595 tanti
346 3538 621 3595 criminis
654 3539 728 3593 ab
758 3554 827 3594 ea
872 3541 1215 3611 repetendas
1262 3540 1611 3596 existimavit
1636 3539 1819 3595 Theo-

167 3630 394 3686 dosius.
425 3628 650 3685 Verum
679 3629 1048 3695 Ambrosius,
1096 3630 1197 3701 qui
1241 3629 1611 3685 clementiam
1642 3629 1821 3700 hujus

170 3718 458 3790 principis
486 3717 549 3772 in
581 3715 809 3773 misera:
837 3715 1010 3773 istius
1040 3718 1204 3774 urbis
1233 3718 1478 3791 gratiam
1508 3716 1823 3790 implorare

171 3824 297 3864 cum
334 3806 550 3881 primis
583 3806 896 3871 festinavit,
929 3811 1051 3863 tam
1082 3806 1268 3862 calide
1289 3811 1528 3878 tamque
1558 3810 1824 3862 constan-

172 3900 251 3951 ter
276 3893 618 3953 lflioodosio
649 3894 882 3961 institit,
913 3900 976 3951 ut
1008 3895 1104 3951 hic
1143 3895 1420 3966 injuriam
1468 3894 1631 3950 illam
1680 3911 1823 3950 con-

172 3985 537 4041 donaturum
566 4000 630 4039 se
662 3983 1029 4055 promitteret
1057 3983 1308 4055 (Paulin.
1352 3985 1412 4039 in
1468 3986 1588 4040 Vita
1639 3983 1820 4038 Ambr.

176 4090 339 4129 num.
371 4073 488 4144 24).
519 4072 642 4129 Hoc
668 4072 1038 4145 imperatoris
1064 4073 1375 4144 promisso,
1426 4072 1579 4128 sicut
1626 4076 1684 4127 et
1734 4072 1825 4127 in-

176 4165 303 4216 nata
316 4160 515 4216 eidem
542 4159 805 4216 bonitate
822 4158 955 4231 plus
978 4159 1157 4215 nimio
1179 4160 1437 4216 conﬁsus
1456 4159 1822 4227 Ambrosius,

178 4247 491 4304 Mediolani
522 4246 837 4304 concilium
868 4249 940 4303 ad
990 4249 1145 4321 quod
1195 4249 1453 4321 episcopi
1504 4247 1825 4305 Galliarum

178 4340 590 4402 convenerant,
621 4352 867 4392 securus
898 4335 1585 4393 celebrabat.Habebatur
1604 4336 1705 4392 illa
1734 4338 1825 4410 sy-

182 4428 367 4482 nodus
391 4429 633 4499 propter
660 4424 993 4481 lthacianos
1028 4425 1574 4498 ordinationemque
1621 4424 1828 4481 Felicis

182 4513 540 4570 Trevirensis
568 4514 641 4569 ab
662 4513 746 4570 eis
768 4514 1001 4573 factam.
1022 4522 1140 4586 qua
1169 4515 1449 4571 universa;
1478 4514 1676 4570 Galliaa
1703 4519 1827 4570 tur-

1946 814 2061 867 qua
2092 797 2437 863 insontium,
2470 801 2809 869 perpetratae
2839 802 3000 853 sunt.

2014 885 2139 939 443.
2174 884 2409 939 Conrilii
2446 886 2665 953 Patres,
2698 889 2871 941 tanta:
2903 885 3288 943 immanitatis
3317 887 3592 944 certiores

1945 972 2100 1037 facti,
2162 990 2338 1044 quam
2398 975 2743 1045 gravissime
2791 973 2950 1030 illum
3028 974 3307 1031 tulerunt.
3376 977 3588 1032 Eorum

1941 1077 2122 1127 nemo,
2156 1066 2222 1115 ut
2249 1062 2594 1135 Ambrpsius
2625 1066 2875 1117 testatur
2912 1063 3100 1135 (epist.
3157 1065 3249 1131 51,
3297 1080 3463 1119 num.
3507 1064 3585 1137 6),

1940 1164 2051 1203 non
2078 1149 2365 1219 ingemuit,
2400 1151 2586 1204 nullus
2629 1150 2976 1205 mediocriter
3022 1154 3263 1223 accepit;
3308 1169 3419 1209 non
3466 1156 3591 1209 erat

1940 1238 2075 1307 ρισιί
2104 1239 2189 1291 tui
2215 1237 2483 1292 absolutio
2533 1239 2595 1292 in
2637 1239 2911 1293 Ambrosii
2955 1242 3376 1310 communione;
3412 1242 3473 1297 in
3501 1257 3590 1298 me

1941 1328 2107 1380 etiam
2149 1326 2394 1393 amplius
2460 1328 2736 1381 commissi
2779 1333 3199 1397 exaggeraretur
3244 1330 3478 1396 invidia,
3538 1332 3592 1387 si

1939 1430 2098 1469 nemo
2128 1414 2329 1469 diceret
2355 1415 2452 1469 Dei
2484 1417 2660 1469 nostri
2701 1418 3204 1473 reconciliationem
3243 1420 3362 1489 fore
3396 1435 3588 1475 neces-

1939 1505 2167 1557 sariam.
2204 1503 2288 1557 Ita
2312 1502 2659 1574 loquebatur
2686 1508 2923 1559 sanctus
2952 1505 3236 1561 antistes:
3265 1524 3399 1563 cum
3428 1507 3586 1564 enim

1942 1591 2337 1646 Theodosium
2376 1591 2606 1647 audiret
2649 1592 2875 1663 regredi
2923 1593 3341 1663 Mediolanum,
3381 1611 3586 1653 recens

1941 1678 2102 1735 illius
2128 1679 2342 1735 vulnus
2371 1678 2481 1735 levi
2526 1680 2717 1735 adhuc
2768 1696 2946 1736 manu
2992 1684 3365 1739 tractandum
3397 1690 3581 1753 ratus,

1944 1783 2131 1838 neque
2159 1773 2356 1823 tamen
2387 1767 2476 1823 vel
2506 1767 2691 1823 latum
2725 1785 2983 1841 unguem
3013 1771 3400 1828 recedendum
3432 1791 3467 1829 a
3496 1772 3583 1829 di-

1941 1856 2209 1928 sciplina,
2234 1872 2303 1911 ex
2326 1857 2529 1912 eadem
2562 1858 2705 1911 urbe
2734 1857 2887 1913 exire
2917 1859 3241 1925 constituit,
3286 1863 3455 1932 cujus
3487 1879 3586 1918 ra-

1939 1944 2158 2000 tionem
2189 1944 2343 1999 hunc
2374 1944 2487 2016 ipsi
2519 1946 2710 2000 reddit
2737 1963 2750 2000 :
2782 1947 3012 2017 Olferre,
3062 1946 3275 2020 inquit,
3324 1966 3437 2005 non
3486 1967 3585 2006 au-

1938 2033 2033 2088 deo
2062 2033 2415 2103 sacri/icium,
2443 2035 2493 2088 si
2522 2035 2754 2090 volueris
2782 2037 3034 2091 assistere
3073 2036 3231 2105 (ibid.
3278 2055 3441 2095 num.
3470 2039 3579 2111 43).

1937 2121 2159 2184 Quibus
2205 2121 2442 2193 quidem
2484 2121 2676 2177 verbis
2724 2123 2990 2194 quamvis
3032 2123 3363 2181 declarabat
3393 2128 3582 2199 ajure

1938 2211 2369 2265 communionis
2394 2209 2560 2265 illum
2584 2210 3092 2275 alienum,nullam
3109 2218 3301 2269 tamen
3315 2214 3582 2284 illi,undo

1936 2299 2344 2360 offenderetur,
2377 2315 2616 2354 causam
2648 2299 3013 2372 relinquebat
3040 2320 3053 2369 ;
3105 2303 3320 2375 quippe
3358 2304 3458 2376 qui
3488 2321 3581 2361 se-

1936 2386 2109 2441 cretis
2140 2386 2350 2441 litteris
2380 2386 2493 2441 ista
2523 2389 2912 2443 committeret
2938 2406 2951 2443 :
3004 2390 3190 2446 Scriba
3234 2408 3408 2447 manu
3435 2409 3578 2461 mea,

1935 2476 2146 2546 inquit,
2179 2475 2317 2545 quod
2345 2476 2489 2529 solus
2520 2476 2669 2543 legas
2700 2476 2854 2546 (ibid.
2889 2494 3053 2532 num.
3086 2480 3197 2550 44).
3231 2480 3353 2536 lmo
3383 2485 3441 2537 et
3470 2481 3580 2538 hoc

1935 2579 2169 2635 quoque
2211 2563 2581 2635 signiﬁcavit,
2623 2564 2737 2618 sibi
2786 2564 3069 2623 divinitus
3118 2569 3237 2639 ipsa
3289 2574 3443 2624 nocte
3471 2586 3580 2641 qua

1930 2654 2203 2723 proficisci
2252 2652 2503 2723 parabat,
2553 2652 2915 2724 prohibitum
2963 2671 3114 2725 esse,
3165 2672 3237 2710 ne
3283 2655 3384 2711 illo
3432 2675 3577 2729 prae-

1934 2745 2120 2807 sente,
2152 2739 2334 2795 sacris
2363 2738 2644 2795 altaribus
2673 2742 3336 2812 operaretur.Postremo
3369 2759 3437 2801 ex
3467 2744 3578 2801 hac

1932 2828 2177 2900 epistola
2216 2828 2437 2883 discere
2475 2834 2723 2900 possunt
2779 2846 2985 2885 omnes
3033 2832 3312 2905 episcopi,
3356 2838 3580 2905 quanta

1932 2934 2065 2972 cum
2098 2917 2409 2989 prudentia
2436 2922 2492 2973 et
2529 2918 2793 2974 cautione
2839 2934 2974 2991 erga
3024 2921 3317 2994 principes
3360 2922 3421 2978 in
3452 2938 3579 2996 gra-

1931 3006 2023 3060 via
2053 3006 2343 3078 quaepiam
2374 3006 2621 3061 crimina
2650 3007 2846 3079 lapsos
2877 3024 2938 3063 se
2964 3025 3162 3081 gerere
3191 3011 3441 3066 debeant
3472 3028 3486 3067 :
3519 3015 3577 3068 et

1933 3095 2428 3167 quemadmodum
2462 3111 2559 3149 eos
2585 3100 2849 3167 oporteat
2879 3097 3075 3152 minus
3106 3097 3380 3155 adhibere
3413 3116 3575 3156 acer-

1932 3184 2133 3239 bitatis
2184 3200 2361 3255 quam
2403 3184 2894 3239 mansuetudinis.
2939 3186 3086 3249 Quid
3134 3187 3291 3241 enim
3341 3187 3574 3259 plenius

1846 3257 1890 3324 C
1928 3272 2235 3344 prudentis
2278 3271 2456 3342 hujus
2505 3271 2942 3338 moderationis,
2994 3288 3172 3343 quam
3226 3257 3569 3333 illa—verba:

1928 3361 2226 3427 Praetendi,
2258 3360 2341 3415 ait
2370 3360 2527 3432 (ibid.
2556 3377 2720 3414 num.
2754 3359 2865 3428 45),
2896 3361 3289 3428 aegritudinem
3334 3365 3574 3435 corporis

1928 3466 2115 3506 revera
2136 3465 2377 3520 gravem,
2408 3453 2459 3504 et
2487 3451 2601 3503 nisi
2627 3466 2661 3503 a
2708 3450 2843 3504 viris
2872 3450 3184 3504 mitioribus
3232 3453 3328 3506 vix
3381 3452 3574 3507 levan-

1929 3539 2092 3599 dam;
2119 3538 2203 3593 vel
2230 3539 2404 3593 emori
2453 3546 2636 3593 tamen
2684 3538 3018 3604 maluissem,
3073 3554 3239 3609 quam
3278 3540 3577 3598 adventum

1929 3637 2086 3683 tuum
2114 3626 2276 3682 biduo
2304 3635 2400 3681 aut
2430 3626 2610 3681 triduo
2637 3642 2748 3681 non
2777 3635 3162 3698 exspectarem.

2002 3716 2125 3771 114.
2156 3715 2553 3771 Theodoretus
2583 3720 2789 3770 auctor
2834 3721 2925 3771 est
2974 3715 3099 3788 (lib.
3149 3734 3204 3771 v.
3236 3720 3374 3775 Hist.
3410 3720 3574 3789 Eccl.,

1931 3821 2058 3876 cap.
2095 3806 2205 3873 18),
2237 3804 2669 3875 imperatorem,
2711 3808 3023 3876 postquam
3073 3822 3107 3860 a
3149 3808 3351 3879 synaxi
3400 3807 3579 3864 eccle-

1932 3893 2168 3950 siastica
2195 3896 2347 3948 totos
2374 3909 2474 3948 vui
2506 3909 2740 3949 menses
2780 3892 3182 3961 abstinuisset,
3224 3894 3436 3951 natalis
3466 3896 3579 3953 Do-

1933 3982 2135 4037 minici
2167 3982 2311 4037 festo
2340 3980 2400 4035 in
2432 3980 2740 4036 ecclesiam
2760 3981 2958 4037 venire
2984 3981 3269 4038 voluisse:
3303 3988 3362 4038 at
3389 3984 3577 4055 gravi-

1934 4075 2023 4126 ter
2069 4070 2421 4141 increpitum
2472 4069 2544 4123 ab
2589 4070 2917 4137 Ambrosio,
2967 4086 3082 4124 non
3139 4071 3304 4141 prius
3352 4071 3581 4143 ingredi

1934 4158 2288 4231 permissum
2319 4173 2465 4223 esse,
2519 4173 2692 4228 quam
2734 4161 2791 4211 et
2821 4156 3067 4228 publicae
3097 4158 3448 4229 paenitentiae
3484 4176 3579 4216 ca-

1935 4254 2041 4320 put
2070 4245 2436 4319 subjecisset,
2470 4251 2527 4300 et
2572 4244 2828 4300 laturum
2883 4261 2945 4300 se
2992 4244 3180 4318 legem
3220 4248 3580 4318 ejuscemodi

1936 4340 2090 4393 esset
2118 4334 2430 4408 pollicitus,
2463 4351 2588 4406 quae
2615 4351 2779 4389 reum
2812 4333 2999 4389 ullum
3017 4340 3271 4390 extremo
3293 4336 3580 4409 supplicio

1938 4424 2052 4480 nisi
2084 4429 2216 4497 post
2244 4424 2400 4479 diem
2432 4441 2466 4478 a
2494 4424 2977 4479 condemuatione
3022 4424 3384 4481 tricesimum
3426 4426 3581 4483 attici

1938 4513 2289 4586 prohiberet.
2322 4512 2581 4584 Implevit
2613 4512 2931 4585 imperator
2968 4518 3285 4587 utrumque
3332 4516 3582 4588 promis-

184 4601 492 4690 hahantur.
524 4602 676 4690 Quid
706 4607 903 4690 autem
937 4620 1113 4676 super
1141 4620 1210 4659 ea
1237 4620 1436 4670 causa,
1480 4621 1607 4676 qua:
1636 4621 1671 4659 a
1700 4603 1829 4676 qui-
1860 4627 1906 4690 D
1939 4619 2073 4658 sum
2100 4620 2114 4668 ;
2160 4602 2433 4674 quodque
2479 4602 2550 4657 ad
2597 4601 2891 4673 publicam
2942 4604 3370 4675 pmnitentiam,
3422 4609 3588 4662 tanta

186 4688 428 4747 busdam
465 4688 617 4745 male
646 4689 885 4762 ponitur
913 4706 1067 4745 anno
1089 4690 1584 4762 superiori,hacin
1608 4690 1829 4763 synodo

187 4783 468 4835 statutum
499 4778 696 4846 fuerit,
729 4778 1044 4834 concilium
1077 4780 1461 4847 Taurinense,
1492 4795 1621 4847 can,
1652 4781 1707 4844 6,
1739 4778 1828 4834 in-

188 4868 305 4923 nuit
332 4869 394 4924 in
422 4867 551 4924 haec
577 4867 790 4923 verba:
825 4866 888 4923 Si
917 4869 1014 4939 qui
1040 4869 1109 4923 ab
1136 4869 1254 4939 ejus
1284 4867 1490 4924 Felicis
1540 4867 1830 4939 videlicet,

186 4958 560 5013 munione
589 4971 647 5011 se
699 4955 977 5011 voluerint
1005 4961 1359 5028 sequestrare,
1405 4958 1463 5011 in
1508 4964 1706 5012 nostra:
1730 4973 1830 5028 pa-

187 5046 258 5100 cis
283 5050 622 5103 consortium
647 5045 1029 5116 suscipiuntur
1040 5030 1216 5116 ’ῥηίδια
1249 5046 1463 5100 litteras
1500 5045 1833 5101 venerabilis

188 5137 464 5192 memoria
516 5134 794 5189 Ambrosii
843 5134 1082 5204 episcopi
1125 5131 1217 5188 vel
1281 5133 1538 5190 Romanas
1583 5134 1833 5189 Ecclesia

190 5224 469 5280 sacerdotis
495 5223 707 5279 dudum
751 5222 895 5277 latas
922 5221 1106 5293 (Cone.
1162 5222 1322 5276 Taur.
1353 5238 1475 5276 can.
1506 5222 1587 5288 6.)
1615 5221 1832 5277 Verum

191 5306 301 5365 istae
328 5311 536 5368 littera;
566 5310 636 5367 de
680 5309 905 5382 quibus
956 5307 1050 5363 hic
1096 5308 1311 5381 agitur,
1368 5309 1438 5363 ad
1488 5309 1832 5364 memoriam

195 5404 437 5456 nostram
468 5417 584 5457 non
614 5401 1035 5473 pervenerunt.
1066 5396 1348 5452 Caeterum
1388 5397 1532 5453 dum
1579 5402 1832 5470 coeptum

195 5486 484 5547 concilium
516 5489 1024 5562 prosequerentur
1038 5484 1123 5540 illi
1144 5484 1425 5557 episcopi,
1446 5484 1830 5556 Theodosius,

196 5575 368 5633 victus
394 5578 776 5652 persuasione
809 5575 1098 5633 comitum
1146 5574 1493 5644 aulicorum,
1543 5592 1578 5630 a
1616 5575 1833 5648 quibus

197 5677 309 5727 rem
338 5664 819 5747 periculosissimi
855 5679 924 5723 ac
942 5661 1426 5743 perniciosissimi
1442 5664 1693 5743 exempti
1711 5664 1834 5727 fore

1938 4708 2075 4746 cum
2105 4691 2196 4746 sui
2224 4690 2580 4745 demissione
2611 4691 2769 4746 illam
2812 4692 3115 4764 amplexus
3164 4697 3270 4760 est,
3320 4702 3385 4749 ut
3422 4694 3590 4752 nobis

1938 4784 2263 4851 temperare
2294 4795 2410 4834 non
2440 4778 2759 4846 valeamus,
2793 4781 2934 4852 quin
2976 4780 3169 4836 locum
3209 4783 3280 4837 de
3322 4781 3422 4837 illa
3449 4785 3591 4838 Am-

1940 4868 2283 4925 brosianum
2316 4868 2736 4939 subjiciamus:
2787 4869 2991 4925 Stravit
3036 4886 3212 4938 omne,
3258 4870 3452 4941 inquit
3492 4872 3590 4943 (De

1941 4958 2070 5013 obit.
2102 4956 2291 5012 Theod.
2348 4973 2513 5011 num.
2574 4957 2707 5028 34.),
2754 4972 2859 5028 quo
2894 4959 3194 5025 nitebatur,
3229 4960 3444 5028 insigne
3499 4976 3589 5016 re-

1940 5048 2128 5117 gium:
2170 5045 2384 5115 deﬂevit
2434 5047 2491 5100 in
2536 5046 2761 5100 ecclesia
2790 5049 3076 5116 peccatum
3116 5062 3295 5111 suum,
3355 5046 3494 5117 quod
3540 5056 3592 5105 et
3681 5050 3693 5059 ’

1940 5136 2181 5191 aliorum
2208 5134 2406 5205 fraude
2433 5134 2769 5205 obrepserat;
2821 5135 3031 5204 gemitu
3067 5143 3119 5189 et
3162 5135 3425 5206 lacrymis
3461 5152 3587 5193 ora-

1939 5226 2019 5280 vit
2065 5224 2302 5278 veniam.
2364 5222 2512 5289 Quod
2560 5223 2773 5292 prirati
2818 5222 3155 5287 erubescunt,
3207 5239 3320 5279 non
3365 5225 3589 5282 erubuit

1942 5314 2241 5383 imperator
2285 5310 2500 5379 publice
2544 5325 2707 5378 agere
2757 5312 3172 5380 paenitentiam;
3220 5329 3395 5385 neque
3438 5316 3589 5372 ullus

1937 5402 2123 5473 postea
2175 5398 2290 5453 dies
2343 5399 2473 5469 fuit,
2531 5413 2636 5468 quo
2682 5412 2793 5452 non
2842 5399 3007 5454 illum
3066 5400 3270 5458 doleret
3322 5420 3583 5463 errorem.

1941 5486 2117 5544 Addit
2144 5487 2361 5541 citatus
2391 5484 2793 5540 Theodoretus
2825 5484 2950 5557 (lib.
2982 5505 3037 5556 v,
3071 5505 3199 5562 cap.
3245 5489 3268 5545 4
3281 5492 3334 5559 8)
3367 5497 3423 5547 et
3451 5508 3586 5549 cum

1942 5593 2008 5633 eo
2040 5575 2216 5633 etiam
2271 5576 2624 5631 Sozomenus
2672 5573 2796 5648 (lib.
2855 5593 2953 5648 vu,
3012 5594 3137 5652 cap.
3196 5581 3287 5654 25)
3344 5599 3455 5636 nou
3506 5581 3590 5643 ita

1943 5665 2130 5733 multo
2159 5667 2292 5747 post
2319 5664 2876 5745 Theodosium,cum
2925 5666 3232 5734 interesset
3280 5669 3590 5767 sacriﬁcio,
