3938 6214
428 353 548 420 HI

1769 358 1957 422 VITA
1984 334 2063 422 's.
2109 358 2485 423 AMBROSII

3692 367 3797 429 ΗΞ

430 493 487 546 et
516 488 588 544 ad
646 488 829 546 altare
867 489 1221 548 oblationem
1267 508 1437 548 suam
1481 490 1807 562 obtulisset,
1839 509 2067 548 reman-
2096 494 2153 560 Α
2185 498 2331 562 tum,
2363 493 2465 550 sed
2496 493 2636 550 alibi
2682 510 2912 566 quoque
2965 494 3200 551 illorum
3251 470 3663 554 monachorum
3692 515 3797 555 non

431 577 582 634 sisse
610 578 765 635 intra
794 578 1080 636 cancellos
1109 580 1448 653 presbyterii
1473 599 1485 649 ;
1535 580 1910 637 Ambrosium
1941 599 2072 638 vero

432 665 668 724 misisse
697 667 770 723 ad
802 667 990 737 illum,
1024 668 1121 741 qui
1164 686 1298 725 eum
1348 674 1611 726 moneret
1657 669 1797 726 solis
1847 670 2073 726 clericis

432 754 494 809 in
516 753 630 811 isto
651 754 777 812 loco
798 756 883 813 fas
908 774 1037 814 esse
1056 757 1410 827 consistere;
1444 762 1500 814 et
1529 758 1621 814 bis
1656 759 1895 815 monitis
1917 759 2073 815 illico

434 844 704 915 paruisse
733 845 1165 917 imperatorem.
1199 846 1556 903 Memoratus
1593 847 1991 904 Theodoretus
2021 851 2077 902 et

435 931 546 988 hoc
591 932 862 1005 adjungit
906 933 1045 1005 (loco
1093 934 1234 1007 cit.),
1284 935 1555 992 eumdem
1608 936 1929 1009 principem
1960 954 2075 991 non

436 1018 606 1091 longo
635 1024 767 1094 post
793 1026 1054 1094 tempore
1081 1039 1211 1078 cum
1246 1022 1305 1078 in
1335 1023 1577 1080 basilica
1598 1024 2077 1097 Constantinopo-

436 1106 620 1165 litana
648 1108 989 1189 invitaretur
1035 1129 1070 1167 a
1116 1112 1404 1177 Nectario,
1460 1101 1532 1168 ut
1574 1113 1773 1169 altaris
1799 1119 1965 1186 septa
1997 1115 2077 1169 in-

436 1198 796 1270 grederetur,
826 1198 978 1255 hanc
1016 1216 1217 1256 vocem
1264 1200 1532 1258 emisisse
1581 1202 1831 1258 antistiti
1880 1208 2078 1258 nostro

436 1291 558 1342 tam
589 1285 905 1361 gloriosam
931 1304 945 1342 :
976 1289 1321 1361 Episcopum,
1366 1298 1588 1360 excepto
1626 1291 1926 1361 Ambrosio,
1952 1293 2082 1346 novi

438 1390 732 1432 neminem.

509 1463 632 1519 H5.
662 1463 902 1521 Circiter
928 1464 1104 1522 etiam
1134 1466 1243 1523 hoc
1274 1466 1467 1539 ipsum
1500 1473 1735 1542 tempus
1757 1469 1861 1523 duo
1887 1472 2078 1540 poten-

437 1553 639 1608 tissimi
663 1562 714 1609 et
740 1555 1141 1626 sapientissimi
1164 1557 1805 1624 Persarum,Ambrosii,
1839 1561 1904 1612 ut
1932 1556 2078 1611 Pau-

437 1640 597 1697 linus
655 1646 855 1698 narrat
908 1642 991 1714 (in
1040 1644 1161 1699 Vita
1214 1644 1398 1700 Ambr.
1446 1662 1509 1700 n:
1537 1646 1649 1717 25),
1705 1645 1860 1701 fama
1888 1644 2079 1713 exciti,

437 1730 830 1787 Mediolanum
863 1735 1147 1788 venerunt
1175 1748 1241 1789 eo
1282 1732 1405 1789 solo
1455 1734 1717 1801 consilio,
1772 1739 1837 1789 ut
1873 1751 1976 1806 per
2021 1750 2084 1790 se

437 1818 550 1893 ipsi
581 1824 1017 1893 cognoscerent,
1049 1838 1123 1876 an
1154 1821 1259 1876 viri
1298 1823 1605 1894 praasentia
1649 1824 1813 1878 famae
1844 1840 2083 1896 respon-
2112 1859 2160 1924 Β

439 1908 639 1964 deret:
672 1908 796 1980 qui,
828 1909 1031 1965 eodem
1088 1909 1329 1965 Paulino
1378 1914 1549 1979 teste,
1595 1911 1932 1967 admirantes
1979 1911 2085 1967 dis-

437 2000 713 2054 cesserunt
739 1996 806 2051 ab
826 2012 906 2054 eo.

512 2084 634 2141 “6.
680 2086 810 2154 (AN.
861 2085 1011 2157 391.)
1059 2089 1169 2141 Per
1216 2085 1274 2141 id
1316 2088 1598 2159 temporis
1648 2088 1902 2143 maxima
1944 2104 2083 2160 pace

439 2174 743 2231 fruebatur
767 2173 1111 2230 Ambrosius
1133 2176 1438 2231 amborum
1461 2176 1740 2232 beneﬁcio
1771 2177 2081 2248 imperato-

440 2281 594 2332 rum,
627 2280 661 2319 a
690 2263 908 2336 quibus
953 2263 1217 2336 impense
1262 2263 1616 2337 diligebatur
1645 2264 2078 2337 colebaturque.

439 2353 600 2411 Hanc
626 2352 809 2425 igitur
836 2350 1319 2425 tranquillitatem
1368 2370 1442 2409 ne
1486 2354 1673 2426 perire
1710 2355 1947 2425 sineret,
1982 2372 2085 2428 per

438 2442 549 2499 hoc
579 2440 764 2498 otium
786 2440 1010 2497 elericis
1039 2440 1185 2509 suis,
1210 2445 1275 2497 ut
1303 2458 1443 2498 sane
1476 2441 1721 2513 videtur,
1740 2442 1921 2500 libros
1942 2461 2082 2500 suos

436 2530 503 2587 de
530 2531 727 2603 ofﬁciis
753 2531 1132 2586 ministrorum
1156 2529 1539 2586 elucubravit.
1590 2531 1814 2597 Quibus
1843 2532 2081 2604 quidem

437 2619 605 2676 libris
635 2636 935 2675 sermones
965 2618 1195 2691 aliquos
1222 2619 1401 2674 variis
1434 2620 1819 2692 temporibus,
1867 2625 1925 2677 et
1952 2621 2081 2693 ipso

438 2722 672 2781 quoque
702 2707 1009 2764 sacerdotii
1041 2707 1131 2763 sui
1162 2707 1330 2763 initio
1374 2709 1782 2779 pronuntiatos
1812 2708 1965 2765 idem
1993 2710 2080 2765 in-

437 2796 656 2866 seruit;
689 2792 929 2853 noverat
952 2796 1109 2851 enim
1139 2795 1256 2850 vita
1285 2796 1648 2864 clericorum,
1668 2814 1815 2869 quos
1847 2815 2083 2855 necesse

439 2889 531 2940 est
567 2884 787 2941 casteria
826 2883 1174 2940 Christianis
1221 2883 1485 2955 exemplo
1544 2885 1875 2956 praelucere,
1937 2886 2083 2941 nihil

439 2974 651 3029 debere
678 2988 807 3029 esse
831 2972 1122 3028 sanctius:
1156 2989 1222 3028 ac
1254 2976 1559 3045 propterea
1589 2974 1905 3030 maximam
1929 2992 2079 3031 sem-

440 3078 547 3135 per
572 3060 634 3117 in
666 3061 872 3117 iisdem
904 3059 993 3117 vel
1023 3060 1410 3116 informaudis
1432 3077 1631 3116 curam
1654 3062 2081 3131 adhibebat,vel

438 3149 721 3223 eligendis
750 3149 1100 3206 cautionem.
1132 3149 1331 3221 Neque
1364 3150 1506 3206 forte
1536 3150 1734 3207 lectori
1790 3151 1963 3207 fuerit
1991 3152 2079 3207 in-

2182 583 2308 638 sine
2338 583 2557 639 honore
2589 584 2943 640 mentionem
2994 584 3133 640 facit
3163 583 3289 657 (lib.
3322 602 3342 639 ι
3390 585 3463 639 De
3507 602 3640 642 mor.
3690 588 3798 643 Ecc.

2180 673 2323 740 cath,
2369 689 2419 727 c.
2475 672 2585 740 33).
2634 671 2849 728 Verum
2900 672 3053 729 inter
3097 674 3282 730 bonos
3322 671 3455 729 illos
3497 674 3803 745 apostolicis

2180 760 2309 814 vitze
2356 758 2682 815 imitatores
2727 760 2840 816 duo
2882 761 3101 817 inventi
3154 764 3313 828 sunt,
3367 760 3469 832 qui
3512 762 3806 834 proditoris

2184 848 2484 920 perfidiam
2519 848 2958 904 aemularentur.
2992 850 3171 906 Erant
3210 849 3285 905 iis
3333 849 3569 905 nomina
3593 853 3808 905 Sarma-

2182 936 2325 991 tioni
2371 941 2428 991 et
2474 937 2842 1004 Barbatiano,
2893 954 3041 1010 quos
3090 937 3440 993 Ambrosius
3467 938 3809 993 enarratione

2183 1023 2242 1079 in
2278 1023 2568 1095 psalmum
2600 1040 2770 1081 xxxvx
2800 1030 2988 1090 (num.
3023 1025 3112 1097 49)
3139 1026 3449 1081 obscurius
3463 1025 3809 1096 perstringit,

2186 1112 2244 1166 in
2277 1112 2525 1184 epistola
2553 1129 2686 1168 vero
2718 1115 2788 1169 ad
2822 1112 3221 1169 Vercellenses
3250 1112 3445 1184 (epist.
3476 1115 3568 1178 63,
3601 1130 3752 1169 num.
3780 1116 3814 1167 7

2186 1210 2236 1256 et
2262 1202 2397 1272 seq.)
2428 1201 2678 1273 propriis
2707 1202 2970 1275 depingit
2999 1202 3291 1258 coloribus
3324 1219 3336 1257 :
3371 1218 3519 1272 quos
3548 1200 3701 1258 locos
3720 1203 3813 1257 ad-

2186 1289 2269 1345 ire
2299 1294 2569 1361 poterunt
2601 1290 2640 1344 ii
2673 1290 2771 1362 qui
2805 1288 2977 1361 plura
2997 1291 3067 1346 de
3100 1289 3331 1346 illorum
3356 1290 3514 1347 vitiis
3541 1295 3713 1363 atque
3740 1307 3816 1346 er-

2186 1378 2417 1434 roribus
2446 1377 2882 1434 desiderabunt.

2260 1467 2380 1522 113.
2416 1468 2543 1538 (Ax.
2588 1467 2739 1538 392.)
2788 1471 3059 1524 Vertente
3101 1483 3253 1523 anno
3297 1466 3614 1540 superiore,
3644 1466 3816 1523 Theo-

2188 1555 2389 1611 dosius
2433 1555 2725 1611 Orientem
2777 1555 3106 1628 repetierat,
3153 1560 3212 1612 et
3267 1555 3736 1613 Valentinianum
3762 1555 3819 1610 in

2191 1644 2435 1715 imperio
2465 1660 2580 1714 quo
2612 1661 2646 1699 a
2694 1644 2944 1699 Maximo
2994 1644 3185 1700 fuerat
3227 1642 3536 1716 spoliatus,
3569 1643 3819 1716 quietum

2191 1732 2527 1809 reliquerat.
2558 1736 2776 1787 Verum
2808 1750 2942 1788 cum
2966 1733 3203 1803 juvenis
3225 1732 3320 1787 hic
3352 1732 3626 1804 princeps
3652 1730 3825 1787 venis-

2192 1825 2283 1875 set
2312 1820 2369 1874 in
2402 1819 2637 1888 Gallias,
2672 1824 2737 1876 ut
2764 1820 2895 1877 illas
2926 1838 2959 1876 a
2987 1821 3377 1876 Barbarorum
3434 1818 3825 1892 impressioni-

2189 1910 2301 1964 bus
2331 1913 2638 1976 tutaretur,
2675 1926 2743 1966 ea
2791 1926 2933 1982 pace
2972 1927 3088 1966 non
3138 1909 3237 1964 diu
3262 1909 3487 1981 potitus
3516 1914 3628 1975 est,
3658 1923 3824 1980 quam

2190 1998 2435 2069 imperio
2510 2014 2711 2070 parere
2762 2002 3063 2055 statuerat.
3114 1998 3343 2054 Etenim
3373 1998 3826 2054 increbrescente

2191 2086 2348 2142 fama
2374 2086 2741 2143 imminentis
2781 2086 3097 2143 barbaricae
3120 2086 3467 2159 irruptionis
3495 2086 3556 2142 in
3588 2083 3823 2153 Italiam,

2190 2179 2428 2248 rogatus
2461 2175 2570 2230 fuit
2622 2192 2656 2232 a
2702 2176 2968 2248 praefecto
3019 2180 3076 2231 et
3126 2175 3571 2249 magistratibus
3601 2176 3828 2231 sanctus

2189 2263 2627 2330 Ambrosius,ut
2658 2265 2729 2320 ad
2752 2264 3167 2336 imperatorem
3190 2264 3833 2337 proticisceretur,eum-

2192 2370 2303 2425 que
2334 2354 2403 2408 ad
2438 2369 2609 2426 opem
2638 2353 2828 2409 eidem
2861 2353 3083 2426 regioni
3112 2353 3303 2410 reditu
3345 2370 3453 2410 suo
3486 2351 3831 2409 atl'erendam

2189 2441 2507 2497 induceret.
2539 2442 2663 2497 Non
2695 2446 2887 2497 tamen
2939 2441 3046 2497 hoc
3093 2441 3205 2498 iter
3250 2441 3348 2498 ille
3386 2440 3671 2514 suscepit,
3703 2438 3835 2512 quia

2189 2531 2422 2585 interim
2453 2529 2628 2602 Alpes
2659 2529 2910 2585 transire
2931 2530 3238 2587 nuntiatus
3260 2535 3349 2587 est
3374 2528 3834 2586 Valentinianus.

2190 2620 2311 2674 Sub
2346 2619 2463 2673 haec
2497 2618 2686 2674 allatae
2719 2623 2859 2675 sunt
2887 2620 2959 2674 ad
2983 2623 3252 2675 sanctum
3282 2619 3612 2676 antistitem
3648 2616 3838 2673 Valen-

2195 2707 2397 2763 tiniani
2441 2709 2627 2779 ipsius
2675 2706 2881 2763 litterae
2934 2707 3031 2778 (De
3076 2708 3230 2764 obitu
3279 2709 3490 2764 Valent.
3530 2723 3698 2763 num.
3729 2705 3836 2777 25),

2191 2796 2407 2867 quibus
2438 2812 2679 2867 propere
2710 2796 3135 2863 accersebatur,
3186 2801 3312 2853 tum
3366 2796 3530 2868 quod
3563 2792 3841 2867 baptizari

2191 2886 2263 2940 ab
2293 2901 2359 2939 eo
2390 2883 2581 2951 vellet,
2612 2888 2735 2938 tum
2769 2884 2920 2955 quod
2956 2900 3093 2939 eum
3122 2883 3374 2955 praedem
3423 2882 3561 2939 ﬁdei
3592 2899 3710 2938 sue
3741 2883 3838 2936 Ar-

2190 2972 2417 3043 bogasti
2457 2971 2656 3026 comiti
2703 2970 2842 3026 dare
2892 2975 3148 3042 cuperet.
3173 2970 3339 3027 Hisce
3384 2970 3617 3027 nuntiis
3647 2970 3840 3026 turba-

2188 3065 2287 3116 tus
2314 3059 2681 3128 Ambrosius,
2735 3059 2887 3115 illico
2927 3060 3078 3115 viam
3124 3060 3429 3133 ingressus
3470 3061 3844 3131 est,jamque

2189 3150 2476 3221 superabat
2505 3150 2724 3220 Alpium
2770 3150 2904 3218 iuga
2952 3148 3156 3219 (ibid),
3205 3165 3340 3205 cum
3382 3148 3643 3204 infelicis
3690 3146 3845 3203 illius

431 3240 786 3312 jucundum,
827 3239 877 3294 si
924 3239 1225 3313 geminum
1278 3239 1406 3310 ejus
1457 3238 1535 3295 rei
1567 3240 1861 3311 specimen
1892 3240 2081 3314 ipsius
2113 3223 2156 3289 C
2193 3237 2564 3310 imperatoris
2597 3237 2819 3309 accepit
2850 3253 3070 3293 necem.
3103 3240 3299 3293 Casus
3343 3242 3548 3293 autem
3582 3245 3672 3293 est
3697 3254 3731 3292 a
3760 3236 3842 3291 di-

430 3328 623 3387 verbis
652 3328 749 3385 hic
774 3344 1211 3402 proponamus;
1254 3327 1338 3383 sic
1386 3344 1521 3400 ergo
1552 3327 1682 3383 ille:
1730 3329 2072 3398 Meministis,

427 3420 557 3490 ﬁlii,
590 3417 877 3490 quemdam
905 3419 1146 3473 amicum
1173 3433 1298 3471 cum
1326 3416 1529 3472 sedulis
1557 3432 1613 3472 se
1640 3416 1911 3473 videretur
1937 3434 2077 3473 com-

428 3507 696 3562 mendure
721 3506 941 3577 ofﬁciis,
972 3507 1070 3561 hoc
1095 3506 1208 3562 solo
1254 3513 1435 3561 tamen
1468 3507 1529 3559 in
1558 3506 1763 3561 clerum
1784 3524 1817 3561 a
1850 3523 1937 3561 me
1964 3523 2074 3562 non

426 3599 719 3668 receptum,
752 3594 893 3665 quod
918 3598 1099 3666 gestus
1123 3595 1240 3666 ejus
1285 3595 1590 3666 plurimum
1643 3594 1915 3652 dedeceret
1945 3614 1958 3651 :
1986 3597 2072 3650 ul-

428 3692 604 3741 terum
632 3699 840 3756 quoque
873 3699 998 3739 cum
1048 3684 1110 3737 in
1157 3684 1299 3737 clero
1346 3684 1684 3753 reperissem,
1718 3685 1948 3755 jussisse
1982 3701 2071 3740 me

424 3789 496 3830 ne
523 3788 769 3846 unquam
809 3773 1036 3843 praeiret
1080 3770 1241 3837 mihi,
1292 3773 1422 3841 quia
1459 3771 1602 3825 velut
1646 3772 1879 3842 quodam
1921 3772 2067 3829 inso-

427 3863 590 3918 lentis
644 3863 882 3917 incessus
930 3860 1151 3916 verbere
1203 3860 1385 3915 oculos
1455 3861 1651 3931 feriret
1700 3876 1909 3916 meos...
1969 3877 2069 3916 nec

421 3951 624 4024 fefellit
651 3950 940 4017 sententia,
971 3950 1197 4018 uterque
1225 3947 1374 4001 enim
1417 3945 1484 4001 ab
1533 3946 1772 4001 Ecclesia
1805 3950 2064 4009 recessit;

422 4045 485 4096 ut
531 4040 715 4112 qualis
764 4040 978 4095 incessu
1012 4036 1364 4109 prodebatur,
1421 4035 1552 4090 talis
1593 4036 1828 4107 perﬁdia
1883 4038 2066 4092 animi

417 4129 900 4189 demonstraretur.
957 4127 1206 4196 Namque
1258 4125 1401 4181 alter
1438 4124 1664 4181 Arianae
1694 4126 2062 4195 infestationis

417 4223 653 4291 tempore
680 4216 842 4288 ﬁdem
867 4215 1122 4280 deseruit,
1172 4214 1315 4270 alter
1352 4215 1604 4286 pecunia
1651 4212 1828 4268 studio
1873 4229 1943 4269 ne
1962 4214 2087 4285 ju—.

412 4306 623 4363 dicium
648 4306 855 4364 subiret
880 4303 1233 4373 sacerdotale,
1264 4319 1320 4358 se
1364 4310 1611 4358 nostrum
1662 4303 1880 4373 negavit
1924 4298 2052 4374 '(lib.

2185 3331 2276 3383 cto
2308 3325 2537 3393 comite,
2573 3324 2768 3380 [dibus
2812 3324 2952 3380 maii
2990 3324 3178 3396 pridie
3225 3325 3627 3392 Pentecostes,
3661 3340 3842 3381 annos

2183 3420 2412 3472 tantum
2442 3432 2517 3469 xx
2551 3418 2742 3470 natus.
2778 3415 2889 3469 Iter
2917 3430 3092 3469 suum
3135 3413 3488 3469 Ambrosius
3519 3413 3724 3471 statim
3754 3429 3837 3468 re-

2182 3504 2341 3577 legit,
2391 3502 2592 3559 multis
2631 3502 2907 3575 lacrymis
2957 3501 3100 3557 illud
3148 3502 3420 3574 irrigans.
3475 3501 3640 3558 Nihil
3689 3502 3841 3559 enim

2181 3594 2310 3665 ejus
2340 3592 2537 3647 dolore
2584 3591 2839 3647 tenerius
2874 3594 3101 3662 poterat
3149 3589 3413 3662 cogitari,
3467 3608 3608 3646 cum
3642 3607 3838 3646 secum

2179 3682 2304 3754 ipse
2352 3682 2675 3752 reputabat,
2716 3685 3002 3750 quantum
3045 3678 3143 3734 ille
3191 3695 3225 3734 a
3255 3695 3336 3745 se,
3371 3695 3729 3753 quanquam
3757 3681 3839 3734 tot

2178 3787 2244 3826 ac
2273 3771 2452 3826 tantis
2480 3774 2682 3841 sepius
2712 3767 3024 3840 episcopis,
3043 3767 3323 3839 baptizari
3357 3772 3836 3841 optasset,quan-

2174 3865 2420 3931 tumque
2451 3858 2510 3912 in
2543 3858 2793 3912 adventu
2818 3873 2924 3911 suo
2955 3855 3077 3928 spei
3103 3854 3419 3928 posuisset,
3455 3856 3562 3912 sed
3595 3854 3832 3928 potissi-

2175 3964 2337 4003 mum
2362 3949 2681 4019 jacturam,
2715 3946 2787 4000 ab
2817 3944 3076 4000 Ecclesia
3106 3945 3320 4000 factam
3357 3943 3832 4011 lamentabatur;

2171 4039 2454 4105 Percussa,
2506 4034 2829 4107 inquiebat,
2891 4049 3035 4101 eras,
3113 4033 3372 4100 Ecclesia,
3429 4035 3494 4090 in
3570 4032 3829 4099 maxilla,

2169 4142 2293 4181 cum
2348 4126 2629 4180 amitteres
2689 4124 3061 4187 Gratianum;
3092 4122 3387 4193 praebuisti
3454 4126 3510 4178 et
3576 4122 3832 4191 alteram,

2169 4214 2382 4286 quando
2413 4214 2515 4270 tibi
2548 4213 2966 4270 Valentinianus
2986 4219 3200 4283 ereptus
3247 4218 3323 4267 est
3352 4210 3520 4281 (ibid.
3558 4227 3729 4266 num.
3756 4209 3830 4280 6).

2242 4303 2361 4359 tl9.
2411 4304 2632 4375 Corpus
2678 4300 2839 4357 illius
2887 4316 3003 4356 non
3036 4299 3219 4355 multo
3263 4303 3396 4372 post
3430 4298 3697 4356 relatum
3730 4296 3837 4354 fuit

416 4414 435 4451 ι
467 4397 621 4467 Ofﬁc.
653 4411 705 4451 c.
736 4394 826 4465 48,
858 4410 1021 4448 num.
1052 4392 1167 4463 72.)
1217 4396 1295 4446 Ex
1324 4390 1417 4446 his
1466 4391 1698 4446 abunde
1745 4390 1935 4462 quivis
1966 4390 2053 4446 in-
2165 4390 2577 4456 Mediolanum,
2610 4390 2871 4461 dumque
2900 4387 3247 4443 Ambrosius
3287 4392 3360 4442 ad
3392 4389 3533 4459 ejus
3566 4386 3832 4461 sepultu—

414 4482 641 4555 telligat
689 4482 798 4538 hoc
846 4481 993 4538 illud
1035 4497 1207 4553 opus,
1248 4496 1363 4551 quo
1410 4479 1482 4534 de
1538 4479 1750 4551 agitur,
1801 4481 2055 4536 maxime
2162 4497 2288 4536 ram
2321 4477 2632 4536 Theodosii
2665 4478 2944 4534 mandata
2971 4477 3403 4549 opperiebatur,
3454 4493 3601 4533 eum
3656 4477 3835 4548 hujus

415 4570 681 4628 omnium
726 4569 950 4625 clericis
999 4567 1311 4624 destinari:
1364 4571 1422 4624 at
1464 4584 1597 4623 vero
1646 4584 1779 4622 cum
1838 4568 2050 4625 horum
2083 4588 2130 4653 D
2161 4568 2445 4642 principis
2475 4567 2765 4640 praevertit
2784 4565 3173 4639 epistola,qua
3199 4566 3683 4637 compatiebatur
3704 4566 3831 4636 ejns

411 4658 671 4716 ofﬁcium
716 4658 792 4715 sit
836 4657 1101 4713 moribus
1155 4656 1281 4714 suis
1338 4672 1405 4711 ac
1464 4656 1834 4713 sermonibus
1871 4658 2049 4714 vitam
2084 4652 2095 4653 ί
2161 4658 2468 4714 maestitia.
2501 4656 2587 4711 Ad
2618 4672 2791 4728 quem
2832 4652 3136 4727 epistolam
3191 4653 3552 4711 Ambrosius
3587 4668 3830 4727 respon-

411 4746 662 4804 aliorum
693 4745 861 4819 quasi
891 4744 1146 4812 condire,
1178 4744 1391 4800 idcirco
1419 4746 1506 4799 tot
1536 4745 1948 4817 praeceptiones
1977 4746 2049 4802 il-
2159 4746 2326 4816 dens,
2360 4744 2579 4802 silentii
2611 4745 2703 4799 sui
2734 4743 3017 4799 rationem
3050 4743 3264 4810 reddit,
3295 4745 3426 4797 tum
3477 4739 3829 4816 imperatori

406 4836 486 4893 lic
516 4836 746 4893 intexta:
776 4838 917 4892 sunt
951 4833 1191 4891 cuilibet
1230 4833 1535 4890 hominum
1570 4835 1889 4891 conditioni
1921 4853 2049 4909 per-
2158 4835 2507 4892 testiﬁcatur
2533 4833 2644 4889 sibi
2677 4832 2840 4888 nulla
2868 4830 2983 4888 alia
3013 4847 3075 4887 re
3103 4829 3502 4887 Valentiniani
3552 4831 3650 4889 sui
3680 4829 3833 4886 desi-

406 4926 603 4997 utiles,
636 4929 704 4983 ut
732 4925 987 4982 fructum
1020 4941 1133 4981 non
1167 4923 1463 4980 modicum
1507 4923 1645 4980 inde
1676 4924 1911 4982 haurire
1933 4943 2053 4983 om-
2159 4924 2387 4981 derium
2418 4923 2613 4994 majus
2650 4920 2907 4989 excitari,
2957 4936 3136 4993 quam
3175 4919 3330 4993 quod
3364 4921 3483 4975 tuis
3530 4920 3829 4983 institutis,

408 5017 589 5073 nibus
613 5015 800 5074 liceat.
2159 5013 2352 5070 aiebat
2381 5016 2621 5069 sanctus
2673 5009 2886 5083 praesul
2933 5009 3128 5082 (epist.
3180 5009 3296 5081 53),
3327 5016 3558 5065 tantam
3586 5009 3829 5065 donatio-

2156 5120 2281 5158 nem
2337 5119 2465 5172 erga
2538 5102 2711 5155 Deum
2778 5103 3028 5155 nostrum
3101 5097 3378 5164 induerat,
3444 5106 3620 5171 atque
3679 5106 3830 5155 tanto

2156 5194 2218 5246 in
2272 5207 2358 5246 me
2412 5189 2729 5246 incubuerat
2787 5189 3021 5260 a/Tectu;
3099 5190 3162 5242 ut
3234 5202 3393 5259 quem
3443 5196 3582 5243 ante
3636 5202 3827 5260 perse-

2157 5280 2440 5353 quebatur,
2492 5294 2641 5333 nunc
2684 5277 2972 5348 diligeret:
3033 5291 3191 5347 quem
3257 5282 3380 5331 ante
3441 5284 3509 5331 ut
3564 5277 3830 5333 adversa-

2156 5372 2305 5425 rium
2334 5367 2642 5440 repellebat,
2670 5382 2819 5421 nunc
2854 5369 2916 5420 ut
2961 5372 3245 5436 parentem
3292 5369 3548 5436 putaret.
3605 5366 3691 5421 De
3740 5380 3829 5419 se-

2155 5458 2394 5530 pultura
2420 5472 2556 5512 vero
2586 5454 2747 5511 illius
2798 5453 3083 5527 principis
3128 5456 3448 5525 postquam
3498 5452 3633 5511 haec
3685 5469 3831 5528 prm-

2156 5546 2353 5603 misit:
2387 5546 2530 5603 Sunt
2572 5544 2779 5601 tabula
2812 5542 3229 5615 porphyreticaz,
3278 5540 3503 5612 inquit,
3543 5544 3833 5616 pretiosis-

2151 5637 2332 5713 simae,
2381 5635 2579 5715 quibus
2624 5634 2894 5695 vestiatur
2936 5631 3273 5711 operculum,
3324 5645 3428 5707 quo
3475 5634 3709 5711 regales
3738 5648 3834 5695 ea:-

478 5106 600 5163 117.
616 5106 901 5162 Οωιθιιυω
934 5104 1321 5159 Ambrosiana
1338 5102 1824 5174 sollicitudo,quae
1847 5120 2049 5161 omnes

403 5194 643 5253 omnino
673 5192 1186 5266 complectebatur,
1220 5192 1608 5247 monasticam
1642 5208 1757 5247 non
1790 5193 2049 5266 neglige-

403 5283 506 5339 bat
535 5282 956 5354 professionem
982 5299 996 5350 ;
1031 5280 1276 5337 caanobii
1308 5281 1524 5352 quippe
1544 5279 1603 5334 in
1628 5280 2047 5338 Mediolanensi

402 5369 687 5426 suburbio
716 5369 889 5442 positi
922 5369 1189 5426 meminit
1232 5368 1630 5440 Augustinus:
1680 5370 1746 5425 Et
1787 5379 1925 5438 erat,
1957 5370 2045 5427 in-

402 5458 632 5532 quiens,
680 5460 1080 5515 monasterium
1126 5458 1438 5525 Mediolani,
1478 5458 1702 5530 plenum
1746 5459 1898 5515 bonis
1926 5462 2044 5532 fra-

398 5546 576 5605 tribus
609 5550 765 5602 extra
795 5550 1020 5616 moenia,
1069 5547 1170 5605 sub
1199 5548 1479 5603 Ambrosio
1506 5548 1796 5615 nutritore,
1856 5558 1908 5604 et
1936 5565 2047 5605 non

346 5645 349 5648 ’
396 5651 724 5707 noveramus
749 5635 874 5716 (lib.
915 5655 1039 5714 vm,
1091 5636 1252 5714 Canf.
1302 5653 1361 5695 n.
1411 5635 1524 5713 45).
1569 5635 1770 5714 Neque
1800 5635 1896 5697 hic
1921 5640 2048 5697 tan-
