3938 6214
120 345 206 414 ll3
1168 339 1273 408 EX
1311 339 1501 410 EJUS
1540 332 2033 407 POTISSIHUM
2074 336 2446 409 SCRIPTIS.

3385 338 3504 412 ιιι

115 484 225 539 un’z
246 476 923 549 claudantur,oontinuo
951 479 1220 539 admonet
1232 480 1468 537 easdem
1490 477 1743 546 exuvias,
1775 475 1833 540 Α
1859 478 1999 550 pitis
2028 480 2281 555 cognitio
2311 478 2632 555 Theophilo
2662 478 3053 541 Alexandrino
3103 472 3503 559 Egyptiisque

114 590 170 630 ne
209 570 412 629 caloris
449 576 604 628 aestu
636 571 1034 638 solverentur,
1068 573 1292 626 mature
1348 567 1749 632 tumulandus,

113 668 158 719 et
179 660 344 718 simul
371 662 561 718 etiam
595 665 666 717 ut
694 661 887 717 Justa:
917 664 973 715 et
1002 659 1206 726 Gratis,
1240 657 1506 714 exstincti
1540 655 1752 729 princi-

111 754 185 826 pis
207 767 503 818 sororum,
543 750 731 807 nimio
764 750 951 806 luctui
972 747 1390 804 consuleretur.

164 841 271 897 l20.
314 840 628 896 Mandatis
700 837 1015 894 Theodosii
1068 836 1463 892 Mediolanum
1532 833 1748 902 allatis,

105 928 499 986 Valentiniano
531 928 769 984 circiter
800 926 1058 982 medium
1086 925 1311 981 Julium
1340 925 1507 995 justa
1562 922 1755 979 soluta

106 1025 239 1075 sunt.
267 1018 411 1074 Jam
442 1019 694 1073 venerat
721 1016 783 1071 in
830 1014 1134 1071 ecclesiam
1193 1018 1432 1087 sanctus
1480 1012 1750 1076 antistes,

104 1114 149 1163 et
172 1109 225 1163 in
253 1104 657 1177 Evangelium
706 1104 944 1177 publice
986 1103 1294 1159 recitatum
1332 1102 1510 1156 verba
1540 1101 1753 1156 fecerat

105 1199 184 1269 (De
224 1197 379 1253 obitu
414 1196 636 1252 Valent.
682 1210 846 1249 num.
900 1193 1029 1264 30);
1083 1192 1239 1247 unde
1295 1190 1628 1263 colligimus
1680 1190 1752 1244 de

103 1285 413 1353 Dominico,
458 1283 555 1339 vel
604 1281 942 1339 solemniori
986 1280 1181 1352 aliquo
1231 1278 1409 1335 natali
1463 1278 1754 1335 celebrata

103 1391 211 1430 esse
236 1373 361 1429 haec
399 1370 758 1445 parentalia.
794 1369 1166 1442 Imperatoris
1223 1369 1461 1424 demum
1512 1382 1752 1439 corpore

101 1464 151 1519 in
179 1462 431 1519 basilica
462 1476 574 1534 pro
604 1459 888 1533 dignitate
906 1457 1054 1514 tanti
1077 1456 1360 1530 principis
1380 1455 1753 1528 magnificen-

102 1552 312 1608 tissime
363 1548 682 1615 colloeato,
733 1547 1035 1602 funebrem
1085 1545 1145 1600 in
1194 1545 1361 1601 illum
1429 1544 1751 1601 orationem

101 1641 292 1698 habuit
336 1636 727 1695 Ambrosius.
780 1634 935 1693 Nihil
983 1633 1082 1689 illa
1127 1634 1362 1707 plenius
1415 1633 1649 1706 pietatis
1695 1636 1753 1687 et

101 1729 417 1797 charitatis,
453 1725 610 1783 nihil
636 1725 706 1781 ad
739 1723 1051 1781 eliciendus
1081 1723 1415 1780 auditorum
1463 1722 1752 1795 lacrymas

99 1819 406 1874 efﬁcacius.

162 1910 280 1963 121.
316 1905 494 1972 Quod
527 1918 668 1958 vero
698 1901 1056 1974 praecipuum
1087 1904 1195 1967 est,
1220 1899 1510 1972 promittit
1538 1899 1657 1954 fore
1690 1900 1755 1953 ut

104 1995 401 2052 nocturnis
436 1992 793 2062 diurnisque
814 1980 1092 2062 precibus
1139 1994 1459 2060 utrumque
1515 1988 1753 2043 fratrem

98 2086 205 2140 Deo
253 2082 664 2145 commendet,
693 2083 753 2135 et
797 2079 1048 2135 omnibus
1104 2078 1467 2135 oblationibus
1512 2092 1612 2132 eos
1642 2075 1754 2130 fre-

98 2177 331 2247 quentet
360 2172 535 2244 (ibid.
572 2185 737 2224 num.
769 2167 884 2239 78),
917 2183 1033 2223 non
1062 2183 1230 2223 secus
1265 2183 1331 2222 ac
1360 2164 1755 2221 Theodosium

96 2277 447 2333 sororesque
478 2256 880 2314 Valentiniani
912 2273 1038 2328 qua:
1070 2258 1236 2312 erant
1263 2252 1479 2310 actioni
1511 2268 1758 2326 praesen-

98 2357 196 2408 tes.
230 2351 512 2422 Denique
550 2349 729 2403 Deum
764 2350 1187 2418 comprecatus,
1218 2343 1373 2400 utin
1421 2342 1562 2399 coelo
1611 2342 1755 2413 jun-

94 2446 249 2514 geret
278 2441 544 2495 fratrum
578 2435 809 2491 animas
840 2451 1091 2506 quorum
1122 2450 1365 2506 corpora
1411 2433 1538 2504 jam
1577 2432 1635 2486 in
1667 2448 1756 2486 se-

96 2528 293 2601 pulcro
314 2524 639 2599 jungenda
670 2526 867 2580 essent
896 2522 1050 2594 (ibid.
1082 2537 1235 2577 num.
1268 2521 1383 2593 79),
1416 2537 1446 2576 e
1477 2523 1757 2593 suggestu

98 2618 251 2673 exiit.

162 2706 288 2761 122.
311 2704 425 2759 His
453 2700 825 2773 temporibus
852 2699 926 2754 ad
957 2697 1389 2765 Titianum,cui
1418 2714 1555 2753 eum
1587 2701 1758 2769 nepte

96 2813 201 2850 sua
228 2794 366 2850 lites
421 2789 886 2856 intercedebant,
921 2787 1154 2860 scripsit
1181 2787 1530 2842 Ambrosius
1561 2786 1755 2858 (epist.

96 2886 207 2955 5'2),
238 2889 297 2939 et
329 2898 474 2938 eum
503 2884 574 2933 ut
602 2895 673 2934 ex
703 2878 916 2950 pietate
966 2878 1099 2931 cum
1145 2876 1275 2948 ipsa
1323 2875 1629 2948 transigat,
1661 2892 1757 2931 ex-

101 2972 372 3027 hortatus
423 2971 538 3024 est.
573 2966 793 3022 Volunt
840 2969 1034 3021 autem
1085 2964 1324 3037 quidam
1376 2964 1531 3019 hunc
1560 2964 1755 3036 ipsum

101 3062 402 3115 Titianum
470 3056 821 3129 praefectura
878 3053 1128 3126 praetorii
1194 3053 1534 3109 defunctum
1604 3069 1753 3119 esse,

105 3150 251 3220 quod
283 3149 347 3203 in
383 3146 642 3203 dubium
682 3143 930 3199 revocari
955 3158 1126 3214 posse
1149 3141 1243 3197 alii
1276 3145 1503 3214 putant.

1782 1840 1831 1905 B

1860 570 2148 642 episcopis
2177 588 2212 626 a
2240 569 2477 626 laudato
2525 572 2769 630 concilio
2820 572 3101 630 attributa
3148 573 3355 631 fuerat.
3389 575 3503 632 Sed

1861 675 1996 715 cum
2028 660 2259 716 decreto
2284 660 2515 717 concilii
2550 660 2853 719 Flavianus
2881 678 3084 736 parere
3104 663 3502 733 detrectasset,

1863 749 2085 805 adierat
2125 749 2559 821 imperatorem,
2593 769 2626 807 a
2654 768 2770 824 quo
2817 752 3279 809 numerosiorem
3331 769 3503 827 syno-

1860 836 2002 893 dum
2033 837 2444 910 postulaverat.
2469 840 2846 896 Ambrosium
2872 840 3033 897 illius
3062 841 3143 897 rei
3175 841 3500 911 certiorem,

1862 927 2097 999 scriptis
2137 927 2370 995 litteris,
2398 928 2611 985 fecerat
2639 929 3017 1002 Theophilus.
3052 931 3198 987 Huic
3252 933 3503 989 Ambro-

1861 1015 1985 1071 sius
2014 1032 2363 1088 responsum
2394 1016 2573 1084 dedit,
2599 1021 2664 1073 ut
2682 1017 2843 1073 litem
2865 1017 3115 1086 illam,si
3136 1019 3261 1076 fieri
3282 1024 3499 1093 posSet,

1860 1106 2028 1160 salvis
2072 1106 2297 1161 concilii
2342 1108 2574 1173 Nicazni,
2605 1107 2701 1162 sed
2749 1111 2802 1162 et
2832 1108 3028 1180 synodi
3067 1108 3363 1181 Capuensis
3407 1109 3503 1166 de-

1858 1195 2020 1249 cretis
2082 1193 2274 1266 (epist.
2314 1194 2430 1265 56),
2508 1200 2898 1267 componeret,
2959 1196 3137 1269 idque
3207 1198 3504 1255 nuntiaret

1860 1283 2121 1338 Romano
2152 1283 2457 1355 episcopo;
2490 1284 2709 1356 optime
2739 1284 2895 1340 enim
2926 1284 3036 1341 hoc
3086 1285 3259 1342 modo
3299 1298 3501 1358 pacem

1860 1369 2156 1427 conciliari
2184 1388 2377 1443 posse,
2411 1371 2530 1428 illis
2556 1389 2690 1428 vero
2722 1389 2849 1444 quae
2879 1391 2914 1428 a
2942 1373 3202 1430 Romana
3251 1375 3506 1432 Ecclesia

1861 1459 2108 1532 probata
2138 1460 2408 1528 fuissent,
2441 1461 2761 1517 admodum
2789 1461 3036 1518 libenter
3058 1478 3122 1519 se
3149 1462 3508 1535 subscriptu-

1860 1564 2013 1603 rum.
2060 1550 2220 1614 Quod
2270 1565 2440 1620 porro
2472 1548 2542 1604 ad
2590 1550 2909 1615 Bonosum,
2962 1566 3203 1606 examen
3252 1551 3382 1622 ejus
3433 1550 3503 1606 ad

1859 1635 2145 1709 Anysium
2221 1636 2802 1693 Thessalonicensem
2872 1637 3131 1711 aliosque
3205 1638 3507 1711 episcopos

1861 1724 2212 1781 Macedoniae
2242 1726 2659 1782 remittendum
2690 1725 2935 1783 censuit.
2967 1731 3043 1782 At
3068 1726 3246 1783 iidem
3286 1743 3509 1800 pressu-

1860 1811 1945 1868 les
1976 1812 2077 1869 alii
2106 1814 2399 1887 episcopo,
2425 1816 2597 1886 cujus
2635 1831 2849 1871 nomen
2880 1814 3245 1888 incognitum
3292 1819 3400 1883 est,
3434 1817 3507 1872 de

1863 1900 1974 1957 hoc
2005 1902 2383 1975 scripserunt.
2418 1902 2520 1959 Hic
2545 1906 2738 1959 autem
2788 1903 3091 1976 respondit
3134 1919 3335 1960 eorum
3383 1903 3505 1977 epi-

1863 1990 2024 2046 stolae
2052 1990 2199 2063 ipsis
2228 1994 2556 2064 competere
2594 1992 2703 2048 hoc
2740 1992 3032 2064 judicium
3065 1992 3230 2065 (tom.
3264 1993 3333 2049 ΙΙ.
3365 2008 3502 2066 pag.

1866 2079 2064 2151 1008);
2098 2080 2155 2136 id
2213 2080 2369 2136 enim
2418 2080 2536 2136 illis
2560 2098 2595 2137 a
2619 2082 2839 2155 synodo
2887 2080 3176 2154 Capuensi
3202 2080 3504 2153 adjudica-

1863 2170 2011 2223 tum.
2045 2168 2282 2225 Interim
2306 2173 2501 2226 tamen
2522 2169 2580 2225 in
2612 2186 2720 2225 sua
2743 2169 2992 2243 epistola
3020 2170 3291 2227 eumdem
3321 2168 3506 2227 Bono-

1865 2273 1999 2313 sum
2029 2258 2101 2313 de
2131 2257 2322 2313 Marica
2348 2258 2485 2315 ﬁliis
2512 2260 2641 2331 jure
2670 2259 3088 2332 reprehensum
3132 2258 3502 2316 asseveravit.

1938 2345 2060 2401 426.
2109 2349 2242 2413 (AN.
2301 2346 2451 2417 393.)
2498 2347 2873 2419 Arbogastes,
2938 2351 3071 2420 post
3132 2347 3504 2404 interfectum

1865 2433 2365 2500 Valentinianum,
2396 2439 2463 2490 ut
2483 2435 2609 2507 jam
2635 2435 2913 2504 diximus,
2946 2452 3081 2491 cum
3107 2452 3339 2493 sumere
3369 2453 3507 2509 pur-

1865 2539 2076 2594 puram
2110 2522 2236 2594 ipse
2264 2539 2380 2578 non
2425 2523 2681 2588 auderet,
2705 2524 2909 2579 eadem
2939 2524 3265 2597 Eugenium
3321 2540 3508 2596 quon-

1866 2612 2003 2667 dam
2053 2612 2506 2684 grammaticum
2558 2615 2733 2684 atque
2771 2612 3063 2669 rhetorem
3094 2612 3260 2669 indui
3302 2608 3509 2685 jussit.

1866 2699 1968 2756 Hie
1999 2699 2199 2756 statim
2230 2703 2405 2771 atque
2437 2699 2752 2772 imperator
2771 2699 3061 2757 salutatus
3077 2704 3187 2770 est,
3200 2699 3511 2774 epistolam

1866 2788 2028 2845 dedit
2075 2788 2148 2843 ad
2197 2788 2594 2845 Ambrosium.
2628 2789 2738 2845 Sed
2790 2805 2898 2845 nec
2944 2806 3225 2862 responso
3272 2795 3513 2846 sanctus

1866 2878 2177 2950 episcopus
2224 2876 2392 2932 illum
2437 2877 2717 2949 dignatus
2764 2882 2874 2943 est,
2925 2878 3065 2950 quia
3121 2877 3344 2934 scilicet
3388 2878 3512 2934 fore

1866 2965 2234 3038 przevidebat,
2268 2970 2334 3020 ut
2363 2965 2457 3021 hic
2484 2970 2768 3039 tyrannus
2792 2966 3157 3023 ethnicorum
3207 2983 3325 3023 non
3373 2966 3507 3038 reji-

1865 3057 2019 3110 ceret
2060 3053 2386 3126 petitiones.
2438 3056 2500 3110 In
2542 3054 2885 3126 primordiis,
2936 3055 3128 3129 inquit
3146 3052 3338 3129 (epist.
3386 3056 3501 3124 57),

1864 3144 2092 3214 imperii
2110 3144 2195 3198 tui
2221 3142 2483 3198 scribenti
2508 3159 2619 3197 non
2646 3145 2922 3215 rescripsi,
2957 3146 3089 3214 quin
3114 3143 3262 3199 istud
3293 3142 3500 3215 praevi-

170 3239 293 3293 l23.
329 3237 474 3291 Erat
497 3239 642 3288 tunc
676 3205 1556 3302 Bononiae-Eusebiusquidam,
1588 3230 1756 3285 nobi-
1785 3205 1828 3270 (ἶ
1866 3205 2058 3287 debam
2097 3235 2367 3304 futurum.
2409 3205 2828 3303 Continuoque.
2872 3205 3073 3288 subdit
3104 3248 3117 3287 :
3152 3205 3347 3287 Tamen
3405 3230 3503 3285 ubi

102 3325 173 3381 lis
203 3332 260 3381 et
298 3325 557 3397 copiosa:
610 3320 839 3376 familiae
883 3323 1075 3392 caput,
1109 3319 1209 3392 qui
1268 3335 1400 3376 cum
1451 3318 1758 3374 Ambrosio
1867 3336 2033 3375 causa
2061 3322 2280 3376 emersit
2310 3320 2482 3391 ofﬁcii
2508 3321 2620 3375 mei
2644 3335 2748 3391 pro
2791 3319 2902 3385 his,
2932 3321 3027 3391 qui
3079 3318 3509 3374 sollicitudinem

108 3413 422 3486 epistulare
454 3408 881 3466 commercium
911 3408 1186 3480 agitabat.
1222 3407 1326 3463 Hic
1379 3406 1527 3462 ﬁlios
1566 3423 1632 3462 ac
1662 3422 1760 3461 ne-
1870 3410 1965 3464 sui
2020 3409 2303 3482 gerebant,
2333 3413 2384 3464 et
2410 3409 2628 3481 scripsi,
2659 3411 2710 3465 et
2738 3409 2946 3479 rogavi,
2972 3416 3034 3464 ut
3073 3406 3409 3465 ostenderem
3451 3409 3513 3463 in

111 3509 273 3573 potes
321 3518 468 3558 suos
519 3497 860 3554 missitabat
913 3495 1305 3552 Mediolanum
1364 3496 1557 3568 (epist.
1599 3496 1670 3551 54
1710 3500 1768 3550 et
1873 3498 2050 3553 causis
2079 3497 2176 3552 Dei
2204 3498 2453 3553 timorem
2484 3498 2627 3552 mihi
2652 3498 2868 3569 justum
2910 3499 3105 3554 inesse.
3148 3497 3264 3553 Has
3304 3496 3517 3570 episto-

111 3592 223 3659 55),
255 3596 323 3646 ut
367 3591 482 3646 sub
542 3586 732 3644 oculis
790 3585 937 3641 tanti
990 3584 1245 3640 doctoris
1302 3584 1764 3641 instituerentur.
1876 3583 1985 3652 las,
2020 3601 2168 3656 quas
2198 3601 2351 3640 anno
2382 3586 2644 3657 proxime
2672 3585 2870 3658 elapso
2900 3586 3068 3642 datas
3112 3584 3293 3642 fuisse
3330 3584 3520 3642 mani-

115 3679 271 3734 Misit
300 3685 504 3733 autem
537 3675 697 3730 inter
724 3674 869 3730 alios
896 3674 1267 3729 Ambrosiam
1298 3672 1553 3745 puellam
1606 3689 1770 3729 sacro
1880 3674 2093 3729 festum
2125 3677 2236 3739 est,
2263 3673 2484 3729 invidia
2522 3672 2890 3746 antiquitatis
2920 3672 3104 3729 noluit
3136 3675 3205 3730 ad
3237 3674 3523 3747 posterio-

115 3767 475 3839 virginitatis
501 3764 795 3819 velamine
816 3762 975 3818 illius
997 3762 1271 3818 manibus
1292 3762 1769 3818 consecrandam.
1882 3779 2002 3818 rem
2036 3766 2263 3818 aetatem
2295 3762 2611 3834 pervenire.

118 3855 331 3910 Sancto
364 3851 607 3927 praesuli
639 3850 789 3905 nihil
844 3850 1069 3922 gratius
1116 3854 1340 3922 poterat
1374 3850 1652 3906 accidere.
1686 3851 1773 3905 Ad
1957 3852 2081 3905 127.
2114 3850 2410 3922 Eugenius
2441 3851 2551 3906 sub
2582 3850 2818 3907 initium
2850 3851 3152 3924 praesentis
3182 3851 3321 3907 anni
3350 3848 3528 3923 Alpes

119 3943 270 3999 hanc
334 3941 523 4016 igitur
586 3938 1085 3995 consecrationem
1150 3937 1436 4007 condicto,
1488 3942 1555 3993 ut
1608 3938 1778 3994 nobis
1888 3938 2175 4005 transivit,
2210 3954 2383 4009 quem
2416 3942 2482 3992 ut
2510 3938 2732 3994 audivit
2758 3944 2997 3995 sanctus
3025 3939 3373 3995 Ambrosius
3399 3954 3533 3995 ven-

122 4033 378 4098 videtur,
413 4027 688 4086 Paschali
735 4028 904 4095 festo,
937 4026 1238 4099 publicum
1285 4043 1614 4083 sermonem
1645 4043 1776 4100 pro-
1889 4031 2088 4083 turum
2121 4041 2353 4098 quoque
2382 4026 2796 4096 Mediolanum,
2829 4044 2859 4083 e
2886 4027 3129 4100 vestigio
3160 4027 3297 4083 inde
3343 4042 3531 4084 reces-
3570 4048 3575 4051 -

120 4119 509 4187 nuntiavit,in
531 4120 936 4189 quoetcontra
957 4116 1783 4188 Bonosisectatanres,aquibus
1893 4116 2007 4183 sit;
2042 4114 2181 4187 quia
2210 4112 2490 4169 nimirum
2530 4114 2678 4170 ferre
2726 4132 2842 4170 non
2894 4119 3121 4187 poterat
3163 4114 3534 4188 presentiam

123 4213 414 4282 perpetua
464 4205 663 4263 Marica
745 4204 1054 4277 virginitas
1108 4205 1521 4278 impetebatur,
1598 4204 1786 4261 multa
1896 4202 2148 4277 tyranni,
2213 4204 2328 4274 qui,
2382 4202 2704 4274 petentibus,
2755 4206 2822 4257 ut
2876 4200 3159 4259 Paulinus
3227 4207 3535 4273 memorat,

124 4297 474 4370 disputavit.
525 4294 780 4350 Praalixis
828 4298 1023 4349 autem
1072 4292 1211 4349 huic
1264 4292 1530 4349 concioni
1557 4293 1786 4349 duobus
1897 4294 2159 4348 Flaviano
2190 4300 2321 4347 tunc
2366 4292 2647 4363 praefecto,
2689 4295 2742 4347 et
2794 4292 3088 4363 Arbogaste
3127 4293 3344 4360 comite,
3380 4308 3542 4348 aram

129 4386 450 4458 capitibus,
488 4384 624 4438 inde
653 4382 984 4454 composuit
1011 4380 1275 4437 libellum
1297 4398 1504 4449 unum,
1528 4381 1620 4437 cui
1652 4382 1790 4437 titu-
1906 4382 2161 4438 Victoriae
2206 4389 2259 4435 et
2311 4384 2559 4451 sumptus
2600 4383 3124 4437 cmremoniarum...
3173 4381 3374 4438 oblitus
3416 4381 3546 4453 ﬁdei

132 4474 257 4529 lum
290 4474 432 4530 fecit
466 4477 538 4529 De
569 4474 914 4528 institutione
946 4472 1195 4540 virginis,
1236 4475 1294 4525 et
1321 4469 1508 4526 eidem
1542 4470 1791 4526 Eusebio
1901 4486 2033 4536 suae,
2102 4469 2362 4524 concessit
2406 4469 2589 4540 (Paul.
2640 4470 2701 4523 in
2747 4471 2874 4524 Vita
2941 4469 3125 4525 Ambr.
3165 4487 3225 4525 n.
3278 4470 3390 4543 26).
3434 4470 3546 4527 Sed

138 4561 309 4618 illum
344 4560 651 4632 inscripsit
677 4560 928 4627 (Admon.
971 4561 1031 4613 in
1055 4557 1234 4613 eumd.
1268 4559 1411 4626 lib.).
1829 4572 1873 4636 D
1913 4556 2238 4630 Eugenium
2306 4573 2440 4611 cum
2499 4556 2802 4630 gentilium
2848 4574 3049 4630 preciae
3096 4558 3187 4615 bis
3230 4559 3550 4631 rejecisset,

215 4652 337 4706 124.
385 4653 631 4705 Exstant
692 4652 970 4720 prmterea
1019 4647 1146 4702 duae
1190 4645 1452 4719 epistolae
1499 4646 1573 4701 ad
1622 4647 1799 4703 Euse-
1909 4648 2081 4702 tertio
2137 4647 2375 4702 tandem
2406 4646 2606 4701 eadem
2641 4647 2713 4701 de
2757 4663 2818 4703 re
2866 4647 3304 4721 interpellatum
3342 4664 3557 4705 manus

145 4738 311 4795 bium
369 4735 799 4806 Ambrosianus,
830 4751 1082 4806 quarum
1141 4733 1321 4790 altera
1365 4734 1558 4806 (epist.
1590 4735 1682 4803 54)
1711 4752 1799 4791 re-
1911 4735 2145 4791 dedisse
2190 4733 2579 4807 intelligimus
2628 4751 2695 4790 ex
2732 4752 2800 4791 ea
2843 4736 3111 4809 epistola,
3159 4754 3277 4810 qua
3319 4741 3558 4793 sanctus

152 4827 393 4882 missam
422 4825 710 4882 offensam
741 4823 1154 4896 apparitori,et
1182 4822 1441 4878 Faustini
1468 4823 1629 4894 pueri
1652 4824 1802 4879 tussi
1917 4822 2231 4894 episcopus
2278 4838 2543 4878 recessus
2586 4823 2676 4879 sui
2735 4822 2923 4879 eidem
2966 4825 3223 4897 Eugenio
3274 4824 3559 4880 rationem

154 4913 473 4972 laborantis
506 4914 579 4970 ad
613 4928 873 4970 sororem
907 4913 1218 4968 adventum
1241 4910 1323 4966 illi
1348 4910 1811 4977 nuntiat;altera
1919 4910 2173 4967 reddidit
2202 4910 2393 4984 (epist.
2444 4912 2535 4981 57,
2589 4927 2751 4967 num.
2785 4913 2860 4984 6).
2888 4912 3236 4968 Ambrosius
3275 4928 3467 4984 porro,
3499 4913 3566 4967 ut

158 5004 344 5076 (epist.
393 5006 490 5076 55)
549 5002 850 5077 signiﬁcat
925 5001 1197 5056 eumdem
1264 5000 1605 5055 Faustinum
1674 5016 1811 5055 cum
1923 4999 2206 5055 Paulinus
2236 5000 2420 5067 docet,
2454 4999 2779 5055 Mediolano
2823 5000 2894 5055 ad
2934 5001 3332 5056 Bononiensem
3366 4999 3564 5056 civita-

160 5092 432 5149 I-‘austino
464 5096 627 5166 patre
658 5089 990 5147 Bononiam
1020 5089 1267 5162 regredi,
1301 5089 1674 5145 manentibus
1721 5088 1810 5144 in-
1921 5094 2054 5157 tam,
2087 5098 2244 5159 atque
2281 5088 2409 5143 inde
2450 5090 2769 5143 Faventiam
2806 5104 2976 5160 usque
3036 5089 3283 5160 perrexit
3320 5087 3405 5159 (in
3450 5087 3568 5145 Vita

164 5183 324 5237 terim
356 5181 666 5239 Mediolani
700 5180 940 5235 duobus
972 5178 1321 5234 Ambrosiis.
1923 5177 2110 5234 Ambr.
2158 5195 2216 5231 n.
2248 5178 2362 5246 27).
2396 5176 2571 5229 Addit
2619 5174 2714 5230 ille
2760 5175 3009 5247 scriptor
3044 5175 3423 5231 Ambrosium
3461 5192 3570 5232 no-

234 5270 352 5325 l25.
384 5272 444 5327 In
478 5270 760 5345 Capuana
794 5266 1021 5340 synodo
1053 5267 1245 5338 capita
1290 5267 1405 5323 duo
1428 5268 1656 5322 fuerant
1694 5266 1815 5340 agi-
1927 5271 2117 5322 strum
2152 5266 2293 5318 dum
2326 5262 2623 5318 Florentiae
2647 5263 3164 5336 esset,Pansophio
3186 5280 3365 5335 puero
3392 5265 3572 5321 vitam

171 5362 281 5415 tata
308 5378 326 5413 :
357 5360 607 5432 primum
641 5358 718 5415 ad
742 5355 1009 5413 Flaviani
1038 5371 1171 5410 cum
1203 5354 1447 5427 Evagrio
1500 5356 1571 5410 de
1615 5355 1817 5411 Antio-
1930 5351 2263 5409 restituisse
2298 5369 2310 5407 :
2345 5351 2422 5406 Ad
2477 5366 2636 5421 quem
2680 5353 3040 5422 infantulum,
3084 5353 3297 5425 inquit,
3329 5354 3574 5410 libellum

176 5446 347 5503 chena
371 5450 502 5505 sede
533 5444 1008 5506 controversiam
1033 5443 1380 5515 pertinebat,
1400 5444 1723 5498 secundum
1746 5444 1819 5499 ad
1930 5443 2276 5512 conscripsit,
2308 5442 2366 5495 ut
2397 5439 2537 5511 quod
2560 5455 2664 5510 per
2697 5442 2882 5497 etatis
2922 5441 3230 5515 infantiam
3282 5444 3426 5498 scire
3466 5459 3581 5499 non

1929 5534 2169 5604 poterat,
2205 5528 2433 5602 legendo
2462 5536 2797 5600 cognosceret
2826 5529 2985 5601 (Ibid.
3012 5548 3175 5587 num.
3206 5532 3321 5603 28).

2012 5621 2132 5675 128.
2172 5619 2299 5675 Non
2340 5618 2512 5676 rediit
2571 5622 2812 5677 sanctus
2877 5621 3122 5679 antistes
3169 5620 3585 5690 Mediolanum,

181 5534 368 5593 Bonosi
411 5556 652 5598 causam
705 5536 959 5611 propter
999 5535 1269 5603 negatam
1314 5530 1571 5604 Deiparze
1621 5548 1822 5604 perpe-

182 5628 324 5684 tuam
354 5630 753 5707 virginitatem
788 5622 853 5679 in
890 5619 1181 5693 judicium
1230 5619 1435 5679 vocati.
1470 5619 1683 5677 Prioris
1729 5636 1822 5678 ca-
