3938 6214
367 368 487 436 115

1710 371 1896 436 VITA
1935 368 2005 434 S.
2048 367 2423 436 ΔΜΒΒΟΒΙῙ

3641 373 3769 437 116

367 505 484 564 nisi
533 505 657 565 Kal.
687 506 909 565 mensis
942 511 1187 583 Augusti
1240 510 1372 566 anni
1431 508 1749 579 sequentis.
1773 522 2006 575 egresso
2034 504 2091 571 Α
2119 504 2323 573 luerat,
2355 512 2413 562 et
2440 523 2615 580 quem
2655 505 2832 565 etiam
2877 523 3055 581 super
3095 507 3299 565 eadem
3344 522 3407 565 re
3452 506 3761 581 scripsisse

369 597 506 653 inde
542 604 867 655 memorato
910 605 1158 672 tyranno
1214 602 1404 670 (epist.
1455 602 1567 667 6|).
1602 601 1725 663 Qua
1774 615 1907 652 vero
1949 596 2008 651 in

368 688 513 742 urbe
543 704 647 758 per
666 688 771 743 hoc
805 688 1058 761 spatium
1092 690 1463 761 potissimum
1495 693 1889 741 commoratus
1911 687 2008 755 sit,

369 776 541 831 nobis
568 777 831 849 ignotum
865 784 954 833 est
986 796 999 832 :
1033 786 1392 850 compertum
1423 783 1617 833 autem
1648 776 1791 831 illud
1833 776 2008 830 habe-

368 880 506 920 mus
536 882 671 920 cum
700 872 853 921 esset
883 868 1170 937 Bononiae,
1203 869 1274 922 ab
1303 884 1369 922 eo
1399 884 1641 938 corpora
1682 865 1891 919 Vitalis
1922 868 2009 919 at-

370 971 484 1027 que
529 957 809 1027 Agricolae
862 964 1183 1029 martyrum
1240 958 1455 1014 Christi
1504 959 1576 1013 de
1615 956 1842 1011 tumulo
1901 971 2007 1010 suo

366 1042 555 1100 levata
577 1060 744 1112 esse;
777 1064 904 1116 quae
934 1048 1171 1118 quidem
1204 1048 1369 1118 prius
1400 1048 1460 1101 in
1492 1046 1700 1101 mediis
1730 1044 1874 1115 ipsis
1899 1043 2007 1099 Ju-

372 1133 631 1189 daeorum
674 1136 958 1207 sepulcris
996 1137 1274 1205 jacebant
1320 1136 1631 1205 incognita,
1664 1137 1781 1189 nisi
1819 1150 1893 1197 se,
1927 1132 2009 1186 ait

369 1221 671 1290 Paulinus,
703 1228 881 1279 sancti
910 1234 1177 1295 martyres
1215 1225 1485 1279 sacerdoti
1528 1226 1635 1292 ipsi
1682 1222 2007 1279 rei'elassent

371 1310 559 1383 (Paul.
592 1313 649 1366 in
685 1316 813 1367 Vita
845 1314 1032 1368 Ambr.
1068 1331 1230 1367 num.
1255 1314 1479 1383 ‘29},aut
1510 1312 2002 1384 quemadmodum

369 1401 568 1473 plures
598 1402 824 1456 codices
856 1402 1076 1473 legunt,
1108 1403 1377 1456 sacerdoti
1422 1403 1595 1472 ipsius
1634 1401 1877 1455 ecclesia:
1919 1415 2004 1453 re-

366 1489 654 1555 velassent,
684 1490 1033 1544 Bononiensi
1067 1490 1341 1544 nimirum
1375 1491 1663 1561 episcopo.

434 1579 558 1634 429.
604 1579 723 1633 Sub
772 1579 922 1634 idem
990 1583 1222 1649 tempus
1288 1584 1527 1651 rogatus
1575 1596 1608 1633 a
1655 1578 2006 1633 Florentinis

361 1672 600 1723 sanctus
626 1668 992 1735 Ambrosius,
1018 1673 1082 1723 ut
1111 1669 1442 1723 dedicatum
1466 1685 1672 1723 novam
1703 1667 2004 1723 basilicam

363 1755 711 1812 Florentiam
771 1758 1089 1821 accederet,
1133 1774 1247 1811 non
1311 1757 1499 1827 potuit
1554 1757 2004 1812 instantissimis

362 1844 596 1900 illorum
653 1845 962 1916 postulatis
1012 1863 1125 1900 non
1176 1863 1451 1911 annuere,
1503 1847 1730 1900 etiamsi
1783 1845 1897 1900 alio
1942 1862 2004 1900 se

364 1934 626 1989 conferre
681 1934 806 2003 ipse
862 1934 1193 1989 decreverat
1241 1935 1485 2003 (Admon.
1538 1937 1596 1989 in
1650 1935 1746 1989 lib.
1781 1935 2002 1989 Exhort.

362 2022 674 2092 virg.).Per
696 2022 922 2093 jejunis
953 2021 1130 2093 igitur
1148 2022 1615 2093 Quadragesimaa
1649 2024 1703 2076 in
1738 2024 2002 2078 eamdem

362 2110 603 2167 veniens
643 2111 956 2178 civitatem,
988 2111 1060 2166 de
1103 2111 1365 2182 reliquiis
1409 2117 1743 2167 sanctorum
1786 2117 2006 2184 marty-

364 2216 495 2255 rum
527 2199 626 2271 qui
661 2200 929 2255 Bononim
956 2200 1255 2255 exhumati
1287 2201 1535 2267 fuerant,
1552 2201 1897 2272 fragmenta,
1914 2201 2002 2255 vel

362 2292 428 2344 ut
484 2289 609 2360 ipse
662 2294 827 2343 vocat
874 2290 1121 2359 (Exhort.
1174 2291 1364 2357 virg.),
1418 2290 1748 2360 apophoreta
1803 2307 2001 2345 secum

361 2376 569 2433 detulit
595 2394 721 2449 qua:
760 2378 818 2432 in
866 2377 1108 2433 basilica
1160 2378 1411 2433 dicanda
1460 2380 1816 2434 reconderet.
1852 2384 2005 2435 Inter

358 2482 556 2522 sacras
585 2465 764 2536 hujus
794 2466 1245 2522 consecrationis
1275 2468 1651 2522 caeremonias
1672 2485 2002 2523 sermonem

356 2553 582 2621 habuit,
616 2554 673 2608 in
707 2571 823 2625 quo
862 2554 1153 2610 Julianam
1195 2554 1454 2621 viduam,
1485 2573 1615 2628 quae
1661 2556 1815 2611 idem
1855 2556 2000 2611 illud

351 2643 638 2715 templum
662 2644 978 2699 azdificarat
1007 2645 1344 2715 sumptibus
1373 2644 1517 2707 suis,
1543 2661 1775 2700 summe
1800 2646 2004 2716 praedi-

352 2736 481 2799 cat;
512 2736 570 2788 et
598 2732 781 2787 relata
810 2734 1072 2803 ejusdem
1104 2733 1505 2787 exhortatione
1535 2733 1603 2787 ad
1640 2732 1875 2801 liberos,
1900 2735 1998 2804 qui

352 2837 557 2877 omnes
606 2820 784 2875 simul
814 2838 882 2876 ea
921 2821 1164 2891 permoti
1197 2821 1313 2876 Deo
1355 2837 1417 2875 se
1467 2822 1832 2887 devoverant,
1867 2839 2000 2878 eos-

353 2909 486 2965 dem
518 2910 644 2964 suis
674 2909 799 2980 ipse
827 2908 1018 2964 verbis
1048 2909 1285 2964 tandem
1324 2908 1664 2981 alloquitur,
1696 2916 1872 2981 atque
1924 2913 1995 2967 ad

352 2998 603 3052 virtutes
634 3012 835 3053 eorum
868 2997 1139 3051 instituto
1170 3013 1460 3068 congruas
1490 2997 1739 3069 impellit
1766 3003 1823 3054 et
1853 3000 1997 3054 inci-

351 3088 457 3141 tat.
492 3085 651 3140 Hane
698 3084 889 3158 ipsam
938 3085 1275 3140 concionem
1308 3084 1593 3141 habemus
1632 3086 1805 3143 etiam
1841 3106 1997 3143 nunc

357 3173 418 3229 in
450 3173 649 3230 libello
681 3174 779 3245 qui
812 3173 1155 3229 inscribitur
1182 3174 1502 3229 Exhortatio
1528 3178 1884 3245 virginitatis.

431 3240 1303 3334 130.Ι)ἰΗί-οἰ11ἰωίεΕυεθῐιίαῐιω
1334 3240 1749 3319 dominationis
1782 3270 2002 3337 tempo—
2032 3240 2075 3306 Ο

359 3351 545 3419 ribus,
577 3352 633 3408 id
665 3357 771 3415 est,
806 3351 913 3407 hoc
943 3368 1097 3407 anno
1128 3352 1213 3406 vel
1245 3351 1504 3422 proxime
1542 3354 1830 3425 sequenti,
1861 3358 2001 3409 Am-

357 3442 592 3497 brosius
621 3439 929 3511 epistolam
987 3441 1194 3495 Severo
1232 3440 1622 3512 Neapolitana;
1673 3443 1829 3498 sedis
1885 3443 2003 3514 epi-

359 3545 536 3600 scopo
596 3528 849 3599 scripsit,
901 3545 1019 3599 qua
1071 3529 1355 3585 Jacobum
1426 3531 1739 3600 quemdam
1799 3531 2002 3587 ordine

358 3617 762 3689 presbyterum
819 3632 889 3671 ex
916 3618 1109 3672 ultimo
1150 3617 1391 3672 Persidis
1439 3619 1567 3672 sinu
1597 3619 1787 3688 (epist.
1815 3621 1907 3690 59)
1939 3621 1997 3675 in

356 3703 687 3775 Campania:
718 3703 1061 3759 solitudines
1094 3722 1156 3760 se
1180 3707 1553 3777 recipientem
1586 3706 1667 3760 illi
1701 3724 1998 3763 commen-

356 3794 475 3849 dat.
509 3792 635 3847 Non
663 3795 858 3848 tamen
892 3793 1103 3847 desunt
1132 3793 1232 3864 qui
1264 3793 1414 3848 hanc
1444 3794 1753 3865 epistolam
1786 3797 1856 3851 ad
1884 3797 1998 3852 Ma-

352 3881 595 3939 ximiani
629 3879 765 3937 belli
817 3885 1081 3953 tempora
1112 3887 1390 3938 censeant
1420 3882 1799 3938 referendam.
1833 3887 1995 3950 Quod

351 3969 478 4029 loco
504 3987 612 4027 suo
640 3970 784 4026 satis
814 3970 1158 4043 expenditur
1187 3970 1432 4042 (Admon.
1463 3973 1525 4027 in
1581 3973 1757 4028 eamd.
1789 3976 1992 4045 epist.).

424 4061 545 4116 131.
586 4059 829 4131 Scripsit
874 4060 965 4114 vir
1008 4065 1249 4115 sanctus
1297 4060 1489 4131 (epist.
1522 4061 1612 4131 60)
1661 4061 1836 4117 etiam
1892 4063 1992 4118 Pa-

350 4154 519 4207 terno
563 4148 996 4220 amplissimum
1042 4149 1320 4205 honorem
1362 4156 1694 4217 consecuto,
1727 4150 1989 4220 quicum

349 4239 468 4312 filio
521 4245 736 4307 neptem
788 4254 857 4291 ex
912 4238 1033 4308 ﬁlia
1084 4237 1419 4292 connubiali
1466 4237 1700 4293 vinculo
1738 4239 1991 4310 jungere

351 4325 675 4390 statuisset,
697 4324 951 4395 episcopi
984 4325 1073 4379 sui
1105 4325 1214 4380 hac
1245 4326 1303 4379 in
1332 4343 1392 4381 re
1422 4326 1770 4381 sententiam
1805 4327 1991 4383 fuerat

350 4412 704 4478 sciscitatus,
735 4417 794 4467 et
823 4414 894 4467 ab
924 4428 990 4467 eo
1021 4412 1305 4468 remissus
1343 4415 1412 4467 ad
1447 4414 1847 4469 Ambrosium.
1880 4420 1989 4470 Pa-

346 4504 554 4556 ternus
582 4499 761 4567 igitur
797 4500 1106 4554 destinatis
1147 4501 1215 4554 ad
1267 4501 1423 4555 hunc
1469 4501 1701 4567 litteris,
1734 4502 1989 4559 rationes

2117 598 2188 651 ad
2221 603 2492 653 sanctum
2523 598 2846 654 antistitem
2872 614 2941 655 ex
2971 599 3080 655 hac
3108 596 3354 672 epistola
3410 614 3759 672 cognoscere

2116 692 2224 741 est.

2190 777 2445 831 131.“.
2486 778 2636 845 394.)
2669 777 2856 848 Hujus
2902 794 3138 849 quoque
3193 778 3332 833 anni
3381 781 3606 850 partem
3655 777 3761 833 ali-

2115 881 2294 936 quam
2328 866 2628 921 Florentiae
2657 866 2845 939 exegit
2874 867 3249 934 Ambrosius;
3283 866 3760 938 quandoquidem

2115 954 2447 1009 communis
2474 954 2581 1010 fert
2612 954 2831 1026 opinio,
2863 956 3005 1010 dum
3038 956 3097 1010 in
3142 972 3211 1009 ea
3251 956 3393 1011 urbe
3432 971 3763 1010 commora-

2116 1047 2295 1105 retur,
2330 1043 2464 1097 illac
2494 1044 2801 1099 transiisse
2831 1048 3101 1099 sanctum
3130 1043 3459 1107 Paulinum,
3490 1048 3556 1098 ut
3583 1044 3764 1099 comi-

2113 1136 2272 1186 tante
2301 1132 2584 1187 Therasia
2611 1134 2858 1204 conjuge
2884 1132 3089 1188 Nolam
3117 1134 3191 1187 ad
3224 1132 3430 1189 Felicis
3483 1133 3762 1205 martyris

2112 1218 2399 1291 templum
2443 1236 2506 1275 se
2556 1222 2854 1292 reciperet.
2884 1221 3161 1276 Audierat
3193 1222 3320 1291 jam
3368 1227 3604 1277 sanctus
3634 1221 3761 1291 epi-

2114 1325 2327 1381 scopus
2358 1314 2577 1381 quanto
2606 1311 2961 1365 caducarum
2993 1327 3188 1366 rerum
3234 1314 3569 1383 contemptu
3630 1310 3759 1383 ipse

2113 1414 2178 1453 ac
2228 1398 2505 1453 Therasia
2549 1399 2799 1470 pretium
2848 1399 3289 1470 possessionum
3331 1416 3593 1466 suarum,
3626 1417 3758 1473 quae

2112 1487 2351 1559 quidem
2384 1488 2614 1542 fuerant
2642 1487 3043 1560 amplissimae,
3079 1489 3134 1542 in
3168 1505 3451 1561 pauperes
3486 1506 3759 1563 erogave-

2114 1580 2282 1630 rant:
2317 1593 2493 1648 quam
2529 1577 2835 1649 utriusque
2867 1577 3316 1649 generositatem
3347 1582 3550 1633 contra
3578 1595 3760 1634 saecu—

2112 1661 2325 1719 larium
2389 1664 2697 1720 hominum
2760 1666 3197 1730 oblatrationes,
3263 1666 3478 1737 scripta
3538 1666 3760 1723 Sabino

2112 1752 2380 1824 epistola,
2404 1754 2529 1824 ipse
2554 1754 2891 1809 defenderat
2922 1754 3395 1825 (epist.58).lnde
3423 1756 3763 1825 conjectura

2112 1842 2244 1897 licet
2272 1843 2506 1914 assequi
2540 1847 2759 1913 quanta
2788 1858 2923 1898 cum
2956 1842 3156 1897 laetitia
3183 1848 3240 1898 et
3267 1842 3558 1915 voluptate
3586 1843 3758 1899 illum

2113 1931 2419 2001 exceperit.
2452 1932 2615 1986 Certe
2657 1948 2774 1987 non
2820 1932 3184 2002 repentinam
3235 1948 3423 2004 neque
3470 1949 3757 2004 nuperam

2115 2020 2295 2075 fuisse
2327 2019 2619 2075 Ambrosii
2659 2036 2794 2075 cum
2842 2021 3045 2075 eodem
3088 2019 3330 2076 Paulino
3373 2021 3762 2077 necessitudi-

2114 2124 2247 2163 nem
2296 2113 2493 2180 aperte
2546 2108 2830 2163 Paulinus
2878 2108 3003 2181 ipse
3054 2110 3378 2181 proﬁtetur.
3410 2109 3654 2182 loquens
3692 2110 3758 2165 in

2113 2196 2235 2251 haec
2288 2197 2465 2252 verba
2505 2213 2518 2250 :
2561 2198 2835 2253 Ambrosii
2875 2214 3088 2269 semper
3131 2199 3418 2254 dilectione
3469 2198 3539 2254 ad
3592 2198 3761 2269 ﬁiem

2112 2286 2418 2340 innutritus
2442 2290 2650 2351 sum,et
2678 2304 2826 2341 nunc
2854 2289 2914 2341 in
2930 2287 3223 2344 sacerdotii
3236 2287 3429 2343 ordine
3449 2288 3756 2358 eonfoveor,

2110 2374 2350 2445 Denique
2375 2390 2469 2429 suo
2498 2391 2585 2429 me
2612 2375 2756 2430 clero
2786 2375 3066 2431 vindicare
3104 2376 3301 2442 voluit,
3340 2379 3398 2430 ut
3432 2378 3533 2432 etsi
3569 2376 3759 2433 diver-

2109 2465 2185 2517 sis
2231 2464 2362 2518 locis
2411 2464 2621 2533 degam,
2659 2466 2831 2532 ipsius
2867 2466 3153 2535 presbyter
3197 2480 3418 2519 censear
3460 2464 3645 2536 (Paul.
3693 2467 3759 2521 in

2110 2552 2280 2621 epist.
2331 2553 2383 2619 4,
2420 2552 2492 2606 ad
2536 2553 2740 2624 Alyp.).
2777 2553 2974 2624 Neque
3017 2552 3125 2607 hoc
3170 2557 3401 2608 tantum
3450 2552 3573 2609 loco
3611 2558 3760 2609 Am-

2112 2639 2288 2694 brosii
2333 2640 2645 2707 meminit;
2676 2642 2777 2695 sed
2822 2658 2956 2696 cum
3007 2640 3169 2707 alibi,
3198 2645 3328 2696 tum
3376 2642 3474 2696 ubi
3522 2644 3762 2716 magnis

2110 2726 2226 2782 illis
2255 2745 2323 2783 ac
2353 2729 2573 2784 sanctis
2602 2729 2744 2784 viris
2766 2731 2865 2801 qui
2897 2746 3062 2785 sacro
3091 2730 3353 2785 cinerum
3380 2747 3621 2786 suorum
3653 2732 3763 2787 de-

2108 2818 2297 2888 posito
2326 2818 2517 2873 varias
2548 2819 2872 2889 provincias
2903 2818 3289 2887 illustrarunt,
3322 2819 3514 2891 ipsum
3562 2836 3761 2876 anuu-

2109 2921 2363 2973 merans,
2391 2906 2476 2962 sic
2505 2907 2575 2961 de
2609 2907 2707 2961 illo
2737 2907 2896 2963 canit
2932 2924 2945 2962 :

2292 3030 2400 3077 Nec
2432 3030 2609 3079 minor
2636 3030 2873 3079 occiduis
2902 3029 3099 3080 eﬂ'ulsit
3126 3031 3297 3092 gratia
3333 3031 3487 3081 terris
3517 3046 3531 3080 :

2299 3092 2613 3141 Ambrosius
2642 3093 2804 3149 Latio,
2842 3093 3153 3142 Vincentius
3185 3097 3351 3142 exstat
3377 3093 3554 3143 liberis
3580 3096 3598 3143 ζ

2290 3154 2451 3203 Gallia
2478 3154 2786 3214 Martinum,
2818 3155 3133 3218 Delphinum
3157 3156 3441 3219 Aquitania
3471 3156 3722 3219 sumpsit.

2485 3234 2556 3295 (S.
2587 3234 2731 3283 Paul.
2764 3233 2931 3283 Poem.
2960 3236 3039 3294 27,
3075 3236 3139 3284 de
3164 3235 3288 3285 Nat.
3317 3235 3372 3284 S.
3403 3234 3506 3284 Fet.
3536 3236 3625 3296 ll.)

2185 3350 2304 3403 134.
2330 3350 2678 3405 Ambrosius
2707 3349 3053 3415 Mediolano,
3080 3355 3146 3405 ut
3173 3367 3353 3422 supra
3381 3350 3603 3406 dictum
3635 3356 3760 3419 est,

2109 3436 2236 3492 ideo
2267 3442 2605 3503 secesserat,
2639 3455 2711 3492 ne
2740 3437 2982 3509 Eugenii
3011 3438 3276 3493 scelerati
3307 3437 3562 3494 hominis
3607 3455 3762 3495 cou-

2110 3531 2374 3597 spectum
2410 3527 2599 3592 ferret,
2631 3530 2687 3581 et
2711 3526 2829 3582 veri
2859 3527 3177 3582 admodum
3201 3526 3370 3582 nobis
3426 3526 3617 3583 simile
3665 3535 3770 3584 est

2107 3614 2331 3670 clericis
2362 3615 2487 3670 suis
2516 3631 2650 3669 eum
2680 3616 2941 3670 districte
2970 3615 3359 3687 prohibuisse,
3391 3632 3463 3671 ne
3488 3632 3551 3671 se
3588 3632 3763 3672 com-

2107 3702 2386 3758 munione
2423 3703 2687 3773 ejusdem
2737 3704 2965 3774 tyranni
3012 3703 3500 3759 contaminarent.
3525 3705 3760 3763 Munera

2104 3791 2260 3847 enim
2325 3793 2675 3859 imperatoris
2727 3793 2824 3863 qui
2875 3808 2935 3847 se
2981 3793 3270 3864 sacrilegio
3306 3795 3758 3866 commiscuerat,

2104 3879 2297 3951 inquit
2374 3880 2677 3943 Paulinvs,
2727 3881 2795 3935 ab
2864 3880 3097 3936 Ecclesia
3167 3883 3578 3952 respuebantur,
3647 3900 3761 3939 nec

2102 3969 2301 4025 orandi
2336 3970 2429 4024 illi
2463 3986 2589 4023 cum
2640 3970 2880 4025 Ecclesia
2912 3973 3135 4026 societas
3178 3971 3523 4026 tribuebatur
3559 3972 3755 4043 (Paul.

2102 4059 2161 4113 in
2213 4059 2326 4113 Vita
2364 4058 2573 4122 Ambr.,
2606 4075 2761 4113 num.
2800 4059 2912 4129 3t).
2939 4059 3293 4131 Arbogastes
3335 4075 3467 4114 vero
3514 4063 3571 4115 et
3614 4059 3758 4116 Fla-

2098 4147 2325 4212 vianus,
2359 4146 2459 4219 qui
2504 4148 2577 4202 ob
2628 4163 2965 4203 concessam
3010 4148 3135 4203 suis
3186 4148 3456 4219 precibus
3510 4148 3751 4219 profani

2099 4235 2296 4290 cultus
2371 4236 2795 4291 restitutionem
2857 4234 2965 4290 hac
3037 4236 3362 4308 ignominia
3420 4235 3756 4307 Eugenium

2099 4323 2250 4378 affici
2299 4342 2411 4379 non
2446 4325 2813 4394 ignorabant,
2846 4340 2913 4379 eo
2959 4324 3174 4380 furoris
3202 4341 3488 4392 exarsere,
3521 4331 3587 4379 ut
3635 4327 3759 4380 mi-

2099 4418 2379 4468 narentur
2408 4413 2741 4483 egredientes
2773 4413 3091 4481 Mediolano,
3124 4430 3249 4469 cum
3275 4417 3500 4470 victores
3544 4419 3764 4470 reversi

2097 4505 2292 4564 essent,
2324 4500 2606 4556 stabulum
2634 4518 2690 4556 se
2710 4517 2823 4556 esse
2860 4504 3104 4572 facturos
3144 4504 3206 4555 in
3245 4503 3471 4558 basilica
3511 4502 3759 4559 ecclesia

348 4602 555 4644 omnes
600 4587 815 4657 quibus
862 4587 931 4640 ad
983 4586 1377 4656 copulandum
1425 4589 1582 4657 nepti
1630 4588 1985 4645 avunculum
2018 4602 2064 4665 D
2094 4589 2531 4653 Mediolanensis,
2590 4594 2752 4660 atque
2796 4590 3021 4645 clericos
3067 4590 3165 4645 sub
3211 4593 3383 4645 armis
3424 4591 3757 4663 probaturos

345 4672 763 4746 impelleretur,
788 4673 896 4745 ipsi
930 4675 1332 4744 aperuit.Huic
1362 4675 1617 4747 epistolae
1646 4676 1728 4731 ita
1758 4694 1990 4749 respon-

342 4763 430 4820 dit
458 4765 699 4819 sanctus
726 4760 1095 4829 Ambrosius,
1131 4766 1195 4815 ut
1224 4762 1400 4817 simul
1431 4763 1703 4835 episcopo
1753 4763 1984 4822 Paterni

343 4852 624 4908 honorem
663 4848 914 4905 deferret
962 4848 1310 4921 legitimum,
1360 4856 1416 4905 et
1464 4852 1717 4908 rationes
1768 4854 1984 4925 quibus

341 4938 486 4995 illud
520 4936 963 4993 matrimonium
991 4936 1216 4993 licitum
1245 4955 1373 4994 esse
1394 4938 1451 4994 in
1476 4941 1984 4999 menteminduxe—

341 5032 433 5085 rat
460 5028 615 5083 idem
646 5031 952 5091 Paternus,
986 5026 1176 5082 nullas
1217 5027 1659 5084 demonstraret.

413 5118 536 5172 132.
570 5117 855 5172 Successu
917 5133 1028 5171 non
1075 5116 1263 5170 caruit
1310 5117 1700 5174 Ambrosiana
1730 5118 1829 5175 illa
1858 5121 1981 5192 epi-

342 5204 524 5272 stola;
557 5220 811 5274 namque
851 5203 1026 5258 aliam
1057 5204 1247 5275 (epist.
1280 5204 1369 5273 81:)
1399 5206 1528 5275 ejus
1570 5205 1853 5263 habemus
1906 5210 1977 5263 ad

340 5293 677 5364 Cynegium,
713 5291 766 5345 in
796 5309 911 5362 qua
942 5292 1189 5363 legimus
1222 5308 1236 5346 :
1267 5295 1373 5347 Avo
1400 5299 1640 5364 neptem,
1674 5300 1735 5348 ut
1764 5300 1975 5366 Opinor,

342 5379 556 5451 refudi;
585 5396 747 5448 quam
774 5382 953 5434 nescio
982 5382 1142 5451 plane
1182 5398 1289 5453 qua
1333 5384 1589 5452 opinione
1632 5401 1835 5439 nurum
1873 5386 1982 5439 sibi

342 5469 467 5540 ﬁeri
511 5467 869 5530 desiderabat,
918 5478 976 5521 ut
1032 5485 1194 5523 avum
1258 5486 1438 5524 socero
1496 5474 1751 5525 mutaret.
1814 5472 1979 5528 llunc

338 5555 494 5614 enim
519 5553 835 5625 Cynegium
868 5571 981 5609 non
1013 5556 1352 5613 dubitamus
1372 5573 1505 5612 eum
1536 5559 1767 5613 Paterni
1793 5558 1977 5614 filium

336 5661 490 5711 esse,
511 5643 583 5699 de
612 5658 729 5714 quo
760 5640 1040 5698 Paternus
1069 5644 1448 5700 Ambrosium
1478 5650 1743 5702 nostrum
1773 5663 1981 5704 consu-

2098 4678 2307 4749 (Ibid.).
2335 4677 2492 4732 Hane
2521 4682 2716 4733 autem
2747 4678 3071 4734 amentium
3116 4678 3422 4734 hominum
3470 4677 3752 4751 impieta-

2093 4770 2211 4821 tem
2243 4765 2395 4820 haud
2437 4765 2788 4838 impunitam
2822 4764 2938 4821 illis
2970 4766 3150 4823 tuisse
3198 4767 3400 4823 subdit
3440 4766 3754 4835 Paulinus,

2093 4858 2150 4909 et
2177 4853 2525 4909 Ambrosius
2548 4870 2780 4926 quoque
2808 4855 2961 4911 idem
2992 4859 3238 4911 testatur
3267 4855 3487 4926 (Enarr.
3509 4856 3569 4910 in
3592 4858 3755 4926 psal.

2092 4960 2281 5011 xxxvr,
2319 4959 2480 4997 num.
2510 4944 2625 5013 25),
2659 4943 2760 4998 sed
2794 4943 3137 4999 nominibus
3165 4944 3398 5000 comitis
3429 4943 3754 5016 utriusque

2092 5030 2325 5087 silentio
2354 5032 2742 5087 transmissis.

2164 5121 2283 5174 135.
2324 5119 2426 5174 Ubi
2457 5120 2711 5190 primum
2747 5120 3072 5176 Mediolano
3124 5122 3373 5178 excessit
3413 5120 3748 5194 Eugenius,

2091 5213 2156 5261 ut
2202 5208 2400 5278 copias
2438 5208 2498 5262 in
2546 5208 2942 5264 Theodosium
2986 5209 3238 5264 duceret.
3275 5210 3332 5265 in
3374 5226 3502 5265 eam
3536 5208 3752 5265 civita-

2091 5301 2203 5351 tem
2237 5296 2467 5350 circiter
2494 5296 2610 5351 kal.
2636 5303 2938 5369 Augustas
2971 5298 3144 5355 rediit
3167 5298 3513 5354 Ambrosius
3540 5298 3749 5370 (epist.

2087 5385 2200 5455 61),
2253 5385 2469 5457 quippe
2514 5386 2614 5457 qui
2682 5403 2797 5441 non
2838 5391 3134 5442 revocaret
3183 5387 3241 5442 in
3294 5387 3542 5443 dubium
3592 5388 3749 5459 quin

2088 5472 2226 5528 huic
2256 5473 2444 5529 eidem
2474 5474 2799 5531 Theodosio
2838 5476 3083 5547 justitiaa
3132 5493 3199 5533 ac
3248 5475 3481 5549 pietatis
3540 5480 3749 5549 partes

2088 5560 2418 5617 defendenti
2451 5563 2790 5618 adfuturum
2835 5570 2991 5620 esset
3018 5564 3249 5621 cmleste
3274 5564 3637 5638 praesidium.
3676 5566 3752 5623 Et

2088 5665 2285 5705 revera
2312 5666 2563 5723 magnus
2599 5651 2696 5707 ille
2725 5652 2996 5725 princeps
3025 5658 3146 5711 tam
3193 5652 3600 5711 admirabilem
3647 5671 3745 5711 re-
