3938 6214
159 377 251 440 H7

1209 380 1313 444 EX
1355 378 1547 448 EJUS
1590 376 2078 446 POTISSIMUM
2120 376 2493 446 SCRIP’I‘IS.

3414 374 3534 448 118

150 513 265 571 tulit
304 513 622 583 vicioriam,
678 520 753 573 ut
802 512 1088 575 miracula
1133 517 1350 592 quibus
1396 519 1600 576 eadem
1641 516 1781 573 illu-
1810 514 1867 584 Α
1894 515 2046 572 obitu
2075 515 2262 575 Theod.
2296 534 2356 573 n.
2404 515 2517 590 35).
2551 513 2710 575 Obiit
2758 517 2981 587 autem,
3013 514 3081 574 ut
3123 513 3301 594 vulgo
3348 514 3534 577 volun

149 610 310 663 strata
354 612 464 675 est,
524 624 640 664 non
692 609 879 667 modo
921 608 1129 683 priesul
1186 614 1383 665 noster
1438 610 1658 682 (Enarr.
1720 610 1781 663 in
1888 622 2005 661 xvn
2059 606 2349 663 Kalendas
2397 606 2760 663 Februarias.
2792 605 3022 679 Elapsis
3076 610 3273 664 autem
3320 607 3394 665 ab
3431 608 3535 666 illa

141 697 265 768 μαι.
305 713 497 764 nxvr,
542 715 714 754 num.
771 702 890 768 ἃ),
941 716 1140 756 verum
1189 699 1365 755 etiam
1413 698 1779 772 Augustinus
1888 702 2074 751 morte
2106 697 2314 753 diebus
2344 697 2755 769 quadraginta,
2784 696 3077 754 Honorius
3105 697 3435 770 Cmsar,qui
3463 714 3532 754 ex

144 786 247 853 (lib.
276 803 312 840 v
343 789 417 842 De
443 790 549 842 civ.
578 790 701 856 Dei,
735 806 866 862 cap.
911 790 1022 859 26},
1067 788 1308 845 Orosius
1356 790 1476 856 (lib.
1526 806 1626 855 v11,
1653 805 1773 859 cap.

140 874 624 943 35),Clandianus
681 880 913 949 (Paneg.
972 879 1039 935 de
1072 894 1137 935 ιιι
1192 895 1337 935 cons.
1401 878 1644 949 Honor),
1685 876 1775 932 in-

139 964 476 1037 numerique
506 965 607 1021 alii
638 966 1009 1023 celebrarint.

198 1054 314 1109 136.
348 1055 490 1110 Post
520 1072 800 1127 magnam
832 1056 994 1111 illam
1022 1056 1344 1122 victoriam,
1376 1061 1552 1128 atque
1581 1060 1774 1129 tyran-

133 1159 259 1198 num
316 1158 427 1199 vni
476 1144 618 1199 Idus
664 1147 1032 1218 Septembres
1080 1146 1152 1201 de
1198 1145 1392 1200 medio
1448 1143 1772 1210 sublatum,

132 1231 488 1288 Theodosius
510 1249 616 1304 per
642 1233 871 1290 litteras
890 1234 1186 1289 mandavit
1211 1234 1540 1299 Ambrosio,
1574 1238 1639 1287 ut
1667 1249 1772 1304 pro

131 1326 535 1377 successntam
569 1324 870 1395 auspicato
901 1322 1164 1395 publicas
1194 1323 1414 1395 gratias
1436 1322 1552 1377 Deo
1566 1322 1771 1377 redde-

132 1416 221 1465 ret.
253 1411 562 1466 Satisfecit
590 1412 831 1467 Cesaris
861 1412 1163 1485 imperatis
1209 1411 1534 1467 incredibili
1566 1410 1770 1466 alacri-

131 1504 233 1555 tate
251 1505 501 1556 sanctus
522 1501 854 1573 episcopus,
876 1502 1052 1575 idque
1074 1502 1397 1558 Theodosio
1422 1500 1773 1573 significavit

131 1589 270 1645 datis
310 1588 557 1658 litteris,
588 1590 650 1645 in
708 1591 925 1663 quibus
984 1590 1066 1645 sic
1121 1590 1415 1662 loquitur:
1478 1592 1772 1662 Epistolam

123 1680 334 1749 ριὶνωιιές
386 1683 501 1733 tum
548 1679 722 1734 altari
776 1681 1030 1752 imposui,
1086 1680 1261 1750 ipsam
1313 1682 1521 1750 gestavi
1575 1696 1769 1748 manu,

125 1783 239 1821 cum
257 1769 520 1839 offerrem
546 1769 922 1838 sacriﬁcium;
955 1772 1014 1822 ut
1042 1767 1173 1839 ﬁdes
1219 1773 1316 1823 tua
1361 1771 1421 1823 in
1476 1784 1599 1823 mea
1646 1784 1771 1824 voce

125 1856 450 1927 loqueretur,
484 1860 547 1911 ut
576 1859 755 1928 apices
779 1858 1020 1948 riu-gusti
1040 1947 1045 1948 γ
1066 1856 1425 1948 sacerdotalis
1478 1858 1769 1948 oblationis
1799 1884 1846 1948 Β

121 1961 337 2000 manere
363 1947 741 2016 fungerentur
768 1945 959 2016 (epist.
989 1946 1101 2015 61).
1125 1945 1343 2001 Deinde
1375 1946 1569 2017 ipsum
1599 1946 1765 2001 enixe

122 2034 468 2099 obtestatur,
481 2039 549 2089 ut
564 2034 639 2089 iis
660 2034 761 2106 qui
782 2034 1145 2107 Eugenianas
1161 2040 1356 2107 partes
1372 2035 1555 2090 secuti
1577 2038 1744 2090 erant

120 2123 483 2196 ignosceret;
516 2123 773 2178 maxime
800 2139 936 2178 vero
967 2123 1015 2179 si
1047 2141 1160 2179 non
1209 2123 1452 2179 alterius
1500 2124 1767 2179 criminis

121 2212 376 2268 admisso
405 2215 772 2267 tenerentur.
806 2212 951 2267 Huic
997 2211 1251 2284 epistolae
1299 2212 1525 2282 adjecta
1555 2218 1647 2268 est
1675 2228 1764 2267 se-

121 2301 303 2356 cunda
333 2301 534 2373 (epist.
569 2301 685 2369 62),
712 2305 770 2356 et
801 2317 936 2355 mox
962 2300 1164 2355 tertia:
1200 2301 1301 2356 sed
1350 2300 1512 2356 illam
1546 2301 1762 2373 iniqui-

118 2394 201 2445 tas
226 2394 576 2463 temporum
605 2389 948 2461 intercepit;
980 2389 1101 2445 haec
1131 2406 1262 2445 vero
1295 2407 1414 2462 qua
1460 2390 1630 2446 venia
1649 2388 1767 2446 illis

119 2479 583 2551 postulatur,qui
616 2479 687 2534 ad
718 2478 1094 2534 ecclesiarum
1116 2478 1344 2552 asylum
1361 2479 1764 2553 confugerant,

118 2570 183 2623 ad
212 2573 487 2624 nostram
512 2571 743 2623 aetatem
774 2572 1113 2623 conservata
1140 2567 1404 2632 est.Quin
1427 2569 1602 2623 etiam
1635 2567 1767 2640 pius

119 2657 379 2724 antistes,
413 2656 511 2712 his
543 2674 660 2712 non
700 2660 1029 2725 contentus,
1061 2656 1414 2729 Aquileiam,
1445 2662 1510 2711 ut
1556 2656 1768 2712 asserit

117 2744 394 2801 Paulinus
448 2746 533 2816 (in
596 2747 710 2800 Vita
764 2746 950 2801 Ambr.
1010 2764 1068 2800 n.
1121 2746 1235 2817 31),
1294 2747 1541 2818 ipsemet
1586 2745 1766 2801 adivit

116 2833 595 2907 imperatorem,a
622 2851 737 2906 quo
767 2833 1053 2906 quidquid
1082 2834 1624 2907 petiit,consecutus
1655 2840 1765 2890 est.

118 2924 299 2995 Hujus
332 2923 625 2996 principis
655 2922 1024 2979 clementiam
1049 2923 1107 2978 in
1138 2923 1337 2979 hostes
1374 2923 1554 2978 victos
1580 2928 1764 2979 certa-

117 3013 218 3068 tim
247 3012 505 3068 laudant
552 3010 854 3077 Paulinus,
886 3012 1268 3084 Augustinus,
1301 3012 1560 3079 Orosius,
1594 3011 1762 3068 Clau-

118 3099 345 3165 dianus,
379 3104 565 3171 atque
605 3098 742 3153 alii:
776 3099 875 3153 scd
925 3099 1268 3170 adjunctum
1318 3101 1612 3171 quoddam
1647 3117 1764 3155 me-

120 3193 301 3243 morat
328 3187 1050 3258 Ambrosius,neutiquam
1082 3188 1394 3260 indignum
1426 3190 1579 3261 quod
1612 3190 1762 3244 refe-

119 3281 275 3331 ratur
331 3295 347 3332 :

119 3367 423 3431 victoriam,
458 3374 641 3420 tamen
670 3367 802 3437 quia
832 3365 1004 3421 hostes
1031 3368 1295 3437 prostrati
1316 3375 1465 3433 sunt,
1495 3368 1764 3422 abstinuit

116 3470 149 3507 α
184 3457 456 3510 consortio
512 3463 1003 3525 sacramentorum,
1051 3454 1216 3511 donec
1251 3457 1470 3511 Domini
1514 3458 1661 3511 circa
1706 3473 1763 3512 se

117 3545 353 3609 gratiam
417 3544 668 3613 ﬁliorum
732 3545 1077 3615 experiretur
1155 3544 1387 3599 adventu
1454 3545 1550 3615 (De
1614 3545 1761 3600 obitu

124 3634 169 3685 Τ
167 3631 319 3686 head.
352 3632 539 3702 n.3li).
571 3631 749 3686 Nobis
779 3648 948 3704 porro
980 3648 1095 3686 non
1127 3630 1441 3687 difficulter
1470 3632 1601 3704 quis
1632 3649 1761 3705 per-

119 3721 365 3775 suaserit
387 3720 665 3775 eumdem
696 3720 1073 3777 Ambrosium
1121 3721 1222 3792 qui
1268 3720 1594 3777 Theodosio
1640 3728 1760 3777 tam

122 3808 342 3866 fervens
369 3810 643 3865 hortator
680 3809 864 3866 fuerat
916 3811 989 3865 ad
1047 3810 1438 3879 clementiam,
1467 3815 1760 3867 auctorem

122 3896 359 3970 insuper
388 3899 466 3954 ob
496 3898 748 3954 effusum
778 3899 1125 3972 sanguinem
1176 3900 1227 3954 ei
1279 3900 1460 3956 fuisse
1490 3901 1562 3955 ad
1613 3901 1763 3957 hanc

121 3985 367 4042 scelestis
396 3988 752 4043 sacramenti
784 3988 1220 4043 abstinentiam.

190 4075 308 4130 137.
349 4076 555 4130 Redux
585 4075 894 4131 Mediolani
923 4080 1161 4132 sanctus
1209 4077 1543 4149 episcopus,
1575 4079 1756 4133 Enar-

121 4164 372 4219 rationes
402 4181 546 4220 suas
578 4164 823 4233 (Admon.
857 4168 917 4219 in
963 4167 1162 4221 Enarr.
1196 4168 1254 4222 in
1297 4164 1477 4239 psal.)
1525 4167 1583 4221 in
1611 4167 1764 4239 psal-

124 4268 246 4309 mos
290 4270 466 4322 ων,
495 4270 687 4321 ιχκνι,
719 4269 934 4322 xnvn,
982 4272 1215 4319 xxxvm,
1265 4272 1435 4310 xxxrx
1465 4259 1523 4311 et
1568 4273 1659 4323 XL,
1693 4256 1763 4312 de

123 4348 398 4414 suggestu
430 4342 850 4415 pronuntiavit.
887 4344 953 4398 In
983 4343 1099 4398 illis
1146 4343 1301 4399 enim
1332 4360 1467 4399 cum
1499 4343 1761 4400 Theodo-

125 4431 294 4486 sianze
324 4448 395 4488 ex
440 4432 704 4504 Eugenio
745 4432 994 4487 victoriae
1038 4434 1139 4488 ﬁat
1190 4432 1428 4500 mentio,
1461 4434 1620 4505 ipsas
1664 4437 1765 4489 aut

128 4519 232 4574 sub
265 4520 439 4576 tinem
471 4520 777 4592 praesentis
809 4520 969 4588 anni,
992 4526 1093 4576 aut
1138 4522 1248 4577 sub
1297 4521 1531 4576 initium
1558 4523 1762 4578 subse-

130 4609 311 4663 cuturi
344 4609 578 4665 habitas
609 4624 739 4664 esse
769 4625 884 4663 non
915 4608 1290 4682 ambigimus.

196 4696 314 4752 138.
374 4699 502 4767 (ΑΝ.
536 4697 690 4765 395.)
745 4696 865 4752 Hoc
921 4714 1072 4754 anno
1131 4699 1368 4754 ineunte
1418 4699 1765 4755 Ambrosius

132 4788 321 4841 noster
346 4787 730 4842 acerbissimo
754 4784 953 4841 dolore
982 4786 1277 4842 confectus
1298 4791 1547 4853 est,cum
1580 4787 1765 4842 Theo-

131 4871 340 4942 dosius,
372 4892 546 4947 quem
580 4888 699 4929 non
738 4873 914 4929 modo
944 4877 1222 4946 tanquam
1277 4873 1546 4929 Ecclesiae
1574 4874 1765 4947 impe-

134 4960 309 5035 riique
337 4963 606 5020 columen
640 4978 881 5035 semper
909 4967 1230 5035 aspexerat,
1261 4964 1359 5019 sed
1383 4964 1559 5020 etiam
1592 4981 1765 5036 quem

134 5050 217 5105 sui
262 5052 742 5110 amantissimum
799 5067 1105 5123 nunquam
1166 5068 1282 5107 non
1336 5057 1620 5119 senserat,
1651 5054 1769 5109 vita

137 5136 380 5196 decessit.
412 5142 492 5199 De
523 5141 691 5198 illius
723 5138 893 5195 obitu
925 5139 1009 5193 sic
1039 5139 1321 5195 Paulinus
1349 5139 1640 5212 loquitur:
1665 5143 1771 5198 Nec

138 5227 242 5295 diu,
270 5230 447 5305 inquit
478 5233 561 5307 (in
597 5232 726 5289 Vita
754 5228 972 5296 Ambr.,
1004 5245 1062 5283 n.
1100 5229 1210 5299 32),
1242 5231 1505 5301 susceptis
1544 5231 1678 5301 ﬁliis
1709 5233 1769 5286 in

140 5314 362 5389 Ecclesia,
401 5326 453 5381 et
516 5321 759 5380 traditis
819 5317 1112 5385 sacerdoti,
1164 5320 1225 5373 in
1288 5317 1390 5373 hac
1454 5320 1575 5374 luce
1635 5322 1767 5392 fuit.

136 5408 436 5472 Ambrosius
504 5429 650 5471 vero
722 5406 907 5464 illum
985 5405 1306 5479 principem
1381 5408 1452 5463 ad
1522 5416 1769 5465 mortem

134 5513 281 5576 usque
305 5507 523 5563 amoris
555 5504 621 5560 in
658 5516 730 5557 se
786 5494 1128 5551 testimonia
1178 5496 1515 5553 exhibuisse
1552 5503 1770 5570 .aperte

127 5590 371 5668 signiﬁcat
400 5596 499 5654 his
554 5588 796 5669 paucis
843 5580 1077 5640 verbis:
1128 5585 1315 5641 Dilexi
1342 5588 1544 5666 virum,
1580 5586 1773 5659 inquit

121 5688 277 5758 quinae
292 5689 349 5746 in
368 5684 668 5763 supremis
685 5676 820 5736 suis
867 5672 1066 5729 ultimo
1111 5675 1312 5746 spiritu
1332 5674 1645 5747 requirebat
1675 5676 1773 5745 (De

1886 784 2119 841 Oriente
2148 787 2217 842 ad
2252 791 2475 858 patrem
2507 790 2764 842 extremo
2794 802 2903 842 suo
2933 785 3137 841 morbo
3165 784 3530 843 laborantem

1881 878 2141 941 venerat,
2171 876 2518 947 priusquam
2548 877 2678 947 ejus
2717 892 2931 947 corpus
2960 875 3528 948 Constantinopolim

1882 963 1956 1018 ad
1988 963 2259 1035 sepulcra
2287 964 2662 1019 decessorum
2710 964 3128 1036 imperatorum
3160 965 3522 1033 transferret,

1882 1051 2025 1107 illud
2059 1052 2287 1109 funebri
2318 1070 2533 1125 pompa
2560 1053 2618 1107 in
2652 1052 2897 1109 ecclesia
2917 1052 3337 1109 Mediolanensi
3361 1069 3526 1109 cura-

1879 1140 1963 1195 vit
1988 1141 2283 1197 honorari.
2318 1142 2578 1198 Praesens
2620 1142 2731 1197 fuit
2774 1142 2931 1197 idem
2986 1141 3085 1197 ille
3126 1142 3397 1215 princeps
3428 1140 3523 1198 his

1880 1232 2243 1285 caeremoniis
2266 1235 2371 1298 (De
2397 1232 2549 1288 obitu
2590 1231 2778 1287 Theod.
2829 1248 2995 1286 num.
3048 1232 3141 1302 3);
3176 1235 3233 1286 et
3259 1230 3388 1303 ipso
3417 1247 3522 1286 au-

1880 1316 2095 1385 diente,
2128 1336 2262 1375 cum
2294 1320 2521 1391 regium
2552 1337 2765 1392 corpus
2794 1325 2929 1376 ante
2959 1319 3139 1376 altare
3168 1323 3323 1376 esset
3345 1318 3524 1375 collo-

1879 1408 2286 1476 catum,nobili
2317 1409 2495 1465 simul
2526 1415 2582 1465 et
2606 1409 2938 1467 Christiana
2966 1410 3230 1466 oratione
3258 1409 3527 1467 Theodo-

1880 1498 1952 1554 sii
1983 1499 2228 1554 virtutes
2255 1498 2515 1553 laudavit
2562 1499 2928 1555 Ambrosius.
2972 1501 3096 1565 Quo
3154 1499 3215 1554 in
3263 1499 3526 1571 epicedio

1879 1604 2013 1642 cum
2070 1587 2342 1643 victorias
2398 1588 2471 1643 ab
2529 1604 2595 1643 eo
2646 1587 2910 1661 principe
2966 1587 3278 1644 salutiferae
3336 1587 3528 1644 crucis

1880 1676 2161 1732 beneficio
2182 1680 2377 1747 partas
2399 1675 2800 1743 celebraret,in
2830 1676 3094 1748 ejusdem
3126 1676 3525 1733 inventionem

1877 1764 1991 1821 late
2014 1766 2317 1838 digressus
2347 1769 2439 1821 est
2478 1765 2643 1835 (Ibid.
2676 1783 2736 1821 n.
2768 1767 2864 1834 42,
2908 1775 2961 1821 et
2989 1766 3145 1841 seq.).
3178 1765 3266 1820 Ad
3300 1769 3521 1836 postre-

1879 1871 2042 1909 mum
2077 1871 2210 1910 vero
2240 1859 2496 1909 mentem
2532 1854 2765 1910 Honorii
2815 1872 3062 1911 maerore
3112 1874 3227 1914 non
3248 1858 3357 1915 levi
3390 1878 3523 1934 pro-

1874 1948 2074 2015 pterea
2095 1944 2402 2014 dejectam,
2426 1943 2581 2015 quod
2606 1944 2717 1998 sibi
2741 1943 2920 2000 {unus
2949 1945 3202 2017 patrium
3237 1948 3523 2006 Constan-

1872 2032 2180 2105 tinopolim
2213 2049 2401 2104 usque
2428 2033 2703 2105 prosequi
2735 2052 2837 2106 per
2882 2033 3110 2105 imperii
3144 2038 3523 2096 necessitates

1871 2122 2114 2178 minime
2142 2121 2576 2191 liceret,solatio
2601 2122 2933 2179 demulcere
2952 2124 3008 2178 in
3032 2125 3163 2197 ipsa
3192 2128 3509 2198 peroratio-

1874 2228 1946 2267 ne
1973 2215 2221 2268 conatus
2251 2216 2340 2268 est
2359 2211 2517 2279 (Ibid.
2552 2229 2715 2268 num.
2746 2214 2819 2268 55
2847 2217 2903 2268 et
2931 2214 3045 2285 56).

1946 2301 2068 2356 139.
2102 2300 2415 2357 Theodosii
2448 2305 2695 2356 mortem
2727 2303 2882 2373 apud
2916 2302 3223 2358 Paulinum
3242 2305 3520 2364 continuo

1874 2388 2085 2462 excipit
2113 2406 2413 2445 sacrorum
2435 2389 2801 2461 lipsanorum
2826 2390 3053 2446 Nazarii
3086 2409 3153 2448 ac
3183 2392 3334 2450 Celsi
3366 2412 3522 2452 mar-

1872 2483 2069 2550 tyrum
2129 2478 2401 2534 revelatio
2450 2478 2622 2534 beato
2680 2479 2926 2534 antistiti
2986 2480 3267 2538 divinitus
3327 2484 3524 2542 afﬂatu

1876 2566 2190 2639 (Paulin.in
2222 2572 2283 2623 γ.
2314 2566 2670 2623 Ambr.num.
2704 2567 2775 2622 32
2804 2572 2861 2623 et
2891 2570 3060 2641 seq.),
3092 2574 3150 2626 et
3181 2574 3522 2630 corumdem

1875 2657 1934 2712 in
1955 2655 2260 2712 basilicam
2278 2656 2688 2728 Apostolorum
2715 2657 2786 2712 ab
2813 2656 2937 2730 ipso
2963 2657 3254 2716 celebrata
3278 2660 3527 2719 transla-

1879 2746 1975 2801 tio.
2010 2746 2169 2801 Idem
2198 2746 2448 2816 scriptor
2477 2750 2765 2801 memorat
2812 2763 3276 2821 energumenum
3326 2751 3399 2806 ab
3428 2766 3525 2808 eo-

1874 2834 2008 2889 dem
2039 2838 2239 2889 sancto
2268 2833 2421 2889 inter
2449 2833 2912 2892 concionandum
2945 2854 2979 2893 a
3020 2838 3283 2895 daemone
3313 2838 3525 2897 libera-

1874 2928 1999 2978 tum
2057 2923 2277 2991 fuisse;
2312 2927 2370 2978 et
2426 2941 2559 2979 mox
2627 2926 2935 2999 subjungit
2987 2942 3247 2999 quonam
3308 2928 3524 2985 indicio

1871 3017 2105 3068 sanctas
2135 3011 2411 3084 reliquias
2433 3012 2526 3085 pio
2566 3013 2802 3085 praesuli
2830 3015 3110 3072 revelatas
3141 3033 3269 3073 esse
3300 3016 3522 3076 intelli-

1871 3105 2124 3173 geretur,
2163 3100 2259 3156 bis
2286 3100 2480 3156 verbis
2523 3099 2808 3173 loquens:
2841 3104 2944 3158 Sed
2992 3103 3091 3160 hoc
3133 3110 3254 3160 erat
3294 3108 3521 3175 signum

1870 3194 1921 3245 et
1957 3191 2185 3245 revelati
2224 3190 2512 3260 martyris,
2560 3191 2613 3245 si
2656 3199 2875 3246 sanctus
2926 3193 3172 3248 sacerdos
3216 3194 3287 3249 ad
3340 3195 3520 3251 locum

421 3277 568 3345 Quid
622 3276 764 3349 quod
826 3254 1171 3349 praeclaram,
1210 3254 1461 3350 "inquit,
1535 3278 1761 3350 adeptus
1790 3254 1835 3317 (ἶ
1873 3278 1942 3333 ad
1970 3295 2129 3349 quem
2158 3254 2443 3348 nunqudm
2472 3282 2635 3333 antea
2678 3280 2880 3348 fuerat,
2930 3284 3149 3335 oratum
3190 3282 3318 3337 isset
3349 3282 3509 3354 (ibid.

1869 3383 2036 3422 num.
2092 3367 2205 3435 33).
2240 3367 2586 3421 Sanctorum
2644 3370 2842 3422 autem
2898 3367 3148 3424 istorum
3200 3386 3511 3443 corporum

1869 3460 2095 3529 partem
2124 3471 2239 3509 non
2275 3453 2562 3510 modicam
2591 3455 2968 3513 Ambrosium
3000 3457 3153 3514 dono
3175 3458 3411 3518 misisse
3438 3463 3512 3519 ad

1870 3548 2142 3601 sanctum
2174 3540 2485 3599 Paulinum
2517 3543 2672 3599 Nolis
2704 3548 2843 3601 tunc
2873 3548 3275 3621 presbyterum
3306 3566 3374 3606 ex
3403 3550 3514 3609 huc

1860 3635 1963 3706 jus
1988 3633 2176 3706 ipsius
2206 3631 2465 3687 carmine
2494 3633 2922 3706 cognoscimus,
2956 3636 3057 3692 ubi
3088 3637 3333 3697 dicitur:

2053 3750 2149 3815 Hic
2176 3752 2232 3815 et
2258 3747 2761 3815 Nazariusmartyr,
2792 3764 2954 3815 quem
2984 3765 3206 3804 munere
3235 3754 3343 3806 ﬁdo

2058 3812 2259 3861 Nobilis
2292 3812 2557 3880 Ambrosii
2588 3812 2859 3880 substrata
2886 3819 3067 3880 mente
3097 3818 3423 3880 recepi,etc.

2284 3875 2359 3937 (S.
2392 3873 2557 3933 Paul.,
2590 3874 2759 3923 Poem.
2792 3877 2869 3935 2t,
2896 3876 2961 3926 de
2986 3878 3112 3929 Nat.
3143 3880 3199 3928 S:
3219 3873 3350 3939 Γέι..
3383 3883 3455 3936 9.)

1871 3990 1984 4046 Sed
2014 3992 2072 4044 et
2101 3989 2195 4045 bis
2235 3987 2501 4059 reliquiis
2550 3989 2696 4045 alias
2754 4006 2988 4063 quoque
3042 3992 3144 4048 SS.
3172 3993 3417 4051 Protasii
3448 4012 3516 4051 ac

1870 4078 2127 4133 Gervasii
2154 4077 2384 4133 additas
2417 4076 2596 4132 fuisse
2612 4077 2768 4133 idem
2792 4079 3070 4136 Paulinus
3091 4080 3511 4155 indicat(epist.

1869 4168 1980 4240 32),
2030 4167 2102 4222 ad
2160 4170 2435 4221 Severum
2494 4165 2777 4235 scribens,
2838 4168 3007 4239 cujus
3063 4167 3228 4225 locus
3286 4171 3513 4227 consuli

1870 4260 2083 4329 potest.

1944 4346 2066 4400 140.
2098 4344 2244 4400 Huic
2265 4343 2440 4400 etiam
2466 4343 2733 4416 tempori,
2768 4348 2870 4400 aut
2907 4344 3115 4402 saltem
3146 4363 3264 4404 non
3295 4352 3517 4408 remoto

1872 4432 2111 4489 attribui
2144 4433 2358 4489 debent
2387 4449 2688 4489 sermones
2718 4433 2758 4489 ii
2785 4450 2933 4506 quos
2972 4435 3238 4494 redactos
3291 4438 3350 4494 in
3382 4437 3517 4496 libri

1872 4522 2122 4577 formam
2143 4522 2254 4576 sub
2275 4520 2447 4576 titulo
2494 4520 2627 4576 libri
2678 4523 2755 4577 De
2800 4523 3049 4579 Nabuthe
3086 4528 3385 4585 Jesraclita
3412 4528 3518 4586 ho-

1796 4618 1842 4682 D
1872 4610 2082 4681 dieque
2112 4610 2339 4666 volvere
2368 4609 2505 4666 licet
2560 4611 2808 4683 (Admon.
2867 4614 2930 4667 in
2986 4613 3132 4670 hunc
3188 4616 3334 4690 lib.).
3383 4616 3519 4675 Illos

1875 4715 2176 4754 sermones
2208 4698 2404 4754 dedita
2460 4715 2638 4771 opera
2692 4700 2992 4759 habendos
3036 4701 3148 4760 sibi
3193 4708 3519 4779 praposuit,

1874 4790 2001 4842 tum
2032 4793 2099 4842 ut
2128 4786 2422 4842 crudelem
2455 4787 2701 4843 divitum
2760 4788 2853 4845 sui
2899 4792 3181 4864 temporis
3211 4794 3525 4868 castigaret

1876 4875 2198 4942 avaritiam,
2229 4882 2357 4932 tum
2389 4882 2455 4932 ut
2484 4894 2771 4949 pauperes
2801 4877 2861 4932 in
2887 4878 3207 4937 tolerandis
3254 4881 3379 4938 suis
3410 4882 3521 4938 mi-

1876 4963 2045 5019 seriis
2068 4964 2397 5020 sublevaret
2425 4981 2491 5019 ac
2523 4965 3131 5030 solaretur.Quantum
3161 4967 3407 5041 inopum
3438 4970 3523 5026 af-

1877 5053 2145 5108 ﬁceretur
2173 5053 2560 5109 incommodis
2588 5057 2645 5110 et
2692 5053 3149 5124 calamitatibus,
3193 5056 3426 5114 abunde
3454 5074 3526 5115 ex

1878 5142 2120 5198 Paulino
2152 5143 2231 5213 (in
2270 5144 2323 5198 V.
2355 5144 2541 5198 Ambr.
2573 5160 2738 5198 num.
2773 5144 2862 5215 40)
2894 5143 3302 5216 cognoscitur:
3330 5162 3523 5220 neque

1880 5231 2037 5287 ullus
2068 5231 2325 5303 profecto
2358 5232 2667 5286 dubitandi
2699 5231 2863 5287 locus
2880 5232 3131 5305 estquin
3161 5231 3523 5308 locupletum

1880 5318 2187 5376 hominum
2220 5318 2644 5387 inhumanitas,
2678 5336 2805 5392 quas
2836 5323 2969 5393 post
2996 5321 3304 5380 decessum
3344 5324 3528 5383 Theo-

1881 5408 2031 5465 dosii
2060 5409 2238 5464 crevit
2267 5408 2327 5463 in
2360 5408 2740 5475 immensum,
2772 5425 2872 5465 eas
2922 5410 3189 5482 querelas
3235 5429 3305 5469 ex
3334 5413 3526 5488 ipsius

1882 5514 1979 5555 ore
2009 5497 2261 5571 coegerit
2289 5513 2616 5569 erumpere,
2649 5514 2798 5570 quas
2826 5498 2984 5555 intra
3015 5503 3216 5572 pectus
3238 5503 3367 5574 jam
3397 5521 3526 5563 con-

1882 5589 2067 5643 tinere
2097 5604 2210 5642 non
2243 5586 2395 5659 potis
2422 5590 2566 5643 erat.

1953 5676 2077 5732 Mi.
2098 5677 2205 5732 AN.
2238 5676 2390 5749 396.)
2421 5676 2540 5734 Hoc
2565 5693 2719 5734 anno
2770 5679 2880 5737 sub
2908 5679 3216 5739 oonsulatu
3247 5698 3529 5742 novorum
