3938 6214
368 344 484 416 H9

1735 353 1838 419 DE
1881 354 1945 419 S.
1991 351 2390 421 AMBROSIO

3650 354 3776 422 {’20

369 486 792 560 imperatorum
819 487 1050 546 Arcadii
1073 494 1247 563 atque
1265 490 2006 563 HonoriicxemplumPau-
2037 489 2094 556 Α
2123 489 2250 558 fuit,
2276 490 2419 548 satis
2442 487 2783 565 singulatim
2811 486 2944 548 illos
2972 491 3250 548 recenset.
3283 487 3348 548 In
3379 486 3602 548 eisdem
3631 506 3768 549 vero

368 575 527 632 linus
560 583 755 632 narrat
787 579 866 647 (In
905 583 971 635 V.
1006 580 1188 634 Ambr.
1245 599 1406 636 num.
1440 583 1528 646 34)
1588 581 1810 635 editum
1860 596 2008 647 esse,

369 682 484 737 quo
516 667 666 722 Deus
694 667 816 736 ipse
867 669 1279 734 manifestavit,
1313 687 1490 740 quam
1542 669 1886 725 inviolatum
1925 685 2012 723 ec-

370 754 682 810 clesiarum
733 757 961 826 asylum
1011 774 1136 812 esse
1187 763 1465 829 oporteat.
1501 760 1646 814 Nam
1703 757 2010 813 Cresconio

371 844 627 914 quodam
659 861 692 899 a
725 844 1008 900 militibus
1061 862 1128 899 ex
1181 845 1436 900 Ecclesia
1485 862 1586 916 per
1641 845 1758 899 vim
1791 847 2006 914 erepto,

371 949 504 987 cum
527 932 802 1002 injuriam
827 933 1084 988 locorum
1111 951 1409 989 sacrorum
1430 938 1756 1006 prostratus
1779 933 1848 988 ad
1873 933 2012 988 alta-

369 1039 429 1076 re
459 1020 682 1094 lugeret
713 1023 1078 1087 Ambrosius,
1114 1041 1372 1079 reversos
1404 1024 1462 1077 in
1493 1024 1712 1078 circum
1737 1021 1869 1078 illos
1899 1022 2011 1077 mi-

369 1108 503 1165 lites
534 1110 791 1183 leopardi
824 1112 1209 1168 laniaverunt.
1245 1113 1322 1168 Eo
1367 1113 1494 1184 ipso
1523 1113 1649 1168 loco
1677 1113 1829 1167 idem
1862 1112 2010 1166 Pau-

369 1198 529 1254 linus
557 1200 638 1272 (in
654 1202 769 1256 Vita
789 1202 1424 1276 Ambr.,num.35),post
1446 1203 1692 1258 amicam
1708 1201 1866 1256 illam
1890 1217 2012 1254 cor-

368 1288 715 1360 reptionem,
749 1308 864 1362 qua
910 1292 1300 1358 Theodulum,
1349 1292 1696 1347 Mutinensis
1744 1289 2009 1345 Ecclesia:

367 1386 572 1452 postea
610 1382 970 1452 episcopum,
1024 1382 1268 1452 proximi
1319 1381 1521 1453 lapsus
1569 1381 2012 1437 commonefecit

367 1474 606 1525 sanctus
637 1470 729 1524 hic
762 1475 978 1533 noster,
1002 1471 1296 1535 subnectit
1327 1471 1539 1541 regina:
1570 1469 2008 1525 Marcomanno-

367 1575 498 1613 rum
531 1560 600 1613 ad
633 1559 1007 1613 Ambrosium
1052 1557 1424 1631 legationem.
1461 1558 1562 1612 Illa
1605 1558 1828 1630 regina,
1861 1557 2012 1614 sicut

366 1645 634 1719 perhibet
654 1646 867 1702 citatus
893 1651 1115 1711 auctor,
1147 1648 1464 1702 vocabatur
1494 1647 1740 1716 Fritigil,
1766 1663 1894 1717 quas
1926 1647 2008 1702 fa-

367 1752 525 1791 mam
557 1735 850 1790 Ambrosii
878 1753 1013 1790 cum
1047 1735 1384 1801 audivisset,
1419 1737 1600 1791 missis
1649 1735 2010 1790 Mediolanum

365 1825 686 1879 muneribus
713 1824 782 1878 ad
833 1825 1135 1889 ecclesiam,
1185 1840 1286 1894 per
1339 1825 1540 1893 legatos
1586 1824 1902 1894 postulavit,
1950 1829 2010 1878 ut
2041 1859 2087 1922 B

365 1915 588 1984 scriptis
613 1915 784 1984 ipsius
815 1915 1050 1983 qualiter
1079 1913 1294 1968 credere
1330 1913 1561 1977 deberet,
1596 1915 2004 1983 informaretur.

365 2001 446 2056 Ad
476 2018 637 2072 quam
667 2003 762 2056 ille
801 2002 1085 2072 epistolam
1133 2003 1262 2071 fecit
1314 2003 1646 2073 praeclaram
1693 2003 1748 2056 in
1789 2003 2007 2058 modum

366 2091 684 2146 catechismi
712 2091 868 2157 (Ibid.
895 2109 1058 2145 num.
1092 2090 1201 2162 37).
1233 2091 1506 2147 Dolemus
1537 2091 1828 2147 interiisse
1858 2092 2007 2147 hanc

367 2179 928 2251 epistolam,quippe
961 2197 1075 2250 qua
1105 2180 1272 2248 lecta,
1295 2184 1456 2234 tanto
1488 2180 1774 2236 desiderio
1807 2181 2008 2236 viden-

368 2268 426 2323 di
460 2269 749 2324 Ambrosii
785 2268 1004 2341 Fritigil
1039 2269 1337 2333 exarserit,
1374 2273 1436 2323 ut
1490 2285 1617 2323 eam
1668 2269 1739 2323 ob
1769 2286 2007 2324 causam

367 2362 421 2412 et
455 2357 706 2428 ipsemet
732 2358 953 2412 venerit
985 2356 1378 2412 Mediolanum
1405 2373 1417 2410 :
1453 2357 1552 2412 sed
1587 2374 1721 2412 cum
1755 2374 1870 2412 non
1893 2357 2008 2412 nisi

367 2450 501 2518 post
530 2446 764 2500 obitum'
785 2445 969 2500 sancti
1001 2445 1269 2517 praesulis
1298 2445 1438 2501 illuc
1479 2446 1854 2518 pervenisset,
1888 2450 2009 2500 tan-

367 2538 492 2590 tum
523 2533 740 2589 laboris
770 2533 1068 2589 incassum
1101 2534 1296 2589 cessit.

438 2625 560 2678 H2.
595 2623 895 2678 Limenius
925 2623 1378 2678 Vercellensium
1429 2625 1738 2696 episcopus
1788 2628 1846 2679 et
1877 2641 2006 2680 suc-

365 2729 565 2768 cessor
594 2713 780 2767 sancti
812 2712 1068 2778 Eusebii,
1100 2711 1327 2768 circiter
1359 2713 1467 2768 hoc
1497 2717 1731 2784 tempus
1762 2718 2010 2770 mortem

365 2801 698 2874 oppetiit.1n
731 2801 1075 2856 sufficiendo
1107 2801 1190 2856 illi
1237 2817 1571 2857 successore
1601 2802 1791 2858 clerus
1822 2819 1887 2858 ac
1917 2820 2014 2875 po-

368 2889 544 2962 pulus
570 2889 728 2944 illius
759 2889 923 2944 urbis
955 2889 1145 2944 abiere
1167 2889 1227 2944 in
1248 2890 1437 2945 varias
1466 2894 1659 2962 partes
1691 2895 1864 2963 atque
1886 2896 2009 2947 stu-

369 2977 487 3044 dia,
513 2982 570 3031 et
598 2977 932 3033 diutissime
953 2977 1259 3034 convenire
1280 2979 1430 3034 inter
1455 2996 1516 3034 se
1539 2996 1651 3034 non
1686 2979 2010 3036 valuerunt.

372 3066 846 3134 Ambrosius,ubi
878 3066 986 3122 hoc
1016 3067 1267 3133 rescivit,
1301 3065 1542 3123 moleste
1574 3067 1735 3123 tulit:
1762 3085 2014 3141 cumque

373 3155 444 3210 ad
477 3153 693 3226 ipsum,
727 3160 792 3209 ut
825 3161 953 3227 pote
983 3155 1522 3227 metropolitanum,
1557 3157 1736 3227 hujus
1784 3157 2012 3213 dissidii

2121 580 2261 635 illud
2291 585 2592 636 ostensum
2625 579 2922 652 singulare
2952 580 3222 652 est,quod
3252 580 3602 637 Ambrosius
3629 597 3769 636 cum

2118 669 2361 724 Paulino
2395 670 2506 741 ipsi
2541 669 2751 741 psalmi
2781 687 2914 725 xuu
2941 670 3370 726 enarrationem
3401 668 3665 736 dictaret,
3690 669 3765 725 ab

2118 775 2184 814 eo
2212 759 2375 814 visus
2405 763 2494 814 est
2524 759 2760 830 igneum
2787 758 2988 813 orbem
3008 757 3108 829 qui
3139 758 3305 829 prius
3335 757 3614 814 antistitis
3643 775 3768 814 ver-

2119 847 2216 902 tici
2249 846 2651 918 superpositus
2701 851 3069 918 apparuerat,
3103 846 3325 902 sensim
3375 847 3531 903 intra
3559 853 3768 918 pectus

2119 951 2221 1007 per
2251 953 2315 992 os
2352 936 2657 991 hausisse:
2693 936 2847 1007 quod
2897 952 3031 991 eum
3082 935 3498 992 vehementiori
3553 935 3766 991 divina

2119 1023 2419 1079 charitatis
2449 1025 2650 1079 ardere
2690 1024 2958 1080 incendio
3008 1023 3398 1096 significabat.
3433 1025 3504 1080 Et
3533 1040 3674 1080 sane
3701 1025 3765 1080 in

2117 1117 2374 1169 extremo
2404 1113 2502 1168 illo
2531 1114 2658 1168 vitae
2689 1114 2875 1185 spatio
2892 1118 3213 1186 eruperunt
3243 1114 3467 1186 majora
3495 1114 3766 1186 quaedam

2116 1201 2400 1258 virtutum
2431 1203 2559 1274 ejus
2579 1201 2914 1258 testimonia
2933 1201 3202 1275 :insignis
3219 1201 3500 1258 nimirum
3522 1203 3766 1258 modes—

2117 1291 2210 1346 tiae
2242 1296 2654 1364 argumentum
2681 1297 2789 1358 est,
2823 1290 2976 1363 quod
3009 1290 3193 1346 sacris
3235 1289 3446 1346 litteris
3479 1291 3764 1363 interpre-

2119 1379 2314 1435 tandis
2344 1380 2627 1451 imparem
2668 1396 2730 1435 se
2780 1396 2908 1435 esse
2953 1378 3364 1450 profitebatur:
3402 1396 3506 1435 nec
3563 1378 3767 1435 minus

2119 1468 2299 1523 divini
2319 1469 2422 1524 zeli
2447 1469 2755 1533 indicium,
2779 1468 2932 1541 quod
2958 1472 3162 1523 contra
3183 1467 3490 1524 haereticos
3509 1471 3567 1523 et
3594 1467 3766 1524 Aria-

2118 1558 2540 1631 nosimprimis
2571 1559 2642 1612 ad
2682 1557 2956 1613 ultimum
3000 1556 3275 1628 spiritum
3320 1573 3582 1629 pugnare
3611 1574 3767 1614 nun-

2119 1662 2294 1716 quam
2342 1646 2691 1702 intermisit:
2726 1646 2976 1718 denique
3023 1646 3081 1700 in
3141 1645 3249 1700 hoc
3301 1645 3520 1702 effulsit
3573 1645 3767 1718 ipsius

2119 1734 2374 1790 charitas
2405 1736 2463 1790 in
2479 1752 2712 1808 gregem
2733 1734 3094 1806 suum,quod
3117 1735 3498 1806 praeparando
3521 1735 3594 1790 ad
3609 1735 3770 1806 ejus-

2118 1824 2248 1879 dem
2284 1841 2455 1880 usum
2488 1823 2735 1896 spiritali
2768 1823 2983 1896 pabulo
3015 1823 3371 1878 immortuus
3401 1827 3509 1878 est.

2189 1913 2310 1968 445.
2346 1913 2639 1969 Ambrosii
2691 1912 2809 1968 vita
2867 1912 3167 1968 meditatio
3223 1911 3432 1968 mortis
3481 1911 3768 1969 continua

2117 2002 2387 2068 fuerat,et
2416 2003 2610 2076 ipsum
2660 2006 2793 2058 ante
2831 2017 3140 2074 corporum
3186 2000 3440 2057 Gervasii
3466 2017 3533 2058 ac
3562 2002 3765 2058 Prota-

2117 2092 2188 2148 sii
2207 2097 2528 2165 martyrum
2553 2091 2994 2147 translationem
3035 2089 3106 2144 de
3135 2087 3362 2146 tumulo
3393 2091 3639 2162 suojam
3664 2106 3766 2147 co-

2116 2183 2335 2254 gitasse
2363 2181 2563 2253 illique
2586 2180 2781 2237 locum
2803 2177 3201 2251 designavisse
3240 2179 3432 2250 (epist.
3464 2179 3560 2248 22,
3593 2195 3765 2236 num.

2116 2272 2228 2342 l3),
2259 2270 2622 2342 exploratum
2649 2275 2756 2326 est.
2783 2273 2974 2340 Atque
3001 2268 3144 2323 adeo
3195 2267 3394 2323 nullus
3452 2267 3770 2324 mirabitur

2117 2359 2270 2431 quod
2304 2358 2858 2431 supremainstante
2905 2357 3094 2428 ipsius
3143 2356 3286 2412 hora
3333 2356 3577 2412 candide
3636 2357 3768 2413 suis

2118 2449 2231 2504 ista
2251 2448 2461 2504 dixerit
2489 2466 2502 2503 :
2535 2448 2651 2503 Non
2701 2449 2780 2503 ita
2820 2448 2965 2502 inter
3018 2461 3106 2501 vos
3138 2447 3277 2512 vixi,
3337 2453 3397 2500 ut
3446 2445 3646 2516 pudeat
3675 2462 3771 2500 me

2117 2539 2331 2593 vivere:
2364 2553 2465 2591 nec
2493 2538 2653 2591 timeo
2679 2537 2841 2601 mori,
2868 2537 2999 2608 quia
3043 2535 3338 2590 Dominum
3367 2533 3568 2589 bonum
3596 2534 3773 2590 habe-

2117 2643 2240 2681 mus
2270 2625 2451 2696 (Paul.
2486 2627 2546 2681 in
2589 2625 2644 2681 V.
2697 2624 2880 2680 Ambr.
2931 2639 3095 2678 num.
3134 2622 3246 2693 45).
3311 2621 3473 2686 Quod
3524 2622 3773 2695 quidem

2119 2714 2339 2770 dictum
2369 2729 2716 2786 magnorum
2745 2711 3002 2767 virorum
3054 2708 3502 2764 admirationem
3532 2725 3778 2782 semper

2119 2803 2406 2870 excitavit,
2439 2807 2494 2858 et
2553 2799 2867 2874 Augustini
2911 2817 3025 2872 pra:
3075 2799 3339 2854 caeteris:
3373 2798 3444 2853 de
3475 2797 3582 2853 hoc
3605 2797 3777 2854 enim

2121 2890 2422 2948 Possidius
2452 2891 2535 2948 sic
2565 2893 2812 2946 testatus
2844 2892 2932 2945 est
2958 2905 2971 2944 :
3007 2891 3075 2944 Et
3111 2888 3173 2942 in
3201 2887 3307 2955 his,
3339 2885 3552 2958 inquit,
3583 2890 3782 2943 noster

2122 2981 2458 3050 Augustinus
2486 2996 2654 3035 senex
2678 2979 2906 3034 climata
2939 2993 3002 3032 ac
3049 2975 3249 3030 librata
3306 2973 3690 3030 admirabatur
3722 2984 3779 3032 et

2126 3069 2381 3124 laudabat
2410 3069 2576 3124 verba
2605 3069 2789 3139 (Poss.
2821 3068 2882 3121 in
2914 3065 2968 3121 V.
3001 3065 3229 3135 August.
3263 3079 3389 3134 cap.
3419 3062 3532 3134 27).
3562 3062 3778 3120 Causa:
3853 3117 3867 3128 ,

2124 3163 2319 3214 autem
2349 3158 2528 3228 hujus
2542 3153 2947 3212 admirationis
2969 3153 3122 3226 apud
3145 3151 3416 3207 eumdem
3433 3151 3778 3209 Possidium

374 3224 652 3299 correctio
689 3224 1019 3316 pertineret,
1051 3224 1240 3300 eidem
1272 3245 1536 3301 Ecclesiae
1563 3224 1821 3317 amplam
1845 3247 2013 3316 juxta
2043 3224 2085 3290 Ο
2123 3247 2302 3302 videri
2333 3224 2598 3318 possunt.
2631 3246 2746 3300 Nec
2773 3249 2967 3298 tamen
3000 3224 3114 3297 alia
3135 3258 3261 3313 qua:
3293 3257 3327 3295 a
3355 3239 3596 3296 Paulino
3618 3257 3778 3313 quo-

367 3349 435 3388 ac
464 3332 790 3404 elegantem
836 3334 1071 3406 scripsit
1117 3334 1423 3405 epistolam
1458 3335 1653 3407 (Epist.
1707 3337 1818 3407 63).
1854 3336 1915 3390 In
1944 3352 2011 3390 ea

366 3421 763 3478 Vercellenses
794 3423 864 3477 ad
897 3439 1097 3495 pacem
1121 3440 1185 3477 ac
1209 3423 1494 3479 mentium
1527 3424 1803 3479 unitatem
1829 3423 2012 3497 gravi-

364 3515 454 3566 ter
483 3510 898 3577 bortatur,tum
923 3513 992 3566 ad
1013 3511 1383 3584 explicandas
1405 3529 1503 3567 eas
1517 3513 1679 3568 dotes
1699 3517 1872 3585 atque
1894 3514 2008 3568 vir-

365 3603 685 3671 tutes,quae
719 3599 775 3653 in
803 3600 1110 3654 candidato
1146 3600 1408 3670 ejusdem
1443 3601 1811 3674 episcopatus
1842 3603 2009 3659 debe-

363 3688 505 3742 bant
524 3687 957 3760 inesse,stylum
988 3693 1350 3754 convertens,
1369 3689 1450 3744 ita
1472 3689 1757 3761 loquitur:
1783 3692 1897 3747 Duo
1911 3710 2008 3763 pa-

361 3779 518 3843 riter,
552 3777 920 3848 inquit,e.rigi
948 3777 1548 3840 videntummonasterii
1566 3782 1922 3847 continentia,
1954 3785 2006 3836 et

361 3867 654 3938 disciplina
685 3868 934 3922 Ecclesiae
967 3866 1124 3936 (Ibid.
1159 3884 1321 3923 num.
1354 3868 1480 3936 66);
1515 3884 1581 3922 eo
1612 3869 1764 3939 quod
1796 3887 2005 3942 nempe

360 3955 470 4011 hoc
504 3959 819 4027 utrumque
849 3955 1185 4010 institutum
1235 3973 1269 4010 a
1316 3957 1482 4010 beato
1528 3958 1773 4012 Eusebio
1813 3959 1870 4013 in
1903 3959 2005 4016 illa

358 4043 616 4100 Ecclesia
645 4044 823 4099 simul
848 4046 1120 4115 junctum
1171 4048 1312 4098 erat.
1346 4045 1646 4100 Postremo
1679 4045 1735 4099 in
1768 4047 1999 4102 Sarma-

357 4133 575 4188 tionem
608 4137 664 4189 et
709 4133 1120 4188 Barbatianum
1172 4132 1466 4188 invehitur
1512 4133 1669 4203 (Ibid.
1717 4152 1880 4190 num.
1924 4137 1998 4207 7),

358 4221 678 4277 monachos
709 4227 1025 4293 apostatas,
1059 4223 1130 4276 de
1178 4222 1396 4293 quibus
1444 4223 1566 4291 jam
1612 4222 1836 4278 dictum
1867 4230 1994 4280 est:

354 4311 455 4383 qui
485 4309 779 4366 Vercellas
807 4315 1083 4366 venerant
1123 4328 1237 4365 non
1297 4314 1526 4365 tantum
1587 4310 1824 4368 haeresis
1878 4313 1995 4369 dis-

355 4399 714 4455 seminandae
765 4416 961 4466 causa,
995 4416 1196 4454 verum
1247 4399 1422 4454 etiam
1472 4399 1728 4456 fovendae
1776 4401 1999 4458 dissen-

353 4505 557 4544 SlOIllS.

2121 3353 2233 3408 que
2265 3337 2616 3402 referuntur,
2645 3333 2716 3388 de
2765 3331 2873 3387 hoc
2904 3334 3195 3403 postremo
3226 3328 3520 3384 Ambrosii
3551 3344 3778 3400 agone,

2120 3427 2318 3481 minus
2346 3423 2690 3480 admiranda
2712 3425 3000 3493 sunt,quze
3033 3417 3333 3474 brevitatis
3363 3432 3500 3488 ergo
3531 3422 3778 3488 praeter-

2118 3514 2431 3570 mittimus.
2465 3514 2652 3577 Quare
2702 3513 2767 3564 ut
2797 3507 3098 3564 veniamus
3145 3507 3215 3562 ad
3249 3505 3479 3560 beatam
3512 3509 3775 3564 mortem

2117 3603 2302 3660 sancti
2335 3599 2688 3675 praesulis,in
2717 3599 2842 3671 ipso
2870 3595 3116 3654 articulo
3167 3598 3408 3650 sanctus
3430 3593 3776 3652 Honoratus

2115 3692 2424 3765 episCOpus
2457 3683 3189 3754 Vercellensium,Limenii
3212 3699 3535 3751 successor,
3563 3681 3774 3740 divina

2113 3797 2249 3837 voce
2279 3786 2368 3836 ter
2395 3777 2751 3846 admonitus,
2785 3774 3041 3830 divinam
3071 3771 3500 3829 Eucharistiam
3534 3769 3586 3828 ei
3641 3773 3771 3828 mi~

2114 3869 2408 3926 nistravit:
2443 3883 2620 3940 quam
2670 3863 2847 3922 simul
2899 3867 3076 3934 atque
3121 3861 3214 3935 pie
3256 3860 3532 3932 suscepit,
3566 3859 3768 3932 ipsius

2113 3959 2310 4015 anima
2336 3958 2393 4012 in
2424 3947 2719 4012 caelestem
2773 3952 3022 4026 patriam
3067 3949 3315 4008 vinculis
3366 3949 3662 4021 corporeis
3697 3949 3770 4006 li-

2112 4047 2249 4103 bera
2280 4045 2544 4101 evolavit.

2189 4136 2305 4190 ltiti.
2341 4132 2717 4204 Prosequitur
2754 4135 2949 4184 autem
2997 4127 3153 4183 idem
3212 4123 3495 4181 Paulinus
3524 4125 3582 4180 in
3614 4141 3764 4183 eum

2109 4225 2376 4281 modum:
2439 4221 2566 4278 Inde
2616 4220 2685 4274 ad
2738 4219 3032 4274 Ecclesiam
3085 4230 3348 4286 majorem
3423 4213 3766 4270 antelucana

2105 4315 2242 4370 hora
2273 4329 2381 4384 qua
2408 4311 2692 4382 defunctus
2720 4315 2816 4375 est,
2866 4322 3058 4379 corpus
3088 4305 3266 4377 ipsius
3309 4306 3591 4375 portatum
3637 4308 3760 4359 est:

2106 4404 2294 4474 ibique
2325 4401 2509 4457 eadem
2536 4400 2644 4472 fuit
2699 4405 2869 4467 nocte,
2919 4412 3030 4468 qua
3069 4393 3418 4464 vigilavimus
3461 4393 3518 4447 in
3545 4391 3762 4464 pascha

2105 4490 2288 4563 (Paul.
2323 4492 2381 4544 in
2419 4491 2472 4545 V.
2506 4487 2688 4543 Ambr.
2721 4502 2884 4540 num.
2917 4484 3028 4556 48).
3062 4481 3285 4547 Quibus
3324 4479 3514 4536 verbis
3552 4483 3760 4552 aperte

426 4576 548 4631 143.
582 4575 728 4639 Quid
761 4577 1012 4631 ell‘ecerit
1041 4575 1142 4631 illa
1189 4576 1453 4648 epistola,
1487 4582 1851 4649 compertum
1876 4596 1991 4636 non
2021 4593 2069 4658 Ι)
2101 4579 2428 4636 ostenditur
2457 4576 2623 4631 illum
2655 4575 2880 4631 obitum
2913 4571 3023 4628 sub
3044 4575 3365 4628 extremam
3388 4568 3542 4658 feria:
3572 4572 3756 4658 sextae

351 4663 672 4719 habemus:
705 4681 905 4720 verum
934 4665 983 4719 si
1012 4665 1155 4720 ﬁdes
1185 4666 1492 4721 tribuenda
1539 4667 1616 4721 sit
1643 4667 1802 4722 Actis
1834 4669 1990 4724 Gau-

348 4751 530 4807 dentii
561 4752 951 4816 Novariensis,
987 4754 1222 4824 ipsimet
1266 4753 1573 4809 Ambrosio
1620 4756 1987 4826 proficiscen-

345 4841 487 4896 dum
515 4841 625 4894 fuit
655 4840 711 4894 in
746 4840 904 4895 illam
938 4843 1164 4909 urbem,
1190 4847 1254 4897 ut
1285 4842 1634 4898 dissidentes
1666 4843 1894 4900 animos
1915 4847 1988 4900 ad

343 4929 712 4984 concordiam
737 4935 1046 4985 revocaret.

414 5017 536 5074 4H.
567 5020 694 5089 (AN.
736 5020 885 5091 397.)
931 5019 1032 5074 llic
1084 5036 1276 5075 annus
1309 5018 1533 5073 felicem
1575 5019 1702 5074 vitae
1749 5021 1987 5077 Ambro-

340 5107 517 5163 sianaz-
550 5101 881 5163 coronidem
932 5109 1248 5180 imposuit:
1303 5108 1778 5180 quandoquidem
1828 5111 1983 5166 intra

340 5195 498 5252 illius
538 5214 776 5252 cursum
811 5203 1048 5253 sanctus
1100 5197 1409 5269 episcopus
1468 5204 1580 5252 tam
1614 5199 1981 5272 egregiarum

338 5284 621 5339 virtutum
655 5285 868 5356 quibus
899 5285 957 5340 in
991 5285 1245 5341 Ecclesia
1275 5303 1576 5358 nunquam
1628 5304 1743 5342 non
1771 5287 1980 5360 preclu-

337 5376 520 5437 xerat,
555 5376 755 5444 totque
776 5373 1042 5429 laborum
1068 5373 1576 5446 periculorumque
1607 5375 1978 5447 gravissimo-

338 5477 491 5527 rum,
526 5477 651 5531 quaa
684 5479 785 5532 pro
827 5462 1085 5518 Ecclesia
1131 5464 1513 5528 sustinuerat,
1546 5480 1580 5518 a
1611 5465 1725 5518 Deo
1757 5465 1977 5534 optimo

338 5548 592 5604 maxime
609 5550 845 5605 uberem
862 5553 1185 5606 mercedem
1203 5557 1508 5606 assecutus
1531 5556 1638 5606 est.
1673 5551 1974 5620 Paulinus,

337 5636 437 5709 qui
470 5636 812 5694 ultimorum
853 5643 1089 5693 actuum
1137 5636 1403 5708 ejusdem
1457 5639 1640 5694 sancti
1689 5642 1979 5710 spectator

2100 4673 2330 4725 noctem
2362 4666 2644 4732 evenisse,
2677 4680 2745 4718 ac
2775 4665 3041 4719 sanctum
3073 4675 3284 4732 corpus
3331 4662 3451 4714 toto
3490 4657 3754 4714 Sabbato

2101 4762 2159 4812 et
2189 4773 2376 4826 usque
2405 4755 2472 4810 ad
2510 4752 2826 4809 Matutinas
2847 4751 3023 4806 horas
3044 4746 3344 4804 Paschalis
3375 4745 3668 4802 mansisse
3686 4747 3753 4802 in

2098 4845 2299 4900 eadem
2341 4844 2562 4912 majore
2609 4838 2889 4896 basilica:
2926 4837 3080 4893 unde
3137 4833 3452 4907 colligitur,
3478 4849 3614 4889 cum
3645 4833 3752 4890 illo

2098 4950 2250 4989 anno
2284 4934 2669 4987 memoratum
2701 4929 2918 4983 festum
2963 4925 3024 4980 in
3055 4940 3238 4980 nonas
3269 4921 3487 4996 Aprilis
3519 4923 3755 4990 mensis

2095 5019 2384 5085 inciderit,
2409 5018 2594 5091 pridie
2633 5017 2827 5072 Nonas
2871 5014 3025 5070 diem
3073 5013 3284 5070 obiisse
3319 5013 3587 5067 sanctum
3620 5011 3752 5082 epi-

2095 5126 2359 5182 scopum,
2385 5107 2537 5179 quod
2572 5103 3116 5178 martyrologiorum
3149 5100 3415 5156 omnium
3448 5097 3750 5156 consensu

2092 5199 2268 5254 etiam
2295 5199 2695 5253 confirmatur.

2166 5289 2286 5344 147.
2319 5286 2443 5341 Non
2474 5286 2816 5357 ignoramus
2835 5281 3282 5338 Ambrosianam
3310 5280 3557 5335 mortem
3588 5296 3747 5336 non-

2091 5375 2205 5430 nisi
2234 5369 2860 5445 subsequentiannoin
2882 5367 3200 5425 Marcellini
3214 5366 3496 5423 Chronico
3528 5382 3751 5424 renun-

2090 5463 2242 5519 tiari.
2275 5463 2385 5518 Sed
2417 5479 2532 5517 non
2565 5462 2648 5516 ita
2677 5463 2943 5515 exactum
2975 5461 3064 5514 est
3110 5455 3254 5512 illud
3285 5455 3638 5525 Chronicon,
3671 5460 3749 5512 ut

2090 5569 2204 5607 non
2236 5551 2421 5607 multa
2447 5550 2635 5606 eidem
2667 5565 2821 5605 anno
2855 5565 3006 5621 saepe
3037 5545 3454 5617 ascribat,quse
3482 5548 3624 5599 sunt
3653 5544 3750 5600 di-

2087 5657 2388 5697 versorum
2413 5657 2425 5694 :
2451 5642 2509 5696 et
2539 5654 2570 5693 e
2591 5636 2881 5694 contrario
2913 5634 3100 5692 multa
3144 5632 3411 5702 diversis,
3443 5648 3570 5705 qua:
3597 5637 3747 5692 sunt
