3944 6216
211 297 322 374 181

1458 297 1808 367 samem
1847 298 2352 392 TESTIMONIA.

3491 304 3607 370 122

208 435 490 510 ejusdem.
523 434 631 506 Qui
659 453 793 496 vero
821 435 974 496 hanc
1012 440 1343 512 sequuntur
1389 435 1849 511 chronologiam,
1884 440 1936 506 Α
1967 436 2281 494 honoriﬁce
2311 436 2382 493 de
2409 433 2714 495 Ambrosio
2743 435 2830 495 illi
2851 436 3133 508 sentiunt,
3157 441 3214 496 et
3233 437 3607 514 disciplinam

209 543 342 584 cum
371 527 642 586 eumdem
675 527 899 584 obitum
923 528 982 584 in
1012 546 1084 585 xv
1114 528 1234 584 Kal.
1269 527 1453 584 Maias
1484 526 1852 583 referendum

209 621 492 689 cogantur
521 617 850 685 defendere,
902 635 1094 691 neque
1150 615 1376 673 idoneis
1425 615 1752 671 rationibus
1782 615 1854 670 ad

208 704 316 760 hoc
350 705 630 776 nitantur,
663 705 1210 779 martyrologiorum
1232 709 1291 761 et
1323 704 1708 760 Ecclesiarum
1740 704 1854 758 Me-

208 792 566 851 diolanensis
595 801 772 867 atque
803 795 1076 850 Romanis
1121 793 1310 866 magis
1341 793 1721 850 deferendum
1752 810 1854 848 au-

206 883 461 939 ctoritati
493 883 920 941 existimamus.

277 972 403 1027 148.
439 971 766 1028 Pretiosum
796 973 978 1045 igitur
1022 971 1210 1027 sancti
1241 971 1346 1026 viri
1401 971 1706 1027 decessum
1762 971 1856 1026 die

204 1062 258 1116 et
287 1077 470 1127 anno,
505 1077 652 1133 quos
675 1063 801 1132 jam
834 1061 1022 1116 eidem
1047 1061 1498 1134 assignavimus,
1522 1064 1857 1116 constanter

202 1148 520 1220 ponimus;
551 1150 748 1205 ethoc
798 1149 1101 1222 aptissime
1145 1149 1413 1206 convenit
1463 1165 1594 1204 cum
1631 1149 1855 1204 Paulini

198 1238 569 1304 testimonio,
603 1238 820 1294 diserte
858 1238 1192 1306 asserentis,
1245 1238 1483 1294 beatum
1532 1238 1858 1294 antistitem

198 1324 538 1383 Theodosio
566 1330 680 1399 fere
709 1325 1009 1384 trierinium
1040 1327 1413 1400 superstitem
1459 1327 1641 1383 fuisse
1671 1327 1855 1395 (Paul.

198 1415 251 1470 in
294 1415 423 1470 Vita
453 1415 638 1471 Ambr.
673 1434 815 1472 num
845 1417 958 1487 32},
1001 1415 1057 1472 id
1109 1422 1216 1484 est,
1267 1433 1381 1472 non
1440 1420 1630 1472 totum
1679 1415 1856 1472 trien-

198 1503 398 1558 nium.
439 1504 497 1559 Si
538 1503 692 1560 enim
742 1523 896 1561 anno
942 1509 1169 1560 tantum
1213 1505 1340 1560 398.
1373 1522 1444 1560 xv
1475 1505 1600 1560 Kal.
1652 1505 1858 1574 Maias,

196 1592 313 1647 vita
344 1591 590 1649 functus
615 1597 723 1657 est,
758 1593 912 1649 ultra
959 1593 1180 1648 dictum
1231 1593 1487 1666 spatium
1530 1594 1858 1650 Theodosio

198 1680 604 1752 supervixisse
633 1681 918 1738 dicendus
945 1683 1084 1738 erit:
1129 1699 1264 1738 cum
1312 1683 1465 1737 idem
1517 1683 1854 1751 imperator,

202 1775 266 1871 ut
288 1769 694 1871 ostendimus,
714 1786 914 1826 mense
934 1771 1214 1871 Januario
1243 1771 1515 1871 anni395
1544 1771 1854 1871 abierit‘ad
1892 1807 1938 1871 Β

203 1857 426 1928 plures.
487 1858 726 1914 Accedit
770 1875 836 1915 eo
895 1859 1206 1915 concilium
1241 1859 1695 1932 Carthaginense
1754 1859 1864 1914 boc

204 1946 330 2017 ipso
360 1963 521 2002 anno
553 1963 752 2004 mense
783 1947 1109 2020 Septembri
1143 1948 1408 2004 habitum
1443 1953 1636 2017 ((‘onc.
1672 1947 1855 2003 Carth.

207 2051 299 2092 an.
323 2035 481 2108 397),
517 2053 550 2091 a
597 2053 712 2108 quo
745 2053 1046 2096 successor
1092 2038 1386 2094 Ambrosii
1420 2037 1857 2110 Simplicianus,

209 2125 376 2196 quasi
420 2125 552 2196 ejus
603 2125 813 2182 throno
837 2127 962 2198 jam
1013 2127 1347 2200 impositus,
1406 2143 1509 2200 per
1552 2127 1860 2199 epistolam

211 2213 520 2270 consultus
551 2214 661 2270 fuit
685 2232 698 2283 ;
733 2215 832 2286 qui
855 2215 1011 2272 enim
1034 2221 1244 2287 putant
1264 2215 1712 2287 Simplicianum
1741 2221 1866 2271 tan-

211 2317 387 2374 quam
415 2303 609 2358 virum
642 2303 698 2358 in
731 2310 1078 2375 argumento
1109 2305 1264 2376 quod
1295 2306 1598 2377 agebatur,
1629 2320 1864 2376 pereru-

220 2391 430 2458 ditum,
464 2391 688 2446 vivente
709 2393 1036 2461 Ambrosio,
1061 2393 1394 2449 consultum
1417 2410 1564 2462 esse,
1590 2409 1694 2448 nec
1725 2392 1867 2460 satis

1963 543 2164 582 eorum
2185 531 2512 598 temporum
2531 527 2640 582 sibi
2659 545 2786 584 esse
2809 529 3054 602 probant
3071 529 3268 586 minus
3290 530 3606 601 cognitam.

2047 617 2158 670 ‘40.
2193 615 2298 671 Hic
2328 615 2667 671 omittemus
2718 616 2819 672 illa
2873 617 3176 685 miracula,
3234 635 3362 691 quis
3421 619 3608 676 sancti

1965 703 2191 759 obitum
2223 708 2536 760 consecuta
2584 709 2739 770 sunt,
2783 705 2997 778 quippe
3041 725 3168 780 quin
3218 707 3406 780 legere
3439 707 3611 765 liceat

1965 793 2120 864 apud
2175 791 2483 848 Paulinum
2537 794 2619 862 (in
2683 796 2807 849 Vita
2833 795 3018 850 Ambr.
3080 813 3243 852 num.
3275 798 3344 852 48
3372 802 3430 852 et
3461 801 3610 870 seq.)

1965 881 2221 937 Tametsi
2253 887 2446 937 autem
2507 883 2796 955 praecipue
2855 883 3022 939 nobis
3081 885 3391 941 consilium
3437 887 3613 942 fuerit

1962 970 2251 1025 Ambrosii
2329 971 2893 1026 commcntationum
2951 973 3216 1028 ordinem
3277 991 3343 1030 ac
3401 975 3610 1031 seriem

1963 1058 2215 1114 breviter
2270 1066 2592 1129 contexere,
2652 1063 2716 1114 ut
2775 1059 2910 1116 inde
2967 1060 3214 1118 lectores
3271 1063 3342 1118 ad
3409 1080 3610 1118 earum

1967 1147 2226 1202 studium
2259 1149 2702 1218 adjuvarentur;
2760 1148 2839 1204 ita
2897 1153 3092 1206 tamen
3131 1151 3316 1224 ipsius
3377 1152 3613 1225 scriptis

1965 1235 2117 1291 facta
2149 1253 2378 1308 quoque
2411 1253 2476 1292 ac
2508 1237 2748 1293 virtutes
2798 1239 3060 1310 ejusdem
3120 1257 3385 1296 connexa
3451 1244 3612 1308 sunt,

1968 1327 2033 1379 ut
2061 1323 2160 1379 illa
2198 1325 2455 1396 junctim
2491 1325 2706 1397 ubique
2763 1344 3086 1399 proponere
3146 1346 3454 1386 necessum
3508 1329 3611 1385 ha-

1967 1413 2291 1468 buerimus.
2351 1414 2576 1469 Passim
2635 1432 2891 1487 namque
2964 1417 3066 1471 tibi
3143 1424 3457 1474 occurrunt
3511 1423 3616 1474 aut

1968 1502 2252 1557 celsitudo
2293 1501 2392 1557 illa
2444 1502 2624 1556 animi
2679 1503 3002 1560 terroribus
3057 1521 3124 1560 ac
3183 1507 3456 1577 periculis
3514 1524 3616 1578 pro

1967 1590 2182 1646 Christi
2216 1596 2274 1646 et
2303 1589 2573 1646 Ecclesiae
2605 1608 2784 1647 causa
2816 1593 3016 1648 cedere
3046 1593 3248 1660 nescii,
3282 1599 3383 1649 aut
3413 1612 3616 1651 rursus

1968 1678 2253 1734 modestia
2285 1677 2544 1733 hominis
2576 1679 2718 1734 nihil
2753 1679 2864 1735 sibi
2903 1697 3153 1752 usquam
3205 1683 3615 1738 attribuentis:

1969 1768 2142 1822 modo
2172 1767 2465 1822 indefessa
2497 1768 2770 1838 pascendi
2800 1769 2994 1841 gregis
3043 1769 3392 1837 sollicitudo,
3445 1773 3617 1826 modo

1972 1855 2178 1930 vigiles
2235 1860 2438 1911 contra
2514 1856 2677 1912 dolos
2747 1856 3148 1912 haereticorum
3225 1858 3476 1914 excubiis
3553 1876 3621 1916 ac

1967 1944 2229 2001 labores:
2265 1944 2400 2000 alibi
2453 1961 2689 2000 summa
2745 1945 3080 2018 benignitas
3137 1963 3274 2020 erga
3331 1964 3618 2020 pauperes

1970 2038 2143 2106 atque
2195 2033 2473 2106 captivos,
2523 2033 2740 2106 ubique
2798 2035 3035 2090 demum
3096 2037 3376 2093 adversus
3434 2037 3618 2094 Deum

1972 2140 2181 2196 resque
2214 2123 2439 2178 divinas
2461 2122 2782 2196 singularis
2814 2122 2987 2196 plane
3019 2125 3276 2198 piestas;
3311 2144 3458 2198 quas
3490 2126 3618 2199 qui-

1974 2213 2104 2268 dem
2137 2212 2376 2267 virtutes
2431 2211 2778 2268 Christianis
2837 2213 3133 2278 omnibus,
3190 2214 3441 2271 maxime
3489 2232 3621 2271 vero

1976 2301 2376 2357 sacerdotibus
2407 2301 2719 2356 imitationi
2750 2319 2877 2358 esse
2909 2303 3197 2369 convenit,
3230 2308 3288 2358 et
3321 2321 3426 2360 nos
3457 2308 3620 2377 opta-

1980 2407 2136 2445 mus.

294 2672 1192 2842 SELECTA
1267 2673 2237 2842 VETERUM
2313 2671 3552 2840 TESTIMONIA

1172 2947 1322 3048 DE
1417 2947 1486 3053 S
1515 2943 1906 3052 aNC’l‘O
2012 2957 2067 3045 A
2093 2942 2684 3050 MBBOSIO.

194 3327 197 3329 _
293 3271 495 3328 Basilii
522 3289 594 3328 ac
617 3274 847 3344 epistola
873 3276 962 3341 55,
995 3291 1122 3347 quae
1149 3275 1220 3330 ad
1249 3276 1593 3332 Ambrosium
1622 3277 1800 3347 ipsum
1901 3271 1944 3337 C
1983 3269 2138 3325 enim
2194 3269 2413 3341 Spiritu
2473 3273 2674 3325 sancto
2731 3288 2845 3342 quo
2895 3271 3102 3343 plenus
3148 3278 3258 3341 est,
3290 3277 3348 3329 et
3387 3275 3631 3334 flumina

877 3349 1082 3418 scripta
1113 3352 1210 3402 est.

294 3428 451 3492 Quod
472 3431 767 3488 interioris
789 3433 1045 3491 hominis
1067 3436 1151 3490 tui
1176 3434 1669 3508 pulchritudidem
1693 3431 1868 3489 veluti

230 3533 292 3571 ex
344 3520 640 3593 variegata
705 3539 1042 3579 sermonum
1124 3525 1352 3597 pictura
1421 3523 1864 3595 cognovimus...

231 3604 620 3677 gloriﬁcamus
650 3609 831 3666 Deum
863 3618 1130 3668 nostrum
1165 3614 1263 3685 qui
1311 3613 1367 3668 in
1395 3611 1644 3684 singulis
1693 3627 1869 3684 gene-

232 3694 550 3752 rationibus
599 3714 698 3754 eos
749 3699 848 3772 qui
899 3701 1012 3756 sibi
1070 3701 1417 3774 placuerint,
1479 3700 1699 3774 deligit.
1761 3700 1867 3768 Qui

234 3781 358 3838 olim
382 3785 620 3856 quidem
640 3804 708 3842 ex
733 3790 1069 3862 pastoribus
1094 3791 1290 3846 ovium
1321 3789 1537 3863 populo
1569 3808 1674 3847 suo
1707 3791 1866 3863 prin-

233 3869 404 3943 cipem
477 3875 767 3944 excitavit,
837 3882 893 3933 et
948 3880 1125 3935 Amos
1184 3880 1254 3936 de
1307 3897 1482 3954 grege
1557 3897 1866 3953 caprarum

235 3966 521 4035 sumptum
569 3965 776 4037 spiritu
835 3984 941 4023 suo
998 3969 1292 4038 instruxit,
1350 3987 1506 4026 nunc
1561 3970 1752 4026 virum
1800 3987 1868 4026 ex

235 4049 364 4105 urbe
393 4050 574 4125 regia,
606 4054 697 4109 cui
733 4056 909 4112 totius
938 4057 1132 4130 gentis
1161 4057 1522 4132 principatus
1571 4060 1867 4116 concredi-

234 4141 321 4192 tus
372 4144 516 4211 erat,
571 4142 858 4214 sapientia
907 4146 1243 4216 sublimem,
1292 4148 1524 4221 generis
1581 4148 1864 4214 claritate,

235 4225 350 4282 vita:
375 4229 704 4301 splendore,
739 4235 940 4290 orandi
974 4235 1266 4303 facultate,
1317 4241 1372 4292 et
1404 4237 1579 4293 rebus
1628 4237 1864 4293 saecula-

237 4311 386 4370 ribus
459 4317 747 4377 illustrem
808 4323 878 4377 ad
957 4341 1202 4396 gregum
1271 4325 1485 4382 Christi
1564 4332 1866 4398 pasturam

237 4402 432 4471 traxit;
465 4407 566 4479 qui
594 4411 868 4481 projectis
901 4411 1080 4483 hujus
1116 4414 1244 4468 vitai
1289 4415 1499 4486 opibus
1551 4415 1863 4485 universis,

239 4505 440 4564 proque
487 4496 704 4554 damno
748 4499 967 4555 habitis
1011 4506 1076 4556 ut
1125 4502 1420 4560 Christum
1481 4503 1864 4571 luerifacerel,

239 4583 536 4666 commissa
566 4586 674 4640 sibi
711 4589 904 4662 magni
960 4607 1025 4645 ae
1066 4591 1325 4664 praeclari
1379 4592 1612 4666 navigii,
1673 4593 1860 4652 Eccle-

1977 3359 2049 3414 de
2104 3363 2304 3413 ventre
2363 3359 2492 3429 ejus
2549 3357 2732 3412 fluent
2790 3376 2958 3432 aqua:
3013 3360 3175 3425 vivae,
3234 3366 3293 3417 et
3348 3367 3628 3436 tanquam

1981 3447 2128 3501 Petri
2163 3445 2407 3517 apostoli
2440 3463 2764 3511 successor,
2795 3447 2921 3520 ipse
2967 3448 3076 3505 erit
3107 3467 3171 3505 os
3221 3451 3629 3509 universorum

1977 3535 2482 3590 circumstantium
2516 3535 2908 3592 sacerdotum.
2971 3537 3099 3594 Vide
3123 3541 3292 3594 etiam
3322 3546 3482 3596 tract.
3515 3559 3625 3615 seq.

1976 3623 2074 3677 ubi
2120 3625 2448 3680 inventionis
2495 3624 2588 3681 SS.
2637 3629 2948 3697 martyrum
2997 3627 3247 3684 Gervasii
3295 3645 3359 3685 ac
3387 3633 3628 3687 Protasii

1976 3714 2250 3768 meminit.

1975 3821 2299 3892 Hieronymi
2348 3838 2418 3876 ea:
2470 3822 2697 3893 epistola
2738 3822 2833 3888 22,
2875 3822 2944 3877 ad
2973 3824 3353 3895 Eustochium,
3381 3841 3500 3897 cap.
3537 3829 3623 3882 10.

2051 3927 2234 3998 Legas
2288 3927 2580 3982 Ambrosii
2633 3929 2817 3983 nostri
2871 3945 2998 4000 quas
3057 3947 3244 4001 nuper
3286 3932 3522 4002 scripsit
3552 3933 3623 3987 ad

1977 4031 2233 4069 sororem
2255 4013 2558 4086 opuscula,
2573 4014 2632 4069 in
2656 4015 2872 4087 quibus
2889 4021 3050 4072 tanto
3072 4035 3134 4072 se
3151 4017 3354 4073 etl‘urlit
3369 4017 3622 4090 eloquio,

1976 4107 2040 4158 ut
2073 4103 2357 4175 quidquid
2387 4103 2457 4157 ad
2489 4101 2694 4158 laudes
2723 4103 3013 4175 virginum
3038 4105 3308 4176 pertinet,
3342 4106 3626 4177 exquisie-

1975 4192 2071 4262 rit,
2105 4191 2473 4265 expresserit,
2508 4190 2813 4246 ordinarit.

2083 4297 2333 4369 Ejusdem
2363 4314 2433 4352 ex
2464 4297 2603 4353 libro
2629 4298 2704 4352 De
2729 4298 3084 4368 scriptoribus
3112 4299 3514 4356 ccclrmisticis.

2042 4386 2388 4441 Ambrosius
2449 4385 2904 4442 Mediolanensis
2961 4387 3290 4459 episcopus,
3343 4407 3529 4462 usque
3560 4391 3620 4447 in

1973 4480 2316 4548 praesentem
2349 4475 2503 4531 diem
2553 4476 2797 4530 scribit:
2831 4475 2902 4530 de
2952 4492 3086 4548 quo,
3143 4477 3284 4547 quia
3333 4485 3620 4552 superest,

1972 4581 2168 4620 meum
2219 4564 2512 4636 judicium
2578 4563 2968 4632 subtraham;
3031 4581 3104 4620 ne
3160 4567 3216 4620 in
3277 4567 3618 4625 alterutram

239 4663 326 4721 είω
377 4669 644 4730 videlicet
716 4642 2193 4754 De:VVinmﬁa;EggisawémgémlgﬁaDpartem
2253 4658 2353 4710 aut
2409 4653 2666 4710 adulatio
2727 4654 2786 4709 in
2830 4670 2924 4710 me
2981 4656 3462 4730 reprehendatur,
3520 4663 3623 4714 aut

238 4757 456 4830 accepit.
487 4763 607 4836 Age
635 4761 833 4836 igitur,
869 4783 901 4822 ο
933 4766 1072 4822 hom
1096 4785 1127 4823 ο
1159 4769 1280 4837 Dei,
1338 4771 1573 4842 quando
1623 4771 1862 4844 quidem

238 4857 339 4898 non
369 4847 437 4902 ab
489 4849 830 4910 hominibus
887 4856 1159 4929 accepisti
1189 4862 1292 4914 aut
1337 4859 1543 4914 doctus
1571 4876 1633 4916 es
1681 4861 1863 4918 Evan-

237 4930 434 5000 gelinm
491 4937 726 5007 Christi,
803 4943 905 4998 sed
982 4945 1108 5016 ipse
1154 4949 1211 5001 te
1270 4946 1615 5004 Dominuse
1669 4951 1863 5006 medio

230 5017 478 5085 judicum
509 5032 674 5084 terra:
702 5030 1082 5106 desumptum
1111 5035 1182 5090 ad
1218 5035 1552 5092 cathedram
1585 5039 1862 5110 apostoli-

237 5120 351 5163 cam
379 5116 696 5186 transtulit,
725 5123 835 5175 etc.

363 5215 650 5278 Gaudentii
687 5225 961 5302 _Bri.riani
1004 5231 1241 5302 episcopi
1271 5235 1505 5288 tractatu
1535 5233 1720 5287 habito

675 5297 732 5350 in
763 5297 851 5353 die
874 5314 993 5356 sum
1008 5297 1396 5357 ordinationis.

298 5370 533 5465 Obsecro
555 5398 928 5442 communem
965 5393 1186 5460 patrem
1231 5389 1604 5446 Ambrosium
1641 5396 1703 5447 ut
1732 5397 1862 5465 post

235 5459 486 5535 exiguum
516 5487 706 5527 rorem
749 5459 1038 5532 sermonis
1087 5478 1220 5545 mei,
1273 5479 1397 5550 ipse
1445 5477 1645 5552 irriget
1686 5483 1862 5538 corda

237 5555 409 5610 vestra
454 5557 780 5618 divinarum
835 5565 1126 5638 mysteriis
1177 5567 1532 5624 litterarum.
1566 5567 1725 5641 Loqu
1790 5589 1858 5626 ur

1973 4743 2205 4799 veritas.

2113 4851 2363 4922 Ejusdem
2391 4867 2462 4906 ex
2490 4851 2752 4922 Apologia
2801 4851 3060 4907 adversus
3101 4853 3474 4908 Jovinianum.

2043 4940 2202 5007 Quod
2238 4939 2286 4996 si
2319 4939 2410 4994 cui
2441 4956 2714 5011 asperum
2747 4944 2805 4996 et
2865 4939 3316 5010 reprehensione
3374 4938 3618 5010 dignum

1970 5027 2218 5097 videtur,
2251 5033 2472 5081 tantam
2517 5045 2622 5082 nos
2655 5027 2806 5082 inter
2854 5027 3246 5099 virginitatem
3279 5030 3336 5080 et
3382 5027 3618 5096 nuptias

1971 5115 2175 5170 fecisse
2206 5114 2566 5179 distantiam,
2591 5115 2981 5186 quantainter
3011 5117 3370 5170 frumentum
3402 5118 3458 5169 et
3488 5114 3618 5170 hor-

1971 5203 2143 5256 deum
2177 5207 2284 5270 est,
2315 5201 2471 5273 legat
2501 5203 2684 5257 sancti
2718 5203 3006 5259 Ambrosii
3041 5205 3110 5259 De
3167 5202 3346 5257 viduis
3376 5201 3613 5274 librum,

1971 5295 2026 5346 et
2056 5290 2306 5345 inveniet
2337 5288 2502 5342 illum
2536 5291 2686 5345 inter
2716 5295 2919 5346 caetera
2951 5309 3078 5363 quae
3101 5292 3172 5347 de
3203 5290 3532 5364 virginitate
3562 5298 3618 5348 et

1972 5378 2192 5451 nuptiis
2225 5375 2563 5447 disputavit,
2596 5379 2770 5432 etiam
2802 5379 2910 5435 hoc
2943 5381 3178 5436 dixisse.

2211 5481 2461 5554 Ejusdem
2490 5498 2559 5536 ea:
2589 5485 2819 5553 epistola
2847 5487 2936 5553 57,
2968 5488 3038 5542 ad
3071 5489 3381 5543 Damasum.

2041 5569 2319 5644 Quisquis
2344 5568 2454 5624 tria
2468 5569 2613 5636 haec,
2637 5569 2745 5624 hoc
2767 5575 2873 5640 est,
2897 5578 3014 5631 tres
3037 5575 3400 5648 hypostases,
3425 5575 3482 5629 id
3504 5579 3610 5641 est,
