3938 6214
360 334 473 400 123
1723 332 1826 394 DE
1870 333 1936 398 S.
1981 333 2383 402 AMBROSIO
3641 343 3764 412 124

355 466 1534 545 usiasdicit...jungaturcumBeatitudine
1552 467 1991 539 tuaUrsicinus,
2023 471 2078 538 Α
2106 476 2189 531 Ea:
2219 474 2316 532 lib.
2349 492 2426 546 v1,
2479 493 2598 550 cap.
2633 475 2686 548 1,
2721 477 2818 536 ubi
2861 477 2927 538 de
2967 478 3177 540 Μοηιεα
3203 489 3382 540 matre
3417 482 3498 540 ειη
3523 482 3754 542 scribit:

353 586 486 626 cum
508 564 814 625 Ambrosio
844 562 1099 621 societur
1127 558 1470 617 Auxentius.
1503 557 1672 614 Absit
1688 558 1795 614 hoc
1827 576 1860 614 a
1882 559 1994 614 Ro-
2186 565 2520 623 Studiosius
2549 569 2620 624 ad
2652 568 2968 627 Ecclesiam
3001 589 3250 641 currere,
3286 577 3344 628 et
3367 573 3426 628 in
3459 574 3759 630 Ambrosii

351 676 528 717 mana
557 660 690 727 ﬁde,
721 661 830 713 etc.
2111 672 2211 710 ora
2254 659 2535 730 suspendi
2562 660 2632 714 ad
2678 660 2895 718 fontem
2956 661 3218 718 salientis
3275 679 3438 735 aquae
3468 664 3541 718 ad
3572 663 3756 719 vitam

526 748 780 820 Ejusdem
808 763 876 802 ex
905 744 1131 816 epistola
1161 742 1249 806 65,
1282 739 1352 794 ad
1381 739 1813 794 PammaChium-
2106 750 2401 802 aeternam.
2436 748 2720 821 Diligebat
2748 754 2940 806 autem
2975 750 3143 806 illum
3172 752 3363 807 virum
3398 753 3552 808 sicut
3580 769 3756 826 ange-

417 841 614 912 Nuper
645 834 989 892 Ambrosius
1012 833 1094 887 sic
1115 827 1820 898 HexaemerumOrigenis
1842 843 1991 881 com-
2101 833 2224 889 lum
2257 835 2379 902 Dei,
2413 837 2566 908 quod
2600 854 2703 910 per
2757 838 2922 895 illum
2980 846 3328 912 cognoverat
3381 858 3476 897 me
3513 842 3750 898 interim

346 927 566 1001 pilavit,
593 932 656 982 ut
686 925 873 997 magis
891 920 1194 996 Hyppolyti
1219 917 1539 974 sententias
1560 914 1877 988 Basiliiquc
1907 932 1992 971 88-
2100 924 2172 978 ad
2205 923 2365 980 illam
2424 926 2737 998 ancipitem
2797 928 3235 986 ﬂuctuationem
3283 932 3409 1001 jam
3467 948 3596 987 esse
3624 948 3754 1004 per-

344 1021 637 1089 queretur.
2099 1013 2412 1070 ductum...
2463 1016 2664 1087 Itaque
2721 1033 2853 1072 cum
2885 1019 2958 1073 ad
3016 1019 3330 1074 memorias
3384 1024 3748 1087 sanctorum,

547 1105 795 1177 Ejusdem
823 1119 892 1157 ea:
921 1101 1144 1173 epistola
1175 1099 1264 1164 90,
1299 1097 1368 1151 ad
1397 1097 1779 1166 Augustinum.
2097 1101 2252 1158 sicut
2282 1103 2340 1157 in
2374 1104 2567 1160 Africa
2597 1105 2842 1172 solebat,
2875 1106 3067 1178 pultes
3097 1112 3153 1162 et
3184 1125 3393 1180 panem
3425 1113 3482 1164 et
3512 1126 3745 1164 merum

410 1197 668 1261 Quorum
728 1198 784 1248 εἴ
839 1190 1092 1263 Priorem
1143 1188 1452 1259 (θνίθιήθηῖ
1508 1185 1730 1254 scilicet)
1789 1186 1988 1239 noster
2095 1191 2409 1263 attulisset,
2463 1198 2638 1265 atque
2694 1195 2766 1250 ab
2813 1195 3049 1252 ostiario
3105 1197 3577 1267 prohiberetur...
3640 1198 3742 1253 ubi

339 1282 686 1340 Ambrosius
717 1281 774 1336 in
808 1279 1159 1352 quibusdam
1180 1281 1416 1331 secutus
1447 1277 1554 1328 est.

442 1390 692 1462 Ejusdem
723 1406 792 1444 ex
827 1387 1055 1459 epistola
1091 1383 1213 1449 l5l,
1247 1383 1316 1436 ad
1343 1383 1550 1449 Algas.,
1585 1380 1784 1447 Qua’st.
1818 1381 1872 1434 6.

405 1479 750 1535 Ambrosius
772 1473 1222 1532 Mediolanensis
1253 1472 1561 1542 episcopus
1596 1469 1735 1541 quid
1770 1469 1841 1523 de
1871 1467 1980 1523 hoc

330 1570 455 1626 loco
484 1569 750 1633 senserit,
785 1566 844 1620 in
877 1561 1325 1620 Commentariis
1355 1561 1484 1631 ejus
1516 1558 1704 1631 legere
1737 1557 1975 1630 poteris.

365 1659 616 1731 Ejusdem
645 1674 715 1713 ex
741 1656 1001 1727 Apologia
1033 1655 1085 1718 1,
1126 1652 1380 1706 adversus
1425 1650 1705 1719 Ruﬁnum,
1734 1663 1853 1717 cap.
1893 1653 1939 1702 t.

399 1748 459 1804 Si
489 1746 892 1804 auctoritatem
953 1741 1112 1814 operi
1154 1757 1260 1795 suo
1315 1738 1718 1811 praestruebat,
1779 1735 1976 1791 volens

2095 1283 2436 1353 comperita
2484 1282 2758 1355 praeclaro
2815 1284 3191 1357 praedicatore
3247 1290 3421 1358 atque
3479 1286 3744 1342 antistite

2092 1370 2327 1441 pietatis
2385 1377 2735 1445 praeceptum
2795 1391 2923 1430 esse
2955 1375 3038 1430 ita
3067 1391 3182 1430 non
3217 1374 3408 1430 fieri...
3455 1375 3744 1431 abstinuit

2091 1459 2518 1517 lubentissime.

2579 1553 2661 1607 Ea:
2689 1553 2872 1608 eodem
2908 1553 3003 1608 lib.
3036 1570 3154 1624 cap.
3187 1555 3240 1608 3.

2161 1639 2356 1710 Ipsum
2390 1641 2760 1696 Ambrosium
2797 1640 3020 1697 felicem
3077 1643 3390 1714 quemdam
3435 1642 3737 1699 hominem

2085 1727 2407 1782 secundum
2485 1729 2764 1785 saeculum
2831 1731 3133 1802 opinabar,
3192 1747 3365 1802 quem
3419 1731 3504 1788 sic
3559 1736 3736 1788 tanta:

328 1854 478 1911 quos
525 1839 886 1907 sequeretur,
938 1831 1275 1895 ostendere;
1335 1828 1542 1884 habuit
1599 1827 1656 1880 in
1703 1829 1972 1898 promptu
2005 1846 2052 1911 B
2082 1819 2402 1911 potestates
2432 1817 2813 1911 honorarent;
2851 1819 3155 1911 caelibatus
3185 1823 3380 1911 autem
3427 1821 3555 1911 ejus
3586 1821 3734 1876 mihi

325 1921 1522 1989 Hilarium...Ambrosium...etmartyrem
1540 1915 1972 1970 Victorinum...

326 2015 398 2070 de
428 2014 520 2069 his
551 2012 826 2068 omnibus
871 2014 1040 2075 tacet,
1069 2012 1125 2063 et
1155 2006 1322 2080 quasi
1373 2005 1660 2062 columnis
1706 2003 1974 2058 Ecclesia:

325 2102 755 2176 pratermissis,
781 2117 873 2156 me
895 2099 1086 2155 solum
1113 2097 1365 2170 pulicem
1389 2100 1444 2151 et
1474 2094 1641 2149 nihili
1671 2092 1968 2148 hominem

324 2209 428 2266 per
457 2191 704 2265 angulos
735 2191 1120 2246 consectatur.

707 2282 842 2335 Item
871 2295 943 2332 ex
979 2276 1261 2348 Apologia,
1295 2275 1349 2336 3,
1381 2290 1499 2345 cap.
1532 2273 1585 2327 3.

395 2372 510 2443 Ego
533 2387 649 2425 non
699 2367 964 2423 accusavi
997 2381 1176 2436 quare
1199 2364 1502 2435 Origenem
1539 2378 1642 2433 pro
1673 2359 1968 2416 voluntate

321 2457 726 2524 transtuleris;
786 2456 894 2510 hoc
952 2454 1108 2509 enim
1163 2458 1220 2508 et
1251 2453 1372 2523 ipse
1428 2451 1558 2518 feci,
1595 2454 1652 2505 et
1711 2455 1967 2505 anteme

319 2547 673 2613 Victorinus,
770 2543 1044 2609 Hilarius,
1134 2541 1594 2610 Ambrosiusque
1679 2540 1962 2596 fecerunt.

319 2637 517 2694 Eadem
548 2639 712 2691 etiam
740 2634 958 2689 dixerat
988 2634 1047 2686 in
1077 2631 1336 2702 Apologia
1364 2630 1422 2699 2,
1453 2645 1572 2699 cap.
1605 2630 1658 2682 4.

423 2725 675 2799 Ejusdem
721 2740 791 2780 ex
839 2722 1122 2787 Chronico,
1158 2719 1304 2773 Grut.
1340 2736 1403 2773 ιιι
1431 2720 1479 2773 ct
1510 2720 1688 2788 Equit.
1722 2733 1853 2772 coss.

387 2815 525 2870 Post
553 2812 819 2868 Auxentii
854 2827 1046 2866 seram
1077 2813 1348 2873 mortem,
1375 2805 1686 2861 Mediolani
1716 2807 1960 2862 Ambro-

315 2904 402 2960 sio
434 2903 771 2968 constituto,
823 2899 1016 2954 omnis
1048 2898 1120 2953 ad
1168 2901 1385 2952 rectam
1431 2895 1604 2950 ﬁdem
1638 2894 1802 2951 Italia
1831 2913 1962 2952 con-

313 2992 574 3048 vertitur.

409 3081 601 3151 Ruﬁni
630 3079 992 3150 Aquileiensis
1015 3075 1324 3148 presbyteri
1347 3090 1416 3130 ea:
1445 3073 1709 3130 lnvecliva
1739 3074 1777 3130 2
1805 3077 1866 3131 in

931 3151 1340 3219 Hieronymum.

2082 1904 2410 1961 laboriosus
2441 1905 2765 1962 videbatur.
2799 1908 2948 1974 Quid
2982 1912 3173 1962 autem
3207 1907 3303 1963 ille
3328 1909 3451 1980 spei
3485 1913 3732 1981 gereret,

2080 1997 2135 2048 et
2194 1995 2473 2050 adversus
2525 1995 2713 2067 ipsius
2763 1995 3117 2052 excellentiae
3166 2000 3530 2053 tentamenta
3586 1999 3731 2070 quid

2081 2082 2422 2138 luctaminis
2453 2083 2710 2153 haberet,
2761 2085 2969 2158 quidve
3017 2084 3322 2141 solaminis
3354 2088 3412 2140 in
3443 2087 3728 2154 adversis,

2080 2176 2136 2226 et
2167 2171 2460 2227 occultum
2495 2189 2559 2229 os
2591 2175 2720 2244 ejus
2751 2175 2905 2246 quod
2937 2178 3060 2230 erat
3087 2174 3147 2229 in
3180 2175 3351 2230 corde
3390 2177 3518 2246 ejus
3548 2193 3728 2248 quam

2079 2260 2284 2333 sapida
2313 2262 2528 2334 gaudia
2546 2263 2616 2318 de
2641 2279 2790 2334 pane
2815 2267 2916 2318 tuo
2938 2263 3282 2332 ruminaret,
3306 2280 3410 2318 nec
3438 2265 3729 2336 conjicere

2077 2367 2372 2418 noveram,
2408 2368 2513 2406 nec
2567 2357 2841 2424 expertus
2894 2369 3074 2408 eram.
3109 2354 3173 2408 Et
3204 2355 3354 2424 infra
3398 2354 3496 2408 hoc
3539 2354 3728 2410 eodem

2073 2441 2265 2511 capite.
2301 2442 2408 2496 Sed
2471 2444 2624 2497 certe
2653 2441 2816 2498 nulla
2865 2442 3118 2498 dabatur
3165 2441 3332 2513 copia
3387 2442 3727 2499 sciscitandi

2075 2546 2201 2601 qum
2233 2529 2540 2600 cupiebam
2573 2530 2643 2586 de
2676 2533 2797 2585 tam
2830 2536 3029 2587 sancto
3062 2530 3295 2587 oraculo
3326 2535 3446 2597 tuo,
3493 2536 3726 2603 pectore

2073 2617 2299 2673 illius...
2330 2618 2400 2673 Et
2424 2634 2556 2673 eum
2591 2619 2826 2690 quidem
2850 2620 2906 2674 in
2941 2620 3152 2692 populo
3190 2621 3430 2676 verbum
3459 2622 3724 2678 veritatis

2072 2711 2226 2761 recte
2257 2710 2606 2763 tractantem
2629 2708 2837 2764 Domni
2864 2709 2958 2764 die
2979 2709 3271 2765 dominico
3293 2709 3630 2776 audiebam;
3666 2715 3724 2766 et

2072 2795 2262 2867 magis
2292 2795 2596 2868 magisque
2627 2796 2773 2851 mihi
2803 2797 3261 2852 confirmabatur
3289 2814 3492 2853 omnes
3522 2815 3724 2855 versu-

2069 2887 2262 2939 tarum
2310 2883 2739 2939 calumniarum
2792 2888 2997 2954 nodos,
3044 2903 3192 2958 quos
3239 2886 3323 2941 illi
3380 2887 3720 2959 deceptores

2069 2972 2254 3028 nostri
2312 2973 2590 3028 adversus
2630 2972 2858 3030 divinos
2907 2973 3090 3030 libros
3122 2974 3510 3044 innectebant,
3544 2993 3720 3048 posse

2068 3061 2328 3117 dissolvi.

2563 3151 2646 3206 Ea:
2673 3151 2856 3207 eodem
2878 3152 2974 3208 lib.
3006 3169 3125 3224 cap.
3158 3154 3210 3206 8.

379 3240 582 3296 Virum
617 3238 862 3310 (lacerat)
893 3237 1049 3292 omni
1107 3215 1494 3291 admiratione
1543 3234 1783 3307 dignum
1817 3236 1952 3286 Am-
1986 3215 2028 3281 α
2137 3241 2207 3294 Et
2245 3243 2369 3295 erat
2414 3240 2836 3295 monasterium
2889 3215 3194 3296 Mediolani
3248 3241 3485 3314 plenum
3543 3243 3716 3300 bonis

308 3330 572 3386 brosium
604 3328 967 3401 episcopum,
1000 3325 1100 3397 qui
1133 3341 1246 3380 non
1281 3323 1471 3379 solum
1501 3322 1954 3379 Mediolanensis

304 3418 597 3484 Ecclesiae,
625 3434 825 3472 verum
865 3416 1036 3470 etiam
1093 3413 1357 3470 omnium
1403 3411 1796 3468 Ecclesiarum
1854 3427 1952 3465 co-

305 3509 510 3564 lumna
539 3506 806 3578 quaedam
829 3508 885 3558 et
915 3503 1092 3558 turris
1123 3499 1595 3574 inexpugnabilis
1641 3501 1816 3556 fuit...
1851 3500 1949 3571 qui

305 3597 377 3652 ad
410 3594 793 3650 Ecclesiarum
826 3592 926 3647 Dei
957 3591 1201 3663 gloriam
1235 3590 1453 3645 electus
1485 3606 1517 3644 a
1549 3589 1664 3644 Deo
1693 3592 1815 3644 est:
1850 3589 1949 3660 qui

306 3685 367 3740 in
427 3686 741 3755 conspectu
801 3680 1026 3736 Domini
1086 3679 1312 3735 locutus
1369 3682 1477 3744 est,
1518 3677 1578 3732 in
1635 3681 1948 3750 conspectu

306 3776 746 3846 persecutorum
806 3785 1030 3841 regum,
1081 3772 1137 3824 et
1168 3784 1281 3822 non
1311 3771 1400 3822 est
1456 3767 1756 3821 confusus.
1810 3771 1949 3822 Am-

306 3861 542 3918 brosius
571 3864 808 3915 sanctus
831 3858 902 3912 de
922 3856 1142 3929 Spiritu
1165 3859 1364 3911 sancto
1388 3872 1500 3909 non
1521 3853 1709 3910 solum
1737 3855 1948 3922 verbis,

307 3951 409 4007 sed
441 3954 497 4006 et
526 3948 812 4020 sanguine
843 3963 949 4002 suo
983 3944 1245 4018 scripsit;
1302 3943 1515 3998 obtulit
1554 3944 1708 3999 enim
1754 3961 1948 4015 perse-

305 4039 604 4096 cutoribus
635 4037 983 4109 sanguinem
1014 4052 1210 4100 suum,
1244 4050 1417 4106 quem
1456 4034 1513 4088 in
1545 4050 1608 4089 se
1637 4034 1816 4088 fudit:
1847 4033 1947 4088 sed

307 4146 341 4184 a
393 4129 509 4184 Deo
567 4127 639 4183 ad
693 4127 838 4182 alios
909 4124 1101 4181 adhuc
1172 4124 1578 4179 reservabatur
1649 4121 1946 4177 labores...

305 4220 572 4274 sanctum
605 4215 794 4271 virum
815 4213 1213 4280 Ambrosium,
1247 4213 1418 4283 cujus
1440 4211 1632 4267 adhuc
1663 4211 1949 4284 przeclaraa

303 4307 432 4362 vitae
463 4303 745 4361 memoria
773 4304 830 4358 in
862 4303 1075 4357 animis
1104 4301 1369 4358 omnium
1399 4300 1574 4372 viget.

555 4393 864 4462 Augustini
891 4408 961 4446 ex
985 4391 1084 4446 lib.
1114 4409 1149 4445 v
1181 4390 1418 4460 Con/ess.
1460 4404 1577 4460 cap.
1612 4390 1698 4445 l3.

374 4481 519 4537 Veni
554 4481 946 4536 Mediolanum
1001 4479 1071 4533 ad
1112 4478 1487 4532 Ambrosium
1520 4478 1860 4551 episcopum
1892 4479 1949 4533 in

2065 3329 2343 3384 fratribus
2391 3332 2552 3384 extra
2582 3329 2746 3384 urbis
2803 3329 3020 3385 mmnia
3072 3330 3182 3385 sub
3235 3331 3542 3387 Ambrosio
3598 3349 3714 3387 nu-

2062 3418 2283 3473 tritore.

2609 3507 2692 3562 Ex
2722 3507 2816 3563 lib.
2853 3525 2928 3574 IX,
2963 3524 3077 3580 cap.
3110 3509 3164 3562 6.

2133 3596 2276 3651 Cum
2307 3596 2542 3652 Justina
2569 3596 2961 3652 Valentiniani
3014 3598 3166 3670 regis
3198 3597 3360 3670 pueri
3391 3602 3580 3654 mater
3606 3599 3715 3654 ho-

2061 3686 2280 3741 minem
2337 3691 2506 3741 tuum
2565 3685 2939 3742 Ambrosium
2993 3691 3436 3758 persequeretur
3465 3687 3712 3745 haeresis

2060 3793 2178 3831 suae
2211 3792 2407 3840 causa,
2441 3792 2558 3847 qua
2606 3774 2794 3830 fuerat
2846 3775 3086 3831 seducta
3139 3777 3211 3831 ab
3240 3775 3503 3832 Arianis:
3539 3794 3712 3833 excu—

2059 3865 2236 3920 babat
2275 3863 2370 3936 pia
2428 3862 2593 3936 plebs
2652 3863 2709 3918 in
2769 3863 3045 3929 Ecclesia,
3103 3864 3248 3919 mori
3310 3871 3512 3938 parata
3567 3883 3706 3922 cum

2058 3953 2328 4025 episcopo
2360 3971 2465 4008 suo
2495 3969 2656 4008 servo
2687 3957 2851 4010 tuo...
2885 3954 3046 4009 Tunc
3071 3953 3271 4026 hymni
3303 3958 3360 4010 et
3399 3954 3608 4027 psalmi
3639 3960 3711 4010 ut

2059 4045 2408 4097 canerentur
2425 4041 2749 4097 secundum
2773 4058 2993 4097 morem
3017 4042 3395 4098 Orientalium
3421 4045 3706 4116 partium,

2059 4147 2131 4185 ne
2161 4129 2412 4202 populus
2443 4130 2710 4186 mmroris
2759 4131 2928 4186 taedio
2976 4131 3316 4202 tabesceret,
3365 4132 3707 4192 institutum

2059 4222 2162 4287 est,
2197 4222 2254 4273 et
2280 4234 2346 4274 ex
2377 4217 2475 4273 illo
2508 4218 2566 4272 in
2607 4218 2956 4274 hodiernum
3007 4223 3321 4288 retentum,
3353 4221 3555 4278 multis
3575 4224 3707 4294 jam

2059 4325 2125 4363 ac
2157 4323 2304 4380 pene
2334 4307 2606 4364 omnibus
2649 4307 2925 4380 gregibus
2955 4309 3074 4364 tuis
3099 4313 3156 4364 et
3183 4326 3287 4382 per
3314 4315 3520 4368 caetera
3547 4312 3710 4369 orbis

2057 4397 2449 4452 imitantibus.

2370 4485 2623 4556 Ejusdem
2651 4501 2720 4541 ea:
2749 4487 2980 4558 epistola
3010 4485 3102 4554 3t,
3133 4487 3275 4543 alias
3305 4489 3391 4543 14.

305 4569 545 4644 optimis
577 4572 779 4624 notum
809 4567 933 4623 orbi
963 4571 1149 4632 terrae,
1203 4567 1362 4638 pium
1416 4567 1699 4623 cultorem
1757 4572 1949 4636 tuum,
1978 4589 2026 4652 D
2132 4573 2336 4630 Libros
2368 4574 2691 4630 beatissimi
2742 4591 2900 4647 papas
2947 4576 3238 4631 Ambrosii
3289 4578 3460 4633 credo
3490 4577 3707 4636 habere

305 4661 475 4732 cujus
505 4663 644 4714 tunc
674 4655 908 4728 eloquia
951 4661 1187 4712 strenue
1247 4657 1661 4712 ministrabant
1716 4657 1947 4729 adipem

303 4745 585 4805 frumenti
634 4746 740 4815 tui,
794 4749 850 4800 et
904 4745 1162 4800 laetitiam
1223 4745 1354 4813 olei,
1405 4750 1460 4801 et
1516 4747 1772 4802 sobriam
1829 4747 1947 4801 vini

304 4838 644 4896 ebrietatem
676 4834 890 4908 populo
921 4839 1040 4890 tuo.
1068 4835 1153 4890 Ad
1180 4853 1310 4891 eum
1338 4840 1532 4890 autem
1556 4835 1812 4891 ducebar
1841 4835 1946 4891 abs

303 4933 360 4984 te
391 4926 678 4993 nesciens,
722 4929 787 4979 ut
843 4940 947 4997 per
1003 4941 1138 4980 eum
1193 4925 1264 4980 ad
1323 4929 1377 4979 te
1437 4925 1627 4980 sciens
1682 4925 1943 4980 ducerer.

302 5013 571 5088 Suscepit
617 5031 710 5070 me
759 5019 996 5086 paterae
1041 5013 1136 5068 ille
1165 5013 1339 5068 homo
1371 5013 1493 5079 Dei,
1527 5018 1584 5067 et
1614 5014 1944 5085 peregrina-

301 5104 518 5161 tionem
570 5121 761 5160 meam
811 5105 954 5159 sms
996 5101 1402 5174 episcopalitcr
1449 5101 1714 5158 dilexit...
1748 5103 1816 5157 Et
1845 5103 1944 5157 de-

300 5193 560 5248 lectabar
580 5193 865 5247 suavitate
889 5190 1199 5257 sermonis,
1222 5207 1561 5262 quanquam
1587 5191 1943 5258 eruditioris,

303 5282 501 5336 minus
527 5285 719 5335 tamen
753 5279 1156 5334 hilarescentis
1203 5284 1376 5351 atque
1410 5279 1722 5335 mulcentis
1767 5297 1944 5352 quam

304 5369 500 5426 Fausti
534 5372 676 5436 erat,
710 5369 863 5440 quod
895 5369 1104 5423 attinet
1134 5369 1203 5423 ad
1227 5368 1456 5422 dicendi
1482 5369 1750 5423 modum:
1785 5373 1947 5423 cate-

302 5474 434 5513 rum
469 5472 659 5510 rerum
713 5456 976 5528 ipsarum
1017 5455 1178 5511 nulla
1226 5457 1619 5528 comparatio;
1669 5474 1800 5513 nam
1850 5456 1946 5513 ille

300 5563 404 5618 per
421 5543 767 5599 Manicbaaas
791 5544 1048 5599 fallacias
1070 5545 1427 5607 aberrrabat.
1443 5546 1550 5601 iste
1576 5550 1771 5602 autem
1796 5544 1948 5600 salu-

301 5632 551 5691 berrime
579 5631 821 5688 docebat
851 5632 1122 5688 salutem.
1601 5655 1604 5657 λ

2058 4662 2428 4718 sanctitatem
2481 4665 2666 4727 tuam,
2722 4679 2821 4718 eos
2879 4667 3073 4720 autem
3127 4664 3380 4721 multum
3438 4667 3705 4724 desidero

2057 4768 2206 4824 quos
2236 4751 2514 4807 adversus
2545 4751 2861 4808 nonnullos
2893 4752 3364 4825 imperitissimos
3396 4759 3451 4809 et
3498 4772 3704 4828 super-

2056 4839 2355 4909 bissimos,
2410 4839 2510 4911 qui
2558 4840 2630 4895 de
2683 4838 2940 4896 Platonis
2992 4840 3158 4897 libris
3202 4842 3517 4900 Dominum
3573 4861 3707 4917 pro-

2057 4927 2260 4984 fecisse
2303 4927 2683 4996 contendunt,
2732 4928 3181 5002 diligentissime
3211 4935 3270 4986 et
3298 4932 3706 5004 copiosissime

2056 5017 2306 5089 scripsit.
3013 5018 3015 5021 ’

2480 5107 2563 5162 Ex
2598 5107 2827 5178 epistola
2855 5107 2948 5176 54,
2977 5108 3121 5164 alias
3153 5110 3274 5164 118.

2125 5193 2487 5250 Subsecutus
2543 5198 2632 5249 est
2687 5194 3058 5267 (Ambrosius)
3110 5201 3167 5252 et
3221 5197 3304 5253 ait
3354 5197 3533 5254 mihi:
3569 5199 3706 5254 Cum

2055 5284 2277 5338 Romam
2334 5284 2509 5349 venio,
2561 5285 2755 5355 jejuno
2805 5283 3078 5341 Sabbato:
3135 5303 3259 5341 cum
3303 5287 3391 5342 hic
3416 5304 3556 5353 sum,
3589 5304 3703 5343 non

2045 5372 2255 5444 jejuno.
2307 5371 2396 5426 Sic
2425 5374 2592 5427 etiam
2635 5381 2692 5428 tu
2722 5372 2792 5427 ad
2820 5389 2983 5445 quam
3020 5379 3160 5447 forte
3215 5376 3513 5435 Ecclesium
3540 5393 3699 5432 vene-

2054 5462 2152 5527 ris,
2202 5462 2320 5531 ejus
2373 5477 2578 5516 morem
2632 5477 2826 5525 serva;
2881 5464 2931 5517 si
2978 5465 3237 5535 cuiquam
3288 5480 3397 5519 non
3452 5467 3534 5520 vis
3591 5481 3700 5521 esse

2053 5547 2330 5616 seandalo,
2359 5567 2458 5606 nec
2509 5566 2835 5622 quemquam
2866 5551 2986 5607 tibi.
3046 5552 3164 5609 Hoc
3221 5569 3354 5609 cum
3387 5552 3559 5609 matri
3605 5571 3698 5609 re-

2054 5637 2441 5708 nuntiassem,
2472 5638 2721 5696 libenter
2751 5638 3018 5712 amplexa
3037 5647 3144 5698 est.
3179 5641 3294 5716 Ego
3324 5659 3456 5699 vero
3487 5643 3558 5698 de
3590 5642 3700 5698 hac
