3944 6216
186 327 296 391 125

1423 328 1770 396 SELEGTA
1810 330 2320 400 TESTIMONIA.

3459 350 3575 413 128

183 462 464 521 sententia
491 462 666 521 etiam
715 467 887 538 atque
935 463 1112 522 etiam
1161 465 1445 540 cogitans,
1479 466 1562 523 ita
1587 485 1819 540 semper
1847 465 1896 532 Α
1931 469 2142 543 caliget
2171 471 2422 528 auditor.
2455 472 2520 530 Et
2546 491 2662 548 cap.
2695 493 2751 532 ιχ
2784 492 2797 533 :
2833 474 3043 553 Ecquis
3072 478 3192 539 haec
3224 481 3572 544 dicit.Homo

181 551 378 620 habui,
410 557 693 628 tanquam
740 572 867 612 eam
917 555 1134 612 cmlesti
1186 557 1421 613 oraculo
1472 560 1818 631 acceperim.

180 642 430 699 Eamdem
457 644 729 700 Ambrosii
756 648 1156 717 responsionem
1202 647 1427 718 epistola
1475 663 1684 719 quoque
1729 649 1819 714 38,

179 730 314 784 alias
347 732 468 799 163,
503 732 645 788 idem
671 738 934 790 memorat
964 737 1328 805 Augustinus.

603 825 696 877 Ex
724 824 951 894 epistola
978 825 1066 893 44,
1098 825 1242 880 alias
1273 825 1394 880 163.

245 909 493 974 Quesivi
585 912 657 966 ab
743 929 808 967 eo
893 913 1176 983 (Fortunio
1257 914 1561 986 Donatista)
1623 917 1822 970 utrum

169 997 400 1067 justum
431 1002 488 1054 et
517 999 860 1070 religiosum
893 1006 1128 1073 putaret
1156 1002 1495 1073 episcopum
1546 1003 1822 1059 Mediola-

176 1085 376 1140 nensis
435 1087 703 1142 Ecclesiae
763 1089 1184 1143 Ambrosium?
1240 1089 1565 1162 Cogebatur
1622 1092 1823 1164 utique

174 1191 388 1245 negare
440 1177 598 1247 quod
644 1175 741 1231 ille
788 1178 876 1230 vir
923 1177 1292 1234 Christianus
1321 1184 1475 1234 esset
1504 1184 1557 1233 et
1583 1181 1820 1248 justus;

173 1261 307 1334 quia
352 1262 408 1318 si
459 1263 758 1328 fateretur,
804 1265 1004 1320 statim
1049 1265 1434 1336 objiceremus
1480 1269 1634 1338 quod
1689 1285 1822 1324 eum

172 1351 660 1422 rebaptizandum
691 1369 819 1407 esse
850 1358 1132 1409 censeret.
1168 1356 1310 1410 Cum
1363 1372 1499 1428 ergo
1547 1373 1614 1412 ea
1662 1357 1822 1429 loqui

171 1445 487 1512 cogeretur
515 1439 731 1512 quibus
761 1439 856 1495 ille
891 1459 1001 1497 non
1034 1448 1186 1498 esset
1216 1443 1523 1500 habendus
1545 1445 1822 1502 Christia-

169 1545 274 1584 nus
306 1532 371 1584 et
393 1529 622 1599 justus,
655 1531 1103 1586 commemoravi
1133 1536 1411 1602 quantam
1466 1535 1820 1604 persecutio-

170 1633 297 1672 nem
332 1616 666 1688 pertulerit,
701 1618 1060 1674 circumdata
1089 1620 1263 1675 etiam
1310 1621 1595 1678 militibus
1627 1641 1821 1679 arma-

167 1705 238 1760 tis
259 1704 536 1761 ecclesia.

433 1797 519 1850 Ex
547 1796 771 1866 epistola
809 1796 924 1860 147,
958 1796 1098 1851 alias
1130 1798 1252 1864 112,
1285 1815 1440 1853 num.
1467 1801 1557 1856 55.

236 1886 374 1949 Quae
425 1884 476 1938 si
525 1885 814 1956 approbas
863 1890 993 1939 tene
1044 1901 1274 1942 mecum
1307 1889 1490 1942 sancti
1525 1890 1818 1945 Ambrosii

173 1971 545 2036 sententiam,
591 1974 716 2042 jam
770 1989 882 2027 non
934 1975 1062 2043 ejus
1119 1976 1481 2044 auctoritate,
1533 1979 1634 2033 sed
1694 1979 1822 2050 ipsa

170 2060 407 2116 veritate
466 2061 781 2116 ﬁrmatam.
843 2062 1041 2134 Neque
1101 2064 1258 2118 enim
1319 2066 1460 2120 mihi
1520 2071 1823 2138 prepterea

174 2149 377 2222 placet,
415 2149 554 2222 quia
579 2167 682 2222 per
710 2150 869 2206 illius
900 2168 964 2206 os
996 2151 1366 2223 potissimum
1401 2171 1493 2210 me
1536 2156 1822 2212 Dominus

176 2238 242 2292 ab
290 2254 490 2292 errore
542 2237 828 2307 liberavit,
861 2245 916 2295 et
947 2257 1050 2312 per
1080 2240 1240 2297 illius
1273 2243 1665 2299 ministerium
1699 2262 1825 2316 gra-

177 2326 315 2382 tiam
349 2326 500 2382 mihi
531 2327 811 2398 baptismi
843 2328 1401 2403 indulsit,tanquam
1437 2333 1745 2404 plantatori
1768 2341 1826 2390 et

177 2414 416 2487 rigatori
448 2432 580 2471 meo
612 2416 864 2472 nimium
911 2418 1134 2473 faveam
1172 2436 1184 2473 :
1219 2420 1319 2475 sed
1353 2421 1488 2492 quia
1521 2422 1590 2477 de
1625 2423 1732 2478 hac
1765 2441 1824 2479 re

178 2507 231 2559 et
256 2503 381 2575 ipse
415 2503 528 2558 hoc
561 2505 726 2572 dixit,
761 2507 912 2577 quod
969 2507 1058 2578 pie
1109 2508 1386 2580 cogitanti
1438 2514 1494 2564 et
1542 2515 1695 2566 recte
1733 2511 1822 2567 in-

177 2591 456 2664 telligenti
491 2591 752 2664 loquitur
781 2596 956 2650 etiam
989 2595 1221 2668 ille,qui
1247 2597 1677 2655 incrementum
1699 2601 1820 2667 dat,

178 2678 343 2735 Deus.

258 2743 516 2842 Ejusdem
542 2786 613 2825 ea:
642 2771 737 2825 lib.
770 2771 836 2825 de
864 2771 1050 2828 Gratia
1083 2773 1285 2829 Christi
1308 2784 1496 2830 contra
1527 2777 1736 2833 Caelest.

688 2851 739 2897 et
766 2844 977 2912 Pelag,
1009 2861 1126 2916 cap.
1159 2861 1295 2901 XLII.

245 2927 352 2984 Iste
381 2929 512 3000 ipse
544 2929 814 3002 Pelagius
859 2931 916 2985 in
966 2931 1065 2987 illo
1119 2933 1245 3005 ipso
1290 2937 1501 2990 recenti
1538 2937 1820 3007 opusculo

180 3031 277 3070 suo
306 3018 477 3086 cujus
510 3034 573 3072 se
603 3021 1160 3076 commemoratione
1213 3022 1492 3088 defendit,
1526 3024 1582 3079 id
1615 3031 1723 3087 est,
1759 3027 1818 3081 in

179 3105 336 3161 tertio
364 3105 520 3161 libro
549 3107 614 3161 de
663 3108 833 3163 libero
853 3109 1100 3178 arbitrio,
1134 3115 1402 3166 sanctum
1445 3114 1818 3170 Ambrosium

1930 558 2025 614 Dei
2097 560 2418 618 catholicus
2487 567 2544 619 et
2612 565 2905 624 catholica
2967 570 3227 630 veritatis
3295 576 3574 634 adversus

1931 647 2231 705 haereticos
2261 668 2448 722 usque
2479 654 2548 708 ad
2582 655 2906 726 periculum
2951 661 3252 732 sanguinis
3305 665 3575 722 defensor

1932 737 2318 794 acerrimus...
2347 739 2446 796 Ille
2477 747 2754 800 strenuus
2785 746 2997 805 Christi
3027 750 3276 820 miles,et
3306 754 3570 812 Ecclesiae

1932 825 2123 882 ﬁdelis
2154 828 2373 896 doctor,
2406 837 2514 886 etc.

1966 933 2219 1003 Ejusdem
2245 952 2315 990 ca:
2344 937 2439 992 lib.
2464 937 2529 993 de
2560 938 2706 994 Cura
2727 958 2826 1012 pro
2849 947 3076 1001 Mortuis
3105 964 3220 1015 ger.
3248 967 3372 1022 cap,
3401 969 3532 1008 xvu.

2002 1022 2312 1079 Mediolani
2344 1027 2497 1098 apud
2531 1033 2765 1086 sanctos
2787 1034 3116 1090 Protasium
3141 1042 3197 1092 et
3233 1038 3571 1098 Gervasium

1933 1116 2214 1184 martyres
2245 1131 2517 1187 expresso
2550 1118 2784 1175 nomine
2805 1121 2958 1177 sicut
2988 1123 3392 1185 defunctorum
3426 1149 3573 1203 quos

1932 1200 2133 1254 eodem
2168 1203 2340 1257 modo
2384 1210 2941 1279 commemorabant,
2977 1212 3169 1270 adhuc
3214 1216 3406 1273 vivum
3444 1200 3571 1275 dae-

1935 1305 2135 1344 mones
2167 1291 2504 1364 episcopum
2533 1297 2964 1354 conﬁtebantur
2991 1303 3573 1380 Ambrosium,atque

1936 1381 1999 1431 ut
2044 1377 2153 1431 sibi
2213 1387 2474 1450 parceret
2529 1383 2931 1454 obsecrabant,
2979 1389 3079 1446 illo
3129 1393 3286 1450 aliud
3345 1377 3570 1467 agente,

1932 1469 2106 1535 atque
2135 1465 2243 1522 hoc
2273 1484 2405 1523 cum
2437 1476 2726 1541 ageretur,
2767 1475 3004 1531 omnino
3028 1480 3336 1538 nesciente.
3377 1465 3578 1542 Videsis

1929 1555 2098 1609 etiam
2128 1556 2224 1610 tib.
2258 1557 2348 1624 XI,
2379 1575 2426 1612 c.
2459 1577 2558 1624 vn,
2581 1562 2677 1617 lzb.
2711 1563 2857 1620 XXII
2888 1565 2967 1621 De
2999 1567 3154 1623 civit.
3183 1570 3274 1624 Dei
3300 1589 3416 1644 cap.
3438 1592 3571 1630 xvn.

1929 1646 1986 1697 et
2015 1643 2112 1697 lib.
2147 1644 2168 1698 Ι
2200 1645 2450 1702 Retract.
2483 1665 2603 1720 cap.
2637 1669 2757 1706 xm.

1930 1750 2160 1817 Paulini
2186 1768 2255 1806 ea:
2283 1755 2515 1822 epist.ad
2544 1757 2947 1886 Alypiuméguie
2967 1771 3044 1818 est
3063 1765 3209 1836 apud
3238 1766 3573 1840 Aug.XXIV,

2621 1846 2653 1882 a
2682 1847 2765 1884 tas
2871 1874 2882 1886 .

2621 1846 2765 1884 anas
2793 1846 2882 1886 ZD.

2001 1911 2160 1974 Quod
2196 1911 2464 1969 indicasti
2487 1915 2611 1986 jam
2636 1918 2707 1972 de
2729 1919 3083 1979 humilitatis
3109 1930 3318 1981 nostris
3342 1929 3575 1986 nomine

1931 1999 2085 2070 apud
2121 1999 2513 2058 Mediolanum
2545 2009 2600 2060 te
2631 2006 3065 2076 didicisse,cum
3092 2012 3210 2070 illic
3242 2014 3573 2087 initiareris,

1931 2087 2114 2143 fateor
2137 2089 2426 2146 curiosius
2457 2109 2551 2148 me
2581 2094 2726 2150 velle
2768 2097 3123 2167 condiscere,
3143 2107 3207 2157 ut
3236 2105 3393 2160 omni
3416 2112 3577 2178 parte

1930 2179 1985 2231 te
2017 2178 2295 2245 noverim,
2330 2196 2444 2250 quo
2477 2183 2664 2255 magis
2694 2186 2976 2257 gratuler,
3025 2190 3074 2245 si
3125 2208 3160 2246 a
3202 2194 3576 2265 suspiciendo

1933 2265 2076 2319 mihi
2116 2272 2278 2338 patre
2309 2275 2508 2325 nostro
2539 2273 2959 2342 Ambrosio,vel
2992 2279 3063 2333 ad
3096 2279 3270 2336 ﬁdem
3295 2283 3576 2342 invitatus

1933 2370 2015 2421 es,
2065 2355 2150 2410 vel
2212 2357 2280 2410 ad
2337 2361 2720 2416 sacerdotium
2781 2371 3176 2434 consecratus,
3210 2374 3272 2424 ut
3301 2375 3571 2430 eumdem

1933 2443 2104 2497 ambo
2135 2443 2437 2500 videamur
2463 2447 2676 2505 habere
2705 2458 3019 2508 auctorem.
3055 2457 3197 2512 Nam
3246 2477 3350 2531 ego
3401 2466 3510 2519 etsi
3541 2482 3576 2521 a

1933 2531 2218 2602 Delphino
2279 2534 2601 2607 Burdigalae
2652 2539 2997 2608 baptizatus,
3030 2561 3064 2598 a
3119 2547 3356 2619 Lampio
3417 2555 3570 2623 apud

1933 2620 2291 2677 Barcilonem
2317 2623 2374 2677 in
2397 2623 2672 2697 Hispania
2704 2645 2806 2699 per
2832 2630 2948 2684 vim
2980 2631 3354 2691 inﬂammatis
3377 2620 3574 2696 subito

1931 2707 2118 2779 plebis
2167 2716 2430 2768 sacratus
2488 2714 2630 2783 sim;
2665 2720 2860 2773 tamen
2907 2721 3200 2777 Ambrosii
3248 2741 3478 2798 semper
3519 2733 3573 2784 et

1929 2797 2237 2854 dilectione
2290 2802 2359 2855 ad
2424 2802 2594 2858 ﬁdem
2650 2806 2974 2863 innutritus
3024 2827 3178 2880 sum,
3211 2817 3268 2868 et
3317 2797 3471 2873 nunc
3512 2818 3570 2874 in

1930 2887 2235 2943 sacerdotii
2267 2890 2467 2946 ordine
2499 2893 2823 2950 confoveor.
2858 2896 3120 2970 Denique
3151 2918 3257 2957 suo
3289 2921 3383 2960 me
3421 2905 3571 2963 clero

1925 2975 2220 3033 vindicare
2246 2977 2449 3046 voluit,
2479 2986 2544 3036 ut
2594 2983 2702 3039 etsi
2747 2985 2994 3043 diversis
3036 2987 3180 3046 locis
3221 2992 3450 3066 degam,
3483 2995 3569 3070 ip-

1929 3062 2052 3118 sius
2083 3066 2384 3140 presbyter
2411 3085 2668 3126 censear.

181 3194 670 3264 quemadmodum
727 3195 922 3252 laudet
981 3198 1224 3270 accipite
1283 3217 1295 3253 :
1337 3204 1558 3268 Beatus,
1606 3203 1814 3276 inquit,
1851 3200 1892 3266 C
1929 3171 3360 3276 ’"fff‘ﬁffiﬁljfeffiffglf'mjﬂcfsﬂagrum:
3401 3195 3570 3276 ςρλῚ,

181 3280 481 3338 Ambrosius
529 3284 828 3354 episcopus,
878 3287 936 3339 in
986 3288 1142 3355 cuius
1187 3290 1466 3360 praecipue
1513 3291 1670 3345 libris
1711 3293 1818 3346 Ro-

183 3386 333 3425 mana
373 3372 548 3427 elucet
593 3372 741 3442 ﬁdes,
793 3375 889 3445 qui
929 3377 1214 3446 scriptores
1259 3378 1403 3432 inter
1453 3380 1674 3434 Latinos
1721 3382 1819 3450 ﬂos

183 3459 390 3529 quidam
416 3461 688 3532 speciosus
718 3463 936 3530 enituit,
979 3465 1139 3534 cujus
1183 3465 1341 3534 ﬁdem
1371 3470 1424 3520 et
1457 3469 1820 3537 purissimum

185 3547 238 3600 in
265 3548 561 3620 Scripturis
599 3566 820 3604 sensum
871 3567 940 3606 ne
986 3553 1246 3607 inimicus
1291 3554 1510 3624 quidem
1547 3572 1714 3610 ausus
1742 3560 1821 3611 est

185 3637 631 3705 reprehendere...
664 3640 878 3694 Audiat
904 3657 1039 3711 ergo
1070 3640 1236 3696 illum
1277 3643 1664 3699 venerabilem
1715 3662 1817 3699 an-

185 3724 416 3780 tistitem
450 3727 740 3781 dicentem
793 3732 850 3782 et
897 3729 1272 3786 docentem...
1303 3731 1521 3786 Audiat
1550 3733 1660 3788 iste
1688 3738 1816 3788 tan-

185 3814 300 3868 tum
351 3815 542 3869 virum
594 3816 919 3883 docentem,
972 3817 1234 3872 imitetur
1292 3820 1641 3885 credentem,
1703 3827 1814 3879 etc.

191 3900 374 3956 Eadem
400 3904 576 3973 ferme
603 3913 984 3960 commemorat
1014 3906 1106 3960 lib.
1140 3905 1218 3960 De
1249 3911 1483 3978 peccato
1515 3909 1662 3982 orig.
1695 3927 1814 3981 cap.

189 4003 311 4044 nn.
345 3990 438 4046 lib.
473 3991 555 4047 De
583 3996 746 4064 nupt.
777 3996 836 4047 et
865 4010 1107 4066 concnp.
1141 4011 1259 4066 cap.
1293 4013 1458 4059 xxxv,
1493 4002 1547 4052 et
1577 3998 1673 4053 lib.
1721 3999 1813 4053 IV.

188 4073 380 4133 Contra
408 4080 558 4136 duas
588 4081 772 4152 Epist.
806 4081 997 4154 Pelag.
1025 4099 1146 4155 cap.
1175 4101 1229 4138 χι
1261 4088 1318 4139 et
1349 4101 1446 4139 xu.

304 4186 552 4255 Ejusdem
578 4203 648 4244 ea:
677 4189 776 4244 lib.
811 4190 833 4244 Ι
862 4195 1050 4246 contra
1078 4192 1186 4246 Jul.
1223 4193 1410 4263 Pelag.
1444 4209 1562 4264 cap.
1598 4211 1678 4248 ιιι.

249 4271 351 4328 Sed
382 4276 516 4330 audi
551 4276 742 4331 adhuc
771 4276 948 4332 alium
977 4277 1348 4334 excellentem
1382 4280 1483 4335 Dei
1513 4280 1814 4352 dispensa-

187 4360 374 4431 torem,
407 4380 581 4436 quem
609 4380 851 4420 veneror
899 4371 963 4420 ut
1009 4371 1232 4438 patrem
1259 4386 1271 4434 ;
1307 4368 1364 4422 in
1397 4361 1624 4424 Christo
1656 4372 1813 4426 enim

194 4444 315 4503 Jesu
370 4469 470 4523 per
496 4453 870 4526 Evangelium
903 4455 1028 4527 ipse
1060 4472 1152 4510 me
1183 4458 1476 4528 genuit,et
1505 4475 1572 4513 eo
1600 4459 1814 4515 Christi

192 4535 436 4595 ministro
464 4541 762 4597 lavacrum
796 4544 1249 4615 regenerationis
1298 4563 1428 4602 acce

189 4618 376 4694 loquor
389 4629 886 4702 Ambrosium,cuj
899 4649 964 4687 us
981 4649 1086 4704 pro
1107 4633 1391 4690 catholica
1409 4635 1520 4691 ﬁde
1537 4636 1808 4709 gratiam,

2001 3243 2156 3319 cujus
2187 3247 2368 3319 tamen
2385 3243 2669 3319 auctorem
2711 3251 2928 3319 quidem
2961 3243 3305 3310 Caelestinum
3335 3243 3447 3313 autr
3467 3243 3572 3316 Pe;

2001 3313 2230 3382 legium,
2266 3315 2490 3384 quidam
2519 3311 2818 3374 Maximum
2850 3323 3237 3381 Taurinensem
3265 3311 3484 3398 putant:
3514 3311 3534 3316 '
3638 3337 3641 3340 ’

2003 3419 2147 3473 Cum
2177 3425 2464 3492 martyres
2509 3424 2634 3493 jam
2686 3425 2911 3496 pridem
2944 3433 3260 3500 apparendi
3293 3433 3574 3492 haberent

1928 3509 2183 3578 tempus,
2236 3507 2534 3565 hominem
2567 3513 2656 3566 cui
2693 3531 2754 3568 se
2787 3517 3115 3586 proderent,
3176 3519 3568 3594 inquirebant,

1928 3593 2094 3650 illum
2127 3603 2279 3651 certe
2309 3599 2398 3652 cui
2432 3600 2542 3654 sub
2572 3617 2639 3656 ea
2669 3603 2780 3657 ﬁde
2822 3604 3234 3676 revelarentur,
3258 3593 3385 3684 iqua
3417 3631 3568 3671 mar-

1930 3685 2076 3756 tyr-ia
2107 3685 2397 3742 fecissent.
2431 3689 2524 3744 Sic
2574 3691 2853 3748 donatum
2902 3699 2992 3750 est
3036 3698 3366 3768 Ambrosio,
3415 3705 3569 3775 quod

1929 3775 2211 3830 Auxentio
2243 3777 2592 3850 denegatum
2624 3786 2739 3849 est;
2774 3784 3052 3854 quoniam
3086 3803 3212 3858 quae
3245 3793 3570 3848 Auxentius

1928 3861 2393 3934 blasphemabat,
2426 3868 2770 3926 Ambrosius
2801 3873 3170 3942 praedicabat.

2021 3970 2221 4025 Incerti
2251 3987 2320 4025 ea:
2349 3971 2866 4056 eademﬂppendice
2896 3980 2958 4056 in
2986 3978 3235 4056 catalogo
3267 3982 3463 4056 Script.

2341 4043 2654 4100 Ecclesiastl
2687 4048 2757 4100 all
2789 4049 3154 4105 Desiderium.

1999 4129 2346 4183 Ambrosius
2379 4131 2555 4186 frater
2581 4135 3002 4204 profundorum
3035 4155 3224 4208 penna
3256 4146 3479 4213 raptus,
3515 4150 3572 4200 et

1925 4217 2078 4271 aeris
2107 4216 2358 4283 volucer,
2414 4221 2674 4290 quandiu
2723 4221 2782 4276 in
2830 4225 3187 4293 profundum
3247 4228 3570 4301 ingreditur

1926 4305 2178 4359 fructum
2233 4305 2302 4360 de
2351 4305 2466 4361 alto
2515 4323 2749 4380 carpere
2800 4311 3028 4367 videtur
3060 4330 3072 4368 :
3107 4318 3163 4369 et
3193 4332 3394 4374 omnes
3442 4322 3570 4393 ejus

1925 4393 2225 4449 sententize
2278 4395 2410 4451 ﬁdei
2474 4396 2758 4466 Ecclesiae,
2835 4405 2891 4454 et
2951 4403 3215 4460 omnium
3286 4407 3567 4467 virtutum

1925 4481 2106 4536 ﬁrma:
2165 4487 2304 4538 sunt
2360 4484 2663 4541 columnae.
2737 4488 2942 4544 Ibidem
2997 4493 3055 4546 in
3116 4495 3335 4564 Dialogo
3397 4502 3572 4568 ignoti

3118 4546 3132 4547 ,
3164 4546 3329 4564 “md-
3398 4546 3568 4568 την-.

1524 4566 1536 4602 ε
1571 4548 1806 4651 beatum
1841 4569 1887 4632 D
1917 4571 2203 4642 cujusdam
2225 4589 2294 4628 ex
2322 4573 2619 4644 Augustini
2647 4584 2696 4632 et
2720 4579 3044 4651 Hieronymi
3084 4586 3259 4640 verbis
3296 4591 3568 4646 consarci-

1925 4669 2068 4726 nato,
2100 4661 2416 4718 Ambrosius
2463 4665 2608 4719 inter
2650 4669 2794 4723 viros
2833 4671 3151 4740 apostolicos
3181 4691 3568 4735 commemora-

192 4717 579 4785 constantiam,
615 4717 863 4785 labores,
895 4721 1154 4792 pericula
1199 4723 1319 4778 sive
1376 4725 1651 4796 operibus
1691 4727 1810 4782 sive
1920 4756 2030 4804 ταν,

190 4805 554 4874 sermonibus,
587 4813 645 4863 et
676 4809 799 4880 ipse
826 4826 958 4864 sum
990 4815 1282 4882 expertus,
1316 4817 1372 4867 et
1421 4829 1650 4869 mecum
1694 4832 1808 4871 non

192 4885 396 4948 dubitat
424 4897 737 4967 praedicare
787 4898 946 4954 orbis
997 4899 1316 4956 Romanus.
1351 4901 1570 4959 Similia
1609 4920 1814 4977 quoque

189 4985 509 5048 “cluentibus
538 4985 778 5056 ejusdem
810 4987 944 5042 libri
970 4989 1242 5058 capitibus
1273 4991 1454 5046 videas
1489 4993 1632 5047 licet.

639 5075 776 5129 Item
805 5092 874 5130 ex
905 5076 1001 5130 tib.
1039 5076 1106 5144 II,
1140 5093 1262 5149 cap.
1294 5097 1348 5133 v.

253 5153 343 5211 Hic
365 5162 729 5231 apertissime
761 5169 936 5236 atque
966 5165 1345 5222 satiatissime
1368 5167 1464 5222 ille
1493 5172 1612 5222 tam
1635 5169 1813 5224 excel-

191 5239 354 5300 lenter
380 5250 464 5304 tui
494 5251 748 5308 doctoris
774 5270 872 5309 ore
903 5252 1178 5310 laudatus
1236 5257 1437 5311 doctor
1465 5257 1811 5313 Ambrosius

193 5329 476 5393 declaravit
518 5344 575 5395 et
627 5341 767 5413 quid
819 5347 990 5406 esset,
1032 5347 1088 5398 et
1133 5344 1284 5398 unde
1332 5350 1487 5399 esset
1533 5345 1812 5417 originale

197 5428 488 5493 peccatum,
514 5433 572 5484 et
603 5431 760 5485 unde
791 5431 1096 5504 contigerit
1125 5433 1315 5504 prima
1347 5432 1446 5488 illa
1477 5434 1806 5492 confusio...

192 5505 314 5566 Ecce
343 5513 530 5571 fundit
557 5518 899 5591 eloquentiae
921 5519 1182 5576 lucidum
1206 5537 1270 5576 ac
1299 5521 1674 5593 perspicuum
1709 5525 1813 5580 ﬂu-

194 5609 310 5654 men
337 5603 832 5665 Ambrosius.Non
863 5612 952 5664 est
980 5609 1074 5664 hic
1109 5609 1205 5666 ubi
1235 5609 1451 5667 haereat
1479 5610 1685 5680 lector;
1711 5613 1811 5669 ubi

2012 4839 2096 4893 Ex
2126 4839 2301 4895 libelli
2328 4841 2588 4911 Synodici
2618 4847 2795 4900 verbis
2824 4847 2981 4902 Cone.
3016 4851 3238 4908 Nicaeae
3265 4855 3487 4908 insertis

2292 4916 2420 4967 tom.
2458 4913 2503 4967 II
2533 4915 2660 4970 edit.
2693 4917 2914 4984 Labbei,
2944 4935 3071 4990 pag.
3103 4922 3192 4976 98.

1991 4998 2222 5054 Arianis
2254 5005 2452 5056 autem
2500 5003 2846 5060 seditionem
2902 5009 3270 5065 moventibus
3319 5013 3567 5068 Ambro-

1923 5085 2048 5139 sius
2097 5087 2197 5157 qui
2253 5089 2384 5149 urbi
2435 5091 2740 5160 praefectus
2792 5099 2962 5161 esset,
2994 5095 3235 5152 sedandi
3277 5099 3568 5158 tumultus

1922 5188 2101 5226 causa
2157 5177 2508 5244 supervenit.
2561 5180 2742 5244 Quem
2792 5198 2921 5237 cum
2983 5199 3184 5237 eorum
3246 5185 3342 5257 qui
3403 5185 3571 5244 aliter

1923 5260 2204 5331 sentiunt,
2261 5264 2431 5318 turba
2479 5269 2820 5337 aspexisset,
2854 5277 2909 5325 et
2958 5271 3220 5328 ﬁdelium
3252 5273 3566 5335 clamorem

1925 5348 2250 5420 repulisset,
2312 5352 2651 5424 episcopum
2705 5373 2840 5413 eum
2900 5361 3268 5416 renuntiavit.
3304 5364 3450 5427 Quin
3512 5374 3569 5423 et

1923 5437 2118 5492 divina
2170 5439 2520 5493 conveniens
2570 5444 2845 5512 synodus,
2882 5447 3008 5518 ipso
3068 5449 3430 5522 inspectante
3458 5453 3566 5512 im-

1922 5530 2203 5598 peratore,
2259 5542 2396 5582 eum
2443 5529 2942 5600 comprehendens
2992 5553 3156 5592 sacro
3214 5539 3568 5609 baptismate

1921 5612 2189 5671 initiavit.
2215 5615 2406 5672 Electo
2435 5620 2626 5672 autem
2653 5618 2778 5687 jam
2810 5638 2876 5678 eo
2907 5624 3247 5696 hujusmodi
3277 5627 3566 5696 hymnum
