3938 6214
326 304 442 369 127

1695 305 1796 368 DE
1837 305 1904 369 Β.
1947 307 2354 378 AMBROSIO

3606 325 3726 394 198

320 442 439 501 Deo
489 440 807 535 imperator
853 457 1050 535 coram
1106 436 1381 498 omnibus
1419 435 1650 535 cecinit
1700 456 1712 495 :
1764 438 1963 497 Gratia
1987 446 2044 514 Α
2140 445 2369 504 Videsis
2424 449 2689 522 ejusdem
2735 452 3101 528 epigramma
3147 455 3216 514 77
3273 457 3332 517 et
3388 457 3512 533 142,
3558 403 3717 535 quod

321 535 449 602 tibi,

319 820 520 948 Πεέπ
547 893 730 948 eodem
760 891 854 944 lib.
891 889 1022 960 Syn.
1056 891 1115 942 in
1148 887 1361 942 Collect.
1399 888 1593 942 Batus.
1625 904 1680 958 p.
1713 888 1836 941 788.

386 980 544 1036 Beati
612 979 901 1036 Ambrosii
979 975 1208 1032 Mediol.
1284 975 1540 1047 episcopi
1608 973 1960 1046 dignissima

316 1071 534 1143 scripta
581 1073 893 1136 testantur,
924 1066 1033 1120 viri
1087 1066 1236 1136 apud
1289 1064 1607 1119 Ecclesium
1654 1063 1753 1118 Dei
1805 1063 1960 1119 ultra

314 1166 550 1217 caeteros
597 1158 901 1230 episcopos
952 1155 1179 1219 lamosi,
1239 1159 1295 1207 et
1343 1169 1516 1224 quem
1569 1169 1672 1224 pro
1734 1153 1956 1207 meritis

313 1251 438 1306 suis
494 1267 608 1305 non
663 1247 854 1304 solum
905 1245 1194 1313 catholici,
1257 1243 1356 1298 sed
1415 1241 1603 1297 caeteri
1663 1241 1954 1313 principes

311 1341 440 1410 ejus
471 1337 748 1410 temporis
780 1336 932 1390 ultra
959 1350 1164 1389 omnes
1217 1338 1355 1387 sunt
1401 1331 1560 1386 veriti
1600 1331 1952 1397 sacerdotes,

527 533 772 590 Domine
842 531 1212 604 omnipotens
1293 534 1350 585 et
1415 529 1684 584 Servator
1744 536 1962 598 noster,

321 625 474 696 quod
499 623 591 679 cui
624 640 730 694 ego
759 623 880 676 viro
912 637 1174 692 corpora,
1210 624 1268 673 tu
1302 618 1530 673 animas
1557 619 1959 688 commiseris;

321 729 636 785 meumque
666 713 735 768 de
768 728 832 766 eo
855 710 1148 781 judicium
1171 709 1403 781 justum
1452 725 1580 763 esse
1631 708 1959 763 declarave-

2076 541 2390 609 utrumque
2420 539 2478 595 in
2511 542 2888 599 Ambrosium
2913 545 3199 618 scriptum
3220 553 3326 603 est.

2160 645 2468 703 Marcellini
2497 650 2717 706 Comitis
2746 668 2816 707 ea:
2847 652 3045 708 Chron.
3077 670 3211 709 coss.
3243 656 3436 710 Arcad.
3466 673 3523 712 IV
3558 666 3617 713 et

2736 724 2936 778 Honor.
2971 740 3054 780 nl.

2140 807 2486 864 Ambrosius
2554 810 3001 867 Mediolanensis
3058 813 3342 869 virtutum
3405 815 3717 889 episcopus

2069 901 2330 962 sanctus,
2361 915 2462 953 arx
2490 899 2645 966 ﬁdei,
2679 906 2873 956 orator
2897 901 3239 958 catholicus.

2127 1003 2366 1062 Cassiod.
2425 1005 2706 1063 Senatoris
2762 1025 2832 1064 ea:
2888 1010 2985 1064 lib.
3045 1010 3110 1065 de
3168 1013 3354 1066 Divin.
3403 1013 3645 1069 Lection.

2761 1097 2887 1151 cap.
2924 1082 3014 1134 20.

2136 1163 2384 1221 Sanctus
2417 1183 2648 1238 quoque
2681 1168 3029 1225 Ambrosius
3063 1168 3227 1224 lactei
3250 1170 3539 1227 sermonis
3561 1189 3717 1228 ema-

2065 1255 2252 1319 nator,
2295 1270 2430 1308 cum
2481 1255 2762 1327 gravitate
2808 1262 3038 1325 acutus,
3068 1259 3423 1330 pcrviolenta
3467 1277 3709 1332 persua-

2063 1339 2223 1395 sione
2251 1341 2653 1411 dulcissimus,
2685 1345 2780 1400 cui
2830 1346 2939 1401 fuit
2987 1346 3224 1419 aequalis
3274 1348 3538 1404 doctrina
3559 1367 3711 1406 cum

311 1430 481 1499 cujus
535 1429 709 1482 cnam
766 1423 1122 1480 testimoniis
1173 1420 1465 1493 Ephesina
1527 1421 1784 1491 synodus
1845 1437 1952 1475 usa
2059 1428 2198 1495 vita,
2226 1433 2460 1501 quando
2490 1433 2540 1487 ei
2574 1451 2687 1489 non
2720 1435 2913 1506 parvis
2945 1435 3243 1491 miraculis
3271 1437 3460 1510 gratia
3498 1438 3711 1493 divini-

527 1608 608 1660 Ex
635 1603 817 1659 eodem
847 1605 906 1657 in
934 1602 1119 1657 eadem
1152 1600 1491 1664 Collectione,
1519 1615 1575 1670 p.
1608 1598 1731 1653 893.

377 1695 442 1750 Hi
475 1695 574 1767 qui
607 1699 740 1748 ante
772 1709 876 1747 nos
909 1692 1144 1746 fuerunt
1175 1693 1286 1743 Deo
1319 1686 1661 1743 amicissimi
1692 1687 1946 1758 episcopi

2059 1515 2196 1571 tatis
2224 1518 2441 1574 arrisit.

2059 1622 2307 1695 Gregorii
2360 1630 2553 1695 magni
2607 1645 2676 1684 ex
2723 1631 2952 1756 Prliis/ft.
3013 1630 3308 1686 Comment.
3357 1649 3517 1704 super
3571 1634 3707 1690 Eze-

2758 1718 2786 1755 c
2827 1719 2874 1756 ie
2901 1718 3005 1756 em.

2758 1718 3005 1757 εηιειεητ.

302 1783 361 1882 in
393 1783 702 1882 Occidente
730 1781 967 1853 quidem
1015 1779 1324 1844 Damasus,
1367 1776 1763 1844 InnocentiUS,
1815 1777 1944 1831 Am-
1974 1816 2020 1882 Β
2126 1785 2249 1840 Tua
2300 1785 2496 1860 itaque
2545 1788 2780 1846 dilectio
2810 1790 2917 1846 has
2947 1789 3058 1845 sibi
3091 1791 3161 1845 ad
3195 1789 3506 1864 legendum
3547 1793 3704 1848 mitti

301 1873 556 1940 brosius,
585 1877 694 1928 etc.

593 1959 846 2033 Ejusdem
872 1975 939 2015 ea
969 1957 1153 2014 eadem
1188 1956 1408 2012 Collect.
1438 1973 1495 2027 ρ.
1523 1954 1647 2009 947.

373 2052 628 2107 Rursum
660 2055 717 2105 et
746 2049 898 2121 apud
949 2045 1354 2102 beatissimum
1406 2043 1806 2109 Ambrosium,
1841 2044 1940 2114 qui

298 2157 503 2196 omnes
533 2144 726 2212 partes
757 2136 1055 2210 hesperias
1087 2134 1419 2190 illustravit.

465 2247 715 2304 Cassiani
743 2262 812 2301 ex
841 2245 936 2299 lib.
971 2242 1089 2297 VII.
1121 2241 1186 2296 de
1215 2243 1495 2296 Incarnat.
1528 2240 1770 2294 Domini.

365 2335 711 2391 Ambrosius
740 2333 988 2389 eximius
1031 2330 1125 2386 Dei
1174 2329 1465 2394 sacerdos,
1520 2327 1617 2398 qui
1669 2344 1702 2381 a
1755 2343 1935 2382 manu

292 2423 523 2481 Domini
556 2440 668 2479 non
700 2422 974 2478 recedens
1021 2419 1080 2474 in
1133 2419 1228 2474 Dei
1281 2433 1514 2488 semper
1551 2415 1732 2487 digito
1763 2415 1932 2487 quasi

289 2530 525 2587 gemma
553 2511 828 2568 rutilavit.

422 2603 678 2674 Prosperi
704 2601 884 2672 Aquit.
912 2615 981 2654 ex
1012 2597 1208 2653 Chron.
1244 2595 1392 2651 Crat.
1425 2611 1460 2649 ν
1484 2602 1535 2650 et
1567 2592 1754 2648 Theod.
1789 2611 1804 2647 ι

1047 2685 1179 2724 COSS.

359 2764 466 2819 Pro
499 2761 784 2818 catholica
830 2759 944 2814 ﬁde
987 2755 1177 2813 multa
1222 2752 1555 2810 sublimiter
1585 2752 1928 2810 Ambrosius

286 2852 597 2925 episcomis
627 2848 882 2921 scripsit.

589 2937 898 2994 Theodoreti
921 2951 990 2990 ea:
1017 2931 1381 3005 Polymorpho
1405 2931 1549 2986 Dial.
1584 2947 1620 2985 ι.

354 3029 539 3086 Audio
568 3026 942 3083 Ambrosium
975 3023 1071 3096 qui
1105 3019 1416 3078 Mediolani
1467 3019 1664 3074 sedem
1705 3018 1924 3090 episco-

287 3118 476 3191 palem
507 3116 752 3182 ornavit,
783 3119 841 3170 et
871 3119 1073 3169 contra
1103 3127 1305 3166 omnes
1355 3109 1602 3164 haereses
1656 3106 1926 3179 prazclare

2056 1881 2433 1946 poposcerat;
2491 1879 2590 1933 sed
2661 1877 2827 1935 valde
2896 1879 3285 1952 incongruum
3350 1881 3567 1936 credidi
3635 1887 3702 1938 ut

2055 1979 2267 2034 aquam
2317 1964 2736 2038 despicabitem
2795 1967 3074 2036 hauriret,
3120 1985 3296 2040 quem
3348 1973 3574 2025 constat
3625 1969 3701 2025 de

2052 2050 2355 2108 beatorum
2414 2055 2652 2124 Patrum
2711 2057 3009 2113 Ambrosii
3071 2061 3128 2112 et
3191 2057 3502 2131 Augustini
3570 2063 3692 2114 tor-

2049 2142 2318 2284 ;entibus
2347 2145 2640 2215 profunda
2667 2149 2724 2201 et
2754 2146 3066 2218 perspicua
3095 2147 3316 2202 fluenta
3345 2147 3578 2204 assidue
3601 2145 3696 2202 bi-

2091 2245 2204 2284 ere.

2091 2245 2204 2286 ere.

2222 2321 2419 2376 Isidori
2445 2338 2514 2376 ex
2545 2323 2642 2377 lib.
2676 2340 2715 2377 η
2743 2323 2808 2379 de
2837 2323 2990 2396 Ollio.
3015 2324 3210 2380 Eccles.
3238 2341 3358 2396 cap.
3384 2326 3474 2379 25.

2112 2407 2460 2464 Ambrosius
2493 2409 2944 2468 Mediolanensis
2973 2411 3302 2484 episcopus,
3333 2411 3420 2467 vir
3457 2428 3684 2484 magna;

2041 2494 2238 2594 gloriae
2269 2496 2328 2552 in
2359 2498 2608 2569 Christo,
2643 2504 2699 2556 et
2738 2500 3101 2558 clarissimus
3150 2501 3350 2557 doctor
3378 2500 3436 2556 in
3491 2499 3682 2556 Eccle-

2039 2599 2146 2639 818.

2038 2691 2315 2749 Aldhelmi
2343 2694 2584 2770 Schireb,
2631 2697 2797 2770 apud
2820 2698 2997 2770 Occid.
3053 2698 3295 2754 Saxones
3340 2699 3573 2770 episcopi
3615 2713 3688 2754 ex

2459 2766 2642 2822 Carm.
2667 2766 2738 2825 Vde
2772 2769 2936 2824 Laud.
2973 2771 3270 2841 Virginum.

2106 2872 2225 2937 Jam
2255 2871 2356 2937 fuit
2384 2873 2654 2937 Hesperias
2683 2875 2919 2926 famosus
2945 2875 3102 2926 laude
3133 2875 3382 2926 sacerdos

2042 2935 2370 3007 Ambrosius,
2402 2935 2592 3007 Christi
2624 2938 3196 3007 complensprzecepta
3223 2938 3459 3002 benigni,

2038 3000 2267 3064 Spiritus
2294 3001 2347 3045 et
2375 3003 2531 3064 castis
2563 3001 2793 3064 servavit
2819 3000 3022 3050 hedera
3050 3000 3244 3064 carnis,

2035 3062 2136 3122 Qui
2165 3073 2363 3108 nomen
2391 3063 2531 3123 gerit
2558 3062 2850 3112 Ambrosim
2880 3063 2946 3112 de
2976 3068 3190 3112 nectare
3215 3063 3453 3113 ductum.

2036 3127 2132 3175 Hic
2160 3130 2315 3187 tener
2342 3123 2398 3172 in
2426 3124 2578 3172 cunis
2605 3125 2878 3187 quondam
2905 3125 3034 3175 dum
3060 3125 3318 3187 parvulus
3346 3129 3499 3184 esset,

284 3183 630 3271 decertasse,
663 3208 721 3260 et
752 3201 1145 3275 pulcherrima
1174 3197 1688 3271 apostolorumque
1718 3195 1927 3251 doctri-
1954 3183 1998 3249 C
2037 3183 3296 3275 £1153:fujgfg‘BP-‘gésfjtnspﬁctfiula‘rg'uml

283 3313 369 3353 nee
401 3293 782 3369 congruentia
811 3291 1134 3363 scripsisse.

495 3400 668 3455 Idacii
691 3415 761 3455 ex
791 3398 988 3454 Chron.
1025 3397 1172 3452 Crat.
1205 3412 1265 3450 III
1293 3403 1343 3449 et
1368 3394 1549 3466 Equit.
1583 3409 1718 3448 coss.

351 3488 696 3545 Ambrosius
744 3488 802 3542 in
850 3486 1016 3542 Italia
1060 3482 1374 3540 Mediolani
1419 3483 1750 3554 episcopus,
1783 3481 1928 3536 Mar-

280 3577 444 3634 tinus
491 3578 550 3631 in
584 3575 787 3632 Galliis
833 3573 1081 3630 Turonis
1132 3573 1463 3644 episcopus,
1497 3576 1554 3626 et
1584 3571 1710 3625 vita;
1759 3571 1928 3626 meri-

279 3667 377 3733 tis,
428 3671 484 3721 et
531 3664 776 3738 patratis
828 3661 1126 3718 miraculis
1172 3661 1457 3717 virtutum
1497 3659 1788 3715 habentur
1837 3659 1925 3714 in-

282 3755 499 3828 signes.
1296 3757 1299 3759 ’

441 3843 644 3914 Vigilii
673 3844 824 3914 Taps,
855 3857 925 3896 ea:
953 3841 1048 3895 lib.
1086 3840 1158 3894 Ill
1190 3839 1444 3893 adversus
1467 3839 1756 3908 Eutychen.

355 3934 422 3988 Et
450 3948 653 3988 omnes
686 3930 870 3986 Latini
905 3929 1194 3984 sermonis
1223 3927 1522 3999 apostolici
1565 3926 1693 3991 viri,
1726 3925 1782 3980 id
1815 3931 1921 3992 est,

281 4021 558 4085 Hilarius,
591 4019 899 4085 Eusebius,
931 4016 1297 4083 Ambrosius,
1319 4015 1683 4088 Augustinus
1713 4020 1768 4069 et
1800 4015 1926 4070 Hie-

283 4127 583 4183 ronymus,
616 4108 950 4164 cmlestibus
982 4105 1191 4162 imbuti
1225 4105 1524 4173 doctrinis,
1557 4104 1734 4160 simul
1766 4103 1923 4176 pari-

281 4205 368 4256 ter
397 4198 792 4254 consentiunt.

336 4289 540 4343 Gelasii
563 4304 721 4360 papae
753 4286 794 4354 Ι,
822 4302 892 4360 ea:
919 4285 1278 4360 epist._13iad
1296 4283 1768 4360 _Dardanos.,tom.
1803 4281 1875 4338 1V

817 4358 974 4412 Cone.
1010 4356 1138 4412 edit.
1175 4356 1390 4411 Labbei.

352 4447 538 4502 Beata
570 4445 860 4500 memoria:
890 4444 1235 4500 Ambrosius
1257 4443 1706 4499 Mediolanensis
1731 4458 1921 4498 sacer-

2036 3249 2525 3312 Namquerexamen
2554 3263 2714 3312 apum
2746 3251 3046 3299 numerosis
3075 3250 3208 3300 forte
3237 3249 3501 3311 catervis;

2035 3310 2317 3363 Contendit
2342 3311 2534 3360 faciem
2563 3310 2742 3375 pueri,
2770 3312 3010 3362 mirabile
3037 3313 3168 3362 fatu.

2038 3436 2368 3500 Hoc(nempe)
2383 3449 2605 3485 examen
2634 3449 2813 3500 apum,
2836 3449 2943 3500 quo
2967 3437 3141 3500 sancti
3173 3436 3322 3485 labra
3348 3435 3683 3494 redundant,

2036 3499 2219 3550 Dulcia
2248 3497 2541 3561 mulsorum
2571 3497 3031 3561 portendit'verba
3058 3499 3321 3557 favorum,

2033 3563 2075 3626 Ε
2103 3561 2302 3626 quibus
2330 3559 2525 3626 affatim
2556 3559 2870 3626 dulcescunt
2890 3564 3106 3626 pectora
3135 3561 3318 3626 plebis.

2036 3622 2228 3673 Lucida
2253 3622 2473 3686 digessit
2499 3623 2838 3686 venerandus
2854 3622 3352 3686 opuscula—doctor,

2033 3687 2162 3735 Cum
2192 3685 2396 3748 ratione
2427 3685 2515 3747 pia
2542 3685 2787 3748 pandens
2816 3685 2883 3734 ab
2913 3686 3131 3748 origine
3149 3686 3340 3748 prima,

2035 3749 2269 3808 Qualiter
2297 3746 2442 3796 hunc
2470 3746 2733 3797 mundum
2763 3761 2971 3796 summa
3001 3746 3284 3810 prudéutia
3315 3746 3480 3795 Patris

2032 3812 2290 3874 Tempore
2316 3813 2638 3874 praesentem
2667 3811 2800 3858 tunc
2828 3823 2923 3872 per
2944 3809 3033 3874 bis
3063 3814 3216 3858 terna
3245 3809 3448 3858 dierum

2035 3871 2255 3930 Fecerit,
2286 3871 2486 3921 interno
2517 3872 2771 3933 dispones
2801 3871 2994 3922 saecula
3021 3876 3177 3920 nutu.

2035 3936 2177 3993 Haec,
2203 3936 2440 3997 inquam,
2472 3930 2654 3997 docuit
2683 3935 2867 3984 crebro
2897 3947 3143 3997 sermone
3173 3930 3411 3982 sacerdos

2032 3999 2218 4048 Plures
2247 3995 2545 4060 perducens
2575 3995 2641 4045 ad
2671 3997 2789 4046 caeli
2819 4009 2986 4061 regna
3015 3996 3322 4060 phalanges.

2032 4104 2198 4161 Beda:
2250 4102 2588 4158 Venerabilis
2633 4118 2702 4158 ex
2749 4103 2847 4174 lib.
2897 4103 2979 4174 de
3013 4103 3331 4174 Temporum
3360 4102 3578 4157 ratione
3608 4100 3682 4156 ad

2662 4190 2756 4228 an.
2788 4173 2854 4228 Μ.
2890 4173 3048 4228 4337.

2103 4280 2210 4346 Qui
2242 4281 2533 4352 (Valentia.
2582 4280 2796 4352 Iunior)
2844 4282 3040 4336 tamen
3085 4278 3480 4348 justissimam
3539 4294 3680 4335 cum

2033 4373 2220 4427 matre
2267 4369 2395 4441 ejus
2455 4367 2690 4424 Justina
2734 4386 2962 4441 poenam
3010 4368 3119 4424 luit
3165 4367 3396 4425 exsilii:
3433 4367 3574 4440 quia
3621 4373 3681 4424 et

2031 4460 2227 4532 ipsum
2285 4457 2504 4514 Ariana
2571 4457 2782 4530 polluit
2849 4457 3108 4525 haeresis,
3167 4463 3223 4513 et
3279 4456 3678 4513 eminentissi-

282 4536 389 4592 dos
420 4533 684 4590 Ecclesiae
712 4533 916 4604 majori
947 4533 1272 4589 Theodosio
1301 4531 1640 4605 imperatori
1661 4548 1922 4587 commu-
1954 4553 2000 4620 D
2033 4531 2192 4605 [ham
2236 4545 2535 4604 εθιιιοιίοω
2589 4547 2724 4602 ﬁdei
2783 4563 2975 4603 arcem
3023 4545 3402 4602 Ambrosium
3452 4546 3681 4618 perﬁda

282 4624 518 4678 nionem
552 4621 779 4694 publice
811 4621 1120 4693 palamque
1151 4622 1478 4695 suspendit,
1511 4626 1683 4694 atque
1707 4621 1778 4676 ad
1810 4637 1922 4693 pce-

281 4711 588 4768 nitentiam
622 4711 845 4782 redegit
875 4710 1091 4784 regiam
1123 4715 1489 4784 potestatem.

389 4817 626 4874 Ennodii
657 4819 824 4873 Ticin.
857 4821 1019 4890 episc.
1053 4835 1123 4874 ex
1154 4819 1250 4873 lib.
1285 4819 1308 4873 Ι
1337 4817 1542 4888 Carm,,
1571 4817 1759 4889 hymn.
1793 4818 1846 4872 6.

341 4924 483 4975 Ccelo
513 4924 689 4974 ferunt
726 4925 1058 4974 Ambrosium
1103 4925 1335 4974 Reduxit
1361 4923 1637 4984 expulsam
1669 4924 1824 4973 ﬁdem
1842 4938 1858 4984 ;

279 4989 506 5044 Nomen,
538 4987 726 5042 honor.
759 4988 840 5035 vel
870 4988 1025 5037 actio.
1101 4987 1242 5036 Dixit
1264 4985 1564 5049 triumphos
1588 4991 1885 5049 martyrum

282 5049 365 5099 Nil
394 5050 550 5098 debet
579 5050 665 5098 hic
694 5050 976 5104 facundiae,
1105 5051 1320 5111 Linguae
1351 5049 1570 5097 virentis
1598 5049 1809 5098 laureis.

279 5113 386 5160 Dos
413 5111 587 5160 omnis
614 5117 713 5168 est,
737 5126 768 5160 a
793 5114 1048 5162 moribus.
1109 5112 1322 5173 Hicgore
1348 5111 1582 5173 prmdam
1615 5112 1831 5163 sustulit

282 5174 451 5236 Furtis
475 5173 751 5236 juvantem
774 5188 879 5224 non
901 5174 1062 5236 cupit,
1101 5175 1173 5222 De
1204 5171 1363 5221 fauce
1389 5173 1649 5236 serpentis
1681 5176 1794 5226 feri.

1101 5236 1216 5299 Qui
1231 5235 1365 5285 bella
1393 5235 1583 5285 Christi
1605 5239 1814 5299 militat,

1104 5297 1291 5346 Nudus
1318 5299 1534 5347 timetur
1562 5302 1798 5353 ensibus.

281 5235 522 5284 Umbone
553 5236 787 5284 munitus
816 5252 930 5286 suo.

281 5297 342 5361 l_n
371 5310 530 5361 carne
560 5298 734 5361 carnis
763 5299 892 5346 nihil
923 5297 1032 5361 agit

282 5358 489 5422 Begiua
515 5371 667 5422 mens
694 5358 1018 5422 incorpore.

281 5419 552 5478 Contregit
580 5433 735 5467 omne
759 5419 1034 5471 lubricum.

283 5481 368 5531 Sic
398 5479 530 5527 vixit
560 5480 642 5526 ille
675 5494 779 5530 non
809 5485 925 5542 sibi,

281 5542 384 5592 Sed
415 5546 559 5590 totus
589 5545 788 5592 auctori
816 5547 940 5594 Deo.

283 5604 536 5668 Adjectus
564 5603 688 5656 hinc
716 5607 996 5671 Apostolis,

1102 5361 1243 5425 Vivit
1271 5361 1512 5423 sepultus
1540 5366 1591 5410 et
1612 5363 1780 5425 juvat.

1101 5423 1318 5471 Clavum
1349 5428 1538 5472 tenens
1566 5423 1827 5477 Ecclesiae.

1100 5485 1310 5557 tl‘ustina
1339 5486 1479 5557 vires
1493 5488 1760 5557 perdidit,

1101 5549 1198 5596 Dat
1228 5559 1387 5610 pmna
1415 5548 1529 5596 Vati
1559 5552 1862 5611 praemium.

2031 4635 2336 4692 obsidione
2384 4633 2653 4691 vexavit:
2687 4651 2792 4690 nec
2842 4635 3190 4707 priusquam
3243 4633 3483 4706 prolatis
3535 4633 3676 4688 bea-

2029 4729 2224 4780 torum
2280 4722 2539 4780 Gervasii
2596 4727 2653 4780 et
2699 4723 2944 4780 Protasii
3001 4727 3344 4796 martyrum,
3403 4722 3516 4778 Deo
3587 4739 3676 4778 re-

2029 4812 2277 4884 velante,
2308 4811 2572 4885 reliquiis
2601 4812 2980 4886 incorruptis,
3012 4812 3264 4868 nefanda
3288 4815 3476 4884 empta
3501 4811 3675 4868 dese-

2031 4902 2169 4959 ruit.

2030 5008 2242 5064 Nicolai
2283 5023 2440 5079 papa
2498 5008 2522 5079 ι
2570 5023 2640 5061 ea:
2681 5009 2837 5079 epist.
2890 5007 2970 5079 ad
3025 5006 3304 5079 Photium,
3363 5010 3489 5061 tom.
3559 5007 3682 5063 Vlll

2478 5078 2635 5133 Cone.
2669 5077 2797 5134 edit.
2833 5077 2980 5133 Phil.
3009 5078 3230 5133 Labbei.

2101 5166 2212 5222 Sed
2267 5169 2324 5220 et
2402 5164 2806 5221 beatissimum
2867 5165 3242 5221 Ambrosium
3289 5180 3357 5218 ex
3398 5164 3681 5221 catechu-

2033 5271 2221 5321 meno,
2253 5253 2448 5310 divino
2478 5253 2713 5310 oraculo
2757 5255 2830 5311 ad
2881 5255 3283 5327 episcopatum
3314 5257 3675 5326 promotum,

2034 5341 2181 5397 nihil
2211 5347 2300 5398 est
2329 5342 2484 5413 quod
2515 5342 2763 5415 exempli
2794 5359 2974 5398 causa
3021 5342 3281 5414 proferas
3327 5340 3564 5413 (etenim
3597 5341 3676 5397 ibi

2034 5430 2177 5487 satis
2207 5434 2296 5485 est
2325 5430 2541 5498 divina,
2575 5447 2690 5486 non
2721 5430 2982 5487 humana
3002 5431 3240 5502 jussio),
3276 5429 3445 5499 cujus
3485 5430 3679 5486 adhuc

2035 5516 2276 5572 infantis
2327 5520 2385 5574 in
2433 5519 2601 5575 cunis
2639 5519 2892 5592 jacentis
2947 5535 3189 5576 examen
3237 5533 3414 5590 apum
3442 5524 3680 5590 repente

2036 5603 2312 5665 advolans
2340 5607 2568 5666 vultum
2598 5608 2844 5676 obsedit,
2871 5611 3045 5681 atque
3093 5624 3178 5674 os,
3212 5604 3680 5687 ingredientibus
