3944 6216
217 374 331 438 199

1459 370 1808 434 SELECTA
1851 367 2328 432 TESTIMONIA
2342 413 2357 431 .

3485 374 3602 438 130

217 508 359 578 aliis,
414 508 546 565 aliis
603 509 1058 584 egredientibus,
1119 504 1400 579 implevit.
1462 506 1624 569 Quod
1687 509 1850 576 pater
1876 501 2286 572 Aspiritualis
2341 507 2506 575 pater
2562 506 2713 560 beati
2745 476 3079 579 Augustini,
3114 525 3290 581 quem
3326 498 3480 567 idem
3513 513 3601 568 vir

216 612 342 653 cum
395 597 618 654 videret
645 616 658 655 :
715 597 772 653 Si
800 597 1029 667 vixerit,
1055 612 1354 669 praesagus
1386 594 1599 666 inquit,
1632 594 1848 660 iulans,

215 701 459 758 magnus
488 687 617 743 erit.
653 686 761 751 Qui
791 691 997 759 postea
1023 685 1262 743 adultus
1291 681 1690 739 Mediolanum
1721 696 1851 753 per-

214 774 355 830 rexit
396 778 537 831 tunc
564 776 836 848 episcopo
867 775 1240 832 destitutum.
1276 772 1421 827 Cum
1444 775 1640 827 autem
1667 786 1853 842 popu-

212 861 304 917 lus
331 863 401 918 ad
433 862 776 920 electionem
833 863 1086 936 pastoris
1141 860 1529 927 convenisset,
1583 875 1716 915 ecce
1746 855 1854 912 tibi

211 949 405 1006 infans
435 952 730 1024 quispiam
760 951 1139 1008 Ambrosium
1167 949 1505 1022 episcopum
1534 946 1856 1018 proclama-

209 1038 309 1093 vit.
340 1039 596 1112 P0pulus
622 1057 826 1097 vocem
864 1057 981 1096 non
1012 1039 1140 1095 sine
1168 1037 1412 1094 numine
1436 1036 1681 1092 missam
1709 1035 1854 1090 arri-

207 1128 371 1199 puit;
422 1128 720 1202 simulque
765 1133 831 1184 ut
875 1129 1066 1183 virum
1120 1131 1368 1198 raperet,
1399 1126 1589 1180 irruit.
1620 1124 1855 1180 Subdu-

206 1216 376 1272 cebat
424 1216 523 1273 ille
570 1233 654 1284 se,
686 1222 744 1273 et
789 1215 949 1271 omni
988 1215 1211 1271 ratione
1240 1213 1495 1270 latebras
1526 1213 1852 1285 quaerebat;

204 1306 445 1362 tametsi
476 1305 655 1362 latere
706 1322 823 1361 non
866 1305 1076 1377 potuit,
1126 1302 1343 1377 populo
1376 1301 1545 1358 illum
1574 1305 1695 1357 toto
1721 1317 1858 1357 cum

203 1392 360 1449 clero
412 1393 593 1450 simul
642 1393 950 1466 deligente.
1000 1393 1147 1465 Ergo
1195 1409 1265 1449 ex
1312 1391 1728 1458 catechumeno
1758 1405 1861 1462 per

201 1481 483 1553 singulos
510 1482 729 1554 gradus
784 1480 1206 1538 ecclesiasticos
1252 1484 1622 1552 progressiis,
1656 1483 1858 1535 octavo

202 1569 452 1625 demum
484 1570 599 1637 die,
634 1574 754 1626 tota
810 1568 1094 1625 catholica
1149 1567 1550 1624 consentiente
1580 1566 1857 1635 Ecclesia,

203 1658 406 1713 divino
428 1658 559 1729 jam
589 1656 824 1714 oraculo
854 1657 1218 1729 designatus,
1251 1656 1563 1727 episcopus
1600 1660 1691 1710 est
1719 1670 1857 1709 cou-

204 1750 497 1802 secratus.
556 1747 835 1814 Leguntur
887 1746 1052 1817 plane
1094 1745 1304 1801 similia
1360 1745 1423 1799 in
1445 1742 1681 1813 ejusdem
1712 1744 1858 1798 Pon-

434 1837 714 1930 θρίω-ν..
877 1834 1189 1930 ttichaetem
1254 1834 1415 1930 imp.,
1462 1848 1517 1904 p.
1566 1832 1695 1899 280,
1765 1831 1861 1886 ubi
1892 1864 1941 1930 B

208 1923 513 1980 subditur:
588 1922 1131 1980 Ecclesiasticarum
1195 1920 1536 1994 regularum
1595 1936 1862 1976 normam

210 2017 333 2068 toto
363 2011 496 2067 vitae
542 2028 662 2069 sua:
692 2016 953 2085 tempore
982 2009 1317 2078 custodivit,
1377 2025 1581 2065 omnes
1610 2007 1862 2064 haereses

212 2099 539 2168 debellans,
596 2099 769 2156 Verbi
814 2100 914 2156 Dei
961 2099 1082 2156 zelo
1144 2098 1498 2154 succinctus.
1550 2096 1654 2153 Adi
1697 2099 1863 2153 etiam

212 2192 375 2261 epist.
408 2205 487 2257 v1,
517 2188 891 2253 adPhotium,
936 2205 994 2260 p.
1037 2188 1166 2253 284,
1212 2189 1311 2243 ubi
1358 2186 1472 2243 hac
1520 2189 1643 2258 ipsa
1686 2188 1866 2258 fusius

214 2278 395 2333 adhuc
455 2281 754 2348 pertractat
818 2277 966 2333 idem
1038 2277 1325 2343 Nicotaus,
1411 2276 1869 2346 Ambrosiumque

212 2375 463 2424 nostrum
493 2364 884 2423 clarissimam
914 2371 972 2422 et
1000 2364 1545 2438 splendidissimam
1565 2362 1866 2419 lucernam

216 2453 490 2512 Ecclesia
518 2458 693 2511 vocat.

221 2562 510 2618 Hinemari
566 2562 807 2633 archiep.
860 2561 1011 2616 Rem.
1069 2561 1132 2633 in
1174 2561 1434 2633 Quatern.
1465 2558 1537 2615 ad
1569 2558 1748 2614 Carol.
1779 2572 1869 2613 re-

750 2647 871 2703 gem
888 2634 1019 2688 tom.
1048 2632 1159 2689 VIII
1185 2632 1344 2688 Cone.

289 2723 647 2778 Mementote
692 2721 827 2776 facti
881 2720 1246 2777 memorandi
1295 2718 1610 2775 Theodosii
1658 2722 1717 2775 et
1746 2734 1867 2775 me-

222 2809 529 2868 morabilis
556 2809 663 2865 viri
709 2808 1024 2878 Ambrosii,
1055 2813 1113 2865 et
1155 2808 1294 2881 quia
1321 2808 1571 2864 excessit
1601 2814 1665 2863 ut
1694 2808 1869 2864 homo

221 2898 613 2966 Theodosius,
646 2898 928 2971 corripuit
956 2914 1092 2954 eum
1123 2903 1189 2953 ut
1214 2913 1387 2953 verus
1430 2898 1704 2953 sacerdos
1731 2899 1868 2952 Am-

220 2988 478 3054 brosius,
512 2991 571 3043 et
619 2987 839 3059 recepit
888 2986 1177 3058 patienter
1229 2990 1406 3059 atque
1462 2984 1741 3042 bumiller
1770 3003 1872 3058 per

219 3076 391 3133 illum
441 3075 700 3132 divinam
758 3076 1177 3131 correctionem
1234 3074 1680 3131 Theodosius...
1714 3074 1872 3131 Felix

219 3164 313 3222 ille
356 3166 682 3238 imperator
719 3164 819 3236 qui
873 3180 983 3219 suo
1037 3167 1296 3234 tempore
1329 3162 1507 3220 talem
1540 3163 1747 3220 habuit
1776 3179 1869 3219 sa-

1962 591 2370 647 sanctissimus
2429 593 2490 648 in
2547 594 2712 650 libris
2772 596 2897 652 suis
2953 602 3224 654 sanctum
3267 605 3324 654 et
3364 602 3599 658 beatum

1960 679 2261 747 nominat;
2314 681 2485 751 cujus
2549 684 2976 752 auctoritatem,
3048 692 3197 743 teste
3251 690 3598 761 Augustino,

1963 771 2285 839 martyrum
2313 769 2594 826 revelator
2616 771 2831 828 Paulus
2860 774 3170 844 Apostolus
3192 781 3596 835 commendat:

1963 872 2135 927 quem
2167 856 2375 913 beatus
2397 858 2730 931 Gregorius,
2766 861 2855 915 vir
2886 862 3052 933 plane
3078 865 3450 936 apostolicus,
3484 886 3600 940 pris

1963 960 2026 998 se
2077 946 2262 1017 gerit:
2321 947 2492 1016 cujus
2551 948 2877 1004 doctrinam
2912 950 3300 1021 recipiendam
3330 955 3600 1012 beatissi-

1963 1049 2098 1088 mus
2127 1033 2492 1101 Benedictus,
2538 1041 2684 1092 teste
2714 1045 2917 1092 sancto
2949 1040 3244 1111 Gregorio,
3268 1050 3602 1101 sanctorum

1963 1121 2377 1193 prophetarum
2411 1124 2628 1196 Spiritu
2678 1125 2887 1198 plenus
2925 1128 3215 1197 judicavit
3246 1148 3259 1186 :
3301 1133 3391 1186 cui
3426 1134 3604 1189 totius

1965 1209 2230 1265 Ecclesiae
2278 1212 2731 1270 Mediolanensis
2776 1215 2962 1285 gloria
3005 1217 3335 1287 specialiter
3363 1226 3603 1278 attesta-

1964 1303 2101 1354 tur:
2135 1315 2306 1368 quem
2340 1301 2545 1356 merito
2575 1302 2703 1357 fidei
2734 1309 2890 1359 totus
2920 1305 3078 1359 orbis
3107 1315 3449 1365 veneranter
3473 1327 3603 1367 am-

1967 1384 2241 1457 plectitur
2280 1388 2421 1459 (non
2464 1389 2620 1444 enim
2651 1396 2737 1445 tot
2756 1398 2812 1446 et
2838 1394 2985 1446 tanti
3019 1400 3199 1450 testes
3228 1395 3277 1451 si
3303 1402 3360 1452 te
3389 1398 3449 1452 in
3492 1399 3606 1456 fide

1968 1473 2255 1531 catholica
2283 1492 2476 1532 errare
2506 1477 2775 1543 scissent,
2838 1483 2998 1534 tanto
3056 1485 3343 1552 praeconio
3378 1490 3434 1541 te
3463 1503 3608 1559 pras-

1969 1562 2288 1635 dicassent)
2314 1581 2326 1619 :
2361 1565 2501 1636 quid
2531 1570 2617 1631 tu,
2653 1566 2918 1638 inquam,
2951 1570 3022 1624 de
3053 1573 3435 1630 sacramentis
3465 1575 3609 1630 alta-

1969 1650 2051 1705 ris
2081 1651 2324 1719 sentias,
2359 1653 2687 1725 explanate.

1973 1774 2223 1830 Dmandi
2252 1776 2465 1833 abbatis
2518 1794 2594 1860 (με
2623 1783 2789 1860 tract.
2847 1781 2919 1860 de
2960 1784 3197 1855 Corpore
3235 1792 3288 1841 et
3335 1786 3615 1860 Sanguine

2533 1849 2755 1917 Christi,
2793 1859 2939 1923 part.
2974 1870 3047 1909 Iv.

2040 1959 2250 2034 Aliqua
2279 1963 2561 2021 deflorare
2616 1964 2761 2021 libet
2791 1966 2862 2022 de
2916 1973 3118 2026 sancto
3144 1972 3470 2043 Ambrosio,
3506 1994 3612 2033 cu-

1963 2049 2065 2120 jus
2098 2049 2153 2105 in
2187 2051 2442 2127 Ecclesia
2474 2053 2757 2111 catholica
2804 2061 2936 2129 post
2966 2059 3259 2130 apostolos
3296 2064 3614 2123 auctoritas

1971 2136 2220 2194 habetur
2250 2140 2554 2214 praecipua,
2584 2144 2677 2215 crj
2690 2160 2755 2199 us
2776 2144 3116 2218 eloquentiae
3137 2149 3386 2208 affluens
3412 2153 3614 2211 facun-

1973 2226 2070 2282 dia
2098 2227 2311 2283 Latiuaa
2344 2228 2555 2303 lingua:
2585 2233 2765 2289 decus
2795 2239 2882 2290 est
2911 2238 2968 2290 et
2997 2236 3203 2294 forma.

1976 2350 2222 2423 Gregorii
2267 2370 2425 2426 papa
2459 2357 2547 2412 VII
2571 2374 2640 2429 ex
2675 2360 2832 2428 epist.
2883 2362 2936 2425 2,
2970 2360 3066 2417 lib.
3119 2379 3193 2429 IV,
3222 2366 3353 2420 tom.
3381 2367 3425 2421 X
3449 2369 3613 2426 Cone.

2567 2428 2785 2496 Labbei,
2812 2446 2870 2501 ρ.
2905 2430 3026 2487 149.

2047 2536 2162 2592 Nec
2192 2539 2639 2610 prmtermittant
2668 2542 2823 2613 quod
2866 2544 3073 2601 beatus
3101 2549 3465 2621 Ambrosius,
3499 2570 3617 2611 non

1977 2624 2168 2681 solum
2251 2643 2469 2699 regem,
2545 2630 2646 2685 sed
2706 2630 2883 2687 etiam
2951 2649 3151 2690 revera
3204 2635 3617 2710 imperatorem

1976 2714 2371 2771 Theodosium
2401 2716 2667 2775 moribus
2686 2724 2755 2785 et
2786 2725 3086 2791 potestate,
3122 2740 3236 2781 non
3267 2729 3498 2785 tantum
3529 2746 3618 2787 ex-

1976 2804 2450 2874 communicavit,
2503 2807 2605 2863 sed
2654 2808 2830 2864 etiam
2880 2826 2953 2865 ne
2993 2822 3374 2883 praesumeret
3402 2817 3463 2874 in
3493 2819 3618 2877 loco

1976 2892 2344 2947 sacerdotum
2376 2892 2434 2947 in
2469 2892 2724 2951 Ecclesia
2753 2912 3008 2965 manere,
3048 2896 3368 2959 interdixit.

2219 3017 2495 3073 Bernardi
2522 3019 2736 3076 abbatis
2767 3020 2975 3078 Clarev.
3007 3038 3077 3078 ex
3104 3027 3260 3097 epist.
3292 3027 3385 3084 77.

2046 3132 2133 3188 Ab
2162 3132 2256 3188 his
2290 3149 2425 3204 ergo
2456 3133 2688 3191 duabus
2736 3136 3031 3194 columnis
3082 3142 3498 3213 (Augustinum
3533 3145 3618 3203 lo-

220 3221 616 3311 cerdotein...
668 3221 755 3308 Et‘
812 3252 952 3308 felix
1000 3221 1273 3308 sacerdos
1330 3251 1431 3307 Dei
1499 3253 1865 3321 Ambrosius,
1899 3234 1941 3301 C
1980 3238 2129 3321 Suo”
2182 3224 2240 3277 et
2291 3221 2712 3321 ῧφδιᾯείυω),
2773 3226 2942 3281 crede
2993 3228 3158 3321 mihi.
3201 3230 3437 3287 difﬁcile
3467 3235 3619 3291 avel-

219 3343 319 3415 qui
348 3342 415 3398 in
445 3346 708 3414 tempore
738 3340 851 3397 fuit
869 3339 1003 3396 talis
1026 3340 1432 3413 imperatoris;
1466 3340 1752 3412 scriptum
1780 3344 1872 3397 est

218 3431 374 3487 enim
415 3447 429 3485 :
464 3434 668 3487 Beatus
723 3432 822 3501 qui
865 3432 1090 3485 enarrat
1133 3429 1409 3499 iustitiam
1457 3429 1589 3484 auri
1614 3428 1870 3484 audienti

220 3520 408 3591 (Eccli.
442 3521 598 3591 xxv).
635 3518 846 3575 Felices
892 3534 1125 3590 quoque
1173 3518 1347 3573 ambo
1393 3521 1452 3573 et
1482 3517 1755 3573 sacerdos
1816 3521 1874 3573 et

221 3608 561 3681 imperator,
595 3607 735 3680 quia
765 3623 837 3663 ne
868 3607 957 3662 ira
985 3607 1086 3662 Dei
1136 3623 1241 3678 pro
1281 3622 1522 3662 excessu
1553 3605 1871 3662 descende-

220 3702 305 3754 ret
333 3714 518 3770 super
571 3696 1008 3768 imperatorem,
1071 3694 1280 3751 habuit
1335 3712 1442 3751 suo
1484 3699 1751 3767 tempore
1777 3712 1870 3751 sa-

223 3786 519 3842 cerdotem
550 3785 621 3840 de
669 3800 786 3856 quo
837 3801 952 3839 non
1003 3786 1247 3856 questus
1278 3787 1368 3839 est
1394 3782 1682 3839 Dominus
1713 3783 1872 3855 quod

225 3874 293 3929 de
324 3873 498 3931 nobis
528 3874 701 3929 modo
729 3872 993 3945 queritur
1022 3871 1224 3928 dicens
1252 3888 1265 3927 :
1301 3872 1535 3940 Quaesivi
1573 3888 1749 3927 unum
1776 3875 1875 3943 qui

223 3965 592 4036 interponeret
656 3978 858 4034 sepem,
936 3970 988 4017 et
1066 3965 1236 4017 staret
1321 3962 1596 4033 oppositus
1682 3960 1874 4018 contra

222 4069 326 4123 me,
387 4068 461 4108 ne
534 4052 868 4123 dissiparem
937 4067 1082 4120 eam,
1136 4058 1188 4106 et
1232 4066 1342 4106 non
1398 4051 1591 4106 inveni
1655 4051 1867 4124 (Ezech.

223 4144 384 4213 xxii).
1392 4134 1405 4147 ’

433 4228 693 4301 Ejusdem
718 4245 789 4285 ex
818 4229 914 4286 lib.
949 4246 990 4285 ιι
1018 4228 1084 4285 de
1119 4227 1383 4287 Predest.
1414 4244 1532 4301 cap.
1564 4230 1650 4285 25.

291 4318 545 4375 Sanctus
602 4318 950 4374 Ambrosius
1017 4317 1188 4389 cujus
1257 4317 1559 4373 sententiae
1624 4316 1760 4374 ﬁdei
1814 4321 1872 4375 et

226 4406 494 4463 Ecclesiae
523 4410 582 4462 et
608 4405 877 4462 omnium
904 4405 1189 4461 virtutum
1223 4404 1577 4462 ﬁrmissima;
1608 4410 1748 4462 sunt
1772 4422 1867 4463 co-

232 4494 465 4564 lumnae,
498 4495 599 4568 qui
628 4499 900 4551 sanctum
928 4493 1323 4567 Augustinum
1355 4509 1458 4565 per
1486 4493 1585 4550 Dei
1616 4494 1867 4567 gratiam

230 4582 338 4640 ﬁde
393 4582 773 4654 illuminavit,
826 4582 1181 4655 baptismate
1254 4582 1632 4651 consecravit,
1692 4586 1868 4655 atque
1897 4600 1944 4665 ι)

229 4671 491 4729 doctrina
518 4671 755 4745 pietatis
785 4670 1079 4739 instruxit,
1112 4671 1195 4727 ita
1224 4670 1283 4726 in
1312 4669 1484 4741 libro,
1516 4674 1625 4727 etc.

331 4779 516 4835 Photii
545 4794 616 4835 ex
664 4778 835 4850 ipsius
878 4777 1137 4833 Biblioth.
1170 4792 1287 4849 cap.
1318 4777 1444 4844 231,
1472 4793 1601 4849 pag.
1630 4777 1757 4833 890.

296 4865 392 4923 Ille
422 4867 484 4922 in
515 4865 798 4921 divinitus
856 4864 1053 4921 afﬂata
1097 4864 1364 4921 libertate
1411 4881 1478 4921 ac
1508 4866 1724 4938 pietate
1755 4866 1869 4923 im-

226 4953 479 5012 mobillis
511 4953 771 5021 animus,
803 4952 1257 5011 Mediolanensis
1306 4953 1586 5009 nimirum
1616 4956 1868 5012 Ambro-

229 5058 369 5100 81118.

329 5132 578 5190 0dilonis
606 5133 821 5189 abbatis
850 5148 920 5189 ex
959 5133 1162 5192 Chron.
1196 5131 1438 5189 Cluniae.
1466 5150 1598 5204 pag.
1635 5133 1756 5188 402.

293 5218 506 5277 Beatus
559 5220 928 5289 Ambrosius,
985 5220 1073 5276 vir
1128 5237 1233 5293 per
1284 5226 1496 5277 cuncta
1532 5218 1866 5291 laudabilis,

226 5311 280 5363 et
303 5324 477 5365 verus
534 5314 793 5365 assertor
830 5310 965 5366 fidei
1017 5309 1311 5367 catholica:
1337 5353 1349 5365 .
1379 5352 1391 5364 .
1425 5351 1437 5364 .
1491 5307 1869 5366 doctissimus

226 5395 441 5453 doctor.

226 5482 544 5542 Guitmundi
599 5487 866 5541 Aversani
917 5489 1082 5559 episc.
1141 5503 1214 5543 ex
1268 5486 1366 5540 tib.
1401 5502 1485 5559 λιιι
1514 5485 1580 5541 de
1619 5484 1866 5541 Sacram.

684 5560 847 5629 Corp.
877 5557 957 5613 et'
982 5558 1148 5629 Sang.
1187 5557 1409 5616 Domini

293 5645 405 5709 Sed
460 5649 554 5719 tu,
607 5645 813 5707 doctor
850 5646 1117 5728 egregie,
1176 5644 1519 5708 beatissime
1571 5640 1866 5717 Ambrosi,

1978 3309 2068 3366 lor
2098 3327 2111 3366 :
2145 3327 2279 3366 cum
2312 3308 2424 3378 his,
2484 3309 2748 3382 inquam,
2783 3330 2876 3368 me
2932 3317 3036 3369 aut
3064 3331 3255 3371 errare
3282 3324 3385 3374 aut
3414 3337 3620 3394 sapero

1977 3398 2197 3454 fateor.-

2334 3523 2648 3580 Petrarchw
2694 3538 2764 3579 ea:
2794 3524 2895 3580 lib.
2929 3542 2968 3595 ι,
3018 3506 3175 3598 epist.
3214 3530 3263 3583 1.

2051 3646 2243 3703 Unum
2273 3646 2483 3703 aemulo
2514 3665 2580 3704 ac
2610 3648 3069 3721 reprenhensore
3091 3659 3408 3725 carentem,
3435 3676 3621 3717 unum

1978 3735 2154 3809 plena
2182 3740 2239 3791 et
2270 3736 2606 3809 indecerpta
2635 3736 2805 3793 laude
2848 3738 3190 3797 decoratum
3220 3744 3618 3817 Ambrosium,

1981 3825 2150 3897 cujus
2183 3841 2254 3880 ne
2274 3825 2508 3895 juvenis
2537 3825 2774 3898 quidem
2808 3827 3023 3884 famam
3084 3832 3328 3888 mordax
3355 3833 3503 3891 livor
3534 3843 3619 3893 at-

1982 3912 2197 3985 tigerit,
2250 3913 2402 3984 apud
2438 3914 2725 3985 quosdam
2757 3915 3009 3983 invenio,
3043 3919 3198 3990 quod
3233 3920 3378 3977 forte
3407 3923 3480 3978 ad
3513 3942 3621 3996 pu-

1979 4018 2106 4058 ram
2137 4002 2264 4073 ejus
2296 4017 2362 4056 ac
2392 4000 2718 4074 simplicem
2750 4004 3098 4076 doctrinam,
3134 4008 3327 4064 omnis
3359 4011 3619 4085 ambigui

1980 4093 2292 4162 expertem,
2327 4089 2693 4145 referendum
2726 4096 2833 4157 est,
2871 4094 3098 4149 Consule
3145 4095 3384 4166 ejusdem
3416 4115 3624 4172 quoque

1981 4179 2185 4234 librum
2213 4195 2254 4233 ιι
2284 4177 2364 4233 De
2416 4177 2548 4232 Vita
2597 4177 2877 4247 solitaria,
2938 4181 3194 4238 sectione
3230 4200 3311 4253 ιιι,
3344 4201 3470 4258 cap.
3501 4189 3537 4241 2
3566 4194 3624 4246 et

1981 4267 2032 4335 4,
2066 4266 2163 4321 ubi
2191 4266 2330 4321 scitu
2356 4265 2680 4337 dignissima
2726 4266 2897 4324 tradit
2921 4268 2987 4325 de
3015 4269 3317 4340 Ambrosio,
3372 4291 3498 4347 quae
3524 4294 3623 4335 nos

1976 4371 2141 4411 causa
2172 4355 2447 4410 brevitatis
2476 4356 2565 4409 hic
2592 4356 2915 4424 omittimus,
2949 4374 3060 4413 non
3088 4375 3239 4415 secus
3265 4379 3330 4418 ac
3346 4364 3460 4421 alia
3482 4368 3624 4424 mul-

1977 4448 2053 4512 ta,
2110 4459 2236 4515 qua:
2278 4444 2338 4498 in
2375 4442 2652 4499 historicis
2708 4444 3134 4505 bibliothecariis
3188 4449 3624 4532 legendariisgue

1974 4542 2163 4607 sponte
2188 4541 2500 4589 occurrunt.

1975 4677 2191 4753 Andrea
2239 4674 2304 4731 de
2348 4676 2519 4753 P_etra_
2559 4675 2757 4753 coloss.
2788 4678 3057 4753 archiep.
3096 4698 3177 4753 ex
3235 4690 3376 4742 orat.
3431 4687 3620 4746 habita

2048 4750 2311 4875 ganeam.
2368 4748 2568 4817 Basit.,
2608 4752 2648 4805 t.
2689 4750 2803 4804 XII
2840 4748 3012 4807 Cone:
3040 4752 3170 4809 edit.
3213 4759 3431 4827 Labbei,
3489 4776 3616 4831 pag.

2048 4962 2209 5026 Quod
2240 4978 2371 5018 vero
2402 4966 2741 5023 sanctorum
2796 4963 3033 5020 Patrum
3090 4966 3356 5021 doctrina
3393 4984 3620 5027 errores

1979 5067 2184 5106 omnes
2215 5050 2522 5123 depulerit,
2572 5056 2753 5106 testes
2783 5056 2988 5107 sunt...
3026 5053 3391 5122 Ambrosius,
3420 5058 3618 5130 Augu-

1979 5139 2190 5207 stinus,
2224 5138 2633 5211 Hieronymus,
2664 5139 3004 5196 Christianae
3035 5139 3334 5213 religionis
3372 5141 3620 5201 clarissi-

1978 5244 2077 5282 ma
2105 5226 2350 5294 lumina,
2412 5227 2514 5299 qui
2572 5227 2852 5283 adversus
2910 5229 3102 5285 omnis
3158 5229 3397 5287 haeresis
3432 5249 3619 5305 genus

1978 5312 2363 5370 invictissime
2393 5314 2774 5386 scripserunt.

1977 5437 2317 5495 Bessarionis
2357 5436 2506 5492 card.
2556 5452 2626 5491 ea:
2644 5445 2783 5493 orat.
2812 5446 3050 5512 dogmat.
3086 5441 3245 5510 Cone,
3275 5446 3403 5499 tom.
3437 5445 3517 5501 XI
3531 5448 3559 5502 Ι
3572 5448 3618 5504 Ι.

2047 5552 2344 5609 Habemus
2373 5549 2516 5605 item
2575 5564 2674 5603 eos
2732 5552 2936 5623 qui_ab
2993 5555 3302 5612 Occidente
3330 5558 3622 5615 exstinxe-

1977 5644 2118 5703 runt
2136 5654 2400 5703 errorum
2411 5637 2683 5698 ﬂammas
2702 5652 2849 5702 sana
2867 5641 3312 5718 clarissimeque
3332 5642 3623 5721 doctrina,
