3938 6214
415 353 522 411 131
1863 357 1925 415 s.
1978 354 2350 415 AMBROSII
3674 365 3778 425 132
3841 339 3845 349 “

410 483 718 552 Hilarium,
759 485 1156 542 Ambrosium.
1179 486 1348 558 ..qui
1381 486 1573 556 rugitu
1607 503 1713 542 suo
1744 485 2046 542 haereticos
2075 492 2129 555 Α
2172 548 2184 558 Α
2256 485 2547 558 ,Αωζποθίἱ
2575 486 3059 558 monitisjubdere
3081 491 3144 558 te
3165 499 3409 558 propera.

407 589 610 629 omnes
639 547 1069 630 deterruerunt.
1266 547 1280 558 ⁸
1453 547 1485 556 Η
2075 547 2129 555 η
2158 547 2736 630 Αωδῖθῗέῗθνεθῗῖφέίῖἶ
2767 547 3411 630 ἮῨΠΫῩΪΫῨ-Ῑηξίῗ-θί
3442 555 3606 616 ωαυίῖ

2290 609 2432 676 Felix
2459 611 2500 657 si
2538 611 2739 676 poteris
2769 611 2987 676 discere,
3013 614 3164 676 scire,
3191 609 3366 676 sequi.

621 663 822 718 Incerti
857 680 926 717 6.1?
971 681 1071 718 ms.
1123 665 1358 719 Colbcrt:
1387 682 1518 719 ann.
1549 667 1678 719 circ.
1710 666 1835 718 600.
2162 671 2426 744 Ambrosii
2463 663 2671 744 scriptis
2693 663 3011 744 perdueitur
3032 663 3368 744 pdmelidrn,

476 754 662 803 Audeo
693 767 828 816 quos
858 753 1045 800 humili
1076 765 1262 800 versus
1293 752 1624 816 subscribere
1655 750 1806 814 stylo,

2175 733 2515 816 ‘M‘Quisua
2534 733 2742 816 scripta
2771 735 2916 816 legit.
2951 741 3004 785 et
3027 738 3151 785 facit
3180 733 3384 810 absque
3415 752 3574 790 mora.

531 820 594 868 Mi
627 796 778 872 lecio,
813 816 922 864 noli
954 815 1148 863 ducere
1181 828 1276 876 pro
1300 796 1620 876 nihilo—fni

2162 796 2498 876 Ambposiulm
2533 797 2714 876 legito,
2745 799 2796 876 si
2818 800 2938 876 vita:
2971 813 3168 861 pascua
3197 796 3425 876 qua—aris:

531 820 594 868 Mi
627 814 778 872 lecto,
813 816 922 864 noli
954 815 1148 863 ducere
1181 828 1276 876 pro
1300 814 1486 862 nihilo.

405 883 586 932 Dicere
618 881 756 942 cogit
789 892 938 926 amor
967 892 1067 933 me,
1105 891 1222 939 qua:
1253 877 1457 942 loquor,
1490 875 1890 932 Ambrosianus,

2162 814 2498 844 aninrosmm
2533 814 2714 858 legito,
2745 814 2786 844 si
2818 814 2938 846 Viue
2971 814 3168 861 pascua
3235 815 3426 848 uteris:

2162 860 2431 942 “91's.
2447 859 2743 942 sese“
2773 860 2934 942 τεοίιει
2957 814 3402 942 amarissimum;
3432 863 3547 912 eris.

526 943 620 993 Cui
653 920 850 991 sgrvire
881 943 1027 1004 cupit
1057 920 1208 1004 biens
1233 920 1372 1004 mea,
1400 920 1604 1001 liiigua,
1651 952 1859 995 manus,
1880 920 1890 932 ⁷

2162 920 2312 1004 Finis:
2336 921 2520 1004 adesp;
2550 934 2747 993 munus
2777 927 2992 994 praestet
3021 920 3110 1004 qui
3136 925 3316 1004 trinup
3345 929 3392 974 et
3413 939 3563 996 .unus

401 1006 442 1054 Ο
471 984 1603 1069 ᾳυῖξξίιιῖᾇιιέηειῖῑῖέᾖξαἶᾶἶῆέξῦἆῖείῖέὲιίὰῗ
1653 984 1798 986 mu
1831 984 1858 995 γ’
2283 984 2346 1032 Se
2383 984 2529 1034 mihi.
2562 984 2742 1046 sicque
2773 985 2892 1047 pius
2923 984 3156 1048 postulet
3184 987 3506 1036 Ambrosius.

400 1172 1888 1204 ππ

891 1319 997 1425 ΙΝ
1071 1314 1288 1426 SEX
1361 1309 1756 1422 LIBROS
1803 1309 2618 1486 ‘HEXAEMERON
2686 1314 3353 1425 ADMOMTIO.

466 1653 847 1708 Observatum
894 1647 1018 1717 jam
1064 1643 1288 1707 multis,
1351 1642 1504 1713 quod
1539 1646 1595 1695 et
1625 1659 1716 1696 res
1751 1641 1876 1712 ipsa
1907 1639 2142 1710 clamat,
2175 1641 2625 1697 Ambrosianum
2658 1642 2813 1698 hunc
2867 1644 3063 1699 fmtum
3105 1647 3479 1703 sermonibus
3509 1654 3781 1719 constare,

395 1743 612 1816 quibus
661 1742 900 1794 sanctus
933 1735 1144 1790 Doctor
1175 1730 1388 1804 populo
1420 1729 1840 1785 Mediolanensi
1876 1746 2068 1784 rerum
2102 1731 2450 1785 creationem
2485 1733 2769 1802 exposuit.
2803 1733 2920 1788 Hos
2972 1734 3261 1801 notarium
3316 1736 3569 1808 aliquem
3601 1755 3667 1794 ex
3695 1756 3784 1795 ore

395 1829 642 1889 dicentis
671 1824 965 1897 excepisse
998 1822 1356 1877 arbitrantur
1405 1817 1692 1884 nonnulli,
1755 1835 1821 1873 ex
1875 1819 2082 1890 primis
2135 1819 2424 1875 sermonis
2481 1821 2662 1876 octavi
2721 1822 2910 1877 verbis
2941 1823 3335 1892 conjecturam
3367 1825 3701 1898 capientes:
3733 1833 3786 1882 at

395 1925 548 1977 certe
580 1914 921 1973 Ambrosius
945 1912 1070 1981 jam
1104 1909 1513 1982 pronuntiatos
1563 1905 1711 1979 stylo
1744 1907 2034 1973 astrinxit,
2090 1923 2154 1961 ac
2182 1907 2241 1961 in
2295 1923 2446 1970 eam,
2505 1925 2620 1980 qua
2675 1909 3185 1976 circumferuntur,
3230 1915 3518 1969 tractatus
3550 1914 3782 1970 formam

395 2004 786 2065 concinnavit.
819 2003 1071 2073 Ipsemet
1103 1997 1256 2053 enim
1290 1995 1605 2051 Orontiano
1658 1995 1900 2050 diacono
1931 1995 2119 2064 (Epist.
2152 1994 2221 2048 ad
2251 1995 2481 2067 Orant),
2515 1997 2584 2051 ad
2620 2013 2792 2068 quem
2849 1997 3001 2052 sicut
3059 2003 3114 2053 et
3143 1999 3214 2053 ad
3259 1999 3545 2056 Sabinum
3575 2003 3785 2074 episco-

396 2115 536 2171 pum
569 2095 676 2150 hoc
709 2092 860 2147 idem
892 2105 1039 2160 opus
1071 2086 1250 2150 misit,
1283 2085 1567 2151 scribens,
1602 2085 1989 2139 Hexaemeron
2023 2101 2195 2138 suum
2229 2101 2355 2140 sese
2411 2102 2679 2141 exarasse
2729 2086 3038 2158 significat.
3100 2088 3376 2143 Eamdem
3428 2106 3546 2146 rem
3579 2091 3635 2145 in
3666 2090 3785 2147 aliis

394 2201 625 2260 quoque
654 2181 820 2236 libris
853 2179 977 2250 ipse
1010 2175 1315 2232 factitabit.
1347 2175 1544 2244 Neque
1576 2173 1842 2239 dubium,
1877 2171 1958 2226 illi
1991 2173 2098 2228 hoc
2130 2173 2256 2228 ideo
2288 2190 2398 2227 usu
2433 2175 2646 2241 venire,
2679 2179 2736 2229 et
2766 2175 3086 2230 amicorum
3121 2180 3186 2230 ut
3229 2176 3652 2250 obsequeretur
3696 2195 3786 2235 vo-

391 2273 624 2339 luntati,
661 2275 1120 2336 caaterorumque
1152 2262 1617 2318 Christianorum
1652 2261 1884 2316 utilitati
1919 2260 2268 2327 consuleret,
2300 2268 2355 2318 et
2387 2262 2495 2318 sibi
2527 2279 2597 2316 ne
2629 2262 2849 2335 imponi
2883 2269 3079 2335 posset
3109 2281 3140 2318 ει
3173 2265 3438 2322 ηοιει-ίίε,

464 2360 634 2433 Operi
668 2374 774 2414 suo
807 2361 1024 2409 Auctor
1052 2353 1174 2424 ipse
1205 2351 1441 2406 titulum
1475 2351 1867 2405 Hexaemeron
1927 2348 2140 2404 indidit
2199 2351 2390 2422 (Epist.
2443 2351 2513 2406 ad
2543 2351 2730 2407 Sabin.
2763 2360 2813 2406 et
2845 2353 3074 2423 Orant),
3111 2352 3398 2425 illudque,
3432 2353 3481 2409 si
3515 2354 3658 2410 ﬁdes
3686 2354 3787 2408 ha-

393 2451 584 2507 benda
615 2464 757 2504 mss.
795 2446 849 2499 in
886 2442 1100 2515 quibus
1131 2439 1407 2495 omnibus
1439 2439 1625 2510 legere
1656 2444 1764 2504 est,
1798 2439 2036 2509 Explz'cit
2066 2438 2184 2493 dies
2238 2441 2471 2510 primus.
2536 2441 2731 2511 Incipit
2761 2439 2876 2495 dies
2930 2441 3216 2507 secundus,
3268 2447 3326 2496 et
3357 2442 3446 2497 ita
3475 2443 3546 2498 de
3578 2441 3788 2498 caateris

391 2543 449 2596 in
483 2557 582 2595 sex
630 2538 758 2592 dies
787 2531 1002 2590 divisit.
1035 2529 1312 2601 Congruit
1357 2527 1593 2600 quidem
1629 2527 1794 2581 titulo
1827 2545 1953 2586 suo.
1996 2527 2388 2599 universeque
2418 2528 2576 2600 operi
2608 2529 2854 2584 divisio:
2887 2530 2985 2585 sed
3019 2545 3152 2584 cum
3175 2531 3303 2599 jam
3335 2530 3477 2587 inde
3507 2549 3542 2586 a
3569 2531 3786 2586 Cassio-

389 2629 514 2685 dori
547 2624 834 2683 senatoris
866 2619 1227 2692 temporibus
1260 2634 1358 2672 sex
1391 2617 1447 2670 in
1481 2615 1662 2670 libros
1711 2616 2092 2670 distributum
2154 2615 2334 2671 fuisse
2394 2621 2690 2689 appareat,
2725 2622 2847 2673 tam
2879 2617 3134 2690 antiquae
3172 2617 3448 2674 divisioni
3483 2624 3541 2674 et
3569 2621 3642 2675 ab
3671 2620 3788 2692 ipso

386 2715 699 2773 Ambrosio
729 2713 924 2768 forsan
956 2709 1222 2781 profectae
1254 2706 1577 2778 quidquam
1608 2704 1922 2759 immutare
1951 2705 2138 2759 visum
2175 2721 2291 2759 non
2323 2710 2430 2760 est.

459 2805 687 2863 Doctori
722 2805 921 2856 nostro
973 2797 1304 2869 Origeuem,
1363 2793 1736 2866 Hippolytum
1799 2810 1862 2848 ac
1922 2792 2198 2848 Basilium
2259 2792 2317 2846 in
2373 2793 2481 2848 hoc
2510 2799 2854 2865 argumento
2887 2793 3180 2866 prmivisse
3208 2795 3378 2851 docet
3409 2795 3790 2868 Hieronymus

386 2897 558 2968 (Epist
590 2893 658 2948 ad
709 2888 1024 2944 Pammach.
1077 2901 1256 2955 supra
1286 2883 1428 2953 cit.).
1461 2882 1608 2944 Quid
1643 2887 1835 2936 autem
1884 2898 1917 2934 a
1948 2881 2240 2952 prioribus
2271 2881 2498 2936 duobus
2533 2887 2836 2937 mutuatus
2867 2883 2960 2948 sit,
2993 2899 3127 2937 cum
3172 2883 3394 2939 laudati
3427 2901 3631 2940 eorum
3664 2883 3790 2939 libri

386 2986 458 3041 ad
491 2986 719 3039 aetatem
750 2982 1032 3044 nostram,
1066 2978 1131 3028 ut
1163 2973 1220 3027 in
1278 2971 1614 3026 Prazfatione
1667 2969 1888 3025 dictum
1947 2974 2055 3034 est,
2089 2969 2329 3025 minime
2361 2971 2743 3040 pervenerint,
2778 2970 2926 3026 scire
2966 2989 3080 3027 non
3115 2988 3438 3044 possumus
3470 2991 3484 3029 :
3519 2990 3553 3028 a
3583 2973 3791 3029 Basilio

386 3089 519 3131 vero
551 3075 617 3126 ut
644 3084 776 3124 eum
811 3081 986 3136 quam
1019 3062 1274 3135 plurima
1329 3059 1655 3132 sumpsisse
1715 3059 2172 3130 haudquaquam
2227 3059 2594 3126 inficiamur;
2627 3061 2739 3114 ista
2770 3059 3054 3115 serviliter
3081 3059 3238 3114 illius
3269 3076 3451 3132 opera
3496 3061 3789 3118 imitatum

388 3178 536 3226 esse,
571 3163 671 3214 aut
701 3153 870 3228 quasi
903 3151 1196 3206 tralatoris
1228 3149 1418 3204 officio
1451 3149 1713 3202 functum
1747 3163 2156 3219 pernegamus.
2190 3148 2494 3204 Enimvero
2532 3149 2639 3204 etsi
2701 3150 3032 3220 frequenter
3062 3148 3221 3204 illius
3254 3149 3480 3205 insistit
3511 3151 3793 3224 vestigiis,

389 3252 461 3309 ab
495 3249 579 3306 eis
610 3251 806 3302 tamen
839 3257 989 3314 saepe
1017 3239 1232 3312 saepius
1262 3238 1512 3293 recedit:
1547 3238 1763 3309 quippe
1793 3237 1892 3308 qui
1923 3237 2121 3305 addat,
2175 3237 2418 3303 adimat,
2444 3242 2826 3310 transponat;
2860 3238 2978 3293 imo
3010 3254 3115 3294 nec
3146 3237 3418 3310 religioni
3451 3241 3632 3295 ducat
3661 3257 3792 3296 con-

387 3341 568 3398 traria
592 3335 808 3394 sentire
839 3329 1052 3386 Basilio
1091 3329 1217 3398 (lib.
1253 3345 1336 3393 m,
1365 3344 1414 3383 c.
1451 3333 1476 3381 4
1505 3345 1518 3395 ;
1555 3326 1654 3381 lib.
1689 3343 1765 3396 iv,
1801 3343 1851 3381 c.
1881 3329 1953 3394 7;
1988 3325 2088 3381 lib.
2123 3345 2178 3391 ν,
2209 3343 2259 3381 c.
2299 3328 2408 3397 18),
2438 3343 2613 3398 quem
2667 3327 2840 3383 etiam
2875 3326 3190 3392 interdum,
3223 3327 3403 3383 tacito
3436 3327 3576 3384 licet
3608 3329 3796 3384 nomi-

389 3446 484 3498 ne,
516 3443 631 3482 non
662 3423 862 3479 leviter
893 3417 1249 3492 perstringit.
1280 3416 1460 3472 Multa
1491 3432 1724 3487 quoque
1755 3432 1823 3470 ex
1854 3415 2114 3488 profanis
2145 3415 2481 3470 auctoribus
2510 3415 2696 3470 Plinio
2720 3418 2778 3470 et
2805 3414 2936 3470 aliis
2967 3415 3150 3487 petita
3177 3415 3338 3486 operi
3381 3433 3494 3472 suo
3526 3418 3790 3483 inseruit,

389 3535 517 3590 quas
547 3513 707 3568 nullo
739 3510 970 3580 negotio
1001 3506 1192 3578 quivis
1225 3504 1433 3577 poterit
1460 3506 1738 3560 adnotare
1764 3521 1775 3560 :
1801 3504 1901 3559 sed
1935 3504 2027 3558 hic
2061 3519 2173 3558 non
2205 3503 2433 3557 videtur
2462 3503 3040 3574 praetermittendum,
3073 3503 3154 3558 ita
3175 3502 3394 3560 lusisse
3416 3505 3582 3561 hunc
3605 3505 3796 3578 ipsum

391 3600 770 3677 exprimendo
802 3595 1064 3668 Virgilio,
1097 3598 1162 3649 ut
1192 3595 1261 3648 de
1294 3592 1504 3664 apibus
1535 3607 1711 3664 agens
1743 3591 1866 3663 (lib.
1898 3609 1952 3659 ν,
1987 3608 2037 3647 c.
2068 3592 2180 3663 21),
2215 3591 2424 3647 solutis
2478 3607 2754 3647 versuum
2813 3591 3095 3659 numeris,
3158 3591 3344 3648 Poeta:
3374 3595 3560 3650 verba
3589 3595 3800 3667 saepius

385 3693 679 3750 retineret.

459 3781 634 3836 Porro
667 3773 854 3831 sicubi
888 3771 1168 3828 Basilium
1204 3769 1468 3824 imitatus
1498 3772 1604 3836 est,
1638 3768 1694 3823 id
1725 3767 1812 3823 vel
1868 3768 2120 3824 maxime
2178 3768 2397 3823 factum
2456 3768 2515 3823 in
2551 3768 2877 3840 argumenti
2934 3769 3113 3824 totius
3169 3769 3597 3828 distributione
3627 3776 3794 3842 atque

385 3866 727 3928 mconomia.
762 3863 925 3918 Unde
955 3859 1196 3915 minime
1229 3858 1710 3924 dubitaverimus,
1745 3858 1886 3928 quin
1920 3857 2014 3912 hic
2045 3873 2346 3912 sermones
2394 3873 2621 3923 novem,
2673 3861 2815 3928 quot
2859 3856 3122 3912 videlicet
3151 3859 3305 3929 apud
3360 3860 3610 3916 beatum
3637 3859 3794 3914 Basi-

383 3961 508 4016 lum
539 3957 786 4020 exstant,
820 3949 1160 4023 assignandi
1193 3947 1330 4003 sint.
1385 3947 1549 4002 Certe
1589 3946 1823 4018 quidem
1879 3962 2013 4001 eum
2042 3961 2353 4002 numerum
2387 3947 2685 4000 adstruere
2742 3961 3050 4017 operosum
3069 3963 3183 4000 non
3215 3947 3346 4002 erit.
3383 3948 3512 4004 Duo
3539 3948 3698 4005 enim
3741 3948 3795 4002 in

381 4049 528 4104 libro
560 4042 729 4100 tertio
762 4037 1240 4096 manifestissime
1263 4035 1728 4108 distinguuntur,
1762 4051 2012 4107 quorum
2045 4033 2209 4100 alter,
2244 4035 2449 4107 primis
2480 4035 2740 4106 quinque
2758 4034 3346 4106 capitibusinclusus,
3367 4037 3796 4093 manehabitus

381 4141 506 4204 est;
540 4134 686 4190 alter
709 4130 806 4203 qui
839 4146 941 4201 per
969 4125 1196 4199 reliqua
1221 4127 1348 4197 ejus
1378 4123 1511 4180 libri
1544 4124 1735 4196 capita
1764 4124 2114 4189 extenditur,
2166 4139 2421 4196 vespere.
2457 4123 2652 4194 Neque
2681 4139 2813 4178 vero
2845 4123 3042 4178 minus
3074 4125 3459 4195 perspicuum
3497 4125 3708 4198 quinto
3737 4123 3802 4178 li-

382 4229 485 4282 bro
521 4223 690 4280 binos
743 4218 1016 4274 similiter
1071 4214 1389 4282 contineri,
1447 4231 1580 4269 cum
1641 4212 1894 4268 multum
1927 4212 2217 4284 discrepet
2246 4213 2314 4279 is,
2350 4229 2523 4284 quem
2559 4212 2830 4267 undecim
2862 4211 3157 4282 prioribus
3187 4213 3492 4284 capitibus
3525 4219 3802 4286 putamus

380 4309 917 4381 circumscriptum,
975 4307 1048 4361 ab
1101 4323 1166 4361 eo
1200 4305 1299 4376 qui
1351 4303 1486 4359 inde
1527 4303 1595 4358 ad
1628 4303 1804 4357 ﬁnem
1838 4316 2025 4372 usque
2053 4300 2187 4356 libri
2220 4301 2579 4372 perducitur.
2615 4299 2782 4355 Illum
2812 4301 3119 4356 matutinis
3149 4301 3310 4357 boris
3345 4304 3802 4374 pronuntiatum

381 4419 511 4458 esse
541 4397 880 4472 planissime
912 4393 1211 4449 declarant
1242 4392 1448 4448 ultima
1481 4391 1688 4462 capitis
1720 4389 2012 4446 undecimi
2040 4390 2235 4456 verba,
2268 4390 2484 4461 quibus
2516 4406 2546 4444 e
2582 4388 2724 4445 solis
2755 4390 2871 4460 iam
2905 4389 3150 4444 nimium
3186 4393 3570 4462 procedentis
3601 4391 3803 4447 ardore

381 4495 502 4546 tota
533 4485 902 4543 concluditur
931 4483 1151 4538 oratio:
1185 4482 1342 4536 hunc
1375 4487 1568 4536 autem
1600 4479 1945 4551 vespertinis
1977 4479 2264 4545 habitum,
2294 4495 2361 4533 ea
2392 4495 2517 4549 qum
2549 4479 2620 4532 de
2651 4477 2952 4532 nocturnis
2984 4477 3186 4535 avibus
3217 4480 3384 4548 dicit,
3422 4481 3681 4553 probant
3703 4478 3806 4536 evi-

381 4579 586 4635 denter
615 4593 628 4643 ;
657 4577 713 4629 et
742 4578 1019 4644 praeterea
1049 4569 1344 4625 concionis
1379 4570 1683 4624 confirmat
1714 4567 2000 4639 epilogus,
2034 4585 2182 4639 quos
2213 4567 2343 4639 pius
2374 4566 2583 4639 praesul
2613 4572 2884 4638 vergente
2915 4566 3180 4621 arctioris
3202 4568 3425 4638 jejunii
3461 4570 3560 4625 die
3582 4567 3804 4624 audito-

382 4684 475 4723 res
505 4664 576 4720 ad
611 4661 928 4718 serotinam
960 4659 1328 4714 refectionem
1361 4657 1622 4712 dimittit.
1677 4659 2022 4728 Quanquam
2082 4673 2213 4711 vero
2274 4671 2387 4711 non
2435 4656 2514 4711 ita
2564 4654 2812 4728 proclive
2844 4655 2922 4709 sit
2968 4655 3228 4712 evincere
3259 4657 3536 4728 primum
3574 4669 3804 4731 quoque

381 4755 599 4812 librum
632 4751 688 4806 in
723 4750 870 4804 duos
901 4763 1200 4803 sermones
1234 4747 1412 4802 fuisse
1435 4745 1711 4809 divisum,
1743 4746 1802 4800 in
1833 4761 1958 4800 eam
1976 4750 2167 4801 tamen
2182 4743 2513 4816 Opinionem
2529 4744 2665 4799 hinc
2683 4742 3049 4811 adducimur,
3068 4744 3219 4815 quod
3243 4746 3398 4800 sexti
3432 4747 3653 4820 capitis
3674 4744 3805 4800 ﬁnis

381 4843 524 4900 nihil
559 4841 715 4897 aliud
747 4839 1015 4912 praeferre
1042 4836 1330 4901 videatur,
1368 4835 1479 4888 nisi
1529 4833 1809 4888 orationis
1871 4831 2329 4902 conclusionem,
2389 4849 2514 4903 quae
2546 4849 2680 4887 cum
2733 4832 2921 4903 prima
2953 4833 3244 4888 Basiliana
3273 4832 3537 4891 homilia
3567 4833 3808 4908 pulchre

380 4931 703 4989 consentit:
738 4927 964 4999 reliqua
995 4930 1190 4980 autem
1222 4923 1467 4992 hujusce
1497 4921 1630 4976 libri
1653 4921 1862 4992 capita,
1897 4938 2024 4992 quae
2053 4925 2108 4976 et
2141 4921 2267 4992 ipsa
2297 4921 2568 4976 secundae
2589 4920 2787 4975 Basilii
2809 4919 3063 4976 humilia:
3084 4921 3398 4993 aptissime
3422 4924 3806 4996 respondent,

379 5021 556 5078 aliam
588 5018 830 5088 suisque
888 5012 1150 5069 numeris
1209 5009 1538 5065 absolutam
1599 5009 1919 5064 orationem
1952 5009 2093 5064 satis
2126 5008 2349 5080 liquido
2379 5025 2493 5079 pra:
2539 5024 2600 5062 se
2631 5008 2836 5064 ferant.
2870 5008 3066 5064 Cmteri
3098 5009 3338 5064 tandem
3377 5010 3522 5065 libri
3556 5014 3625 5066 ut
3655 5007 3806 5083 apud

376 5106 681 5175 Basilium,
715 5104 794 5159 ita
826 5102 998 5157 etiam
1031 5099 1126 5153 hic
1157 5114 1330 5154 suum
1365 5097 1616 5169 quisque
1646 5113 1972 5152 sermonem
2007 5095 2491 5169 complectuntur.

447 5196 684 5260 Quaeras
712 5194 957 5248 fortasse
988 5188 1080 5244 cui
1113 5186 1486 5260 potissimum
1519 5202 1671 5242 anno
1698 5187 1994 5242 tribuendi
2027 5186 2191 5241 sint?
2220 5186 2493 5250 Quamvis
2516 5186 2571 5241 id
2605 5191 2759 5242 certo
2792 5186 3032 5242 deﬁnire
3064 5203 3178 5240 non
3210 5185 3580 5256 audeamus,
3613 5193 3808 5243 tamen

376 5285 424 5341 si
457 5284 596 5355 quid
629 5279 981 5350 conjecturis
1011 5277 1184 5332 liceat
1214 5275 1539 5349 indulgere,
1576 5274 1706 5330 illos
1738 5292 1890 5330 anno
1920 5275 2025 5330 389
2053 5275 2211 5330 haud
2244 5275 2430 5330 multo
2461 5275 2819 5347 antiquiores
2849 5274 3286 5330 arbitrabimur.
3342 5276 3500 5332 Cum
3535 5278 3700 5333 enim
3733 5273 3810 5328 ibi

377 5371 501 5444 (lib.
537 5387 621 5424 ιιι.
655 5387 704 5424 c.
742 5371 765 5422 1
796 5373 853 5423 et
881 5370 953 5435 5;
985 5367 1086 5422 lib.
1121 5383 1174 5420 v.
1210 5382 1260 5431 c,
1292 5366 1345 5436 4)
1392 5364 1611 5421 mentio
1658 5363 1932 5419 ecclesias

2255 5381 2322 5430 Is,
2374 5381 2547 5436 quem
2603 5363 2912 5420 Mediolani
2966 5363 3066 5418 Vir
3094 5367 3339 5418 sanctus
3374 5381 3540 5422 anno
3572 5366 3683 5422 385
3713 5366 3810 5418 aut

374 5459 482 5515 386
513 5456 868 5521 instituerat,
920 5472 1033 5510 non
1086 5453 1266 5511 semel
1317 5455 1437 5521 fiat,
1499 5458 1630 5507 ante
1661 5451 1803 5507 illud
1837 5457 2070 5523 tempus
2101 5452 2494 5508 Hexaemeron
2547 5469 2722 5508 suum
2753 5451 3154 5524 composuisse
3213 5451 3519 5509 dicendus
3551 5471 3672 5510 non
3704 5456 3807 5509 est.

384 5546 596 5604 Deinde
627 5561 689 5601 se
718 5549 854 5598 tunc
887 5544 1258 5616 provectioris
1286 5542 1466 5598 fuisse
1499 5541 1685 5597 astatis
1718 5559 1830 5597 nou
1857 5540 2233 5598 dissimulat:
2287 5542 2420 5610 Qum
2459 5543 2640 5613 pueri,
2673 5541 2947 5612 inquiens
2978 5540 3102 5612 (lib.
3138 5557 3214 5609 ιν,
3247 5555 3300 5594 c.
3336 5542 3424 5613 v),
3459 5543 3719 5607 risimus,
3750 5555 3812 5596 ea

375 5650 528 5697 sane:
554 5647 979 5694 commemorare
1007 5634 1103 5709 qui
1125 5646 1413 5711 possumus
1431 5633 1457 5686 γ
1484 5630 1567 5690 Ex
1589 5628 1978 5690 communiori
2007 5632 2206 5692 autem
2235 5627 2612 5706 ohronologia
2640 5645 2756 5691 non
2787 5629 2871 5690 ita
2899 5643 3077 5692 senex
3105 5643 3258 5689 anno
3288 5628 3404 5688 397
3448 5629 3620 5694 diem
3670 5628 3814 5692 obiit
