3938 6214
193 335 284 398 B3
1494 341 2033 404 HEXAEMERON
2085 343 2229 403 LIB.
2279 345 2324 404 I.
3490 349 3609 410 134

216 471 528 530 Ambrosius
561 491 580 530 :
603 479 998 549 quapropter
1027 491 1188 532 suam
1217 491 1352 531 eum
1385 479 1744 531 senectutem
1774 476 1866 530 vix
1897 480 2030 532 ante
2061 493 2281 532 annum
2313 477 2418 531 389
2449 477 2797 548 praedicasse
2820 477 3196 549 judicaveris,
3226 481 3463 536 Accedit
3518 481 3612 536 his

225 565 358 637 quod
381 563 517 637 ipsa:
548 581 682 636 quin
719 567 783 620 id
821 565 1106 637 temporis
1137 566 1194 620 in
1225 563 1481 620 Ecclesia
1507 581 1616 619 sua
1645 565 1986 636 agebantur,
2021 564 2361 619 describens
2391 565 2558 619 docet
2582 565 2705 636 jam
2740 582 2854 620 non
2889 566 3104 621 multas
3137 583 3264 622 esse
3303 585 3613 642 congrega-

223 656 406 721 tiones,
437 654 506 708 ad
536 671 690 726 quas
725 654 1051 726 separatim
1083 651 1316 726 pagani,
1363 652 1737 724 haereticique
1819 654 2178 725 cogebantur
2212 670 2224 707 :
2290 653 2392 708 Sed
2438 657 2617 723 [actus
2638 656 2734 720 est,
2786 653 2977 726 inquit
3011 654 3133 724 (lib.
3165 673 3246 723 ιιι,
3280 674 3330 711 c.
3358 658 3416 725 9)
3469 673 3614 712 unus

214 744 453 815 populus,
485 760 552 798 ea:
582 743 886 810 haereticis,
907 747 960 797 et
987 742 1235 813 gentibus
1266 741 1467 812 repleta
1497 745 1575 796 cst
1605 742 2008 805 Ecclesia.Quae
2041 757 2179 796 sane
2211 745 2496 812 quantum
2529 757 2661 796 cum
2702 742 3017 813 assignatis
3067 745 3430 816 temporibus
3485 763 3616 802 con-

213 834 463 900 veniant,
498 831 663 888 facile
695 831 891 903 quivis
925 830 1232 903 intelligat,
1266 830 1394 885 Hec
1425 847 1679 901 namque
1707 835 1902 901 aperte
1932 829 2266 901 signiﬁcant
2293 828 2487 884 felices
2518 827 2648 883 illos
2678 829 2826 894 dies,
2871 848 3002 884 cum
3037 833 3321 888 exstincta
3379 834 3615 890 Justina

211 921 582 994 imperatrice
611 921 965 976 Arianorum
997 919 1261 992 partibus
1294 924 1410 974 tam
1439 918 1813 991 pertinaciter
1843 918 2094 982 addicta,
2130 918 2426 973 confutato
2460 918 2806 989 repulsoque
2838 919 3187 990 Symmacho
3247 921 3612 978 ethnicorum

211 1011 432 1066 rituum
460 1013 581 1064 tam
615 1009 747 1064 forti
782 1013 1232 1081 prepugnatore,
1263 1007 1449 1064 victor
1475 1007 1710 1062 tandem
1742 1007 1813 1061 de
1844 1006 2095 1061 Maximo
2126 1011 2372 1077 tyranno
2405 1006 2768 1062 Theodosius
2801 1007 3047 1078 Magnus
3079 1013 3161 1063 tot
3187 1009 3294 1064 hoc
3326 1028 3477 1066 anno
3533 1011 3616 1068 le-

209 1115 311 1172 ges
340 1097 505 1168 (Cod.
537 1096 648 1152 Tb.
684 1097 772 1152 tit.
807 1099 876 1152 de
903 1113 1034 1170 pag.
1069 1101 1124 1152 et
1154 1096 1398 1167 haeret),
1434 1100 1711 1168 tantaque
1742 1094 2053 1166 prudentia
2084 1095 2364 1150 adversus
2395 1110 2656 1166 paganos
2679 1100 2851 1166 atque
2883 1095 3183 1152 haereticos
3223 1097 3353 1152 tulit
3385 1115 3398 1152 :
3435 1103 3498 1154 ut
3527 1117 3617 1155 eo-

208 1204 341 1243 rum
375 1186 670 1260 plurimos
702 1187 762 1242 in
793 1185 1059 1242 Ecclesiae
1092 1184 1391 1242 catholicae
1421 1184 1758 1241 convolasse
1782 1184 2043 1255 ejusdem
2078 1183 2179 1236 aevi
2213 1183 2528 1255 scriptores
2561 1183 2886 1238 nolaverint
2916 1183 3090 1254 (Hier.
3118 1185 3287 1257 epist.
3318 1189 3353 1239 7
3387 1205 3402 1257 ;
3439 1188 3613 1244 Prud.

207 1277 245 1331 l.
280 1294 321 1342 ι,
357 1275 417 1330 in
443 1275 684 1346 symb.).

275 1365 364 1419 Ad
397 1364 541 1418 anni
572 1379 744 1434 porro
773 1368 1180 1436 tempestatem
1204 1363 1359 1436 quod
1393 1363 1618 1429 attinet,
1651 1360 1894 1433 planum
1922 1360 2159 1432 quidem
2191 1365 2279 1416 est
2309 1361 2676 1415 observatum
2711 1359 2839 1414 istis
2871 1360 3077 1415 diebus
3118 1362 3412 1432 jejunium
3448 1381 3461 1418 :
3519 1383 3615 1422 ve-

208 1451 461 1509 risimile
495 1456 692 1506 autem
723 1468 840 1507 non
872 1451 1029 1506 aliud
1065 1451 1243 1507 fuisse
1272 1450 1416 1505 illud
1449 1466 1624 1522 quam
1657 1448 1922 1505 exeuntis
1953 1449 2442 1521 Quadragesimae.
2478 1447 2703 1503 Etenim
2727 1449 2960 1504 eosdem
2996 1449 3123 1505 illos
3154 1451 3280 1506 dies
3301 1451 3616 1524 singularis

206 1542 531 1598 exsititisse
559 1540 856 1614 religionis
887 1558 953 1597 eo
984 1545 1248 1596 constare
1280 1544 1497 1612 posset,
1531 1540 1688 1611 quod
1720 1554 1952 1594 summo
1987 1555 2156 1592 mane
2190 1537 2441 1609 populus
2480 1537 2551 1591 ad
2611 1537 2923 1593 Ecclesiam
2969 1538 3243 1610 frequens
3281 1543 3616 1610 conﬂueret,

205 1633 370 1688 unde
403 1647 522 1686 non
559 1630 672 1685 nisi
700 1634 832 1702 post
862 1629 1002 1686 solis
1034 1646 1305 1685 occasum
1338 1629 1680 1683 discederet.
1715 1628 1918 1699 Itaque
1948 1627 2104 1682 haud
2141 1627 2431 1682 immerito
2463 1626 2677 1682 dixeris
2708 1627 2854 1681 tales
2912 1626 3092 1682 fuisse
3147 1645 3264 1696 eos,
3302 1630 3504 1702 quales
3557 1632 3616 1688 in

209 1720 343 1792 ipsa
368 1719 622 1774 Justinae
649 1718 936 1773 saevientis
967 1717 1368 1790 persecutione
1391 1716 1462 1771 ab
1492 1716 1798 1770 Ambrosio
1830 1715 2263 1783 describuntur,
2299 1715 2532 1787 quando
2570 1732 2674 1786 per
2731 1732 2956 1770 sacram
2990 1716 3418 1773 hebdomadam
3455 1719 3618 1792 plebs

211 1809 404 1864 omnis
430 1807 504 1863 ad
538 1807 830 1879 agendam
863 1807 1212 1862 matutinam
1251 1805 1765 1876 vespertinamque
1795 1803 2059 1876 synaxim
2119 1805 2442 1859 conveniat.
2503 1805 2806 1859 Addamus
2836 1804 3078 1876 insuper
3125 1806 3325 1860 eadem
3349 1807 3406 1862 in
3447 1810 3621 1866 utris-

214 1914 325 1968 que
355 1895 607 1951 ccetibus
639 1898 875 1967 peracta
904 1911 1050 1950 esse.
1083 1895 1225 1951 Nam
1260 1894 1330 1949 de
1360 1893 1452 1948 his
1485 1893 1686 1948 scribit
1716 1898 1954 1948 sanctus
1984 1892 2239 1948 Antistes
2263 1893 2451 1964 (Epist.
2486 1892 2555 1947 ad
2587 1893 2795 1963 Mam),
2829 1893 2942 1947 dies
2966 1909 3080 1949 esse
3103 1895 3298 1964 quibus
3350 1897 3408 1950 in
3441 1898 3618 1954 Eccle—

215 1988 295 2039 sia
317 1985 645 2057 paenitentia
677 1984 969 2038 relaxatur
994 2000 1013 2036 .·
1045 1983 1113 2037 de
1143 1981 1261 2036 illis
1283 1981 1406 2052 (lib.
1441 1998 1495 2049 v,
1519 1997 1641 2052 cap.
1704 1980 1817 2050 25),
1851 1989 2058 2051 tempus
2089 1997 2200 2036 esse
2253 1998 2355 2053 quo
2397 1982 2700 2036 celebratur
2757 1981 3102 2049 indulgentia
3141 1989 3482 2054 peccatorum
3509 2003 3521 2040 :
3558 1986 3619 2041 in

218 2074 304 2129 his
334 2075 542 2130 lectam
575 2073 744 2128 Jona:
777 2071 1144 2144 pmphetiam
1177 2070 1387 2126 asserit
1417 2069 1606 2141 (Epist.
1641 2070 1709 2124 ad
1739 2069 1948 2140 Marc),
1994 2070 2052 2124 in
2084 2069 2200 2125 illis
2232 2070 2384 2125 idem
2420 2071 2741 2142 praestitum
2776 2089 2889 2126 non
2923 2071 3167 2127 obscure
3197 2073 3465 2144 designat
3493 2075 3617 2147 (lib.

219 2179 265 2226 v,
295 2179 337 2217 c.
375 2163 430 2217 11
469 2167 528 2218 et
557 2162 681 2233 25.)
717 2161 783 2215 In
815 2160 948 2215 istis
971 2159 1148 2232 igitur
1176 2159 1556 2214 conventibus
1587 2174 1720 2212 cum
1753 2159 1955 2212 eodem
1988 2158 2079 2214 die
2111 2158 2202 2213 bis
2235 2158 2572 2230 aliquando,
2609 2157 2806 2213 Basilii
2839 2176 3019 2227 more,
3053 2161 3228 2215 verba
3260 2162 3489 2230 faceret,
3522 2181 3622 2218 sex

222 2253 434 2307 omnino
463 2251 689 2306 diebus
722 2253 1068 2320 susceptum
1101 2252 1514 2321 argumentum
1546 2246 1811 2312 absolvit,
1846 2246 1954 2302 hoc
1984 2251 2091 2316 est,
2127 2247 2279 2302 intra
2324 2247 2700 2303 hebdomadas
2733 2247 2906 2303 unius
2954 2249 3276 2320 angustias.
3323 2250 3533 2306 Probat
3563 2251 3621 2305 id

219 2340 422 2412 quidem
457 2357 492 2397 a
525 2339 712 2395 nobis
743 2337 1028 2392 instituta
1057 2352 1394 2393 sermonum
1426 2335 1635 2391 divisio
1665 2352 1678 2403 ;
1712 2338 1770 2389 at
1796 2333 1940 2390 illud
1974 2335 2128 2390 idem
2161 2335 2374 2390 evincit
2405 2335 2653 2406 ipsemet
2683 2336 3029 2391 Ambrosius
3059 2337 3114 2391 in
3148 2337 3268 2393 haec
3290 2339 3464 2394 verba
3493 2339 3618 2411 (lib.

213 2444 270 2484 vx.
300 2447 342 2485 ο.
384 2430 428 2502 ι)
464 2447 477 2485 :
510 2431 630 2498 Qui
661 2428 896 2498 (sermo
922 2426 1138 2498 noster)
1170 2428 1273 2480 etsi
1302 2440 1398 2498 per
1421 2425 1658 2496 quinque
1679 2424 1800 2495 jam
1829 2423 1942 2479 dies
1971 2441 2081 2479 non
2114 2423 2372 2479 mediocri
2398 2424 2581 2479 labore
2610 2424 2766 2479 nobis
2790 2428 3160 2495 prxcesserit;
3197 2431 3381 2484 tamen
3409 2429 3622 2485 hodier-

203 2537 258 2576 πο
281 2520 378 2585 die,
410 2524 525 2576 etc.

181 2698 3621 2726 ————————————————_———_—

903 2879 1711 3045 SANCTI
1839 2879 2951 3046 AMBROSII

1461 3164 2034 3221 MEDIOLANENSIS
2088 3165 2406 3222 EPISCOPI

1240 3347 2607 3481 ΗΕΧΑΕΜΕΒΟΝ

1613 3583 1905 3668 LIBRI
1975 3582 2192 3670 SEX
2221 3573 2241 3614 ¹

1452 3921 1829 4014 LIBER
1906 3921 2399 4014 PRIMUS.

1505 4124 1596 4180 DE
1629 4123 1858 4180 OPERE
1917 4124 2123 4180 PRIMI
2180 4123 2341 4179 DIEI.

495 4447 536 4499 1
601 4439 850 4498 CAPUT
916 4436 1224 4494 PRIMUM.
1258 4437 1484 4510 (Sermo
1513 4436 1584 4508 Ι.)
1901 4437 1954 4503 Α
1986 4453 2194 4492 causas
2231 4437 2406 4493 rebus
2438 4437 2712 4494 omnibus
2743 4438 2970 4494 dedisse
3030 4443 3328 4495 asseratur
3359 4457 3371 4496 :
3433 4441 3630 4515 ipsum

270 4531 336 4585 De
364 4531 550 4603 mundi
577 4529 890 4603 principio,
923 4526 1214 4603 duratione
1239 4535 1290 4582 et
1316 4527 1546 4603 unitate.
1594 4525 1842 4603 Philoso—
1987 4541 2219 4596 quoque
2251 4527 2298 4582 2
2331 4527 2618 4580 mundum
2653 4527 3075 4598 incorruptum,
3102 4545 3207 4583 nec
3237 4535 3635 4598 creatum,aut

344 4599 812 4671 phorum'errores
843 4599 1164 4669 referuntur
1190 4614 1254 4652 ac
1274 4599 1748 4669 perstringuntur.

2080 4617 2202 4668 tum
2255 4614 2702 4670 existimarent:
2738 4615 2836 4669 alii
2885 4633 3135 4689 quoque,
3172 4622 3236 4672 ut
3291 4620 3631 4677 Aristoteles

303 4706 354 4759 1.
389 4708 716 4763 Tantumne
741 4703 1039 4778 opinionis
1069 4703 1431 4774 assumpisse
1487 4701 1779 4769 homines,
1815 4704 1880 4756 ut
1987 4715 2122 4753 cum
2154 4698 2278 4755 suis
2327 4700 2748 4772 disputandum
2801 4703 3025 4774 putavit
3064 4704 3162 4775 (2),
3196 4706 3312 4761 duo
3347 4707 3634 4778 principia

232 4791 412 4864 aliqui
441 4811 642 4850 eorum
675 4795 789 4849 tria
812 4791 1102 4864 principia
1133 4792 1553 4846 constituerent
1588 4789 1874 4855 omnium,
1986 4793 2290 4858 ponerent,
2320 4789 2625 4844 materiam
2686 4794 2742 4845 et
2801 4791 3140 4862 speciem,et
3195 4795 3432 4848 tertium
3495 4811 3629 4850 cum

227 4878 437 4949 Deum,
470 4886 526 4938 et
553 4881 873 4954 exemplar,
906 4884 963 4935 et
1007 4879 1331 4947 materiam,
1363 4879 1516 4935 sicut
1545 4878 1706 4934 Plato
1763 4876 1878 4932 dis-
1988 4875 2080 4940 iis,
2115 4879 2268 4949 quod
2303 4879 2696 4950 operatorium
2729 4880 2964 4944 dicitur,
2999 4882 3089 4936 cui
3115 4887 3449 4952 suppeteret
3479 4900 3634 4940 com-

226 4967 529 5042 cipulique
557 4972 686 5040 ejus
717 4987 731 5037 ;
792 4973 850 5024 et
878 4984 946 5023 ea
974 4967 1332 5040 incorrupta,
1365 4973 1422 5023 et
1469 4967 1748 5033 increata,
1812 4983 1879 5021 ac
1988 4969 2251 5036 petenter
2281 4967 2525 5036 efficere,
2557 4969 2710 5039 quod
2743 4969 3133 5024 adoriundum
3163 4974 3446 5040 putasset.

223 5057 358 5113 sine
393 5058 557 5114 initio
597 5075 728 5114 esse
760 5060 1159 5113 asseverarent
1191 5073 1205 5110 :
1265 5055 1568 5127 Deumque
1601 5071 1716 5110 non
1747 5059 1878 5109 tan-
2057 5056 2110 5106 2.
2145 5054 2291 5118 Quid
2325 5055 2505 5126 igitur
2535 5059 2655 5110 tam
2687 5055 3119 5122 inconveniens,
3153 5072 3332 5126 quam
3366 5063 3430 5110 ut
3469 5062 3630 5114 aeter-

215 5160 410 5215 quam
432 5151 754 5203 creatorem
779 5144 1166 5211 materiae,sed
1190 5149 1473 5216 tanquam
1489 5143 1771 5200 artiﬁcem
1805 5143 1876 5198 ad
1989 5141 2232 5196 nitatem
2282 5143 2474 5213 operis
2525 5159 2654 5197 cum
2691 5142 2789 5197 Dei
2841 5143 3254 5214 omnipotentis
3312 5146 3631 5203 aeternitate

215 5235 548 5308 exemplar,
572 5236 682 5292 hoc
710 5240 822 5303 est,
847 5234 1037 5289 ideam
1059 5232 1693 5300 intendentem,t’ecisse
1715 5249 1882 5286 mun-
1991 5230 2438 5300 conjungerent,
2468 5230 2555 5285 vel
2579 5231 2773 5300 ipsum
2810 5247 2956 5302 Opus
2982 5231 3161 5286 Deum
3186 5247 3314 5288 esse
3345 5233 3632 5303 dicerent;

212 5322 375 5379 dum
403 5326 472 5381 de
501 5327 766 5394 materia,
804 5339 982 5396 quam
1009 5327 1216 5378 vocant
1236 5321 1431 5395 hylen,
1453 5338 1579 5394 quae
1600 5319 1880 5393 gignendi
1990 5322 2056 5372 ut
2085 5316 2317 5383 malum,
2351 5321 2408 5371 et
2463 5321 2702 5381 terram,
2731 5322 2788 5371 et
2835 5335 2994 5373 mare
3047 5318 3260 5375 divinis
3316 5337 3630 5395 proseque-

290 5467 382 5542 (ξ)
413 5467 615 5542 Scripti
648 5469 808 5524 circa
840 5483 938 5542 an.
971 5463 1096 5542 3_89_.
1205 5534 1216 5542 _
1527 5539 1535 5542 Α
1610 5535 1642 5542 Α
1683 5534 1718 5542 __
1816 5534 1848 5542 __
1989 5458 2106 5540 lius
2137 5457 2284 5542 alii,”
2309 5461 2485 5528 atque
2533 5455 2837 5542 editiones,
2892 5461 3150 5542 putavit"
3173 5472 3458 5542 ponerent,
3516 5465 3633 5542 Hoc

291 5529 855 5617 (2)_Man'usc_riptus
885 5534 1254 5617 Corbeiensis
1283 5551 1448 5617 pnus
1488 5539 1545 5591 et
1603 5534 1882 5617 Colberti-
1991 5529 2456 5617 enimmultimum
2486 5529 2974 5617 verbu'mpendet
3002 5548 3070 5588 ex
3097 5529 3227 5607 ipso
3275 5535 3446 5593 initio
3478 5539 3633 5617 capi-

211 5599 336 5666 nus
362 5599 782 5688 'disputandm'n,
819 5614 1026 5686 putant
1070 5606 1177 5666 duo
1201 5607 1484 5684 principia
1505 5621 1725 5684 ponere.
1783 5605 1883 5664 Me-
1990 5603 2068 5662 tis
2097 5619 2110 5675 ;
2135 5602 2500 5662 Tantumne...
2531 5609 2594 5659 ut
2619 5599 2818 5675 aliqui,
2852 5607 2961 5664 etc.
