3938 6214
385 359 500 421 135

1836 352 1902 414 S.
1947 349 2320 415 AlBBOSII

3646 357 3748 421 I36

383 501 584 547 Ien‘ur
611 491 932 545 honoribus
965 488 992 542 ?
1022 488 1100 543 Ex
1133 505 1248 559 quo
1281 488 1499 542 factum
1555 493 1663 554 est,
1705 495 1768 540 ut
1827 492 2018 556 partes
2051 487 2105 549 Α
2138 488 2244 540 bus
2273 489 2566 542 insularis
2601 490 2920 560 prudentia
2950 490 3278 560 disciplinis
3324 490 3619 546 informari
3671 500 3744 547 at-

385 582 588 635 mundi
621 581 757 633 deos
789 595 914 633 esse
946 576 1538 647 crederent,quam~.is
1563 577 1631 629 de
1658 578 1779 646 ipso
1805 575 2024 629 [mundo

383 687 497 725 non
525 668 834 723 mediocris
869 669 1022 720 inter
1049 683 1148 720 eos
1180 682 1292 736 qui
1313 666 1424 719 stio
1457 666 1550 717 sit.

452 760 506 812 3.
537 757 680 812 Nam
715 757 1068 827 Pythagoras
1102 772 1280 807 unum
1320 755 1606 807 mundum
1641 755 1850 807 asserit
1883 772 1896 805 :
1931 751 2026 804 alii

382 845 838 902 innumerabiles
871 845 1072 897 dicunt
1103 859 1230 896 esse
1265 844 1534 900 mundos.
1571 849 1631 895 ut
1663 842 1897 913 scripsit
1925 840 2026 894 De-

382 936 683 992 mocritus.
717 933 807 986 cui
843 931 1162 1001 plurimum
1195 933 1264 985 de
1312 930 1568 1001 physicis
1611 935 1867 983 vetustas
1923 945 2028 982 au-

382 1023 668 1077 ctoritatis
700 1020 926 1074 detulit.
960 1019 1277 1089 Ipsumque
1301 1019 1588 1072 mundum
1622 1034 1854 1089 semper
1885 1019 2026 1071 fuis-

379 1129 441 1166 se
472 1116 530 1166 et
555 1112 675 1164 fore
717 1109 1057 1163 Aristoteles
1091 1113 1336 1176 usurpat
1369 1108 1560 1161 dicere
1595 1125 1607 1159 :
1654 1112 1858 1159 contra
1916 1123 2024 1159 au-

378 1207 495 1255 tem
529 1200 687 1254 Plato
715 1215 827 1252 non
861 1213 1094 1267 semper
1124 1196 1326 1258 fuisse,
1351 1196 1450 1248 sed
1477 1211 1708 1266 semper
1729 1195 1847 1248 fore
1881 1211 2026 1264 prae-

381 1290 564 1343 sumit
595 1295 852 1341 astruere
874 1287 901 1338 ἱ)
929 1285 1164 1357 plurimi
1195 1300 1324 1338 vero
1347 1285 1395 1339 8
1426 1299 1530 1337 nec
1562 1283 1740 1337 fuisse
1771 1299 2022 1354 semper,

377 1395 480 1432 nec
514 1392 746 1448 semper
776 1376 894 1428 fore
927 1374 1160 1443 scriptis
1193 1372 1316 1427 suis
1344 1372 1732 1426 testticantur.

451 1473 499 1519 i.
531 1466 686 1521 Inter
715 1463 820 1516 has
854 1477 1054 1515 eorum
1087 1461 1487 1515 dissensiones
1519 1477 1644 1531 qua:
1668 1464 1854 1530 potest
1893 1475 2021 1514 esse

375 1556 491 1610 veri
517 1553 824 1608 aestimatio
861 1553 885 1604 ?
942 1566 1074 1604 cum
1137 1549 1230 1604 alii
1258 1550 1544 1604 mundum
1582 1550 1774 1619 ipsum
1835 1548 2018 1602 Deum

374 1659 504 1698 esse
533 1644 750 1707 dicant,
783 1640 939 1710 quod
975 1640 1025 1693 ei
1058 1655 1225 1692 mens
1259 1639 1474 1697 divina,
1510 1645 1571 1690 ut
1606 1643 1832 1709 putant,
1867 1638 2020 1691 ines-

373 1750 436 1788 se
466 1731 732 1785 videatur
766 1747 779 1783 :
840 1728 934 1781 alii
990 1733 1184 1797 partes
1214 1727 1362 1794 ejus,
1424 1725 1524 1779 alii
1559 1731 1877 1794 utrumque
1910 1743 1924 1778 :
1959 1726 2016 1778 in

2140 595 2250 645 que
2281 577 2490 630 ins-imi
2525 578 2896 632 desideravit.
2946 579 3054 641 Qui
3085 595 3218 632 cum
3251 579 3322 633 de
3353 595 3506 650 aqua
3560 595 3745 636 nomen

2139 666 2440 735 acceperit.
2468 683 2581 720 non
2611 667 2834 738 putavit
2878 676 3068 722 tamen
3131 668 3462 731 dicendum,
3498 669 3639 740 quod
3691 685 3750 724 ex

2138 769 2292 822 aqua
2323 761 2657 808 constarent
2693 755 2912 818 omnia,
2945 762 3006 808 ut
3037 754 3246 809 Thales
3302 757 3468 810 dixit.
3523 758 3585 811 Et
3632 773 3749 812 cum

2135 842 2378 894 essetin
2413 842 2548 896 aula
2601 843 2884 897 educatus
2940 845 3120 914 regia,
3154 843 3364 898 maluit
3420 850 3609 900 tamen
3659 862 3749 918 pro

2135 946 2331 984 amore
2349 931 2597 998 justitiaa
2627 933 2826 987 subire
2851 933 3119 986 exsilium
3147 932 3561 994 voluntarium.
3593 951 3748 1005 quam

2135 1018 2192 1070 in
2217 1019 2544 1088 tyrannidis
2575 1020 2804 1090 fastigio
2838 1021 3052 1090 peccati
3077 1023 3535 1091 perfunctione-2n
3550 1022 3750 1078 deliciis

2135 1107 2418 1175 aquirere.
2457 1109 2714 1179 Denique
2746 1108 3090 1178 priusquam
3121 1110 3191 1162 ad
3225 1110 3420 1179 p0puli
3483 1110 3744 1165 liberandi

2135 1212 2351 1249 munus
2382 1203 2706 1260 vocantur,
2739 1198 2988 1250 naturali
3015 1198 3306 1267 aequitatis
3337 1198 3530 1252 studio
3561 1215 3744 1269 provo-

2134 1290 2319 1349 catus,
2352 1283 2734 1352 acc‘pientem
2764 1284 3039 1350 injuriam
3075 1286 3146 1340 de
3203 1286 3584 1356 popularibus
3635 1287 3750 1342 suis

2131 1372 2312 1436 ultus,
2347 1373 2572 1425 invidiae
2605 1389 2730 1426 sese
2761 1372 2942 1431 dedit.
2971 1373 3374 1443 voluptatique
3403 1374 3630 1445 eripuit,
3675 1381 3752 1430 at-

2130 1477 2242 1530 que
2272 1477 2476 1514 omnes
2506 1461 2674 1531 regis:
2704 1461 2916 1516 domus
2933 1463 3232 1516 declinans
3262 1461 3571 1526 tumultus,
3603 1464 3752 1518 inse-

2129 1555 2350 1603 cretum
2385 1549 2683 1620 .ﬁthiopiae
2713 1566 2776 1603 sc
2804 1549 3048 1603 contulit
3079 1567 3092 1602 :
3118 1551 3334 1605 ibidem
3367 1567 3402 1604 a
3427 1552 3640 1608 ceteris
3657 1567 3752 1607 ne-

2128 1639 2304 1705 gotiis
2339 1644 2618 1700 remotus,
2652 1645 2838 1692 totum
2868 1637 3079 1692 divina:
3125 1639 3443 1708 cognitioni
3500 1639 3752 1695 animum

2129 1726 2398 1782 intendit.
2416 1735 2478 1779 ut
2512 1726 2760 1797 gloriam
2795 1726 2890 1780 Dei
2929 1731 2978 1781 Δ
3009 1727 3228 1781 videret
3252 1727 3395 1781 facie
3417 1728 3488 1782 ad
3538 1728 3750 1783 faciem.

372 1837 490 1893 quo
523 1835 626 1874 nec
657 1835 785 1888 qua
818 1817 1005 1886 figura
1033 1815 1108 1868 sit
1139 1815 1401 1876 deorum,
1436 1829 1540 1868 nec
1570 1814 1668 1882 qui
1714 1829 2015 1878 numerus,
2047 1848 2095 1913 Β
2127 1815 2230 1868 Cui
2269 1815 2616 1868 testiﬁcatur
2645 1814 2965 1885 Scriptura,
2999 1817 3137 1887 quia
3167 1831 3321 1870 nemo
3367 1819 3609 1871 surrexit
3634 1833 3752 1871 am-

372 1926 478 1964 nec
505 1909 602 1980 qui
634 1907 817 1967 locus,
852 1910 952 1958 aut
980 1904 1098 1956 vita
1155 1905 1359 1974 possit,
1416 1906 1518 1956 aut
1559 1918 1701 1956 cura
1756 1917 2016 1971 compre-

371 1997 568 2054 hendi.
591 1995 894 2066 Siquidem
923 1992 1126 2046 mundi
1159 1990 1540 2044 aestimatione
1570 1989 1882 2044 volubilem
1915 1991 2011 2058 l3),

372 2086 714 2150 rotundum,
747 2082 1070 2143 ardentem,
1105 2079 1459 2150 quibusdam
1491 2078 1794 2132 incitatum
1843 2080 2014 2132 moti-

371 2179 504 2242 bus,
538 2175 665 2231 sine
695 2187 872 2227 sensu
903 2169 1082 2223 Deum
1118 2167 1424 2222 conveniat
1455 2166 1720 2237 intelligi,
1755 2166 1853 2238 qui
1882 2166 2015 2221 alie-

370 2281 470 2330 no,
506 2281 621 2319 non
655 2277 761 2318 suo
792 2264 954 2315 motu
988 2257 1221 2312 feratur.

1035 2379 1270 2436 CAPUT
1326 2379 1374 2434 II

367 2479 563 2549 Moysis
606 2477 793 2546 Opinio
829 2473 894 2527 de
930 2473 1109 2549 initio
1164 2473 1649 2549 rerum,__auctore.
1693 2468 1907 2549 mundi,
1962 2473 2014 2522 et

436 2541 714 2604 creatione
742 2545 1005 2599 malene.
1044 2542 1194 2598 Idem
1249 2542 1443 2594 multis
1497 2541 1817 2594 nominibus
1872 2556 2013 2594 com-

435 2618 729 2674 mendatur
757 2635 774 2669 :
804 2617 897 2670 cui
923 2616 1046 2678 uni,
1076 2613 1314 2684 explosis
1343 2616 1541 2667 atomzs
1590 2613 1849 2682 ideisque,
1901 2627 2013 2665 cre-

434 2690 672 2746 dendum
705 2686 1031 2742 ostenditur.

435 2799 490 2851 5.
521 2795 681 2851 Unde
711 2793 908 2848 divino
935 2789 1143 2860 spiritu
1171 2787 1494 2859 praevidens
1524 2790 1763 2842 sanctus
1786 2786 2012 2858 Moyses

367 2887 474 2941 hos
506 2881 813 2938 hominum
845 2894 1069 2934 errores
1103 2878 1241 2939 fore,
1275 2882 1333 2930 et
1372 2876 1517 2930 forte
1560 2876 1685 2945 jam
1744 2875 2009 2946 coepisse,

369 2973 431 3027 in
462 2970 698 3028 exordio
729 2964 1016 3023 sermonis
1048 2965 1140 3019 sui
1174 2964 1258 3019 sic
1298 2963 1401 3025 ait,
1433 2964 1496 3018 In
1880 2969 2012 3032 [coit

369 3063 511 3116 Deus
539 3058 732 3114 caelum
764 3064 816 3110 et
839 3063 1041 3109 terram
1078 3052 1230 3123 (Gen.
1293 3069 1331 3115 I,
1363 3053 1454 3118 1):
1503 3050 1734 3105 initium
1792 3068 2008 3118 rerum,

371 3153 667 3206 auctorem
701 3143 929 3205 mundi,
961 3141 1311 3196 creationem
1345 3139 1597 3195 materiae
1629 3139 2007 3211 comprehen-

368 3239 516 3294 dens
549 3253 561 3290 :
599 3241 663 3290 ut
688 3235 866 3289 Deum
915 3245 1261 3301 cognoscere
1318 3233 1450 3283 ante
1507 3228 1744 3282 initium
1805 3228 2008 3283 mundi

367 3343 517 3391 esse,
544 3323 633 3381 vel
665 3324 859 3394 ipsum
888 3335 1015 3376 esse
1065 3317 1299 3372 initium
1342 3317 1748 3371 universorum
1783 3333 1797 3382 ;
1858 3316 2010 3371 sicut

366 3416 427 3470 in
458 3410 760 3484 Evangelia
812 3408 912 3463 Dei
965 3405 1145 3461 Filius
1202 3405 1536 3460 dicentibus
1587 3404 1720 3466 sibi.
1754 3405 1828 3458 Tu
1888 3406 2009 3475 quis

367 3519 422 3558 es
452 3501 482 3556 ?
521 3497 867 3572 respondit:
917 3497 1145 3550 Initium
1202 3495 1277 3564 (4)
1336 3493 1476 3563 quod
1505 3496 1554 3548 et
1612 3493 1808 3563 loquor
1859 3494 2010 3548 vobis

371 3595 555 3650 (Joan.
587 3605 705 3650 vm,
735 3587 825 3655 25)
861 3602 874 3639 :
906 3589 962 3639 et
991 3584 1187 3654 ipsum
1213 3581 1444 3637 dedisse
1473 3581 1781 3653 gignendis
1834 3582 2010 3637 rebus

369 3679 631 3742 initium,
661 3679 718 3728 et
745 3673 938 3744 ipsum
971 3688 1097 3727 esse
1127 3675 1444 3725 creatorem
1475 3669 1702 3734 mundi,
1735 3661 1850 3724 no°n
1882 3670 2010 3724 idea

371 3765 624 3839 quadam
652 3763 798 3818 duce
831 3761 1181 3815 imitatorem
1215 3758 1491 3825 materiai,
1548 3774 1616 3812 ex
1645 3774 1762 3828 qua
1791 3775 1905 3812 non
1937 3758 2007 3812 ad

370 3853 682 3911 arbritium
717 3865 915 3912 suum,
950 3847 1048 3902 sed
1083 3847 1154 3901 ad
1214 3845 1464 3917 speciem
1514 3846 1871 3917 pr0positam
1903 3863 2010 3901 sua

371 3959 546 4016 opera
577 3942 871 3996 formaret.
905 3935 1152 3992 Pulchre
1203 3949 1434 4006 quoque
1491 3933 1591 4000 ait,
1623 3936 1684 3989 In
1733 3936 2010 4006 principio

368 4035 536 4105 fecit;
567 4034 632 4086 ut
662 4023 1249 4098 incomprehensilem
1275 4021 1630 4078 celeritatem
1662 4022 1856 4093 operis
1912 4039 2007 4078 ex-

373 4121 671 4193 primeret,
706 4132 838 4171 cum
870 4114 1137 4170 effectum
1171 4113 1250 4180 (5)
1309 4111 1473 4183 prius
1506 4111 1860 4183 operationis
1898 4112 2010 4166 im-

369 4208 557 4282 pletis,
590 4222 766 4280 quam
798 4203 1081 4259 indicium
1111 4205 1308 4273 coeptas
1332 4199 1722 4272 explicuisset.

438 4301 491 4353 6.
528 4295 668 4362 Quis
701 4293 810 4348 hoc
863 4292 1020 4346 dicat
1071 4289 1369 4344 advertere
1425 4288 1726 4343 debemus.
1788 4287 2014 4361 Moyses

371 4386 574 4456 utique
606 4382 700 4438 ille
743 4380 1010 4436 eruditus
1041 4378 1099 4432 in
1157 4376 1319 4432 omni
1379 4375 1668 4447 sapientia
1720 4375 2010 4449 Egyptio-

373 4489 528 4536 rum,
549 4485 724 4542 quem
757 4469 828 4523 de
855 4467 1097 4522 ﬂumine
1127 4463 1437 4520 collectum
1487 4462 1611 4518 ﬁlia
1668 4463 1890 4520 Pharao
1950 4471 2015 4523 ut

2124 1904 2273 1973 ptius
2298 1904 2564 1973 propheta
2622 1906 2680 1956 in
2736 1905 2927 1968 Israel,
2959 1907 3099 1958 sicut
3148 1905 3370 1974 Moyses,
3401 1921 3560 1976 quem
3605 1908 3754 1961 scivit

2123 1994 2386 2046 Dominus
2419 1994 2667 2061 ,6}-farie
2694 1992 2764 2046 ad
2785 1995 2985 2062 faciem
3015 1995 3191 2062 (Deut.
3235 2009 3427 2055 xsnv.
3465 1996 3569 2056 10}.
3625 1993 3747 2050 Non

2122 2081 2181 2136 in
2211 2081 2454 2143 visione,
2487 2097 2677 2151 neque
2705 2083 2763 2134 in
2795 2082 3043 2136 somniis
3071 2085 3148 2148 {7)
3181 2082 3280 2137 sed
3311 2099 3378 2137 os
3407 2082 3479 2137 ad
3510 2099 3574 2138 os
3620 2098 3749 2138 cum

2125 2171 2236 2226 Deo
2270 2186 2503 2224 summo
2535 2170 2764 2223 locutus
2794 2186 2808 2224 ε
2845 2187 3034 2241 neque
3062 2170 3122 2224 in
3151 2172 3366 2240 specie,
3409 2185 3599 2243 neque
3650 2187 3754 2243 per

2120 2259 2452 2329 aenigmata,
2526 2258 2628 2312 sed
2663 2257 2820 2312 clara
2848 2264 3022 2330 atque
3067 2258 3375 2330 perspicua
3439 2258 3752 2331 praesentis

2121 2347 2327 2402 divinae
2357 2346 2693 2418 dignatione
2722 2347 2974 2401 donatus
3005 2349 3103 2415 (8;.

2190 2437 2245 2488 7.
2280 2435 2334 2490 Is
2365 2436 2562 2506 itaque
2606 2435 2834 2505 Moyses
2891 2436 3122 2506 aperuit
3178 2452 3245 2492 os
3312 2453 3512 2502 suum,
3569 2441 3624 2490 et
3665 2436 3755 2491 ef-

2123 2523 2272 2578 fudit
2300 2540 2427 2594 quze
2457 2523 2514 2578 in
2566 2540 2632 2578 eo
2683 2523 2968 2580 Dominus
3017 2523 3388 2595 loquebatur,
3438 2525 3752 2582 secundum

2120 2612 2273 2683 quod
2308 2611 2358 2666 ei
2391 2611 2633 2678 diverat,
2686 2628 2818 2666 cum
2850 2628 2987 2667 eum
3019 2613 3090 2666 ad
3151 2612 3372 2668 Pharao
3403 2629 3592 2685 regem
3618 2613 3756 2667 diri-

2118 2706 2312 2770 geret?
2356 2699 2492 2754 Vade
2511 2716 2660 2768 ergo,
2693 2709 2744 2754 et
2773 2716 2868 2770 ego
2920 2703 3172 2772 aperiam
3227 2717 3286 2756 os
3343 2706 3517 2766 mum,
3561 2705 3614 2756 et
3661 2704 3754 2756 in-

2116 2794 2323 2843 struam
2353 2793 2406 2844 te
2434 2789 2568 2859 quid
2595 2789 2788 2843 debeas
2820 2789 2971 2860 loqui
3027 2789 3217 2858 (Exod.
3246 2806 3322 2844 iv.
3385 2792 3488 2852 l2).
3523 2789 3748 2844 Etenim

2119 2879 2168 2933 si
2245 2878 2399 2948 quod
2434 2878 2504 2932 de
2562 2876 2777 2949 populo
2834 2878 3185 2933 dimittendo
3243 2878 3480 2944 diceret,
3533 2895 3568 2932 ει
3636 2877 3756 2934 Deo

2117 2972 2436 3038 acceperat,
2470 2967 2704 3038 quando
2736 2967 2925 3038 magis
2955 2967 3106 3037 quod
3131 2967 3202 3021 de
3224 2965 3364 3020 ccelo
3385 2965 3762 3037 loqueretur?

2118 3055 2377 3125 Denique
2433 3071 2547 3109 non
2599 3054 2657 3108 in
2716 3055 3094 3126 persuasione
3140 3053 3408 3110 humana;
3439 3053 3757 3126 sapientiae.

2121 3159 2226 3198 nec
2273 3143 2333 3197 in
2365 3141 2746 3214 philosophia:
2795 3142 3180 3198 simulatoriis
3238 3141 3760 3214 disputationibus,

2041 3213 2084 3279 (ἶ
2123 3232 2222 3287 sed
2252 3231 2313 3285 in
2370 3213 2711 3285 ostensione
2768 3230 3015 3302 spiritus
3044 3236 3100 3285 et
3157 3213 3413 3296 virtutis,
3470 3234 3759 3300 tanquam

2115 3320 2282 3376 testis
2311 3318 2490 3373 divini
2525 3319 2717 3390 operis
2739 3336 2922 3374 ausus
2979 3325 3070 3374 est
3093 3319 3283 3374 dicere
3315 3337 3328 3374 :
3361 3319 3422 3374 In
3477 3319 3754 3390 principio

2114 3410 2247 3480 fecit
2275 3407 2415 3462 Deus
2438 3407 2630 3461 aetum
2659 3411 2713 3462 et
2741 3410 2967 3462 terram.
3011 3407 3136 3462 Non
3162 3405 3278 3473 ille,
3311 3411 3376 3461 ut
3431 3410 3762 3462 atomorum

2117 3496 2501 3553 consursione
2535 3496 2793 3552 mundus
2823 3495 3022 3564 coiret,
3055 3511 3252 3552 serum
3285 3499 3457 3567 atque
3503 3493 3764 3550 otiosum

2116 3585 2470 3657 exspectavit
2498 3584 2795 3655 negotium
2829 3602 2844 3650 ;
2905 3599 3094 3655 neque
3125 3582 3491 3654 disciplinam
3551 3598 3764 3653 quam-

2118 3675 2250 3728 dam
2301 3672 2556 3728 materiaa
2601 3674 2700 3740 (9‘),
2741 3689 2919 3743 quam
2967 3671 3417 3744 contemplando
3471 3671 3766 3725 mundum

2118 3768 2316 3835 posset
2372 3762 2671 3833 efﬁngere,
2720 3762 2822 3817 sed
2863 3767 3161 3817 auctorem
3206 3761 3389 3816 Deum
3428 3760 3768 3831 exprimen-

2118 3853 2260 3906 dum
2290 3851 2532 3922 putavit.
2565 3851 2826 3905 Advertit
2853 3851 3009 3906 enim
3053 3850 3141 3905 vir
3177 3847 3385 3921 plenus
3414 3847 3767 3920 prudentie,

2119 3939 2274 4012 quod
2314 3937 2637 3993 visibilium
2691 3943 2868 4010 atque
2924 3937 3309 3994 invisibilium
3371 3935 3767 4006 substantias,

2117 4027 2393 4100 origines,
2418 4031 2474 4082 et
2523 4043 2733 4082 causas
2789 4043 2983 4082 rerum
3031 4028 3144 4097 (10)
3201 4042 3367 4081 mens
3393 4024 3516 4080 sola
3559 4023 3772 4079 divina

2119 4117 2430 4182 contineat,
2464 4131 2577 4170 non
2605 4120 2670 4170 ut
2687 4113 3019 4187 phiIOSOphi
3075 4115 3398 4186 disputant,
3417 4112 3774 4168 validiorem

2119 4209 2448 4260 atomorum
2477 4200 2936 4274 complexionem
2961 4202 3401 4275 perseverantia:
3421 4201 3584 4272 jugis
3625 4216 3777 4272 prae.

2118 4299 2275 4349 stare
2320 4307 2558 4348 causam
2591 4307 2606 4346 :
2666 4291 2769 4346 sed
2807 4291 3092 4362 judicavit
3143 4291 3298 4362 quod
3329 4289 3505 4345 telam
3534 4304 3777 4344 aranea

2121 4387 2380 4438 tenerent
2410 4379 2511 4453 qui
2537 4380 2621 4434 sic
2648 4381 2878 4435 minuta
2919 4385 2976 4435 et
3004 4379 3437 4435 insubstantiva
3465 4377 3778 4450 principia

2120 4469 2263 4526 caelo
2294 4486 2359 4524 ac
2390 4468 2561 4525 terris
2575 4468 2802 4534 darent,
2827 4485 2954 4540 qua:
2984 4473 3049 4524 ut
3078 4467 3316 4523 fortuito
3359 4466 3776 4537 conjungeren

373 4559 560 4615 ﬁlium
590 4556 884 4622 dilexit,et
912 4552 1196 4609 subsidiis
1227 4549 1523 4623 regalibus
1555 4551 1788 4620 fultum,
1823 4556 2009 4610 omni-
2040 4575 2089 4641 Ι)
2117 4563 2237 4625 tur,
2269 4559 2352 4613 ita
2381 4557 2619 4613 fortuito
2642 4573 2709 4612 ac
2755 4562 2974 4613 temere
3025 4555 3502 4621 dissolverentur,
3553 4552 3676 4608 nisi
3713 4553 3781 4608 in

443 4718 519 4788 (3)
552 4717 660 4797 bis.
684 4715 931 4797 Itegius,
965 4711 1134 4767 Corb.
1168 4716 1228 4797 et
1452 4711 1718 4797 mundum
1771 4716 2010 4797 aestima-

370 4781 534 4846 tione.
569 4781 980 4850 Cartusieusis,
1030 4781 1228 4837 mundi
1254 4784 1674 4838 aestimationem
1699 4785 2009 4853 volubilem,

368 4859 680 4926 rotundam,
713 4858 1014 4912 incitatam.
1053 4853 1164 4926 Alii
1196 4857 1254 4908 et
1276 4853 1414 4926 edit.
1437 4854 1641 4926 mundi
1691 4858 2010 4912 aestimatio-

369 4949 458 4988 ne.
493 4924 670 4996 Bene,
694 4929 740 4984 si
775 4925 1172 4998 interpreteris
1201 4925 1370 4996 quasi
1401 4924 1479 4980 sit
1532 4925 1686 4980 idem
1745 4943 1811 4981 ac
1841 4932 2015 4999 prout

372 5003 630 5059 mundus
647 5001 990 5056 (estimatur.

443 5075 520 5145 (4)
593 5069 1031 5145 Gemeticensis,
1100 5066 2009 5145 genomanensiset___Vulgata,

370 5138 737 5226 ξ’νίνέιξφίιρτεεν
761 5145 872 5226 φιςέη
907 5141 1067 5226 tias,
1099 5138 1590 5226 θετιξιεξιβίηξὲβει
1619 5138 1756 5220 siit-
1810 5138 2012 5226 Ain??-

374 5208 571 5291 bachii
596 5222 655 5270 et
685 5208 872 5291 Petiti,
905 5208 1132 5291 Initium
1161 5210 1275 5280 qui.
1308 5209 1402 5263 Sic
1423 5208 1841 5291 Dionysianus
1862 5210 2015 5291 infra

371 5287 784 5368 cap.lo,_num,
812 5286 897 5338 15.
959 5283 1166 5364 Decem
1215 5295 1358 5334 mss.
1416 5280 1645 5367 Initium
1701 5280 1860 5352 quod.
1921 5281 2012 5337 Sic

370 5361 548 5412 etiam
583 5357 717 5421 intr,
750 5371 913 5409 num.
946 5358 1142 5417 citato,
1173 5356 1230 5406 et
1262 5350 1302 5404 l.
1336 5366 1399 5405 ιιι
1429 5350 1495 5405 de
1551 5351 1681 5406 Iule
1735 5353 1804 5407 ad
1861 5351 2010 5408 Grat.

372 5443 422 5482 c.
459 5425 549 5480 IV.
581 5425 622 5481 ι.
655 5443 708 5490 v,
752 5441 802 5480 c.
865 5425 914 5478 4.
975 5423 1167 5480 Graece
1221 5426 1416 5477 autem
1471 5423 1564 5479 τὴν
1591 5422 1773 5486 ἀρχὴν,
1804 5422 1830 5470 ὅ
1859 5438 1907 5469 τι
1933 5424 2016 5470 καὶ

369 5495 511 5622 λαῖιξι
543 5494 673 5558 ὑμῖν.
704 5494 1028 5551 Tremelius
1055 5493 1246 5558 vertit,
1276 5492 1335 5548 Id
1354 5491 1496 5563 quod
1525 5510 1560 5547 α
1593 5495 1868 5566 principio
1897 5493 2015 5550 dico

371 5581 437 5622 νο
473 5581 542 5621 υ.

371 5581 542 5624 vanu.

446 5636 824 5715 ς6)ουἱηςυο
847 5652 992 5696 mss.
1025 5639 1083 5694 et
1139 5634 1278 5697 edit.
1325 5632 1554 5692 Erasini
1610 5648 1677 5693 ac
1731 5633 2012 5711 Romana,

368 5708 645 5790 amotum.

2193 4718 2269 4787 (6)
2303 4716 2578 4772 Mssocto
2609 4715 2956 4786 antiquioris
2987 4731 3053 4770 ac
3082 4713 3340 4787 melioris
3365 4715 3512 4787 notis
3533 4715 3593 4766 et
3624 4711 3784 4787 edit.

2119 4781 2362 4854 veteres,
2395 4789 2491 4860 qui
2545 4781 3069 4860 scivitbominum.
3103 4786 3260 4860 Reg.
3322 4789 3379 4839 et
3434 4781 3764 4860 Remensis

2123 4877 2214 4929 quz
2244 4855 2619 4929 scivit'Deum.
2662 4857 2854 4926 Dion.,
2886 4859 2983 4929 qui
3030 4858 3192 4912 scivit
3210 4855 3409 4929 Deum_
3433 4855 3648 4929 [aciem
3711 4870 3747 4908 a

2119 4925 2341 5001 faciem.
2403 4928 2622 4993 Germ.,
2675 4930 2772 5000 qui
2825 4925 2960 4983 vidit
3015 4929 3326 5001 Dominum.
3357 4925 3548 5001 _I.)_(X,
3610 4941 3796 4997 quem

2120 4996 2276 5058 novis
2305 5001 2566 5054 Dominus
2593 4996 2718 5056 eum
2735 5002 2939 5071 faciem
2981 4999 3051 5054 ad
3077 5001 3296 5070 faciem.
3357 4996 3551 5069 Vulg.,
3611 4996 3800 5067 quem

2121 5074 2299 5128 nosset
2328 5071 2614 5126 Dominus.

2215 5144 2270 5222 ἶ)
2301 5141 2437 5222 god.
2464 5141 2706 5222 aliquot,
2738 5157 2909 5213 neque
2937 5142 2997 5196 in
3025 5155 3230 5197 somno.

2215 5208 2271 5282 8)
2305 5208 2626 5268 Rom.edit.
2651 5208 2784 5269 cum
2808 5208 2924 5267 uno
2949 5228 3085 5276 ms.,
3107 5211 3411 5282 cngnitione
3427 5208 3736 5282 dignatus.

2215 5279 2270 5352 9)
2303 5284 2508 5339 Decem
2544 5301 2688 5340 mss.
2725 5283 2981 5339 melioris
3011 5279 3182 5350 notae,
3210 5297 3383 5354 neque
3431 5279 3810 5352 discipulum

2158 5355 2426 5411 uemdam.

2121 5373 2426 5428 quemaam.

2145 5492 2148 5495 _
2196 5427 2310 5497 (10)
2338 5429 2597 5491 Quatuor
2625 5442 2771 5482 mss.
2806 5429 2861 5480 et
2892 5425 3032 5481 edit.
3073 5423 3336 5489 Costerii,
3394 5421 3818 5497 invisibilium

2123 5494 2363 5568 Origines
2390 5498 2822 5553 substantiarum
2844 5500 2896 5552 et
2926 5511 3120 5551 causas
3148 5510 3356 5550 rerum.
3388 5498 3543 5568 Am._,
3611 5494 3815 5568 Erae.

2124 5573 2182 5624 et
2211 5565 2403 5626 Gillot.
2437 5569 2715 5626 omittunt
2740 5570 3000 5637 origines.
3033 5568 3292 5634 Quatuor
3309 5581 3480 5635 mss.,
3511 5565 3821 5626 invisibi-

2126 5639 2268 5701 lium
2293 5640 2656 5704 substantiam
2679 5643 2736 5701 et
2758 5655 2954 5703 causa:
2978 5653 3186 5698 mm.
