  <div class='ocr_page' id='page_1' title='image "/cluster/home/n/w/nwhite01/storage/ocr_20150623/14/uva.x000826552/083.png"; bbox 0 0 3938 6214; ppageno 0'>
   <div class='ocr_carea' id='block_1_1' title="bbox 28 576 43 677">
    <p class='ocr_par' dir='ltr' id='par_1_1' title="bbox 28 576 43 677">
     <span class='ocr_line' id='line_1_1' title="bbox 28 576 43 677; baseline 0 0"><span class='ocrx_word' id='word_1_1' title='bbox 28 576 43 677; x_wconf 44' lang='grc' dir='ltr'>ἓ</span> 
     </span>
    </p>
   </div>
   <div class='ocr_carea' id='block_1_2' title="bbox 30 718 35 785">
    <p class='ocr_par' dir='ltr' id='par_1_2' title="bbox 30 718 35 785">
     <span class='ocr_line' id='line_1_2' title="bbox 30 718 35 785; baseline 0 0"><span class='ocrx_word' id='word_1_2' title='bbox 30 718 35 785; x_wconf 69' lang='lat' dir='ltr'><em>F</em></span> 
     </span>
    </p>
   </div>
   <div class='ocr_carea' id='block_1_3' title="bbox 74 333 283 421">
    <p class='ocr_par' dir='ltr' id='par_1_3' title="bbox 74 333 283 421">
     <span class='ocr_line' id='line_1_3' title="bbox 74 333 283 421; baseline 0.029 -7"><span class='ocrx_word' id='word_1_3' title='bbox 74 355 167 421; x_wconf 66' lang='lat'><strong>{31</strong></span> <span class='ocrx_word' id='word_1_4' title='bbox 270 333 283 339; x_wconf 86' lang='grc'><em>’</em></span> 
     </span>
    </p>
   </div>
   <div class='ocr_carea' id='block_1_4' title="bbox 1420 356 2242 418">
    <p class='ocr_par' dir='ltr' id='par_1_4' title="bbox 1420 356 2242 418">
     <span class='ocr_line' id='line_1_4' title="bbox 1420 356 2242 418; baseline -0.001 -2"><span class='ocrx_word' id='word_1_5' title='bbox 1420 356 1958 417; x_wconf 75' lang='lat' dir='ltr'><strong>HEXAEMERON</strong></span> <span class='ocrx_word' id='word_1_6' title='bbox 2005 359 2149 418; x_wconf 78' lang='lat' dir='ltr'><strong>LIB.</strong></span> <span class='ocrx_word' id='word_1_7' title='bbox 2196 361 2242 417; x_wconf 84' lang='grc' dir='ltr'><strong>Ι.</strong></span> 
     </span>
    </p>
   </div>
   <div class='ocr_carea' id='block_1_5' title="bbox 3411 355 3527 419">
    <p class='ocr_par' dir='ltr' id='par_1_5' title="bbox 3411 355 3527 419">
     <span class='ocr_line' id='line_1_5' title="bbox 3411 355 3527 419; baseline -0.017 -1"><span class='ocrx_word' id='word_1_8' title='bbox 3411 355 3527 419; x_wconf 85' lang='grc'><strong>138</strong></span> 
     </span>
    </p>
   </div>
   <div class='ocr_carea' id='block_1_6' title="bbox 96 489 3523 565">
    <p class='ocr_par' dir='ltr' id='par_1_6' title="bbox 96 489 3523 565">
     <span class='ocr_line' id='line_1_6' title="bbox 96 489 3523 565; baseline -0.001 -16"><span class='ocrx_word' id='word_1_9' title='bbox 96 491 173 549; x_wconf 81' lang='lat' dir='ltr'><strong>sui</strong></span> <span class='ocrx_word' id='word_1_10' title='bbox 207 490 651 565; x_wconf 72' lang='lat' dir='ltr'><strong>gubernatoris</strong></span> <span class='ocrx_word' id='word_1_11' title='bbox 716 493 926 549; x_wconf 85' lang='lat' dir='ltr'><strong>divina</strong></span> <span class='ocrx_word' id='word_1_12' title='bbox 978 491 1187 547; x_wconf 88' lang='lat' dir='ltr'><strong>virtute</strong></span> <span class='ocrx_word' id='word_1_13' title='bbox 1245 494 1604 546; x_wconf 79' lang='lat' dir='ltr'><strong>constarent.</strong></span> <span class='ocrx_word' id='word_1_14' title='bbox 1658 489 1771 544; x_wconf 90' lang='lat' dir='ltr'><strong>Nec</strong></span> <span class='ocrx_word' id='word_1_15' title='bbox 1800 492 1855 553; x_wconf 86' lang='grc' dir='ltr'>Α</span> <span class='ocrx_word' id='word_1_16' title='bbox 1886 489 2194 547; x_wconf 82' lang='lat' dir='ltr'><strong>videntur?</strong></span> <span class='ocrx_word' id='word_1_17' title='bbox 2237 491 2378 555; x_wconf 89' lang='lat' dir='ltr'><strong>Quis</strong></span> <span class='ocrx_word' id='word_1_18' title='bbox 2436 491 2662 553; x_wconf 83' lang='lat' dir='ltr'><strong>dubitet</strong></span> <span class='ocrx_word' id='word_1_19' title='bbox 2718 490 2874 562; x_wconf 88' lang='lat' dir='ltr'><strong>quod</strong></span> <span class='ocrx_word' id='word_1_20' title='bbox 2927 494 3075 546; x_wconf 85' lang='lat' dir='ltr'><strong>Deus</strong></span> <span class='ocrx_word' id='word_1_21' title='bbox 3131 490 3251 545; x_wconf 81' lang='lat' dir='ltr'><strong>haec</strong></span> <span class='ocrx_word' id='word_1_22' title='bbox 3307 489 3523 560; x_wconf 84' lang='lat' dir='ltr'><strong>fecerit,</strong></span> 
     </span>
    </p>
   </div>
   <div class='ocr_carea' id='block_1_7' title="bbox 111 579 1773 655">
    <p class='ocr_par' dir='ltr' id='par_1_7' title="bbox 111 579 1773 655">
     <span class='ocr_line' id='line_1_7' title="bbox 111 579 1773 655; baseline -0.005 -15"><span class='ocrx_word' id='word_1_23' title='bbox 111 582 371 641; x_wconf 78' lang='lat' dir='ltr'><strong>immerito</strong></span> <span class='ocrx_word' id='word_1_24' title='bbox 393 581 895 655; x_wconf 74' lang='lat' dir='ltr'><strong>gubernatorem</strong></span> <span class='ocrx_word' id='word_1_25' title='bbox 928 580 1209 649; x_wconf 88' lang='lat' dir='ltr'><strong>nesciunt,</strong></span> <span class='ocrx_word' id='word_1_26' title='bbox 1227 579 1327 652; x_wconf 89' lang='lat' dir='ltr'><strong>qui</strong></span> <span class='ocrx_word' id='word_1_27' title='bbox 1350 596 1465 634; x_wconf 93' lang='lat' dir='ltr'><strong>non</strong></span> <span class='ocrx_word' id='word_1_28' title='bbox 1490 581 1773 634; x_wconf 89' lang='lat' dir='ltr'><strong>noverunt</strong></span> 
     </span>
    </p>
   </div>
   <div class='ocr_carea' id='block_1_8' title="bbox 36 668 1767 745">
    <p class='ocr_par' dir='ltr' id='par_1_8' title="bbox 36 668 1767 745">
     <span class='ocr_line' id='line_1_8' title="bbox 36 668 1767 745; baseline -0.006 -14"><span class='ocrx_word' id='word_1_29' title='bbox 36 668 39 701; x_wconf 52' lang='grc'><em>⁸</em></span> <span class='ocrx_word' id='word_1_30' title='bbox 112 680 298 742; x_wconf 83' lang='lat' dir='ltr'><strong>Deum,</strong></span> <span class='ocrx_word' id='word_1_31' title='bbox 321 688 426 745; x_wconf 87' lang='lat' dir='ltr'><strong>per</strong></span> <span class='ocrx_word' id='word_1_32' title='bbox 451 687 644 743; x_wconf 82' lang='lat' dir='ltr'>quem</span> <span class='ocrx_word' id='word_1_33' title='bbox 681 670 896 727; x_wconf 84' lang='lat' dir='ltr'><strong>omnia</strong></span> <span class='ocrx_word' id='word_1_34' title='bbox 932 672 1209 741; x_wconf 88' lang='lat' dir='ltr'><strong>reguntur</strong></span> <span class='ocrx_word' id='word_1_35' title='bbox 1253 672 1310 723; x_wconf 89' lang='lat' dir='ltr'><strong>et</strong></span> <span class='ocrx_word' id='word_1_36' title='bbox 1346 668 1767 740; x_wconf 81' lang='lat' dir='ltr'><strong>gubernantur.</strong></span> 
     </span>
    </p>
   </div>
   <div class='ocr_carea' id='block_1_9' title="bbox 30 757 1773 836">
    <p class='ocr_par' dir='ltr' id='par_1_9' title="bbox 30 757 1773 836">
     <span class='ocr_line' id='line_1_9' title="bbox 30 757 1773 836; baseline -0.006 -16"><span class='ocrx_word' id='word_1_37' title='bbox 30 757 33 793; x_wconf 56' lang='grc' dir='ltr'><em>τ</em></span> <span class='ocrx_word' id='word_1_38' title='bbox 114 765 426 836; x_wconf 77' lang='lat' dir='ltr'><strong>Sequemur</strong></span> <span class='ocrx_word' id='word_1_39' title='bbox 479 776 626 833; x_wconf 85' lang='lat' dir='ltr'><strong>ergo</strong></span> <span class='ocrx_word' id='word_1_40' title='bbox 675 776 821 816; x_wconf 91' lang='lat' dir='ltr'><strong>eum</strong></span> <span class='ocrx_word' id='word_1_41' title='bbox 894 757 990 831; x_wconf 87' lang='lat' dir='ltr'><strong>qui</strong></span> <span class='ocrx_word' id='word_1_42' title='bbox 1040 763 1097 813; x_wconf 91' lang='lat' dir='ltr'><strong>et</strong></span> <span class='ocrx_word' id='word_1_43' title='bbox 1138 761 1435 813; x_wconf 83' lang='lat' dir='ltr'><strong>auctorem</strong></span> <span class='ocrx_word' id='word_1_44' title='bbox 1496 757 1655 812; x_wconf 88' lang='lat' dir='ltr'><strong>novit</strong></span> <span class='ocrx_word' id='word_1_45' title='bbox 1713 759 1773 811; x_wconf 91' lang='lat' dir='ltr'><strong>et</strong></span> 
     </span>
    </p>
   </div>
   <div class='ocr_carea' id='block_1_10' title="bbox 107 844 1733 927">
    <p class='ocr_par' dir='ltr' id='par_1_10' title="bbox 107 844 1733 927">
     <span class='ocr_line' id='line_1_10' title="bbox 107 844 1733 927; baseline -0.009 -16"><span class='ocrx_word' id='word_1_46' title='bbox 107 854 581 927; x_wconf 81' lang='lat' dir='ltr'><strong>gubernatorem,</strong></span> <span class='ocrx_word' id='word_1_47' title='bbox 604 865 719 905; x_wconf 91' lang='lat' dir='ltr'><strong>nec</strong></span> <span class='ocrx_word' id='word_1_48' title='bbox 741 848 911 904; x_wconf 90' lang='lat' dir='ltr'><strong>vanis</strong></span> <span class='ocrx_word' id='word_1_49' title='bbox 941 847 1302 902; x_wconf 88' lang='lat' dir='ltr'><strong>abducamur</strong></span> <span class='ocrx_word' id='word_1_50' title='bbox 1335 844 1733 918; x_wconf 84' lang='lat' dir='ltr'><strong>opinionibus.</strong></span> 
     </span>
    </p>
   </div>
   <div class='ocr_carea' id='block_1_11' title="bbox 754 953 1128 1011">
    <p class='ocr_par' dir='ltr' id='par_1_11' title="bbox 754 953 1128 1011">
     <span class='ocr_line' id='line_1_11' title="bbox 754 953 1128 1011; baseline -0.011 0"><span class='ocrx_word' id='word_1_51' title='bbox 754 953 989 1011; x_wconf 82' lang='lat' dir='ltr'><strong>CAPUT</strong></span> <span class='ocrx_word' id='word_1_52' title='bbox 1029 954 1128 1008; x_wconf 88' lang='grc' dir='ltr'>ΙΙΙ.</span> 
     </span>
    </p>
   </div>
   <div class='ocr_carea' id='block_1_12' title="bbox 110 1040 1769 1117">
    <p class='ocr_par' dir='ltr' id='par_1_12' title="bbox 110 1040 1769 1117">
     <span class='ocr_line' id='line_1_12' title="bbox 110 1040 1769 1117; baseline -0.006 -13"><span class='ocrx_word' id='word_1_53' title='bbox 110 1048 461 1117; x_wconf 75' lang='lat' dir='ltr'><strong>Principium</strong></span> <span class='ocrx_word' id='word_1_54' title='bbox 501 1061 674 1099; x_wconf 88' lang='lat' dir='ltr'><strong>suum</strong></span> <span class='ocrx_word' id='word_1_55' title='bbox 703 1060 739 1099; x_wconf 92' lang='lat' dir='ltr'><strong>a</strong></span> <span class='ocrx_word' id='word_1_56' title='bbox 772 1045 879 1117; x_wconf 86' lang='lat' dir='ltr'><strong>Deo</strong></span> <span class='ocrx_word' id='word_1_57' title='bbox 928 1041 1196 1117; x_wconf 74' lang='lat' dir='ltr'><strong>mundum</strong></span> <span class='ocrx_word' id='word_1_58' title='bbox 1226 1040 1459 1117; x_wconf 78' lang='lat' dir='ltr'><strong>habere;</strong></span> <span class='ocrx_word' id='word_1_59' title='bbox 1492 1056 1557 1095; x_wconf 80' lang='lat' dir='ltr'><strong>ac</strong></span> <span class='ocrx_word' id='word_1_60' title='bbox 1577 1041 1769 1110; x_wconf 85' lang='lat' dir='ltr'><strong>proin-</strong></span> 
     </span>
    </p>
   </div>
   <div class='ocr_carea' id='block_1_13' title="bbox 172 1113 1769 1187">
    <p class='ocr_par' dir='ltr' id='par_1_13' title="bbox 172 1113 1769 1187">
     <span class='ocr_line' id='line_1_13' title="bbox 172 1113 1769 1187; baseline -0.006 -12"><span class='ocrx_word' id='word_1_61' title='bbox 172 1121 240 1175; x_wconf 85' lang='lat' dir='ltr'><strong>de</strong></span> <span class='ocrx_word' id='word_1_62' title='bbox 286 1113 439 1182; x_wconf 66' lang='lat' dir='ltr'><strong>etwa,</strong></span> <span class='ocrx_word' id='word_1_63' title='bbox 490 1117 621 1172; x_wconf 82' lang='lat' dir='ltr'><strong>licet</strong></span> <span class='ocrx_word' id='word_1_64' title='bbox 668 1116 939 1187; x_wconf 66' lang='lat' dir='ltr'><strong>sphzrica</strong></span> <span class='ocrx_word' id='word_1_65' title='bbox 984 1113 1166 1183; x_wconf 85' lang='lat' dir='ltr'><strong>ﬁgura</strong></span> <span class='ocrx_word' id='word_1_66' title='bbox 1205 1114 1296 1181; x_wconf 90' lang='lat' dir='ltr'><strong>sit,</strong></span> <span class='ocrx_word' id='word_1_67' title='bbox 1345 1121 1618 1169; x_wconf 75' lang='lat' dir='ltr'><strong>aeternum</strong></span> <span class='ocrx_word' id='word_1_68' title='bbox 1662 1127 1769 1167; x_wconf 89' lang='lat' dir='ltr'><strong>non</strong></span> 
     </span>
    </p>
   </div>
   <div class='ocr_carea' id='block_1_14' title="bbox 174 1206 313 1247">
    <p class='ocr_par' dir='ltr' id='par_1_14' title="bbox 174 1206 313 1247">
     <span class='ocr_line' id='line_1_14' title="bbox 174 1206 313 1247; baseline -0.022 0"><span class='ocrx_word' id='word_1_69' title='bbox 174 1206 313 1247; x_wconf 70' lang='grc' dir='ltr'><strong>εδει.</strong></span> 
     </span>
    </p>
   </div>
   <div class='ocr_carea' id='block_1_15' title="bbox 174 1269 1775 1349">
    <p class='ocr_par' dir='ltr' id='par_1_15' title="bbox 174 1269 1775 1349">
     <span class='ocr_line' id='line_1_15' title="bbox 174 1269 1775 1349; baseline -0.006 -16"><span class='ocrx_word' id='word_1_70' title='bbox 174 1281 227 1333; x_wconf 89' lang='grc'><strong>8.</strong></span> <span class='ocrx_word' id='word_1_71' title='bbox 264 1280 336 1333; x_wconf 80' lang='lat' dir='ltr'><strong>In</strong></span> <span class='ocrx_word' id='word_1_72' title='bbox 378 1276 686 1349; x_wconf 84' lang='lat' dir='ltr'><strong>principio,</strong></span> <span class='ocrx_word' id='word_1_73' title='bbox 742 1271 956 1344; x_wconf 84' lang='lat' dir='ltr'><strong>inquit.</strong></span> <span class='ocrx_word' id='word_1_74' title='bbox 1008 1273 1193 1337; x_wconf 92' lang='lat' dir='ltr'><strong>Quam</strong></span> <span class='ocrx_word' id='word_1_75' title='bbox 1250 1270 1438 1325; x_wconf 90' lang='lat' dir='ltr'><strong>bonus</strong></span> <span class='ocrx_word' id='word_1_76' title='bbox 1497 1269 1659 1336; x_wconf 89' lang='lat' dir='ltr'><strong>ordo,</strong></span> <span class='ocrx_word' id='word_1_77' title='bbox 1710 1271 1775 1323; x_wconf 90' lang='lat' dir='ltr'><strong>ut</strong></span> 
     </span>
    </p>
   </div>
   <div class='ocr_carea' id='block_1_16' title="bbox 108 1360 1771 1438">
    <p class='ocr_par' dir='ltr' id='par_1_16' title="bbox 108 1360 1771 1438">
     <span class='ocr_line' id='line_1_16' title="bbox 108 1360 1771 1438; baseline -0.007 -16"><span class='ocrx_word' id='word_1_78' title='bbox 108 1367 251 1422; x_wconf 86' lang='lat' dir='ltr'><strong>illud</strong></span> <span class='ocrx_word' id='word_1_79' title='bbox 288 1365 557 1438; x_wconf 90' lang='lat' dir='ltr'><strong>primum</strong></span> <span class='ocrx_word' id='word_1_80' title='bbox 591 1360 1069 1432; x_wconf 90' lang='lat' dir='ltr'><strong>assereret,quod</strong></span> <span class='ocrx_word' id='word_1_81' title='bbox 1094 1374 1304 1431; x_wconf 89' lang='lat' dir='ltr'><strong>negare</strong></span> <span class='ocrx_word' id='word_1_82' title='bbox 1327 1360 1771 1425; x_wconf 90' lang='lat' dir='ltr'><strong>consueverunt,</strong></span> 
     </span>
    </p>
   </div>
   <div class='ocr_carea' id='block_1_17' title="bbox 108 1446 1774 1528">
    <p class='ocr_par' dir='ltr' id='par_1_17' title="bbox 108 1446 1774 1528">
     <span class='ocr_line' id='line_1_17' title="bbox 108 1446 1774 1528; baseline -0.006 -16"><span class='ocrx_word' id='word_1_83' title='bbox 108 1463 161 1512; x_wconf 87' lang='lat' dir='ltr'><strong>et</strong></span> <span class='ocrx_word' id='word_1_84' title='bbox 208 1454 644 1528; x_wconf 80' lang='lat' dir='ltr'><strong>cognoscerent</strong></span> <span class='ocrx_word' id='word_1_85' title='bbox 690 1449 1045 1522; x_wconf 87' lang='lat' dir='ltr'>principium</span> <span class='ocrx_word' id='word_1_86' title='bbox 1096 1463 1226 1503; x_wconf 90' lang='lat' dir='ltr'><strong>esse</strong></span> <span class='ocrx_word' id='word_1_87' title='bbox 1285 1446 1511 1513; x_wconf 90' lang='lat' dir='ltr'><strong>mundi,</strong></span> <span class='ocrx_word' id='word_1_88' title='bbox 1548 1462 1618 1501; x_wconf 90' lang='lat' dir='ltr'><strong>ne</strong></span> <span class='ocrx_word' id='word_1_89' title='bbox 1648 1446 1774 1502; x_wconf 88' lang='lat' dir='ltr'>sine</span> 
     </span>
    </p>
   </div>
   <div class='ocr_carea' id='block_1_18' title="bbox 110 1535 1770 1619">
    <p class='ocr_par' dir='ltr' id='par_1_18' title="bbox 110 1535 1770 1619">
     <span class='ocr_line' id='line_1_18' title="bbox 110 1535 1770 1619; baseline -0.007 -18"><span class='ocrx_word' id='word_1_90' title='bbox 110 1543 414 1619; x_wconf 87' lang='lat' dir='ltr'><strong>principio</strong></span> <span class='ocrx_word' id='word_1_91' title='bbox 473 1540 761 1595; x_wconf 89' lang='lat' dir='ltr'><strong>mundum</strong></span> <span class='ocrx_word' id='word_1_92' title='bbox 820 1553 948 1593; x_wconf 87' lang='lat' dir='ltr'><strong>esse</strong></span> <span class='ocrx_word' id='word_1_93' title='bbox 1003 1537 1273 1594; x_wconf 85' lang='lat' dir='ltr'><strong>homines</strong></span> <span class='ocrx_word' id='word_1_94' title='bbox 1330 1535 1770 1591; x_wconf 83' lang='lat' dir='ltr'><strong>arbitrarentur.</strong></span> 
     </span>
    </p>
   </div>
   <div class='ocr_carea' id='block_1_19' title="bbox 106 1622 1770 1693">
    <p class='ocr_par' dir='ltr' id='par_1_19' title="bbox 106 1622 1770 1693">
     <span class='ocr_line' id='line_1_19' title="bbox 106 1622 1770 1693; baseline -0.007 -3"><span class='ocrx_word' id='word_1_95' title='bbox 106 1634 274 1690; x_wconf 88' lang='lat' dir='ltr'><strong>Unde</strong></span> <span class='ocrx_word' id='word_1_96' title='bbox 330 1634 394 1687; x_wconf 85' lang='lat' dir='ltr'><strong>et</strong></span> <span class='ocrx_word' id='word_1_97' title='bbox 430 1629 613 1686; x_wconf 82' lang='lat' dir='ltr'><strong>David</strong></span> <span class='ocrx_word' id='word_1_98' title='bbox 645 1644 778 1684; x_wconf 88' lang='lat' dir='ltr'><strong>cum</strong></span> <span class='ocrx_word' id='word_1_99' title='bbox 812 1627 882 1682; x_wconf 91' lang='lat' dir='ltr'><strong>de</strong></span> <span class='ocrx_word' id='word_1_100' title='bbox 913 1625 1076 1693; x_wconf 87' lang='lat' dir='ltr'><strong>coelo,</strong></span> <span class='ocrx_word' id='word_1_101' title='bbox 1110 1630 1168 1681; x_wconf 90' lang='lat' dir='ltr'><strong>et</strong></span> <span class='ocrx_word' id='word_1_102' title='bbox 1199 1629 1371 1691; x_wconf 90' lang='lat' dir='ltr'><strong>terra,</strong></span> <span class='ocrx_word' id='word_1_103' title='bbox 1405 1628 1462 1679; x_wconf 89' lang='lat' dir='ltr'><strong>et</strong></span> <span class='ocrx_word' id='word_1_104' title='bbox 1492 1623 1638 1679; x_wconf 90' lang='lat' dir='ltr'><strong>mari</strong></span> <span class='ocrx_word' id='word_1_105' title='bbox 1689 1622 1770 1679; x_wconf 85' lang='lat' dir='ltr'><strong>lo-</strong></span> 
     </span>
    </p>
   </div>
   <div class='ocr_carea' id='block_1_20' title="bbox 100 1711 1770 1794">
    <p class='ocr_par' dir='ltr' id='par_1_20' title="bbox 100 1711 1770 1794">
     <span class='ocr_line' id='line_1_20' title="bbox 100 1711 1770 1794; baseline -0.007 -17"><span class='ocrx_word' id='word_1_106' title='bbox 100 1725 420 1794; x_wconf 87' lang='lat' dir='ltr'><strong>queretur,</strong></span> <span class='ocrx_word' id='word_1_107' title='bbox 448 1718 550 1785; x_wconf 88' lang='lat' dir='ltr'><strong>ait,</strong></span> <span class='ocrx_word' id='word_1_108' title='bbox 584 1718 779 1773; x_wconf 81' lang='lat' dir='ltr'><strong>Omnia</strong></span> <span class='ocrx_word' id='word_1_109' title='bbox 814 1717 874 1770; x_wconf 90' lang='lat' dir='ltr'><strong>in</strong></span> <span class='ocrx_word' id='word_1_110' title='bbox 912 1715 1193 1786; x_wconf 76' lang='lat' dir='ltr'><strong>sapientia</strong></span> <span class='ocrx_word' id='word_1_111' title='bbox 1238 1714 1418 1784; x_wconf 76' lang='lat' dir='ltr'><strong>fecisti</strong></span> <span class='ocrx_word' id='word_1_112' title='bbox 1444 1711 1617 1783; x_wconf 90' lang='lat' dir='ltr'><strong>(Psal.</strong></span> <span class='ocrx_word' id='word_1_113' title='bbox 1651 1728 1770 1779; x_wconf 85' lang='lat' dir='ltr'><strong>cm,</strong></span> 
     </span>
    </p>
   </div>
   <div class='ocr_carea' id='block_1_21' title="bbox 98 1799 1770 1879">
    <p class='ocr_par' dir='ltr' id='par_1_21' title="bbox 98 1799 1770 1879">
     <span class='ocr_line' id='line_1_21' title="bbox 98 1799 1770 1879; baseline -0.007 -12"><span class='ocrx_word' id='word_1_114' title='bbox 98 1813 215 1879; x_wconf 55' lang='lat'><strong>&#39;24).</strong></span> <span class='ocrx_word' id='word_1_115' title='bbox 276 1807 461 1865; x_wconf 88' lang='lat' dir='ltr'><strong>Dedit</strong></span> <span class='ocrx_word' id='word_1_116' title='bbox 506 1821 641 1879; x_wconf 86' lang='lat' dir='ltr'><strong>ergo</strong></span> <span class='ocrx_word' id='word_1_117' title='bbox 676 1802 1031 1877; x_wconf 89' lang='lat' dir='ltr'>principium</span> <span class='ocrx_word' id='word_1_118' title='bbox 1080 1801 1327 1869; x_wconf 87' lang='lat' dir='ltr'><strong>mundo,</strong></span> <span class='ocrx_word' id='word_1_119' title='bbox 1377 1800 1537 1855; x_wconf 88' lang='lat' dir='ltr'><strong>dedit</strong></span> <span class='ocrx_word' id='word_1_120' title='bbox 1599 1799 1770 1856; x_wconf 84' lang='lat' dir='ltr'><strong>etiam</strong></span> 
     </span>
    </p>
   </div>
   <div class='ocr_carea' id='block_1_22' title="bbox 101 1860 1851 1962">
    <p class='ocr_par' dir='ltr' id='par_1_22' title="bbox 101 1860 1851 1962">
     <span class='ocr_line' id='line_1_22' title="bbox 101 1860 1851 1962; baseline -0.009 -6"><span class='ocrx_word' id='word_1_121' title='bbox 101 1902 402 1955; x_wconf 64' lang='lat' dir='ltr'><strong>creature</strong></span> <span class='ocrx_word' id='word_1_122' title='bbox 459 1894 860 1950; x_wconf 85' lang='lat' dir='ltr'><strong>infirmitatem</strong></span> <span class='ocrx_word' id='word_1_123' title='bbox 900 1890 1033 1962; x_wconf 79' lang='lat' dir='ltr'><strong>(li),</strong></span> <span class='ocrx_word' id='word_1_124' title='bbox 1090 1907 1162 1946; x_wconf 91' lang='lat' dir='ltr'><strong>ne</strong></span> <span class='ocrx_word' id='word_1_125' title='bbox 1212 1888 1529 1956; x_wconf 89' lang='lat' dir='ltr'><strong>anarchon,</strong></span> <span class='ocrx_word' id='word_1_126' title='bbox 1574 1906 1642 1945; x_wconf 91' lang='lat' dir='ltr'><strong>ne</strong></span> <span class='ocrx_word' id='word_1_127' title='bbox 1685 1889 1772 1943; x_wconf 87' lang='lat' dir='ltr'><strong>in-</strong></span> <span class='ocrx_word' id='word_1_128' title='bbox 1804 1860 1851 1926; x_wconf 82' lang='lat' dir='ltr'><strong>B</strong></span> 
     </span>
    </p>
   </div>
   <div class='ocr_carea' id='block_1_23' title="bbox 100 1977 1773 2054">
    <p class='ocr_par' dir='ltr' id='par_1_23' title="bbox 100 1977 1773 2054">
     <span class='ocr_line' id='line_1_23' title="bbox 100 1977 1773 2054; baseline -0.007 -9"><span class='ocrx_word' id='word_1_129' title='bbox 100 1991 405 2054; x_wconf 87' lang='lat' dir='ltr'><strong>creatum,</strong></span> <span class='ocrx_word' id='word_1_130' title='bbox 446 1988 504 2040; x_wconf 92' lang='lat' dir='ltr'><strong>et</strong></span> <span class='ocrx_word' id='word_1_131' title='bbox 553 1982 758 2038; x_wconf 75' lang='lat' dir='ltr'><strong>divinae</strong></span> <span class='ocrx_word' id='word_1_132' title='bbox 803 1983 1134 2036; x_wconf 84' lang='lat' dir='ltr'><strong>consortem</strong></span> <span class='ocrx_word' id='word_1_133' title='bbox 1184 1977 1524 2034; x_wconf 63' lang='lat' dir='ltr'><strong>substantiae</strong></span> <span class='ocrx_word' id='word_1_134' title='bbox 1574 1978 1773 2034; x_wconf 90' lang='lat' dir='ltr'><strong>crede-</strong></span> 
     </span>
    </p>
   </div>
   <div class='ocr_carea' id='block_1_24' title="bbox 101 2067 1773 2145">
    <p class='ocr_par' dir='ltr' id='par_1_24' title="bbox 101 2067 1773 2145">
     <span class='ocr_line' id='line_1_24' title="bbox 101 2067 1773 2145; baseline -0.007 -12"><span class='ocrx_word' id='word_1_135' title='bbox 101 2092 336 2132; x_wconf 84' lang='lat' dir='ltr'><strong>remus.</strong></span> <span class='ocrx_word' id='word_1_136' title='bbox 377 2074 449 2129; x_wconf 83' lang='lat' dir='ltr'><strong>Et</strong></span> <span class='ocrx_word' id='word_1_137' title='bbox 498 2071 735 2145; x_wconf 89' lang='lat' dir='ltr'><strong>pulchre</strong></span> <span class='ocrx_word' id='word_1_138' title='bbox 767 2069 996 2126; x_wconf 88' lang='lat' dir='ltr'><strong>addidit</strong></span> <span class='ocrx_word' id='word_1_139' title='bbox 1032 2069 1165 2140; x_wconf 81' lang='lat' dir='ltr'><strong>(l2),</strong></span> <span class='ocrx_word' id='word_1_140' title='bbox 1197 2070 1347 2138; x_wconf 84' lang='lat' dir='ltr'><strong>fecit,</strong></span> <span class='ocrx_word' id='word_1_141' title='bbox 1380 2084 1451 2122; x_wconf 91' lang='lat' dir='ltr'><strong>ne</strong></span> <span class='ocrx_word' id='word_1_142' title='bbox 1504 2082 1666 2122; x_wconf 89' lang='lat' dir='ltr'><strong>mora</strong></span> <span class='ocrx_word' id='word_1_143' title='bbox 1713 2067 1773 2121; x_wconf 88' lang='lat' dir='ltr'><strong>in</strong></span> 
     </span>
    </p>
   </div>
   <div class='ocr_carea' id='block_1_25' title="bbox 104 2154 1771 2227">
    <p class='ocr_par' dir='ltr' id='par_1_25' title="bbox 104 2154 1771 2227">
     <span class='ocr_line' id='line_1_25' title="bbox 104 2154 1771 2227; baseline -0.005 -9"><span class='ocrx_word' id='word_1_144' title='bbox 104 2164 391 2221; x_wconf 88' lang='lat' dir='ltr'><strong>faciendo</strong></span> <span class='ocrx_word' id='word_1_145' title='bbox 434 2161 618 2217; x_wconf 83' lang='lat' dir='ltr'><strong>fuisse</strong></span> <span class='ocrx_word' id='word_1_146' title='bbox 668 2159 1114 2225; x_wconf 85' lang='lat' dir='ltr'><strong>exstimaretur;</strong></span> <span class='ocrx_word' id='word_1_147' title='bbox 1150 2161 1215 2211; x_wconf 92' lang='lat' dir='ltr'><strong>ut</strong></span> <span class='ocrx_word' id='word_1_148' title='bbox 1256 2155 1343 2211; x_wconf 86' lang='lat' dir='ltr'><strong>vel</strong></span> <span class='ocrx_word' id='word_1_149' title='bbox 1372 2155 1455 2211; x_wconf 86' lang='lat' dir='ltr'><strong>sic</strong></span> <span class='ocrx_word' id='word_1_150' title='bbox 1488 2154 1771 2227; x_wconf 86' lang='lat' dir='ltr'><strong>intellige-</strong></span> 
     </span>
    </p>
   </div>
   <div class='ocr_carea' id='block_1_26' title="bbox 108 2244 1770 2321">
    <p class='ocr_par' dir='ltr' id='par_1_26' title="bbox 108 2244 1770 2321">
     <span class='ocr_line' id='line_1_26' title="bbox 108 2244 1770 2321; baseline -0.007 -11"><span class='ocrx_word' id='word_1_151' title='bbox 108 2258 239 2310; x_wconf 83' lang='lat' dir='ltr'><strong>rent</strong></span> <span class='ocrx_word' id='word_1_152' title='bbox 269 2251 556 2308; x_wconf 85' lang='lat' dir='ltr'><strong>homines</strong></span> <span class='ocrx_word' id='word_1_153' title='bbox 582 2264 758 2321; x_wconf 90' lang='lat' dir='ltr'><strong>quam</strong></span> <span class='ocrx_word' id='word_1_154' title='bbox 791 2244 1269 2318; x_wconf 86' lang='lat' dir='ltr'><strong>incomparabilis</strong></span> <span class='ocrx_word' id='word_1_155' title='bbox 1300 2248 1568 2317; x_wconf 85' lang='lat' dir='ltr'><strong>operator</strong></span> <span class='ocrx_word' id='word_1_156' title='bbox 1597 2247 1770 2312; x_wconf 86' lang='lat' dir='ltr'><strong>esset,</strong></span> 
     </span>
    </p>
   </div>
   <div class='ocr_carea' id='block_1_27' title="bbox 111 2335 1773 2415">
    <p class='ocr_par' dir='ltr' id='par_1_27' title="bbox 111 2335 1773 2415">
     <span class='ocr_line' id='line_1_27' title="bbox 111 2335 1773 2415; baseline -0.005 -17"><span class='ocrx_word' id='word_1_157' title='bbox 111 2344 212 2415; x_wconf 87' lang='lat' dir='ltr'><strong>qui</strong></span> <span class='ocrx_word' id='word_1_158' title='bbox 247 2346 497 2397; x_wconf 87' lang='lat' dir='ltr'><strong>tantum</strong></span> <span class='ocrx_word' id='word_1_159' title='bbox 525 2356 674 2411; x_wconf 90' lang='lat' dir='ltr'><strong>opus</strong></span> <span class='ocrx_word' id='word_1_160' title='bbox 704 2336 863 2392; x_wconf 83' lang='lat' dir='ltr'><strong>brevi</strong></span> <span class='ocrx_word' id='word_1_161' title='bbox 891 2336 934 2392; x_wconf 66' lang='grc' dir='ltr'>ὅ</span> <span class='ocrx_word' id='word_1_162' title='bbox 962 2335 1287 2407; x_wconf 85' lang='lat' dir='ltr'><strong>exiguoque</strong></span> <span class='ocrx_word' id='word_1_163' title='bbox 1326 2336 1620 2389; x_wconf 90' lang='lat' dir='ltr'><strong>momento</strong></span> <span class='ocrx_word' id='word_1_164' title='bbox 1652 2349 1773 2389; x_wconf 70' lang='lat' dir='ltr'><strong>suis</strong></span> 
     </span>
    </p>
   </div>
   <div class='ocr_carea' id='block_1_28' title="bbox 112 2422 1773 2503">
    <p class='ocr_par' dir='ltr' id='par_1_28' title="bbox 112 2422 1773 2503">
     <span class='ocr_line' id='line_1_28' title="bbox 112 2422 1773 2503; baseline -0.006 -16"><span class='ocrx_word' id='word_1_165' title='bbox 112 2429 484 2503; x_wconf 84' lang='lat' dir='ltr'><strong>operationis</strong></span> <span class='ocrx_word' id='word_1_166' title='bbox 574 2425 916 2491; x_wconf 87' lang='lat' dir='ltr'><strong>absolveret,</strong></span> <span class='ocrx_word' id='word_1_167' title='bbox 999 2428 1063 2478; x_wconf 91' lang='lat' dir='ltr'><strong>ut</strong></span> <span class='ocrx_word' id='word_1_168' title='bbox 1136 2422 1452 2478; x_wconf 87' lang='lat' dir='ltr'><strong>voluntatis</strong></span> <span class='ocrx_word' id='word_1_169' title='bbox 1533 2422 1773 2477; x_wconf 75' lang='lat' dir='ltr'><strong>effectus</strong></span> 
     </span>
    </p>
   </div>
   <div class='ocr_carea' id='block_1_29' title="bbox 112 2510 1772 2589">
    <p class='ocr_par' dir='ltr' id='par_1_29' title="bbox 112 2510 1772 2589">
     <span class='ocr_line' id='line_1_29' title="bbox 112 2510 1772 2589; baseline -0.007 -13"><span class='ocrx_word' id='word_1_170' title='bbox 112 2535 365 2576; x_wconf 84' lang='lat' dir='ltr'><strong>sensum</strong></span> <span class='ocrx_word' id='word_1_171' title='bbox 398 2517 513 2589; x_wconf 86' lang='lat'><strong>(13)</strong></span> <span class='ocrx_word' id='word_1_172' title='bbox 546 2513 827 2587; x_wconf 90' lang='lat' dir='ltr'><strong>temporis</strong></span> <span class='ocrx_word' id='word_1_173' title='bbox 867 2512 1208 2586; x_wconf 69' lang='lat' dir='ltr'><strong>praeveniret</strong></span> <span class='ocrx_word' id='word_1_174' title='bbox 1237 2511 1366 2584; x_wconf 82' lang='grc'>(14).</span> <span class='ocrx_word' id='word_1_175' title='bbox 1399 2510 1579 2565; x_wconf 89' lang='lat' dir='ltr'><strong>Nemo</strong></span> <span class='ocrx_word' id='word_1_176' title='bbox 1637 2527 1772 2582; x_wconf 86' lang='lat' dir='ltr'><strong>ope-</strong></span> 
     </span>
    </p>
   </div>
   <div class='ocr_carea' id='block_1_30' title="bbox 114 2598 1775 2675">
    <p class='ocr_par' dir='ltr' id='par_1_30' title="bbox 114 2598 1775 2675">
     <span class='ocr_line' id='line_1_30' title="bbox 114 2598 1775 2675; baseline -0.008 -10"><span class='ocrx_word' id='word_1_177' title='bbox 114 2613 350 2664; x_wconf 86' lang='lat' dir='ltr'><strong>rantem</strong></span> <span class='ocrx_word' id='word_1_178' title='bbox 410 2604 574 2672; x_wconf 90' lang='lat' dir='ltr'><strong>vidit,</strong></span> <span class='ocrx_word' id='word_1_179' title='bbox 628 2602 729 2659; x_wconf 89' lang='lat' dir='ltr'><strong>sed</strong></span> <span class='ocrx_word' id='word_1_180' title='bbox 791 2601 1025 2675; x_wconf 85' lang='lat' dir='ltr'><strong>agnovit</strong></span> <span class='ocrx_word' id='word_1_181' title='bbox 1071 2603 1394 2671; x_wconf 88' lang='lat' dir='ltr'><strong>operatum.</strong></span> <span class='ocrx_word' id='word_1_182' title='bbox 1428 2598 1537 2653; x_wconf 91' lang='lat' dir='ltr'><strong>Ubi</strong></span> <span class='ocrx_word' id='word_1_183' title='bbox 1592 2598 1775 2671; x_wconf 82' lang='lat' dir='ltr'><strong>igitur</strong></span> 
     </span>
    </p>
   </div>
   <div class='ocr_carea' id='block_1_31' title="bbox 115 2688 1774 2765">
    <p class='ocr_par' dir='ltr' id='par_1_31' title="bbox 115 2688 1774 2765">
     <span class='ocr_line' id='line_1_31' title="bbox 115 2688 1774 2765; baseline -0.008 -11"><span class='ocrx_word' id='word_1_184' title='bbox 115 2714 298 2765; x_wconf 86' lang='lat' dir='ltr'><strong>mora,</strong></span> <span class='ocrx_word' id='word_1_185' title='bbox 334 2710 475 2750; x_wconf 91' lang='lat' dir='ltr'><strong>cum</strong></span> <span class='ocrx_word' id='word_1_186' title='bbox 527 2691 724 2765; x_wconf 83' lang='lat' dir='ltr'><strong>legas:</strong></span> <span class='ocrx_word' id='word_1_187' title='bbox 760 2691 901 2760; x_wconf 88' lang='lat' dir='ltr'><strong>Quia</strong></span> <span class='ocrx_word' id='word_1_188' title='bbox 944 2691 1055 2762; x_wconf 89' lang='lat' dir='ltr'><strong>ipse</strong></span> <span class='ocrx_word' id='word_1_189' title='bbox 1110 2688 1274 2755; x_wconf 67' lang='lat' dir='ltr'><strong>dixit,</strong></span> <span class='ocrx_word' id='word_1_190' title='bbox 1324 2690 1372 2742; x_wconf 90' lang='lat' dir='ltr'><strong>et</strong></span> <span class='ocrx_word' id='word_1_191' title='bbox 1419 2690 1567 2759; x_wconf 84' lang='lat' dir='ltr'><strong>facta</strong></span> <span class='ocrx_word' id='word_1_192' title='bbox 1608 2690 1774 2755; x_wconf 87' lang='lat' dir='ltr'><strong>sunt;</strong></span> 
     </span>
    </p>
   </div>
   <div class='ocr_carea' id='block_1_32' title="bbox 116 2775 1773 2857">
    <p class='ocr_par' dir='ltr' id='par_1_32' title="bbox 116 2775 1773 2857">
     <span class='ocr_line' id='line_1_32' title="bbox 116 2775 1773 2857; baseline -0.004 -18"><span class='ocrx_word' id='word_1_193' title='bbox 116 2803 228 2857; x_wconf 75' lang='lat' dir='ltr'><strong>ipse</strong></span> <span class='ocrx_word' id='word_1_194' title='bbox 284 2782 599 2850; x_wconf 80' lang='lat' dir='ltr'><strong>mandavit,</strong></span> <span class='ocrx_word' id='word_1_195' title='bbox 648 2784 701 2835; x_wconf 88' lang='lat' dir='ltr'><strong>et</strong></span> <span class='ocrx_word' id='word_1_196' title='bbox 748 2781 931 2836; x_wconf 90' lang='lat' dir='ltr'><strong>creata</strong></span> <span class='ocrx_word' id='word_1_197' title='bbox 989 2785 1117 2833; x_wconf 89' lang='lat' dir='ltr'><strong>sunt</strong></span> <span class='ocrx_word' id='word_1_198' title='bbox 1159 2776 1344 2849; x_wconf 80' lang='lat' dir='ltr'><strong>(Psal.</strong></span> <span class='ocrx_word' id='word_1_199' title='bbox 1394 2792 1622 2843; x_wconf 63' lang='lat' dir='ltr'><strong>exavm,</strong></span> <span class='ocrx_word' id='word_1_200' title='bbox 1670 2775 1773 2848; x_wconf 83' lang='lat'><strong>5)?</strong></span> 
     </span>
    </p>
   </div>
   <div class='ocr_carea' id='block_1_33' title="bbox 119 2863 1771 2944">
    <p class='ocr_par' dir='ltr' id='par_1_33' title="bbox 119 2863 1771 2944">
     <span class='ocr_line' id='line_1_33' title="bbox 119 2863 1771 2944; baseline -0.007 -15"><span class='ocrx_word' id='word_1_201' title='bbox 119 2876 227 2931; x_wconf 68' lang='lat' dir='ltr'><strong>Nec</strong></span> <span class='ocrx_word' id='word_1_202' title='bbox 259 2872 413 2929; x_wconf 88' lang='lat' dir='ltr'><strong>artis</strong></span> <span class='ocrx_word' id='word_1_203' title='bbox 466 2871 647 2944; x_wconf 87' lang='lat' dir='ltr'><strong>igitur</strong></span> <span class='ocrx_word' id='word_1_204' title='bbox 688 2884 888 2933; x_wconf 89' lang='lat' dir='ltr'><strong>usum,</strong></span> <span class='ocrx_word' id='word_1_205' title='bbox 920 2883 1025 2923; x_wconf 91' lang='lat' dir='ltr'><strong>nec</strong></span> <span class='ocrx_word' id='word_1_206' title='bbox 1065 2866 1295 2921; x_wconf 89' lang='lat' dir='ltr'><strong>virtutis</strong></span> <span class='ocrx_word' id='word_1_207' title='bbox 1344 2866 1635 2938; x_wconf 83' lang='lat' dir='ltr'><strong>expendit,</strong></span> <span class='ocrx_word' id='word_1_208' title='bbox 1671 2863 1771 2936; x_wconf 89' lang='lat' dir='ltr'>qui</span> 
     </span>
    </p>
   </div>
   <div class='ocr_carea' id='block_1_34' title="bbox 122 2955 1771 3026">
    <p class='ocr_par' dir='ltr' id='par_1_34' title="bbox 122 2955 1771 3026">
     <span class='ocr_line' id='line_1_34' title="bbox 122 2955 1771 3026; baseline -0.007 -7"><span class='ocrx_word' id='word_1_209' title='bbox 122 2966 428 3019; x_wconf 85' lang='lat' dir='ltr'><strong>momento</strong></span> <span class='ocrx_word' id='word_1_210' title='bbox 482 2976 598 3014; x_wconf 65' lang='lat' dir='ltr'><strong>suae</strong></span> <span class='ocrx_word' id='word_1_211' title='bbox 644 2955 967 3013; x_wconf 86' lang='lat' dir='ltr'><strong>voluntatis</strong></span> <span class='ocrx_word' id='word_1_212' title='bbox 1016 2955 1382 3026; x_wconf 88' lang='lat' dir='ltr'><strong>majestatem</strong></span> <span class='ocrx_word' id='word_1_213' title='bbox 1432 2958 1606 3009; x_wconf 69' lang='lat' dir='ltr'><strong>tantae</strong></span> <span class='ocrx_word' id='word_1_214' title='bbox 1637 2958 1771 3025; x_wconf 87' lang='lat' dir='ltr'><strong>ope&#39;-</strong></span> 
     </span>
    </p>
   </div>
   <div class='ocr_carea' id='block_1_35' title="bbox 120 3042 1771 3121">
    <p class='ocr_par' dir='ltr' id='par_1_35' title="bbox 120 3042 1771 3121">
     <span class='ocr_line' id='line_1_35' title="bbox 120 3042 1771 3121; baseline -0.007 -13"><span class='ocrx_word' id='word_1_215' title='bbox 120 3052 373 3108; x_wconf 82' lang='lat' dir='ltr'><strong>rationis</strong></span> <span class='ocrx_word' id='word_1_216' title='bbox 403 3047 707 3121; x_wconf 88' lang='lat' dir='ltr'><strong>implevit;</strong></span> <span class='ocrx_word' id='word_1_217' title='bbox 740 3049 807 3101; x_wconf 89' lang='lat' dir='ltr'><strong>ut</strong></span> <span class='ocrx_word' id='word_1_218' title='bbox 836 3061 903 3100; x_wconf 88' lang='lat' dir='ltr'><strong>ea</strong></span> <span class='ocrx_word' id='word_1_219' title='bbox 932 3061 1057 3115; x_wconf 79' lang='lat' dir='ltr'><strong>quas</strong></span> <span class='ocrx_word' id='word_1_220' title='bbox 1090 3060 1205 3099; x_wconf 91' lang='lat' dir='ltr'><strong>non</strong></span> <span class='ocrx_word' id='word_1_221' title='bbox 1236 3047 1422 3108; x_wconf 85' lang='lat' dir='ltr'><strong>erant,</strong></span> <span class='ocrx_word' id='word_1_222' title='bbox 1454 3058 1582 3099; x_wconf 89' lang='lat' dir='ltr'><strong>esse</strong></span> <span class='ocrx_word' id='word_1_223' title='bbox 1622 3042 1771 3097; x_wconf 86' lang='lat' dir='ltr'><strong>face-</strong></span> 
     </span>
    </p>
   </div>
   <div class='ocr_carea' id='block_1_36' title="bbox 123 3129 1771 3203">
    <p class='ocr_par' dir='ltr' id='par_1_36' title="bbox 123 3129 1771 3203">
     <span class='ocr_line' id='line_1_36' title="bbox 123 3129 1771 3203; baseline -0.007 -6"><span class='ocrx_word' id='word_1_224' title='bbox 123 3145 203 3197; x_wconf 87' lang='lat' dir='ltr'><strong>ret</strong></span> <span class='ocrx_word' id='word_1_225' title='bbox 252 3145 383 3195; x_wconf 87' lang='lat' dir='ltr'><strong>tam</strong></span> <span class='ocrx_word' id='word_1_226' title='bbox 440 3135 729 3200; x_wconf 87' lang='lat' dir='ltr'><strong>velociter,</strong></span> <span class='ocrx_word' id='word_1_227' title='bbox 769 3137 834 3188; x_wconf 90' lang='lat' dir='ltr'><strong>ut</strong></span> <span class='ocrx_word' id='word_1_228' title='bbox 892 3148 1078 3203; x_wconf 89' lang='lat' dir='ltr'><strong>neque</strong></span> <span class='ocrx_word' id='word_1_229' title='bbox 1133 3131 1405 3187; x_wconf 88' lang='lat' dir='ltr'><strong>voluntas</strong></span> <span class='ocrx_word' id='word_1_230' title='bbox 1451 3129 1771 3203; x_wconf 86' lang='lat' dir='ltr'><strong>operationi</strong></span> 
     </span>
    </p>
   </div>
   <div class='ocr_carea' id='block_1_37' title="bbox 126 3219 1371 3301">
    <p class='ocr_par' dir='ltr' id='par_1_37' title="bbox 126 3219 1371 3301">
     <span class='ocr_line' id='line_1_37' title="bbox 126 3219 1371 3301; baseline -0.009 -16"><span class='ocrx_word' id='word_1_231' title='bbox 126 3229 532 3301; x_wconf 65' lang='lat' dir='ltr'><strong>pracurreret,</strong></span> <span class='ocrx_word' id='word_1_232' title='bbox 565 3239 751 3296; x_wconf 89' lang='lat' dir='ltr'><strong>neque</strong></span> <span class='ocrx_word' id='word_1_233' title='bbox 781 3220 1038 3293; x_wconf 90' lang='lat' dir='ltr'><strong>operatio</strong></span> <span class='ocrx_word' id='word_1_234' title='bbox 1069 3219 1371 3275; x_wconf 84' lang='lat' dir='ltr'><strong>voluntati.</strong></span> 
     </span>
    </p>
   </div>
   <div class='ocr_carea' id='block_1_38' title="bbox 187 3308 1773 3385">
    <p class='ocr_par' dir='ltr' id='par_1_38' title="bbox 187 3308 1773 3385">
     <span class='ocr_line' id='line_1_38' title="bbox 187 3308 1773 3385; baseline -0.004 -13"><span class='ocrx_word' id='word_1_235' title='bbox 187 3318 247 3372; x_wconf 85' lang='lat'><strong>9.</strong></span> <span class='ocrx_word' id='word_1_236' title='bbox 278 3314 519 3372; x_wconf 82' lang='lat' dir='ltr'><strong>Miraris</strong></span> <span class='ocrx_word' id='word_1_237' title='bbox 563 3328 731 3385; x_wconf 89' lang='lat' dir='ltr'><strong>opus,</strong></span> <span class='ocrx_word' id='word_1_238' title='bbox 765 3310 978 3382; x_wconf 78' lang='lat' dir='ltr'><strong>quaeris</strong></span> <span class='ocrx_word' id='word_1_239' title='bbox 1022 3312 1405 3381; x_wconf 88' lang='lat' dir='ltr'><strong>operatorem,</strong></span> <span class='ocrx_word' id='word_1_240' title='bbox 1436 3309 1570 3381; x_wconf 88' lang='lat' dir='ltr'><strong>quis</strong></span> <span class='ocrx_word' id='word_1_241' title='bbox 1614 3308 1773 3382; x_wconf 90' lang='lat' dir='ltr'><strong>prin-</strong></span> 
     </span>
    </p>
   </div>
   <div class='ocr_carea' id='block_1_39' title="bbox 123 3396 1774 3479">
    <p class='ocr_par' dir='ltr' id='par_1_39' title="bbox 123 3396 1774 3479">
     <span class='ocr_line' id='line_1_39' title="bbox 123 3396 1774 3479; baseline -0.005 -18"><span class='ocrx_word' id='word_1_242' title='bbox 123 3407 350 3479; x_wconf 87' lang='lat' dir='ltr'><strong>cipium</strong></span> <span class='ocrx_word' id='word_1_243' title='bbox 383 3406 544 3459; x_wconf 89' lang='lat' dir='ltr'><strong>tanto</strong></span> <span class='ocrx_word' id='word_1_244' title='bbox 574 3400 733 3474; x_wconf 88' lang='lat' dir='ltr'><strong>cperi</strong></span> <span class='ocrx_word' id='word_1_245' title='bbox 764 3398 1005 3466; x_wconf 88' lang='lat' dir='ltr'><strong>dederit,</strong></span> <span class='ocrx_word' id='word_1_246' title='bbox 1039 3398 1171 3470; x_wconf 88' lang='lat' dir='ltr'><strong>quis</strong></span> <span class='ocrx_word' id='word_1_247' title='bbox 1201 3403 1322 3453; x_wconf 87' lang='lat' dir='ltr'><strong>tam</strong></span> <span class='ocrx_word' id='word_1_248' title='bbox 1362 3396 1474 3454; x_wconf 91' lang='lat' dir='ltr'><strong>cito</strong></span> <span class='ocrx_word' id='word_1_249' title='bbox 1520 3397 1578 3452; x_wconf 91' lang='lat' dir='ltr'><strong>id</strong></span> <span class='ocrx_word' id='word_1_250' title='bbox 1629 3397 1774 3453; x_wconf 89' lang='lat' dir='ltr'><strong>fece-</strong></span> 
     </span>
    </p>
   </div>
   <div class='ocr_carea' id='block_1_40' title="bbox 124 3485 1778 3564">
    <p class='ocr_par' dir='ltr' id='par_1_40' title="bbox 124 3485 1778 3564">
     <span class='ocr_line' id='line_1_40' title="bbox 124 3485 1778 3564; baseline -0.005 -14"><span class='ocrx_word' id='word_1_251' title='bbox 124 3494 247 3550; x_wconf 79' lang='lat' dir='ltr'><strong>rit?</strong></span> <span class='ocrx_word' id='word_1_252' title='bbox 277 3491 544 3564; x_wconf 88' lang='lat' dir='ltr'><strong>Subjecit</strong></span> <span class='ocrx_word' id='word_1_253' title='bbox 572 3488 797 3554; x_wconf 86' lang='lat' dir='ltr'><strong>statim,</strong></span> <span class='ocrx_word' id='word_1_254' title='bbox 829 3487 1028 3543; x_wconf 89' lang='lat' dir='ltr'><strong>dicens</strong></span> <span class='ocrx_word' id='word_1_255' title='bbox 1057 3485 1196 3559; x_wconf 88' lang='lat' dir='ltr'><strong>quia</strong></span> <span class='ocrx_word' id='word_1_256' title='bbox 1223 3488 1360 3542; x_wconf 86' lang='lat' dir='ltr'><strong>Deus</strong></span> <span class='ocrx_word' id='word_1_257' title='bbox 1405 3487 1535 3558; x_wconf 84' lang='lat' dir='ltr'><strong>fecit</strong></span> <span class='ocrx_word' id='word_1_258' title='bbox 1581 3487 1778 3542; x_wconf 71' lang='lat' dir='ltr'><strong>cretum</strong></span> 
     </span>
    </p>
   </div>
   <div class='ocr_carea' id='block_1_41' title="bbox 122 3575 1775 3642">
    <p class='ocr_par' dir='ltr' id='par_1_41' title="bbox 122 3575 1775 3642">
     <span class='ocr_line' id='line_1_41' title="bbox 122 3575 1775 3642; baseline -0.005 -2"><span class='ocrx_word' id='word_1_259' title='bbox 122 3590 173 3640; x_wconf 77' lang='lat' dir='ltr'><strong>et</strong></span> <span class='ocrx_word' id='word_1_260' title='bbox 202 3588 431 3638; x_wconf 79' lang='lat' dir='ltr'><strong>terram.</strong></span> <span class='ocrx_word' id='word_1_261' title='bbox 466 3578 697 3635; x_wconf 83' lang='lat' dir='ltr'><strong>Audisti</strong></span> <span class='ocrx_word' id='word_1_262' title='bbox 750 3580 1068 3642; x_wconf 89' lang='lat' dir='ltr'><strong>auctorem,</strong></span> <span class='ocrx_word' id='word_1_263' title='bbox 1110 3575 1378 3631; x_wconf 88' lang='lat' dir='ltr'><strong>dubitare</strong></span> <span class='ocrx_word' id='word_1_264' title='bbox 1424 3592 1539 3631; x_wconf 91' lang='lat' dir='ltr'><strong>non</strong></span> <span class='ocrx_word' id='word_1_265' title='bbox 1578 3576 1775 3632; x_wconf 88' lang='lat' dir='ltr'><strong>debes.</strong></span> 
     </span>
    </p>
   </div>
   <div class='ocr_carea' id='block_1_42' title="bbox 128 3663 1777 3740">
    <p class='ocr_par' dir='ltr' id='par_1_42' title="bbox 128 3663 1777 3740">
     <span class='ocr_line' id='line_1_42' title="bbox 128 3663 1777 3740; baseline -0.005 -12"><span class='ocrx_word' id='word_1_266' title='bbox 128 3672 232 3728; x_wconf 82' lang='lat' dir='ltr'><strong>Hic</strong></span> <span class='ocrx_word' id='word_1_267' title='bbox 288 3674 380 3726; x_wconf 87' lang='lat' dir='ltr'><strong>est</strong></span> <span class='ocrx_word' id='word_1_268' title='bbox 426 3669 487 3725; x_wconf 90' lang='lat' dir='ltr'><strong>in</strong></span> <span class='ocrx_word' id='word_1_269' title='bbox 534 3684 649 3740; x_wconf 90' lang='lat' dir='ltr'><strong>quo</strong></span> <span class='ocrx_word' id='word_1_270' title='bbox 703 3664 998 3721; x_wconf 87' lang='lat' dir='ltr'><strong>benedixit</strong></span> <span class='ocrx_word' id='word_1_271' title='bbox 1026 3663 1450 3719; x_wconf 87' lang='lat' dir='ltr'><strong>Melchisedech</strong></span> <span class='ocrx_word' id='word_1_272' title='bbox 1481 3664 1777 3720; x_wconf 86' lang='lat' dir='ltr'><strong>Abraham</strong></span> 
     </span>
    </p>
   </div>
   <div class='ocr_carea' id='block_1_43' title="bbox 132 3752 1779 3832">
    <p class='ocr_par' dir='ltr' id='par_1_43' title="bbox 132 3752 1779 3832">
     <span class='ocr_line' id='line_1_43' title="bbox 132 3752 1779 3832; baseline -0.004 -17"><span class='ocrx_word' id='word_1_273' title='bbox 132 3765 357 3832; x_wconf 87' lang='lat' dir='ltr'><strong>patrem</strong></span> <span class='ocrx_word' id='word_1_274' title='bbox 435 3756 759 3813; x_wconf 87' lang='lat' dir='ltr'><strong>multarum</strong></span> <span class='ocrx_word' id='word_1_275' title='bbox 830 3752 1115 3826; x_wconf 87' lang='lat' dir='ltr'><strong>gentium,</strong></span> <span class='ocrx_word' id='word_1_276' title='bbox 1180 3752 1779 3810; x_wconf 80' lang='lat' dir='ltr'><strong>dicens:Benedictus</strong></span> 
     </span>
    </p>
   </div>
   <div class='ocr_carea' id='block_1_44' title="bbox 134 3843 1781 3913">
    <p class='ocr_par' dir='ltr' id='par_1_44' title="bbox 134 3843 1781 3913">
     <span class='ocr_line' id='line_1_44' title="bbox 134 3843 1781 3913; baseline -0.003 -9"><span class='ocrx_word' id='word_1_277' title='bbox 134 3848 412 3905; x_wconf 75' lang='lat' dir='ltr'><strong>Abraham</strong></span> <span class='ocrx_word' id='word_1_278' title='bbox 443 3864 477 3901; x_wconf 92' lang='lat' dir='ltr'><strong>a</strong></span> <span class='ocrx_word' id='word_1_279' title='bbox 508 3847 612 3901; x_wconf 88' lang='lat' dir='ltr'><strong>Deo</strong></span> <span class='ocrx_word' id='word_1_280' title='bbox 655 3859 891 3909; x_wconf 85' lang='lat' dir='ltr'><strong>summa,</strong></span> <span class='ocrx_word' id='word_1_281' title='bbox 932 3843 1027 3913; x_wconf 96' lang='lat' dir='ltr'><strong>qui</strong></span> <span class='ocrx_word' id='word_1_282' title='bbox 1069 3843 1198 3913; x_wconf 77' lang='lat' dir='ltr'><strong>fecit</strong></span> <span class='ocrx_word' id='word_1_283' title='bbox 1240 3843 1433 3897; x_wconf 69' lang='lat' dir='ltr'><strong>caelum</strong></span> <span class='ocrx_word' id='word_1_284' title='bbox 1479 3851 1529 3898; x_wconf 89' lang='lat' dir='ltr'><strong>et</strong></span> <span class='ocrx_word' id='word_1_285' title='bbox 1576 3848 1781 3899; x_wconf 85' lang='lat' dir='ltr'><strong>terram</strong></span> 
     </span>
    </p>
   </div>
   <div class='ocr_carea' id='block_1_45' title="bbox 128 3930 1775 4007">
    <p class='ocr_par' dir='ltr' id='par_1_45' title="bbox 128 3930 1775 4007">
     <span class='ocr_line' id='line_1_45' title="bbox 128 3930 1775 4007; baseline -0.004 -14"><span class='ocrx_word' id='word_1_286' title='bbox 128 3942 288 4001; x_wconf 70' lang='lat' dir='ltr'><strong>(Gen.</strong></span> <span class='ocrx_word' id='word_1_287' title='bbox 324 3954 440 4007; x_wconf 82' lang='lat' dir='ltr'><strong>xiv,</strong></span> <span class='ocrx_word' id='word_1_288' title='bbox 474 3935 586 4006; x_wconf 71' lang='grc'>19).</span> <span class='ocrx_word' id='word_1_289' title='bbox 624 3934 688 3988; x_wconf 89' lang='lat' dir='ltr'><strong>Et</strong></span> <span class='ocrx_word' id='word_1_290' title='bbox 742 3930 988 3988; x_wconf 90' lang='lat' dir='ltr'><strong>credidit</strong></span> <span class='ocrx_word' id='word_1_291' title='bbox 1037 3930 1332 3986; x_wconf 85' lang='lat' dir='ltr'><strong>Abraham</strong></span> <span class='ocrx_word' id='word_1_292' title='bbox 1376 3931 1513 3996; x_wconf 87' lang='lat' dir='ltr'><strong>Deo,</strong></span> <span class='ocrx_word' id='word_1_293' title='bbox 1552 3936 1608 3987; x_wconf 89' lang='lat' dir='ltr'><strong>et</strong></span> <span class='ocrx_word' id='word_1_294' title='bbox 1655 3932 1775 3987; x_wconf 89' lang='lat' dir='ltr'><strong>ait:</strong></span> 
     </span>
    </p>
   </div>
   <div class='ocr_carea' id='block_1_46' title="bbox 124 4021 1783 4092">
    <p class='ocr_par' dir='ltr' id='par_1_46' title="bbox 124 4021 1783 4092">
     <span class='ocr_line' id='line_1_46' title="bbox 124 4021 1783 4092; baseline -0.003 -11"><span class='ocrx_word' id='word_1_295' title='bbox 124 4026 435 4081; x_wconf 70' lang='lat' dir='ltr'><strong>Extemlam</strong></span> <span class='ocrx_word' id='word_1_296' title='bbox 480 4039 710 4078; x_wconf 86' lang='lat' dir='ltr'><strong>manum</strong></span> <span class='ocrx_word' id='word_1_297' title='bbox 771 4036 949 4076; x_wconf 80' lang='lat' dir='ltr'><strong>nicum</strong></span> <span class='ocrx_word' id='word_1_298' title='bbox 997 4021 1066 4075; x_wconf 84' lang='lat' dir='ltr'><strong>ad</strong></span> <span class='ocrx_word' id='word_1_299' title='bbox 1116 4021 1282 4075; x_wconf 85' lang='lat' dir='ltr'><strong>Deum</strong></span> <span class='ocrx_word' id='word_1_300' title='bbox 1343 4037 1639 4088; x_wconf 87' lang='lat' dir='ltr'><strong>summum,</strong></span> <span class='ocrx_word' id='word_1_301' title='bbox 1687 4022 1783 4092; x_wconf 87' lang='lat' dir='ltr'><strong>qui</strong></span> 
     </span>
    </p>
   </div>
   <div class='ocr_carea' id='block_1_47' title="bbox 126 4108 1781 4186">
    <p class='ocr_par' dir='ltr' id='par_1_47' title="bbox 126 4108 1781 4186">
     <span class='ocr_line' id='line_1_47' title="bbox 126 4108 1781 4186; baseline -0.003 -16"><span class='ocrx_word' id='word_1_302' title='bbox 126 4118 255 4186; x_wconf 78' lang='lat' dir='ltr'><strong>fecit</strong></span> <span class='ocrx_word' id='word_1_303' title='bbox 296 4114 496 4169; x_wconf 70' lang='lat' dir='ltr'><strong>caelum</strong></span> <span class='ocrx_word' id='word_1_304' title='bbox 537 4114 586 4168; x_wconf 83' lang='lat' dir='ltr'><strong>et</strong></span> <span class='ocrx_word' id='word_1_305' title='bbox 637 4119 848 4167; x_wconf 82' lang='lat' dir='ltr'><strong>terram</strong></span> <span class='ocrx_word' id='word_1_306' title='bbox 898 4108 1053 4176; x_wconf 89' lang='lat' dir='ltr'><strong>(Ibid.</strong></span> <span class='ocrx_word' id='word_1_307' title='bbox 1102 4109 1217 4181; x_wconf 81' lang='lat'><strong>22).</strong></span> <span class='ocrx_word' id='word_1_308' title='bbox 1268 4108 1441 4164; x_wconf 88' lang='lat' dir='ltr'><strong>Vides</strong></span> <span class='ocrx_word' id='word_1_309' title='bbox 1490 4108 1629 4180; x_wconf 88' lang='lat' dir='ltr'><strong>quia</strong></span> <span class='ocrx_word' id='word_1_310' title='bbox 1674 4108 1781 4165; x_wconf 87' lang='lat' dir='ltr'><strong>hoc</strong></span> 
     </span>
    </p>
   </div>
   <div class='ocr_carea' id='block_1_48' title="bbox 132 4197 1781 4266">
    <p class='ocr_par' dir='ltr' id='par_1_48' title="bbox 132 4197 1781 4266">
     <span class='ocr_line' id='line_1_48' title="bbox 132 4197 1781 4266; baseline -0.004 -6"><span class='ocrx_word' id='word_1_311' title='bbox 132 4221 244 4260; x_wconf 88' lang='lat' dir='ltr'><strong>non</strong></span> <span class='ocrx_word' id='word_1_312' title='bbox 304 4203 482 4258; x_wconf 91' lang='lat' dir='ltr'><strong>homo</strong></span> <span class='ocrx_word' id='word_1_313' title='bbox 536 4198 777 4266; x_wconf 89' lang='lat' dir='ltr'><strong>invenit,</strong></span> <span class='ocrx_word' id='word_1_314' title='bbox 832 4198 931 4254; x_wconf 90' lang='lat' dir='ltr'><strong>sed</strong></span> <span class='ocrx_word' id='word_1_315' title='bbox 983 4197 1139 4253; x_wconf 89' lang='lat' dir='ltr'><strong>Deus</strong></span> <span class='ocrx_word' id='word_1_316' title='bbox 1190 4197 1578 4253; x_wconf 88' lang='lat' dir='ltr'><strong>annuntiavit.</strong></span> <span class='ocrx_word' id='word_1_317' title='bbox 1627 4198 1781 4253; x_wconf 90' lang='lat' dir='ltr'><strong>Deus</strong></span> 
     </span>
    </p>
   </div>
   <div class='ocr_carea' id='block_1_49' title="bbox 133 4286 1781 4359">
    <p class='ocr_par' dir='ltr' id='par_1_49' title="bbox 133 4286 1781 4359">
     <span class='ocr_line' id='line_1_49' title="bbox 133 4286 1781 4359; baseline -0.005 -10"><span class='ocrx_word' id='word_1_318' title='bbox 133 4298 215 4349; x_wconf 85' lang='lat' dir='ltr'><strong>est</strong></span> <span class='ocrx_word' id='word_1_319' title='bbox 245 4291 404 4348; x_wconf 88' lang='lat' dir='ltr'><strong>enim</strong></span> <span class='ocrx_word' id='word_1_320' title='bbox 436 4286 886 4355; x_wconf 80' lang='lat' dir='ltr'><strong>Melchisedech,</strong></span> <span class='ocrx_word' id='word_1_321' title='bbox 922 4286 1023 4359; x_wconf 91' lang='lat' dir='ltr'><strong>qui</strong></span> <span class='ocrx_word' id='word_1_322' title='bbox 1054 4290 1144 4342; x_wconf 90' lang='lat' dir='ltr'><strong>est</strong></span> <span class='ocrx_word' id='word_1_323' title='bbox 1172 4303 1273 4342; x_wconf 88' lang='lat' dir='ltr'><strong>rex</strong></span> <span class='ocrx_word' id='word_1_324' title='bbox 1302 4286 1463 4358; x_wconf 89' lang='lat' dir='ltr'><strong>pacis</strong></span> <span class='ocrx_word' id='word_1_325' title='bbox 1503 4291 1560 4341; x_wconf 88' lang='lat' dir='ltr'><strong>et</strong></span> <span class='ocrx_word' id='word_1_326' title='bbox 1599 4287 1781 4359; x_wconf 90' lang='lat' dir='ltr'><strong>justi-</strong></span> 
     </span>
    </p>
   </div>
   <div class='ocr_carea' id='block_1_50' title="bbox 138 4373 1780 4448">
    <p class='ocr_par' dir='ltr' id='par_1_50' title="bbox 138 4373 1780 4448">
     <span class='ocr_line' id='line_1_50' title="bbox 138 4373 1780 4448; baseline -0.002 -13"><span class='ocrx_word' id='word_1_327' title='bbox 138 4382 246 4448; x_wconf 75' lang='lat' dir='ltr'><strong>tiae,</strong></span> <span class='ocrx_word' id='word_1_328' title='bbox 280 4396 390 4435; x_wconf 89' lang='lat' dir='ltr'><strong>nec</strong></span> <span class='ocrx_word' id='word_1_329' title='bbox 420 4378 652 4434; x_wconf 90' lang='lat' dir='ltr'><strong>initium</strong></span> <span class='ocrx_word' id='word_1_330' title='bbox 686 4377 917 4433; x_wconf 91' lang='lat' dir='ltr'><strong>dierum</strong></span> <span class='ocrx_word' id='word_1_331' title='bbox 952 4391 1140 4447; x_wconf 89' lang='lat' dir='ltr'><strong>neque</strong></span> <span class='ocrx_word' id='word_1_332' title='bbox 1171 4376 1344 4430; x_wconf 85' lang='lat' dir='ltr'><strong>tinem</strong></span> <span class='ocrx_word' id='word_1_333' title='bbox 1378 4373 1619 4431; x_wconf 86' lang='lat' dir='ltr'><strong>habens.</strong></span> <span class='ocrx_word' id='word_1_334' title='bbox 1656 4375 1780 4432; x_wconf 90' lang='lat' dir='ltr'><strong>Non</strong></span> 
     </span>
    </p>
   </div>
   <div class='ocr_carea' id='block_1_51' title="bbox 140 4463 1780 4541">
    <p class='ocr_par' dir='ltr' id='par_1_51' title="bbox 140 4463 1780 4541">
     <span class='ocr_line' id='line_1_51' title="bbox 140 4463 1780 4541; baseline -0.002 -18"><span class='ocrx_word' id='word_1_335' title='bbox 140 4470 353 4525; x_wconf 86' lang='lat' dir='ltr'><strong>mirum</strong></span> <span class='ocrx_word' id='word_1_336' title='bbox 404 4484 540 4541; x_wconf 85' lang='lat' dir='ltr'><strong>ergo</strong></span> <span class='ocrx_word' id='word_1_337' title='bbox 588 4467 639 4522; x_wconf 90' lang='lat' dir='ltr'><strong>si</strong></span> <span class='ocrx_word' id='word_1_338' title='bbox 689 4466 867 4533; x_wconf 89' lang='lat' dir='ltr'><strong>Deus,</strong></span> <span class='ocrx_word' id='word_1_339' title='bbox 898 4464 999 4536; x_wconf 91' lang='lat' dir='ltr'><strong>qui</strong></span> <span class='ocrx_word' id='word_1_340' title='bbox 1048 4467 1137 4520; x_wconf 89' lang='lat' dir='ltr'><strong>est</strong></span> <span class='ocrx_word' id='word_1_341' title='bbox 1172 4464 1299 4519; x_wconf 87' lang='lat' dir='ltr'><strong>sine</strong></span> <span class='ocrx_word' id='word_1_342' title='bbox 1327 4463 1513 4531; x_wconf 87' lang='lat' dir='ltr'><strong>initio,</strong></span> <span class='ocrx_word' id='word_1_343' title='bbox 1547 4463 1780 4519; x_wconf 90' lang='lat' dir='ltr'><strong>initium</strong></span> 
     </span>
    </p>
   </div>
   <div class='ocr_carea' id='block_1_52' title="bbox 1887 578 3527 652">
    <p class='ocr_par' dir='ltr' id='par_1_52' title="bbox 1887 578 3527 652">
     <span class='ocr_line' id='line_1_52' title="bbox 1887 578 3527 652; baseline -0.001 -19"><span class='ocrx_word' id='word_1_344' title='bbox 1887 578 1987 649; x_wconf 91' lang='lat' dir='ltr'><strong>qui</strong></span> <span class='ocrx_word' id='word_1_345' title='bbox 2034 596 2136 651; x_wconf 92' lang='lat' dir='ltr'><strong>per</strong></span> <span class='ocrx_word' id='word_1_346' title='bbox 2175 579 2515 652; x_wconf 83' lang='lat' dir='ltr'><strong>prophetam</strong></span> <span class='ocrx_word' id='word_1_347' title='bbox 2569 578 2800 635; x_wconf 81' lang='lat' dir='ltr'><strong>locutus</strong></span> <span class='ocrx_word' id='word_1_348' title='bbox 2842 579 2967 639; x_wconf 84' lang='lat' dir='ltr'><strong>ait:</strong></span> <span class='ocrx_word' id='word_1_349' title='bbox 3006 580 3137 647; x_wconf 87' lang='lat' dir='ltr'><strong>Quis</strong></span> <span class='ocrx_word' id='word_1_350' title='bbox 3191 595 3406 634; x_wconf 84' lang='lat' dir='ltr'><strong>mensus</strong></span> <span class='ocrx_word' id='word_1_351' title='bbox 3448 581 3527 635; x_wconf 87' lang='lat' dir='ltr'><strong>est</strong></span> 
     </span>
    </p>
   </div>
   <div class='ocr_carea' id='block_1_53' title="bbox 1878 669 3528 739">
    <p class='ocr_par' dir='ltr' id='par_1_53' title="bbox 1878 669 3528 739">
     <span class='ocr_line' id='line_1_53' title="bbox 1878 669 3528 739; baseline -0.001 -16"><span class='ocrx_word' id='word_1_352' title='bbox 1878 684 2050 723; x_wconf 88' lang='lat' dir='ltr'><strong>manu</strong></span> <span class='ocrx_word' id='word_1_353' title='bbox 2074 685 2294 739; x_wconf 89' lang='lat' dir='ltr'><strong>aqnam,</strong></span> <span class='ocrx_word' id='word_1_354' title='bbox 2327 672 2377 723; x_wconf 90' lang='lat' dir='ltr'><strong>et</strong></span> <span class='ocrx_word' id='word_1_355' title='bbox 2405 669 2601 723; x_wconf 65' lang='lat' dir='ltr'><strong>caelum</strong></span> <span class='ocrx_word' id='word_1_356' title='bbox 2626 670 2831 739; x_wconf 88' lang='lat' dir='ltr'><strong>palmo,</strong></span> <span class='ocrx_word' id='word_1_357' title='bbox 2865 676 2916 724; x_wconf 91' lang='lat' dir='ltr'><strong>et</strong></span> <span class='ocrx_word' id='word_1_358' title='bbox 2952 670 3267 723; x_wconf 81' lang='lat' dir='ltr'><strong>universam</strong></span> <span class='ocrx_word' id='word_1_359' title='bbox 3323 671 3528 723; x_wconf 89' lang='lat' dir='ltr'><strong>terram</strong></span> 
     </span>
    </p>
   </div>
   <div class='ocr_carea' id='block_1_54' title="bbox 1878 756 3529 828">
    <p class='ocr_par' dir='ltr' id='par_1_54' title="bbox 1878 756 3529 828">
     <span class='ocr_line' id='line_1_54' title="bbox 1878 756 3529 828; baseline 0.002 -19"><span class='ocrx_word' id='word_1_360' title='bbox 1878 756 2066 813; x_wconf 88' lang='lat' dir='ltr'><strong>clausa</strong></span> <span class='ocrx_word' id='word_1_361' title='bbox 2113 761 2319 812; x_wconf 84' lang='lat' dir='ltr'><strong>manu?</strong></span> <span class='ocrx_word' id='word_1_362' title='bbox 2348 760 2481 827; x_wconf 85' lang='lat' dir='ltr'><strong>Quis</strong></span> <span class='ocrx_word' id='word_1_363' title='bbox 2519 760 2709 813; x_wconf 79' lang='lat' dir='ltr'><strong>statuit</strong></span> <span class='ocrx_word' id='word_1_364' title='bbox 2756 762 2958 813; x_wconf 85' lang='lat' dir='ltr'><strong>montes</strong></span> <span class='ocrx_word' id='word_1_365' title='bbox 3008 759 3066 813; x_wconf 89' lang='lat' dir='ltr'><strong>in</strong></span> <span class='ocrx_word' id='word_1_366' title='bbox 3115 757 3258 812; x_wconf 83' lang='lat' dir='ltr'><strong>libra</strong></span> <span class='ocrx_word' id='word_1_367' title='bbox 3286 763 3338 812; x_wconf 86' lang='lat' dir='ltr'><strong>et</strong></span> <span class='ocrx_word' id='word_1_368' title='bbox 3366 771 3529 828; x_wconf 79' lang='lat' dir='ltr'><strong>rupes</strong></span> 
     </span>
    </p>
   </div>
   <div class='ocr_carea' id='block_1_55' title="bbox 1881 844 3528 917">
    <p class='ocr_par' dir='ltr' id='par_1_55' title="bbox 1881 844 3528 917">
     <span class='ocr_line' id='line_1_55' title="bbox 1881 844 3528 917; baseline 0 -17"><span class='ocrx_word' id='word_1_369' title='bbox 1881 846 1943 899; x_wconf 87' lang='lat' dir='ltr'><strong>in</strong></span> <span class='ocrx_word' id='word_1_370' title='bbox 1986 854 2210 912; x_wconf 83' lang='lat' dir='ltr'><strong>statera,</strong></span> <span class='ocrx_word' id='word_1_371' title='bbox 2248 855 2300 901; x_wconf 87' lang='lat' dir='ltr'><strong>et</strong></span> <span class='ocrx_word' id='word_1_372' title='bbox 2339 863 2565 903; x_wconf 81' lang='lat' dir='ltr'><strong>nemora</strong></span> <span class='ocrx_word' id='word_1_373' title='bbox 2620 848 2680 901; x_wconf 85' lang='lat' dir='ltr'><strong>in</strong></span> <span class='ocrx_word' id='word_1_374' title='bbox 2720 847 2896 917; x_wconf 83' lang='lat' dir='ltr'><strong>jugo?</strong></span> <span class='ocrx_word' id='word_1_375' title='bbox 2941 847 3070 915; x_wconf 85' lang='lat' dir='ltr'><strong>Quis</strong></span> <span class='ocrx_word' id='word_1_376' title='bbox 3117 844 3361 916; x_wconf 82' lang='lat' dir='ltr'><strong>cognovit</strong></span> <span class='ocrx_word' id='word_1_377' title='bbox 3402 861 3528 901; x_wconf 85' lang='lat' dir='ltr'><strong>sen-</strong></span> 
     </span>
    </p>
   </div>
   <div class='ocr_carea' id='block_1_56' title="bbox 1879 935 3528 1007">
    <p class='ocr_par' dir='ltr' id='par_1_56' title="bbox 1879 935 3528 1007">
     <span class='ocr_line' id='line_1_56' title="bbox 1879 935 3528 1007; baseline 0.001 -18"><span class='ocrx_word' id='word_1_378' title='bbox 1879 950 2003 990; x_wconf 86' lang='lat' dir='ltr'><strong>sum</strong></span> <span class='ocrx_word' id='word_1_379' title='bbox 2031 936 2272 1005; x_wconf 87' lang='lat' dir='ltr'><strong>Domini,</strong></span> <span class='ocrx_word' id='word_1_380' title='bbox 2296 944 2394 991; x_wconf 88' lang='lat' dir='ltr'><strong>aut</strong></span> <span class='ocrx_word' id='word_1_381' title='bbox 2420 938 2543 1007; x_wconf 87' lang='lat' dir='ltr'><strong>quis</strong></span> <span class='ocrx_word' id='word_1_382' title='bbox 2574 937 2691 1007; x_wconf 84' lang='lat' dir='ltr'><strong>ejus</strong></span> <span class='ocrx_word' id='word_1_383' title='bbox 2738 937 3093 991; x_wconf 84' lang='lat' dir='ltr'><strong>consiliarius</strong></span> <span class='ocrx_word' id='word_1_384' title='bbox 3127 937 3256 1005; x_wconf 83' lang='lat' dir='ltr'><strong>fuit,</strong></span> <span class='ocrx_word' id='word_1_385' title='bbox 3288 935 3373 991; x_wconf 87' lang='lat' dir='ltr'><strong>vel</strong></span> <span class='ocrx_word' id='word_1_386' title='bbox 3405 936 3528 1006; x_wconf 88' lang='lat' dir='ltr'><strong>quis</strong></span> 
     </span>
    </p>
   </div>
   <div class='ocr_carea' id='block_1_57' title="bbox 1882 1022 3527 1095">
    <p class='ocr_par' dir='ltr' id='par_1_57' title="bbox 1882 1022 3527 1095">
     <span class='ocr_line' id='line_1_57' title="bbox 1882 1022 3527 1095; baseline 0.002 -18"><span class='ocrx_word' id='word_1_387' title='bbox 1882 1024 2146 1078; x_wconf 72' lang='lat' dir='ltr'><strong>instruxit</strong></span> <span class='ocrx_word' id='word_1_388' title='bbox 2174 1041 2299 1079; x_wconf 90' lang='lat' dir='ltr'><strong>eum</strong></span> <span class='ocrx_word' id='word_1_389' title='bbox 2327 1024 2456 1093; x_wconf 84' lang='lat' dir='ltr'><strong>(Isa.</strong></span> <span class='ocrx_word' id='word_1_390' title='bbox 2481 1042 2570 1089; x_wconf 69' lang='lat' dir='ltr'><strong>xc,</strong></span> <span class='ocrx_word' id='word_1_391' title='bbox 2605 1024 2692 1092; x_wconf 77' lang='lat'><strong>12,</strong></span> <span class='ocrx_word' id='word_1_392' title='bbox 2733 1025 2854 1093; x_wconf 78' lang='lat' dir='ltr'><strong>l3)?</strong></span> <span class='ocrx_word' id='word_1_393' title='bbox 2886 1025 2964 1079; x_wconf 86' lang='lat' dir='ltr'><strong>De</strong></span> <span class='ocrx_word' id='word_1_394' title='bbox 3009 1041 3123 1095; x_wconf 91' lang='lat' dir='ltr'><strong>quo</strong></span> <span class='ocrx_word' id='word_1_395' title='bbox 3174 1024 3348 1079; x_wconf 90' lang='lat' dir='ltr'><strong>etiam</strong></span> <span class='ocrx_word' id='word_1_396' title='bbox 3387 1022 3527 1080; x_wconf 88' lang='lat' dir='ltr'><strong>alibi</strong></span> 
     </span>
    </p>
   </div>
   <div class='ocr_carea' id='block_1_58' title="bbox 1880 1110 3526 1183">
    <p class='ocr_par' dir='ltr' id='par_1_58' title="bbox 1880 1110 3526 1183">
     <span class='ocr_line' id='line_1_58' title="bbox 1880 1110 3526 1183; baseline 0 -16"><span class='ocrx_word' id='word_1_397' title='bbox 1880 1112 2133 1183; x_wconf 84' lang='lat' dir='ltr'><strong>legimus</strong></span> <span class='ocrx_word' id='word_1_398' title='bbox 2169 1130 2181 1167; x_wconf 89' lang='lat'>:</span> <span class='ocrx_word' id='word_1_399' title='bbox 2216 1113 2362 1178; x_wconf 89' lang='lat' dir='ltr'><strong>Quia</strong></span> <span class='ocrx_word' id='word_1_400' title='bbox 2407 1118 2566 1169; x_wconf 86' lang='lat' dir='ltr'><strong>tenet</strong></span> <span class='ocrx_word' id='word_1_401' title='bbox 2608 1114 2920 1169; x_wconf 87' lang='lat' dir='ltr'><strong>circuitum</strong></span> <span class='ocrx_word' id='word_1_402' title='bbox 2973 1118 3157 1180; x_wconf 59' lang='lat' dir='ltr'><strong>terra),</strong></span> <span class='ocrx_word' id='word_1_403' title='bbox 3208 1116 3266 1169; x_wconf 91' lang='lat' dir='ltr'><strong>et</strong></span> <span class='ocrx_word' id='word_1_404' title='bbox 3314 1110 3526 1168; x_wconf 75' lang='lat' dir='ltr'><strong>cmlum</strong></span> 
     </span>
    </p>
   </div>
   <div class='ocr_carea' id='block_1_59' title="bbox 1882 1198 3524 1273">
    <p class='ocr_par' dir='ltr' id='par_1_59' title="bbox 1882 1198 3524 1273">
     <span class='ocr_line' id='line_1_59' title="bbox 1882 1198 3524 1273; baseline 0.002 -19"><span class='ocrx_word' id='word_1_405' title='bbox 1882 1198 2039 1255; x_wconf 89' lang='lat' dir='ltr'><strong>velut</strong></span> <span class='ocrx_word' id='word_1_406' title='bbox 2069 1200 2317 1255; x_wconf 88' lang='lat' dir='ltr'><strong>nihilum</strong></span> <span class='ocrx_word' id='word_1_407' title='bbox 2362 1202 2498 1257; x_wconf 80' lang='lat' dir='ltr'><strong>fecit</strong></span> <span class='ocrx_word' id='word_1_408' title='bbox 2527 1202 2652 1273; x_wconf 88' lang='lat' dir='ltr'><strong>(Isa.</strong></span> <span class='ocrx_word' id='word_1_409' title='bbox 2686 1219 2775 1269; x_wconf 76' lang='lat' dir='ltr'><strong>XL,</strong></span> <span class='ocrx_word' id='word_1_410' title='bbox 2809 1202 2919 1272; x_wconf 87' lang='grc'>22).</span> <span class='ocrx_word' id='word_1_411' title='bbox 2956 1202 3022 1256; x_wconf 86' lang='lat' dir='ltr'><strong>Et</strong></span> <span class='ocrx_word' id='word_1_412' title='bbox 3066 1200 3350 1256; x_wconf 88' lang='lat' dir='ltr'><strong>Jeremias</strong></span> <span class='ocrx_word' id='word_1_413' title='bbox 3398 1200 3479 1256; x_wconf 90' lang='lat' dir='ltr'><strong>ait</strong></span> <span class='ocrx_word' id='word_1_414' title='bbox 3511 1218 3524 1257; x_wconf 91' lang='lat'>:</span> 
     </span>
    </p>
   </div>
   <div class='ocr_carea' id='block_1_60' title="bbox 1882 1290 3528 1361">
    <p class='ocr_par' dir='ltr' id='par_1_60' title="bbox 1882 1290 3528 1361">
     <span class='ocr_line' id='line_1_60' title="bbox 1882 1290 3528 1361; baseline 0 -17"><span class='ocrx_word' id='word_1_415' title='bbox 1882 1290 1975 1344; x_wconf 89' lang='lat' dir='ltr'><strong>Dii</strong></span> <span class='ocrx_word' id='word_1_416' title='bbox 2017 1291 2116 1360; x_wconf 86' lang='lat' dir='ltr'><strong>qui</strong></span> <span class='ocrx_word' id='word_1_417' title='bbox 2160 1306 2270 1345; x_wconf 87' lang='lat' dir='ltr'><strong>non</strong></span> <span class='ocrx_word' id='word_1_418' title='bbox 2314 1292 2561 1360; x_wconf 74' lang='lat' dir='ltr'><strong>fecerunt</strong></span> <span class='ocrx_word' id='word_1_419' title='bbox 2610 1291 2809 1347; x_wconf 70' lang='lat' dir='ltr'><strong>cretum</strong></span> <span class='ocrx_word' id='word_1_420' title='bbox 2854 1294 2904 1345; x_wconf 86' lang='lat' dir='ltr'><strong>et</strong></span> <span class='ocrx_word' id='word_1_421' title='bbox 2951 1299 3175 1356; x_wconf 82' lang='lat' dir='ltr'><strong>terram,</strong></span> <span class='ocrx_word' id='word_1_422' title='bbox 3204 1290 3467 1361; x_wconf 86' lang='lat' dir='ltr'><strong>peribunt</strong></span> <span class='ocrx_word' id='word_1_423' title='bbox 3491 1305 3528 1344; x_wconf 92' lang='lat' dir='ltr'><strong>a</strong></span> 
     </span>
    </p>
   </div>
   <div class='ocr_carea' id='block_1_61' title="bbox 1882 1377 3524 1449">
    <p class='ocr_par' dir='ltr' id='par_1_61' title="bbox 1882 1377 3524 1449">
     <span class='ocr_line' id='line_1_61' title="bbox 1882 1377 3524 1449; baseline 0.001 -17"><span class='ocrx_word' id='word_1_424' title='bbox 1882 1385 2050 1443; x_wconf 83' lang='lat' dir='ltr'><strong>term,</strong></span> <span class='ocrx_word' id='word_1_425' title='bbox 2080 1382 2130 1434; x_wconf 83' lang='lat' dir='ltr'><strong>et</strong></span> <span class='ocrx_word' id='word_1_426' title='bbox 2171 1377 2237 1433; x_wconf 84' lang='lat' dir='ltr'><strong>de</strong></span> <span class='ocrx_word' id='word_1_427' title='bbox 2288 1380 2386 1433; x_wconf 85' lang='lat' dir='ltr'><strong>sub</strong></span> <span class='ocrx_word' id='word_1_428' title='bbox 2442 1380 2572 1434; x_wconf 78' lang='lat' dir='ltr'><strong>arto</strong></span> <span class='ocrx_word' id='word_1_429' title='bbox 2624 1381 2745 1434; x_wconf 88' lang='lat' dir='ltr'><strong>isto.</strong></span> <span class='ocrx_word' id='word_1_430' title='bbox 2779 1379 3039 1434; x_wconf 85' lang='lat' dir='ltr'><strong>Dominus</strong></span> <span class='ocrx_word' id='word_1_431' title='bbox 3096 1380 3193 1449; x_wconf 85' lang='lat' dir='ltr'><strong>qui</strong></span> <span class='ocrx_word' id='word_1_432' title='bbox 3243 1380 3372 1448; x_wconf 83' lang='lat' dir='ltr'><strong>fecit</strong></span> <span class='ocrx_word' id='word_1_433' title='bbox 3419 1385 3524 1433; x_wconf 86' lang='lat' dir='ltr'><strong>ter-</strong></span> 
     </span>
    </p>
   </div>
   <div class='ocr_carea' id='block_1_62' title="bbox 1881 1466 3526 1538">
    <p class='ocr_par' dir='ltr' id='par_1_62' title="bbox 1881 1466 3526 1538">
     <span class='ocr_line' id='line_1_62' title="bbox 1881 1466 3526 1538; baseline 0.001 -18"><span class='ocrx_word' id='word_1_434' title='bbox 1881 1482 2006 1520; x_wconf 88' lang='lat' dir='ltr'><strong>ram</strong></span> <span class='ocrx_word' id='word_1_435' title='bbox 2050 1468 2109 1521; x_wconf 87' lang='lat' dir='ltr'><strong>in</strong></span> <span class='ocrx_word' id='word_1_436' title='bbox 2156 1466 2355 1522; x_wconf 84' lang='lat' dir='ltr'><strong>virtute</strong></span> <span class='ocrx_word' id='word_1_437' title='bbox 2398 1483 2519 1534; x_wconf 89' lang='lat' dir='ltr'><strong>sua,</strong></span> <span class='ocrx_word' id='word_1_438' title='bbox 2572 1471 2625 1522; x_wconf 88' lang='lat' dir='ltr'><strong>et</strong></span> <span class='ocrx_word' id='word_1_439' title='bbox 2689 1469 2927 1524; x_wconf 68' lang='lat' dir='ltr'><strong>correxit</strong></span> <span class='ocrx_word' id='word_1_440' title='bbox 2982 1468 3041 1521; x_wconf 89' lang='lat' dir='ltr'><strong>in</strong></span> <span class='ocrx_word' id='word_1_441' title='bbox 3090 1469 3367 1538; x_wconf 85' lang='lat' dir='ltr'><strong>sapientia</strong></span> <span class='ocrx_word' id='word_1_442' title='bbox 3424 1483 3526 1522; x_wconf 88' lang='lat' dir='ltr'><strong>sua</strong></span> 
     </span>
    </p>
   </div>
   <div class='ocr_carea' id='block_1_63' title="bbox 1880 1554 3527 1626">
    <p class='ocr_par' dir='ltr' id='par_1_63' title="bbox 1880 1554 3527 1626">
     <span class='ocr_line' id='line_1_63' title="bbox 1880 1554 3527 1626; baseline 0.002 -18"><span class='ocrx_word' id='word_1_443' title='bbox 1880 1554 2088 1620; x_wconf 75' lang='lat' dir='ltr'><strong>orbem,</strong></span> <span class='ocrx_word' id='word_1_444' title='bbox 2152 1558 2203 1609; x_wconf 86' lang='lat' dir='ltr'><strong>et</strong></span> <span class='ocrx_word' id='word_1_445' title='bbox 2263 1556 2322 1610; x_wconf 89' lang='lat' dir='ltr'><strong>in</strong></span> <span class='ocrx_word' id='word_1_446' title='bbox 2379 1572 2481 1609; x_wconf 87' lang='lat' dir='ltr'><strong>sua</strong></span> <span class='ocrx_word' id='word_1_447' title='bbox 2536 1555 2834 1626; x_wconf 78' lang='lat' dir='ltr'><strong>prudentia</strong></span> <span class='ocrx_word' id='word_1_448' title='bbox 2901 1554 3144 1611; x_wconf 70' lang='lat' dir='ltr'><strong>ecctcndil</strong></span> <span class='ocrx_word' id='word_1_449' title='bbox 3204 1556 3422 1626; x_wconf 65' lang='lat' dir='ltr'><strong>cretum,</strong></span> <span class='ocrx_word' id='word_1_450' title='bbox 3476 1559 3527 1611; x_wconf 84' lang='lat' dir='ltr'><strong>et</strong></span> 
     </span>
    </p>
   </div>
   <div class='ocr_carea' id='block_1_64' title="bbox 1882 1643 3530 1715">
    <p class='ocr_par' dir='ltr' id='par_1_64' title="bbox 1882 1643 3530 1715">
     <span class='ocr_line' id='line_1_64' title="bbox 1882 1643 3530 1715; baseline 0.001 -18"><span class='ocrx_word' id='word_1_451' title='bbox 1882 1643 2295 1698; x_wconf 82' lang='lat' dir='ltr'><strong>multitudinem</strong></span> <span class='ocrx_word' id='word_1_452' title='bbox 2352 1661 2506 1715; x_wconf 65' lang='lat' dir='ltr'><strong>aqua:</strong></span> <span class='ocrx_word' id='word_1_453' title='bbox 2565 1645 2619 1698; x_wconf 84' lang='lat' dir='ltr'><strong>in</strong></span> <span class='ocrx_word' id='word_1_454' title='bbox 2670 1644 2797 1699; x_wconf 78' lang='lat' dir='ltr'><strong>cazlo</strong></span> <span class='ocrx_word' id='word_1_455' title='bbox 2852 1644 3069 1713; x_wconf 82' lang='lat' dir='ltr'><strong>(Jerem.</strong></span> <span class='ocrx_word' id='word_1_456' title='bbox 3127 1643 3425 1715; x_wconf 85' lang='lat' dir='ltr'><strong>x.11-13).</strong></span> <span class='ocrx_word' id='word_1_457' title='bbox 3459 1643 3530 1699; x_wconf 91' lang='lat' dir='ltr'><strong>Et</strong></span> 
     </span>
    </p>
   </div>
   <div class='ocr_carea' id='block_1_65' title="bbox 1883 1731 3525 1805">
    <p class='ocr_par' dir='ltr' id='par_1_65' title="bbox 1883 1731 3525 1805">
     <span class='ocr_line' id='line_1_65' title="bbox 1883 1731 3525 1805; baseline 0.001 -19"><span class='ocrx_word' id='word_1_458' title='bbox 1883 1731 2109 1786; x_wconf 86' lang='lat' dir='ltr'><strong>addidit</strong></span> <span class='ocrx_word' id='word_1_459' title='bbox 2142 1750 2155 1787; x_wconf 88' lang='lat'><strong>:</strong></span> <span class='ocrx_word' id='word_1_460' title='bbox 2188 1733 2504 1803; x_wconf 86' lang='lat' dir='ltr'><strong>Infatuatus</strong></span> <span class='ocrx_word' id='word_1_461' title='bbox 2550 1736 2627 1787; x_wconf 88' lang='lat' dir='ltr'><strong>est</strong></span> <span class='ocrx_word' id='word_1_462' title='bbox 2683 1734 2839 1787; x_wconf 89' lang='lat' dir='ltr'><strong>homo</strong></span> <span class='ocrx_word' id='word_1_463' title='bbox 2875 1749 2910 1787; x_wconf 91' lang='lat' dir='ltr'><strong>a</strong></span> <span class='ocrx_word' id='word_1_464' title='bbox 2950 1734 3179 1788; x_wconf 87' lang='lat' dir='ltr'><strong>scientia</strong></span> <span class='ocrx_word' id='word_1_465' title='bbox 3232 1749 3335 1788; x_wconf 88' lang='lat' dir='ltr'><strong>sua</strong></span> <span class='ocrx_word' id='word_1_466' title='bbox 3364 1732 3525 1805; x_wconf 83' lang='lat' dir='ltr'><strong>(Ibid.</strong></span> 
     </span>
    </p>
   </div>
   <div class='ocr_carea' id='block_1_66' title="bbox 1883 1819 3530 1893">
    <p class='ocr_par' dir='ltr' id='par_1_66' title="bbox 1883 1819 3530 1893">
     <span class='ocr_line' id='line_1_66' title="bbox 1883 1819 3530 1893; baseline 0.001 -17"><span class='ocrx_word' id='word_1_467' title='bbox 1883 1820 1994 1891; x_wconf 83' lang='grc'>14).</span> <span class='ocrx_word' id='word_1_468' title='bbox 2027 1820 2134 1883; x_wconf 87' lang='lat' dir='ltr'><strong>Qui</strong></span> <span class='ocrx_word' id='word_1_469' title='bbox 2165 1821 2320 1876; x_wconf 90' lang='lat' dir='ltr'><strong>enim</strong></span> <span class='ocrx_word' id='word_1_470' title='bbox 2354 1819 2763 1893; x_wconf 90' lang='lat' dir='ltr'><strong>corruptibilia</strong></span> <span class='ocrx_word' id='word_1_471' title='bbox 2794 1821 2998 1877; x_wconf 90' lang='lat' dir='ltr'><strong>mundi</strong></span> <span class='ocrx_word' id='word_1_472' title='bbox 3056 1821 3342 1893; x_wconf 87' lang='lat' dir='ltr'><strong>sequitur,</strong></span> <span class='ocrx_word' id='word_1_473' title='bbox 3376 1825 3433 1877; x_wconf 90' lang='lat' dir='ltr'><strong>et</strong></span> <span class='ocrx_word' id='word_1_474' title='bbox 3460 1838 3530 1877; x_wconf 89' lang='lat' dir='ltr'><strong>ex</strong></span> 
     </span>
    </p>
   </div>
   <div class='ocr_carea' id='block_1_67' title="bbox 1883 1905 3529 1982">
    <p class='ocr_par' dir='ltr' id='par_1_67' title="bbox 1883 1905 3529 1982">
     <span class='ocr_line' id='line_1_67' title="bbox 1883 1905 3529 1982; baseline 0.004 -22"><span class='ocrx_word' id='word_1_475' title='bbox 1883 1905 1976 1961; x_wconf 89' lang='lat' dir='ltr'><strong>his</strong></span> <span class='ocrx_word' id='word_1_476' title='bbox 2008 1911 2173 1978; x_wconf 89' lang='lat' dir='ltr'><strong>putat</strong></span> <span class='ocrx_word' id='word_1_477' title='bbox 2201 1908 2356 1979; x_wconf 89' lang='lat' dir='ltr'><strong>quod</strong></span> <span class='ocrx_word' id='word_1_478' title='bbox 2388 1907 2592 1963; x_wconf 72' lang='lat' dir='ltr'><strong>divina:</strong></span> <span class='ocrx_word' id='word_1_479' title='bbox 2632 1908 2818 1980; x_wconf 89' lang='lat' dir='ltr'><strong>possit</strong></span> <span class='ocrx_word' id='word_1_480' title='bbox 2870 1914 3089 1965; x_wconf 68' lang='lat' dir='ltr'><strong>natura:</strong></span> <span class='ocrx_word' id='word_1_481' title='bbox 3148 1908 3529 1982; x_wconf 86' lang='lat' dir='ltr'><strong>comprehen-</strong></span> 
     </span>
    </p>
   </div>
   <div class='ocr_carea' id='block_1_68' title="bbox 1882 1995 3528 2069">
    <p class='ocr_par' dir='ltr' id='par_1_68' title="bbox 1882 1995 3528 2069">
     <span class='ocr_line' id='line_1_68' title="bbox 1882 1995 3528 2069; baseline 0.004 -20"><span class='ocrx_word' id='word_1_482' title='bbox 1882 1995 2018 2050; x_wconf 90' lang='lat' dir='ltr'><strong>dere</strong></span> <span class='ocrx_word' id='word_1_483' title='bbox 2047 1995 2370 2062; x_wconf 89' lang='lat' dir='ltr'><strong>veritatem,</strong></span> <span class='ocrx_word' id='word_1_484' title='bbox 2405 1997 2696 2069; x_wconf 89' lang='lat' dir='ltr'><strong>quomodo</strong></span> <span class='ocrx_word' id='word_1_485' title='bbox 2745 2014 2859 2053; x_wconf 92' lang='lat' dir='ltr'><strong>non</strong></span> <span class='ocrx_word' id='word_1_486' title='bbox 2916 1997 3239 2054; x_wconf 85' lang='lat' dir='ltr'><strong>infatuatur</strong></span> <span class='ocrx_word' id='word_1_487' title='bbox 3285 2002 3528 2056; x_wconf 65' lang='lat' dir='ltr'><strong>versuta)</strong></span> 
     </span>
    </p>
   </div>
   <div class='ocr_carea' id='block_1_69' title="bbox 1881 2083 2592 2155">
    <p class='ocr_par' dir='ltr' id='par_1_69' title="bbox 1881 2083 2592 2155">
     <span class='ocr_line' id='line_1_69' title="bbox 1881 2083 2592 2155; baseline 0.003 -17"><span class='ocrx_word' id='word_1_488' title='bbox 1881 2083 2298 2155; x_wconf 88' lang='lat' dir='ltr'><strong>disputationis</strong></span> <span class='ocrx_word' id='word_1_489' title='bbox 2329 2085 2592 2141; x_wconf 78' lang='lat' dir='ltr'><strong>astutia?</strong></span> 
     </span>
    </p>
   </div>
   <div class='ocr_carea' id='block_1_70' title="bbox 1959 2200 3525 2275">
    <p class='ocr_par' dir='ltr' id='par_1_70' title="bbox 1959 2200 3525 2275">
     <span class='ocr_line' id='line_1_70' title="bbox 1959 2200 3525 2275; baseline 0.003 -21"><span class='ocrx_word' id='word_1_490' title='bbox 1959 2200 2041 2254; x_wconf 89' lang='grc'><strong>10.</strong></span> <span class='ocrx_word' id='word_1_491' title='bbox 2075 2204 2218 2255; x_wconf 92' lang='lat' dir='ltr'><strong>Cum</strong></span> <span class='ocrx_word' id='word_1_492' title='bbox 2247 2216 2382 2272; x_wconf 82' lang='lat' dir='ltr'><strong>ergo</strong></span> <span class='ocrx_word' id='word_1_493' title='bbox 2414 2204 2500 2255; x_wconf 91' lang='lat' dir='ltr'><strong>tot</strong></span> <span class='ocrx_word' id='word_1_494' title='bbox 2532 2200 2766 2257; x_wconf 88' lang='lat' dir='ltr'><strong>oracula</strong></span> <span class='ocrx_word' id='word_1_495' title='bbox 2799 2203 3023 2270; x_wconf 87' lang='lat' dir='ltr'><strong>audias,</strong></span> <span class='ocrx_word' id='word_1_496' title='bbox 3057 2204 3272 2275; x_wconf 90' lang='lat' dir='ltr'><strong>quibus</strong></span> <span class='ocrx_word' id='word_1_497' title='bbox 3320 2203 3525 2259; x_wconf 77' lang='lat' dir='ltr'><strong>testifi-</strong></span> 
     </span>
    </p>
   </div>
   <div class='ocr_carea' id='block_1_71' title="bbox 1881 2287 3526 2360">
    <p class='ocr_par' dir='ltr' id='par_1_71' title="bbox 1881 2287 3526 2360">
     <span class='ocr_line' id='line_1_71' title="bbox 1881 2287 3526 2360; baseline 0.004 -17"><span class='ocrx_word' id='word_1_498' title='bbox 1881 2292 2045 2343; x_wconf 89' lang='lat' dir='ltr'><strong>catur</strong></span> <span class='ocrx_word' id='word_1_499' title='bbox 2072 2287 2227 2345; x_wconf 90' lang='lat' dir='ltr'><strong>Deus</strong></span> <span class='ocrx_word' id='word_1_500' title='bbox 2258 2289 2414 2360; x_wconf 89' lang='lat' dir='ltr'><strong>quod</strong></span> <span class='ocrx_word' id='word_1_501' title='bbox 2460 2289 2662 2345; x_wconf 84' lang='lat' dir='ltr'><strong>fecerit</strong></span> <span class='ocrx_word' id='word_1_502' title='bbox 2709 2291 3020 2359; x_wconf 90' lang='lat' dir='ltr'><strong>mundum,</strong></span> <span class='ocrx_word' id='word_1_503' title='bbox 3053 2291 3171 2348; x_wconf 89' lang='lat' dir='ltr'><strong>noli</strong></span> <span class='ocrx_word' id='word_1_504' title='bbox 3214 2309 3348 2349; x_wconf 91' lang='lat' dir='ltr'><strong>eum</strong></span> <span class='ocrx_word' id='word_1_505' title='bbox 3400 2292 3526 2349; x_wconf 91' lang='lat' dir='ltr'><strong>sine</strong></span> 
     </span>
    </p>
   </div>
   <div class='ocr_carea' id='block_1_72' title="bbox 1883 2375 3528 2452">
    <p class='ocr_par' dir='ltr' id='par_1_72' title="bbox 1883 2375 3528 2452">
     <span class='ocr_line' id='line_1_72' title="bbox 1883 2375 3528 2452; baseline 0.004 -22"><span class='ocrx_word' id='word_1_506' title='bbox 1883 2375 2165 2448; x_wconf 91' lang='lat' dir='ltr'><strong>principio</strong></span> <span class='ocrx_word' id='word_1_507' title='bbox 2195 2392 2324 2433; x_wconf 88' lang='lat' dir='ltr'><strong>esse</strong></span> <span class='ocrx_word' id='word_1_508' title='bbox 2354 2378 2585 2433; x_wconf 83' lang='lat' dir='ltr'><strong>credere</strong></span> <span class='ocrx_word' id='word_1_509' title='bbox 2612 2379 2780 2450; x_wconf 90' lang='lat' dir='ltr'><strong>;quia</strong></span> <span class='ocrx_word' id='word_1_510' title='bbox 2809 2380 2978 2451; x_wconf 89' lang='lat' dir='ltr'><strong>quasi</strong></span> <span class='ocrx_word' id='word_1_511' title='bbox 3011 2380 3239 2452; x_wconf 80' lang='lat' dir='ltr'><strong>sphaera</strong></span> <span class='ocrx_word' id='word_1_512' title='bbox 3269 2381 3528 2436; x_wconf 89' lang='lat' dir='ltr'><strong>mundus</strong></span> 
     </span>
    </p>
   </div>
   <div class='ocr_carea' id='block_1_73' title="bbox 1881 2465 3528 2539">
    <p class='ocr_par' dir='ltr' id='par_1_73' title="bbox 1881 2465 3528 2539">
     <span class='ocr_line' id='line_1_73' title="bbox 1881 2465 3528 2539; baseline 0.003 -19"><span class='ocrx_word' id='word_1_513' title='bbox 1881 2480 2004 2520; x_wconf 74' lang='lat' dir='ltr'><strong>esse</strong></span> <span class='ocrx_word' id='word_1_514' title='bbox 2035 2465 2281 2532; x_wconf 86' lang='lat' dir='ltr'><strong>dicatur,</strong></span> <span class='ocrx_word' id='word_1_515' title='bbox 2317 2470 2383 2520; x_wconf 91' lang='lat' dir='ltr'><strong>ut</strong></span> <span class='ocrx_word' id='word_1_516' title='bbox 2411 2466 2764 2537; x_wconf 89' lang='lat' dir='ltr'><strong>principium</strong></span> <span class='ocrx_word' id='word_1_517' title='bbox 2805 2468 2931 2539; x_wconf 85' lang='lat' dir='ltr'><strong>ejus</strong></span> <span class='ocrx_word' id='word_1_518' title='bbox 2984 2468 3214 2525; x_wconf 89' lang='lat' dir='ltr'><strong>nullum</strong></span> <span class='ocrx_word' id='word_1_519' title='bbox 3263 2469 3528 2526; x_wconf 87' lang='lat' dir='ltr'><strong>videatur</strong></span> 
     </span>
    </p>
   </div>
   <div class='ocr_carea' id='block_1_74' title="bbox 1882 2552 3528 2625">
    <p class='ocr_par' dir='ltr' id='par_1_74' title="bbox 1882 2552 3528 2625">
     <span class='ocr_line' id='line_1_74' title="bbox 1882 2552 3528 2625; baseline 0.002 -17"><span class='ocrx_word' id='word_1_520' title='bbox 1882 2558 2145 2616; x_wconf 87' lang='lat' dir='ltr'><strong>exstare;</strong></span> <span class='ocrx_word' id='word_1_521' title='bbox 2179 2556 2236 2607; x_wconf 89' lang='lat' dir='ltr'><strong>et</strong></span> <span class='ocrx_word' id='word_1_522' title='bbox 2285 2569 2420 2607; x_wconf 89' lang='lat' dir='ltr'><strong>cum</strong></span> <span class='ocrx_word' id='word_1_523' title='bbox 2467 2552 2713 2619; x_wconf 89' lang='lat' dir='ltr'><strong>intonat,</strong></span> <span class='ocrx_word' id='word_1_524' title='bbox 2747 2555 2912 2625; x_wconf 90' lang='lat' dir='ltr'><strong>quasi</strong></span> <span class='ocrx_word' id='word_1_525' title='bbox 2946 2556 3003 2611; x_wconf 92' lang='lat' dir='ltr'><strong>in</strong></span> <span class='ocrx_word' id='word_1_526' title='bbox 3036 2555 3281 2611; x_wconf 89' lang='lat' dir='ltr'><strong>circuitu</strong></span> <span class='ocrx_word' id='word_1_527' title='bbox 3326 2556 3528 2612; x_wconf 89' lang='lat' dir='ltr'><strong>omnia</strong></span> 
     </span>
    </p>
   </div>
   <div class='ocr_carea' id='block_1_75' title="bbox 1880 2642 3525 2715">
    <p class='ocr_par' dir='ltr' id='par_1_75' title="bbox 1880 2642 3525 2715">
     <span class='ocr_line' id='line_1_75' title="bbox 1880 2642 3525 2715; baseline 0.003 -20"><span class='ocrx_word' id='word_1_528' title='bbox 1880 2646 2338 2709; x_wconf 86' lang='lat' dir='ltr'><strong>commoventur,</strong></span> <span class='ocrx_word' id='word_1_529' title='bbox 2372 2645 2437 2696; x_wconf 93' lang='lat' dir='ltr'><strong>ut</strong></span> <span class='ocrx_word' id='word_1_530' title='bbox 2461 2642 2595 2697; x_wconf 91' lang='lat' dir='ltr'><strong>inde</strong></span> <span class='ocrx_word' id='word_1_531' title='bbox 2625 2642 2929 2715; x_wconf 76' lang='lat' dir='ltr'><strong>incipiant,</strong></span> <span class='ocrx_word' id='word_1_532' title='bbox 2964 2642 3062 2698; x_wconf 91' lang='lat' dir='ltr'><strong>ubi</strong></span> <span class='ocrx_word' id='word_1_533' title='bbox 3105 2645 3379 2700; x_wconf 87' lang='lat' dir='ltr'><strong>desinant</strong></span> <span class='ocrx_word' id='word_1_534' title='bbox 3408 2661 3525 2700; x_wconf 90' lang='lat' dir='ltr'><strong>non</strong></span> 
     </span>
    </p>
   </div>
   <div class='ocr_carea' id='block_1_76' title="bbox 1879 2730 3525 2806">
    <p class='ocr_par' dir='ltr' id='par_1_76' title="bbox 1879 2730 3525 2806">
     <span class='ocr_line' id='line_1_76' title="bbox 1879 2730 3525 2806; baseline 0.002 -20"><span class='ocrx_word' id='word_1_535' title='bbox 1879 2730 2048 2786; x_wconf 86' lang='lat' dir='ltr'><strong>facile</strong></span> <span class='ocrx_word' id='word_1_536' title='bbox 2095 2730 2604 2802; x_wconf 84' lang='lat' dir='ltr'><strong>comprehendas:</strong></span> <span class='ocrx_word' id='word_1_537' title='bbox 2651 2731 2791 2803; x_wconf 87' lang='lat' dir='ltr'><strong>quia</strong></span> <span class='ocrx_word' id='word_1_538' title='bbox 2839 2732 3120 2788; x_wconf 89' lang='lat' dir='ltr'><strong>circuitus</strong></span> <span class='ocrx_word' id='word_1_539' title='bbox 3172 2733 3525 2806; x_wconf 87' lang='lat' dir='ltr'><strong>principium</strong></span> 
     </span>
    </p>
   </div>
   <div class='ocr_carea' id='block_1_77' title="bbox 1877 2818 3525 2893">
    <p class='ocr_par' dir='ltr' id='par_1_77' title="bbox 1877 2818 3525 2893">
     <span class='ocr_line' id='line_1_77' title="bbox 1877 2818 3525 2893; baseline 0.003 -20"><span class='ocrx_word' id='word_1_540' title='bbox 1877 2835 2055 2874; x_wconf 89' lang='lat' dir='ltr'><strong>sensu</strong></span> <span class='ocrx_word' id='word_1_541' title='bbox 2113 2818 2386 2891; x_wconf 87' lang='lat' dir='ltr'><strong>colligere</strong></span> <span class='ocrx_word' id='word_1_542' title='bbox 2441 2820 2807 2892; x_wconf 89' lang='lat' dir='ltr'><strong>impossibile</strong></span> <span class='ocrx_word' id='word_1_543' title='bbox 2839 2820 3105 2876; x_wconf 89' lang='lat' dir='ltr'><strong>habetur.</strong></span> <span class='ocrx_word' id='word_1_544' title='bbox 3139 2822 3337 2893; x_wconf 90' lang='lat' dir='ltr'><strong>Neque</strong></span> <span class='ocrx_word' id='word_1_545' title='bbox 3367 2822 3525 2878; x_wconf 90' lang='lat' dir='ltr'><strong>enim</strong></span> 
     </span>
    </p>
   </div>
   <div class='ocr_carea' id='block_1_78' title="bbox 1879 2907 3530 2985">
    <p class='ocr_par' dir='ltr' id='par_1_78' title="bbox 1879 2907 3530 2985">
     <span class='ocr_line' id='line_1_78' title="bbox 1879 2907 3530 2985; baseline 0.002 -22"><span class='ocrx_word' id='word_1_546' title='bbox 1879 2907 2119 2979; x_wconf 61' lang='lat' dir='ltr'><strong>sphaerae</strong></span> <span class='ocrx_word' id='word_1_547' title='bbox 2146 2912 2311 2980; x_wconf 90' lang='lat' dir='ltr'><strong>potes</strong></span> <span class='ocrx_word' id='word_1_548' title='bbox 2332 2908 2565 2964; x_wconf 90' lang='lat' dir='ltr'><strong>initium</strong></span> <span class='ocrx_word' id='word_1_549' title='bbox 2584 2909 2855 2982; x_wconf 89' lang='lat' dir='ltr'><strong>reperire,</strong></span> <span class='ocrx_word' id='word_1_550' title='bbox 2870 2909 2956 2965; x_wconf 90' lang='lat' dir='ltr'><strong>vel</strong></span> <span class='ocrx_word' id='word_1_551' title='bbox 2980 2910 3133 2965; x_wconf 88' lang='lat' dir='ltr'><strong>unde</strong></span> <span class='ocrx_word' id='word_1_552' title='bbox 3155 2911 3390 2984; x_wconf 66' lang='lat' dir='ltr'><strong>coeperit</strong></span> <span class='ocrx_word' id='word_1_553' title='bbox 3408 2910 3530 2985; x_wconf 86' lang='lat' dir='ltr'><strong>glo-</strong></span> 
     </span>
    </p>
   </div>
   <div class='ocr_carea' id='block_1_79' title="bbox 1881 2994 3524 3065">
    <p class='ocr_par' dir='ltr' id='par_1_79' title="bbox 1881 2994 3524 3065">
     <span class='ocr_line' id='line_1_79' title="bbox 1881 2994 3524 3065; baseline 0.003 -13"><span class='ocrx_word' id='word_1_554' title='bbox 1881 2998 1993 3053; x_wconf 83' lang='lat' dir='ltr'><strong>bus</strong></span> <span class='ocrx_word' id='word_1_555' title='bbox 2024 2994 2194 3065; x_wconf 72' lang='lat' dir='ltr'><strong>lunae,</strong></span> <span class='ocrx_word' id='word_1_556' title='bbox 2227 2996 2314 3051; x_wconf 90' lang='lat' dir='ltr'><strong>vel</strong></span> <span class='ocrx_word' id='word_1_557' title='bbox 2345 2998 2443 3052; x_wconf 92' lang='lat' dir='ltr'><strong>ubi</strong></span> <span class='ocrx_word' id='word_1_558' title='bbox 2472 2996 2701 3053; x_wconf 87' lang='lat' dir='ltr'><strong>desinat</strong></span> <span class='ocrx_word' id='word_1_559' title='bbox 2730 3002 3034 3055; x_wconf 89' lang='lat' dir='ltr'><strong>menstrua</strong></span> <span class='ocrx_word' id='word_1_560' title='bbox 3064 2999 3216 3056; x_wconf 69' lang='lat' dir='ltr'><strong>lunai</strong></span> <span class='ocrx_word' id='word_1_561' title='bbox 3257 3001 3524 3058; x_wconf 91' lang='lat' dir='ltr'><strong>defectio.</strong></span> 
     </span>
    </p>
   </div>
   <div class='ocr_carea' id='block_1_80' title="bbox 1880 3084 3525 3159">
    <p class='ocr_par' dir='ltr' id='par_1_80' title="bbox 1880 3084 3525 3159">
     <span class='ocr_line' id='line_1_80' title="bbox 1880 3084 3525 3159; baseline 0.004 -19"><span class='ocrx_word' id='word_1_562' title='bbox 1880 3085 2079 3150; x_wconf 87' lang='lat' dir='ltr'><strong>Neque</strong></span> <span class='ocrx_word' id='word_1_563' title='bbox 2107 3101 2239 3140; x_wconf 91' lang='lat' dir='ltr'><strong>vero</strong></span> <span class='ocrx_word' id='word_1_564' title='bbox 2270 3085 2321 3140; x_wconf 90' lang='lat' dir='ltr'><strong>si</strong></span> <span class='ocrx_word' id='word_1_565' title='bbox 2347 3084 2471 3158; x_wconf 90' lang='lat' dir='ltr'><strong>ipse</strong></span> <span class='ocrx_word' id='word_1_566' title='bbox 2501 3103 2616 3141; x_wconf 90' lang='lat' dir='ltr'><strong>non</strong></span> <span class='ocrx_word' id='word_1_567' title='bbox 2648 3087 3129 3159; x_wconf 89' lang='lat' dir='ltr'><strong>comprehendas,</strong></span> <span class='ocrx_word' id='word_1_568' title='bbox 3163 3089 3376 3146; x_wconf 90' lang='lat' dir='ltr'><strong>idcirco</strong></span> <span class='ocrx_word' id='word_1_569' title='bbox 3408 3106 3525 3147; x_wconf 91' lang='lat' dir='ltr'><strong>non</strong></span> 
     </span>
    </p>
   </div>
   <div class='ocr_carea' id='block_1_81' title="bbox 1884 3174 3524 3248">
    <p class='ocr_par' dir='ltr' id='par_1_81' title="bbox 1884 3174 3524 3248">
     <span class='ocr_line' id='line_1_81' title="bbox 1884 3174 3524 3248; baseline 0.003 -18"><span class='ocrx_word' id='word_1_570' title='bbox 1884 3174 2074 3247; x_wconf 73' lang='lat' dir='ltr'><strong>cmpit,</strong></span> <span class='ocrx_word' id='word_1_571' title='bbox 2099 3178 2199 3229; x_wconf 88' lang='lat' dir='ltr'><strong>aut</strong></span> <span class='ocrx_word' id='word_1_572' title='bbox 2229 3175 2277 3230; x_wconf 71' lang='grc' dir='ltr'><strong>θ</strong></span> <span class='ocrx_word' id='word_1_573' title='bbox 2309 3191 2680 3247; x_wconf 88' lang='lat' dir='ltr'><strong>nequaquam</strong></span> <span class='ocrx_word' id='word_1_574' title='bbox 2712 3175 2957 3231; x_wconf 88' lang='lat' dir='ltr'><strong>desinet.</strong></span> <span class='ocrx_word' id='word_1_575' title='bbox 2980 3176 3182 3248; x_wconf 90' lang='lat' dir='ltr'><strong>Siipse</strong></span> <span class='ocrx_word' id='word_1_576' title='bbox 3211 3177 3524 3235; x_wconf 90' lang='lat' dir='ltr'><strong>circuitum</strong></span> 
     </span>
    </p>
   </div>
   <div class='ocr_carea' id='block_1_82' title="bbox 1884 3262 3524 3337">
    <p class='ocr_par' dir='ltr' id='par_1_82' title="bbox 1884 3262 3524 3337">
     <span class='ocr_line' id='line_1_82' title="bbox 1884 3262 3524 3337; baseline 0.001 -17"><span class='ocrx_word' id='word_1_577' title='bbox 1884 3262 1970 3320; x_wconf 91' lang='lat' dir='ltr'><strong>vel</strong></span> <span class='ocrx_word' id='word_1_578' title='bbox 2004 3266 2349 3328; x_wconf 87' lang='lat' dir='ltr'><strong>atramento,</strong></span> <span class='ocrx_word' id='word_1_579' title='bbox 2373 3263 2458 3318; x_wconf 91' lang='lat' dir='ltr'><strong>vel</strong></span> <span class='ocrx_word' id='word_1_580' title='bbox 2480 3263 2724 3335; x_wconf 86' lang='lat' dir='ltr'><strong>graphio</strong></span> <span class='ocrx_word' id='word_1_581' title='bbox 2746 3264 2947 3332; x_wconf 83' lang='lat' dir='ltr'><strong>(lucus,</strong></span> <span class='ocrx_word' id='word_1_582' title='bbox 2977 3265 3063 3319; x_wconf 89' lang='lat' dir='ltr'><strong>vel</strong></span> <span class='ocrx_word' id='word_1_583' title='bbox 3089 3267 3316 3337; x_wconf 89' lang='lat' dir='ltr'><strong>centro(</strong></span> <span class='ocrx_word' id='word_1_584' title='bbox 3332 3268 3412 3335; x_wconf 84' lang='lat' dir='ltr'><strong>l5)</strong></span> <span class='ocrx_word' id='word_1_585' title='bbox 3428 3284 3524 3322; x_wconf 81' lang='lat' dir='ltr'><strong>ex-</strong></span> 
     </span>
    </p>
   </div>
   <div class='ocr_carea' id='block_1_83' title="bbox 1885 3351 3524 3425">
    <p class='ocr_par' dir='ltr' id='par_1_83' title="bbox 1885 3351 3524 3425">
     <span class='ocr_line' id='line_1_83' title="bbox 1885 3351 3524 3425; baseline 0.004 -18"><span class='ocrx_word' id='word_1_586' title='bbox 1885 3351 2125 3425; x_wconf 87' lang='lat' dir='ltr'><strong>primas,</strong></span> <span class='ocrx_word' id='word_1_587' title='bbox 2159 3352 2314 3407; x_wconf 90' lang='lat' dir='ltr'><strong>unde</strong></span> <span class='ocrx_word' id='word_1_588' title='bbox 2345 3352 2609 3423; x_wconf 75' lang='lat' dir='ltr'><strong>cmperis,</strong></span> <span class='ocrx_word' id='word_1_589' title='bbox 2637 3356 2737 3408; x_wconf 87' lang='lat' dir='ltr'><strong>aut</strong></span> <span class='ocrx_word' id='word_1_590' title='bbox 2766 3352 2865 3407; x_wconf 90' lang='lat' dir='ltr'><strong>ubi</strong></span> <span class='ocrx_word' id='word_1_591' title='bbox 2924 3353 3186 3419; x_wconf 89' lang='lat' dir='ltr'><strong>desieris,</strong></span> <span class='ocrx_word' id='word_1_592' title='bbox 3218 3354 3524 3413; x_wconf 89' lang='lat' dir='ltr'><strong>intervallo</strong></span> 
     </span>
    </p>
   </div>
   <div class='ocr_carea' id='block_1_84' title="bbox 1887 3440 3526 3514">
    <p class='ocr_par' dir='ltr' id='par_1_84' title="bbox 1887 3440 3526 3514">
     <span class='ocr_line' id='line_1_84' title="bbox 1887 3440 3526 3514; baseline 0.002 -17"><span class='ocrx_word' id='word_1_593' title='bbox 1887 3440 2228 3513; x_wconf 89' lang='lat' dir='ltr'><strong>interposito</strong></span> <span class='ocrx_word' id='word_1_594' title='bbox 2259 3457 2375 3495; x_wconf 91' lang='lat' dir='ltr'><strong>non</strong></span> <span class='ocrx_word' id='word_1_595' title='bbox 2407 3440 2573 3496; x_wconf 90' lang='lat' dir='ltr'><strong>facile</strong></span> <span class='ocrx_word' id='word_1_596' title='bbox 2598 3440 2686 3496; x_wconf 91' lang='lat' dir='ltr'><strong>vel</strong></span> <span class='ocrx_word' id='word_1_597' title='bbox 2720 3441 2901 3497; x_wconf 89' lang='lat' dir='ltr'><strong>oculis</strong></span> <span class='ocrx_word' id='word_1_598' title='bbox 2933 3441 3178 3514; x_wconf 78' lang='lat' dir='ltr'><strong>colligis,</strong></span> <span class='ocrx_word' id='word_1_599' title='bbox 3210 3443 3300 3500; x_wconf 85' lang='lat' dir='ltr'><strong>vel</strong></span> <span class='ocrx_word' id='word_1_600' title='bbox 3332 3449 3526 3501; x_wconf 90' lang='lat' dir='ltr'><strong>mente</strong></span> 
     </span>
    </p>
   </div>
   <div class='ocr_carea' id='block_1_85' title="bbox 1887 3529 3530 3605">
    <p class='ocr_par' dir='ltr' id='par_1_85' title="bbox 1887 3529 3530 3605">
     <span class='ocr_line' id='line_1_85' title="bbox 1887 3529 3530 3605; baseline 0.002 -19"><span class='ocrx_word' id='word_1_601' title='bbox 1887 3529 2101 3601; x_wconf 90' lang='lat' dir='ltr'><strong>repetis</strong></span> <span class='ocrx_word' id='word_1_602' title='bbox 2125 3547 2139 3597; x_wconf 95' lang='lat'><strong>;</strong></span> <span class='ocrx_word' id='word_1_603' title='bbox 2162 3532 2219 3585; x_wconf 90' lang='lat' dir='ltr'><strong>et</strong></span> <span class='ocrx_word' id='word_1_604' title='bbox 2248 3533 2444 3585; x_wconf 91' lang='lat' dir='ltr'><strong>tamen</strong></span> <span class='ocrx_word' id='word_1_605' title='bbox 2470 3534 2526 3586; x_wconf 91' lang='lat' dir='ltr'><strong>et</strong></span> <span class='ocrx_word' id='word_1_606' title='bbox 2555 3530 2797 3603; x_wconf 77' lang='lat' dir='ltr'><strong>cmpisse</strong></span> <span class='ocrx_word' id='word_1_607' title='bbox 2827 3534 2885 3586; x_wconf 89' lang='lat' dir='ltr'><strong>et</strong></span> <span class='ocrx_word' id='word_1_608' title='bbox 2916 3530 3193 3587; x_wconf 89' lang='lat' dir='ltr'><strong>desivisse</strong></span> <span class='ocrx_word' id='word_1_609' title='bbox 3243 3531 3369 3605; x_wconf 88' lang='lat' dir='ltr'><strong>ipse</strong></span> <span class='ocrx_word' id='word_1_610' title='bbox 3424 3533 3530 3591; x_wconf 92' lang='lat' dir='ltr'><strong>tibi</strong></span> 
     </span>
    </p>
   </div>
   <div class='ocr_carea' id='block_1_86' title="bbox 1886 3616 3531 3693">
    <p class='ocr_par' dir='ltr' id='par_1_86' title="bbox 1886 3616 3531 3693">
     <span class='ocr_line' id='line_1_86' title="bbox 1886 3616 3531 3693; baseline 0.004 -19"><span class='ocrx_word' id='word_1_611' title='bbox 1886 3618 2052 3674; x_wconf 84' lang='lat' dir='ltr'><strong>testis</strong></span> <span class='ocrx_word' id='word_1_612' title='bbox 2081 3633 2163 3673; x_wconf 89' lang='lat' dir='ltr'><strong>es.</strong></span> <span class='ocrx_word' id='word_1_613' title='bbox 2197 3616 2342 3673; x_wconf 82' lang='lat' dir='ltr'><strong>Nam</strong></span> <span class='ocrx_word' id='word_1_614' title='bbox 2374 3619 2483 3674; x_wconf 90' lang='lat' dir='ltr'><strong>etsi</strong></span> <span class='ocrx_word' id='word_1_615' title='bbox 2528 3636 2769 3675; x_wconf 85' lang='lat' dir='ltr'><strong>sensum</strong></span> <span class='ocrx_word' id='word_1_616' title='bbox 2824 3619 3194 3693; x_wconf 87' lang='lat' dir='ltr'><strong>subterfugit,</strong></span> <span class='ocrx_word' id='word_1_617' title='bbox 3226 3622 3531 3680; x_wconf 88' lang='lat' dir='ltr'><strong>veritatem</strong></span> 
     </span>
    </p>
   </div>
   <div class='ocr_carea' id='block_1_87' title="bbox 1888 3706 3531 3779">
    <p class='ocr_par' dir='ltr' id='par_1_87' title="bbox 1888 3706 3531 3779">
     <span class='ocr_line' id='line_1_87' title="bbox 1888 3706 3531 3779; baseline 0.003 -16"><span class='ocrx_word' id='word_1_618' title='bbox 1888 3724 2004 3763; x_wconf 88' lang='lat' dir='ltr'><strong>non</strong></span> <span class='ocrx_word' id='word_1_619' title='bbox 2035 3706 2285 3763; x_wconf 89' lang='lat' dir='ltr'><strong>subruit.</strong></span> <span class='ocrx_word' id='word_1_620' title='bbox 2320 3708 2454 3772; x_wconf 60' lang='lat' dir='ltr'><strong>Quae</strong></span> <span class='ocrx_word' id='word_1_621' title='bbox 2488 3714 2682 3764; x_wconf 87' lang='lat' dir='ltr'><strong>autem</strong></span> <span class='ocrx_word' id='word_1_622' title='bbox 2737 3708 2972 3764; x_wconf 86' lang='lat' dir='ltr'><strong>initium</strong></span> <span class='ocrx_word' id='word_1_623' title='bbox 3005 3708 3242 3779; x_wconf 89' lang='lat' dir='ltr'><strong>habent,</strong></span> <span class='ocrx_word' id='word_1_624' title='bbox 3266 3714 3325 3767; x_wconf 91' lang='lat' dir='ltr'><strong>et</strong></span> <span class='ocrx_word' id='word_1_625' title='bbox 3354 3712 3531 3768; x_wconf 84' lang='lat' dir='ltr'><strong>{luem</strong></span> 
     </span>
    </p>
   </div>
   <div class='ocr_carea' id='block_1_88' title="bbox 1890 3796 3530 3869">
    <p class='ocr_par' dir='ltr' id='par_1_88' title="bbox 1890 3796 3530 3869">
     <span class='ocr_line' id='line_1_88' title="bbox 1890 3796 3530 3869; baseline 0.003 -17"><span class='ocrx_word' id='word_1_626' title='bbox 1890 3796 2104 3852; x_wconf 89' lang='lat' dir='ltr'><strong>habent</strong></span> <span class='ocrx_word' id='word_1_627' title='bbox 2136 3814 2149 3852; x_wconf 90' lang='lat'>:</span> <span class='ocrx_word' id='word_1_628' title='bbox 2183 3801 2239 3853; x_wconf 91' lang='lat' dir='ltr'><strong>et</strong></span> <span class='ocrx_word' id='word_1_629' title='bbox 2272 3797 2490 3869; x_wconf 90' lang='lat' dir='ltr'><strong>quibus</strong></span> <span class='ocrx_word' id='word_1_630' title='bbox 2520 3798 2654 3852; x_wconf 81' lang='lat' dir='ltr'><strong>linis</strong></span> <span class='ocrx_word' id='word_1_631' title='bbox 2680 3798 2873 3867; x_wconf 89' lang='lat' dir='ltr'><strong>datur,</strong></span> <span class='ocrx_word' id='word_1_632' title='bbox 2898 3798 3134 3855; x_wconf 87' lang='lat' dir='ltr'><strong>initium</strong></span> <span class='ocrx_word' id='word_1_633' title='bbox 3164 3800 3368 3855; x_wconf 90' lang='lat' dir='ltr'><strong>datum</strong></span> <span class='ocrx_word' id='word_1_634' title='bbox 3394 3817 3530 3857; x_wconf 82' lang='lat' dir='ltr'><strong>cou-</strong></span> 
     </span>
    </p>
   </div>
   <div class='ocr_carea' id='block_1_89' title="bbox 1890 3886 3536 3960">
    <p class='ocr_par' dir='ltr' id='par_1_89' title="bbox 1890 3886 3536 3960">
     <span class='ocr_line' id='line_1_89' title="bbox 1890 3886 3536 3960; baseline 0.002 -17"><span class='ocrx_word' id='word_1_635' title='bbox 1890 3890 2021 3943; x_wconf 90' lang='lat' dir='ltr'><strong>stat.</strong></span> <span class='ocrx_word' id='word_1_636' title='bbox 2058 3886 2259 3942; x_wconf 89' lang='lat' dir='ltr'><strong>Finem</strong></span> <span class='ocrx_word' id='word_1_637' title='bbox 2291 3890 2486 3941; x_wconf 87' lang='lat' dir='ltr'><strong>autem</strong></span> <span class='ocrx_word' id='word_1_638' title='bbox 2522 3887 2727 3942; x_wconf 91' lang='lat' dir='ltr'><strong>mundi</strong></span> <span class='ocrx_word' id='word_1_639' title='bbox 2775 3887 3037 3943; x_wconf 88' lang='lat' dir='ltr'><strong>futurum</strong></span> <span class='ocrx_word' id='word_1_640' title='bbox 3090 3889 3216 3960; x_wconf 88' lang='lat' dir='ltr'><strong>ipse</strong></span> <span class='ocrx_word' id='word_1_641' title='bbox 3272 3888 3536 3946; x_wconf 88' lang='lat' dir='ltr'><strong>Salvator</strong></span> 
     </span>
    </p>
   </div>
   <div class='ocr_carea' id='block_1_90' title="bbox 1890 3973 3536 4047">
    <p class='ocr_par' dir='ltr' id='par_1_90' title="bbox 1890 3973 3536 4047">
     <span class='ocr_line' id='line_1_90' title="bbox 1890 3973 3536 4047; baseline 0.002 -17"><span class='ocrx_word' id='word_1_642' title='bbox 1890 3976 2054 4030; x_wconf 87' lang='lat' dir='ltr'><strong>docet</strong></span> <span class='ocrx_word' id='word_1_643' title='bbox 2102 3975 2159 4029; x_wconf 91' lang='lat' dir='ltr'><strong>in</strong></span> <span class='ocrx_word' id='word_1_644' title='bbox 2210 3973 2517 4047; x_wconf 88' lang='lat' dir='ltr'><strong>Evangelio</strong></span> <span class='ocrx_word' id='word_1_645' title='bbox 2566 3992 2693 4044; x_wconf 90' lang='lat' dir='ltr'><strong>suo,</strong></span> <span class='ocrx_word' id='word_1_646' title='bbox 2743 3976 2943 4032; x_wconf 86' lang='lat' dir='ltr'><strong>dicens</strong></span> <span class='ocrx_word' id='word_1_647' title='bbox 2987 3977 3245 4033; x_wconf 70' lang='lat' dir='ltr'><strong>:Cazlum</strong></span> <span class='ocrx_word' id='word_1_648' title='bbox 3291 3986 3342 4033; x_wconf 89' lang='lat' dir='ltr'><strong>et</strong></span> <span class='ocrx_word' id='word_1_649' title='bbox 3388 3987 3536 4035; x_wconf 86' lang='lat' dir='ltr'><strong>terra</strong></span> 
     </span>
    </p>
   </div>
   <div class='ocr_carea' id='block_1_91' title="bbox 1886 4063 3533 4136">
    <p class='ocr_par' dir='ltr' id='par_1_91' title="bbox 1886 4063 3533 4136">
     <span class='ocr_line' id='line_1_91' title="bbox 1886 4063 3533 4136; baseline 0.002 -17"><span class='ocrx_word' id='word_1_650' title='bbox 1886 4064 2247 4136; x_wconf 72' lang='lat' dir='ltr'><strong>praeteribunt</strong></span> <span class='ocrx_word' id='word_1_651' title='bbox 2287 4063 2493 4134; x_wconf 81' lang='lat' dir='ltr'><strong>(Matth.</strong></span> <span class='ocrx_word' id='word_1_652' title='bbox 2546 4080 2700 4131; x_wconf 80' lang='lat' dir='ltr'><strong>xxiv,</strong></span> <span class='ocrx_word' id='word_1_653' title='bbox 2753 4064 2865 4134; x_wconf 88' lang='lat'><strong>35).</strong></span> <span class='ocrx_word' id='word_1_654' title='bbox 2904 4065 2973 4118; x_wconf 89' lang='lat' dir='ltr'><strong>Et</strong></span> <span class='ocrx_word' id='word_1_655' title='bbox 3019 4064 3173 4120; x_wconf 90' lang='lat' dir='ltr'><strong>infra</strong></span> <span class='ocrx_word' id='word_1_656' title='bbox 3218 4083 3231 4120; x_wconf 89' lang='lat'><strong>:</strong></span> <span class='ocrx_word' id='word_1_657' title='bbox 3265 4067 3395 4121; x_wconf 83' lang='lat' dir='ltr'><strong>Ecce</strong></span> <span class='ocrx_word' id='word_1_658' title='bbox 3437 4081 3533 4135; x_wconf 88' lang='lat' dir='ltr'><strong>ego</strong></span> 
     </span>
    </p>
   </div>
   <div class='ocr_carea' id='block_1_92' title="bbox 1888 4152 3538 4222">
    <p class='ocr_par' dir='ltr' id='par_1_92' title="bbox 1888 4152 3538 4222">
     <span class='ocr_line' id='line_1_92' title="bbox 1888 4152 3538 4222; baseline 0 -13"><span class='ocrx_word' id='word_1_659' title='bbox 1888 4154 2159 4209; x_wconf 80' lang='lat' dir='ltr'><strong>vobiscum</strong></span> <span class='ocrx_word' id='word_1_660' title='bbox 2197 4169 2322 4207; x_wconf 91' lang='lat' dir='ltr'><strong>sum</strong></span> <span class='ocrx_word' id='word_1_661' title='bbox 2368 4168 2538 4222; x_wconf 86' lang='lat' dir='ltr'><strong>usque</strong></span> <span class='ocrx_word' id='word_1_662' title='bbox 2611 4152 2681 4207; x_wconf 85' lang='lat' dir='ltr'><strong>ad</strong></span> <span class='ocrx_word' id='word_1_663' title='bbox 2749 4155 3276 4208; x_wconf 84' lang='lat' dir='ltr'><strong>consummationem</strong></span> <span class='ocrx_word' id='word_1_664' title='bbox 3339 4154 3538 4209; x_wconf 86' lang='lat' dir='ltr'><strong>mundi</strong></span> 
     </span>
    </p>
   </div>
   <div class='ocr_carea' id='block_1_93' title="bbox 1890 4240 3536 4314">
    <p class='ocr_par' dir='ltr' id='par_1_93' title="bbox 1890 4240 3536 4314">
     <span class='ocr_line' id='line_1_93' title="bbox 1890 4240 3536 4314; baseline -0.001 -16"><span class='ocrx_word' id='word_1_665' title='bbox 1890 4242 2105 4314; x_wconf 80' lang='lat' dir='ltr'><strong>(Matth.</strong></span> <span class='ocrx_word' id='word_1_666' title='bbox 2164 4257 2363 4305; x_wconf 87' lang='lat' dir='ltr'><strong>xxvm,</strong></span> <span class='ocrx_word' id='word_1_667' title='bbox 2412 4240 2525 4301; x_wconf 85' lang='lat'><strong>20).</strong></span> <span class='ocrx_word' id='word_1_668' title='bbox 2574 4242 2642 4295; x_wconf 83' lang='lat' dir='ltr'><strong>Et</strong></span> <span class='ocrx_word' id='word_1_669' title='bbox 2673 4240 2990 4313; x_wconf 82' lang='lat' dir='ltr'><strong>Apostolus</strong></span> <span class='ocrx_word' id='word_1_670' title='bbox 3035 4243 3341 4299; x_wconf 67' lang='lat' dir='ltr'><strong>:Przeterit</strong></span> <span class='ocrx_word' id='word_1_671' title='bbox 3385 4245 3536 4299; x_wconf 86' lang='lat' dir='ltr'><strong>enim</strong></span> 
     </span>
    </p>
   </div>
   <div class='ocr_carea' id='block_1_94' title="bbox 1889 4328 2997 4402">
    <p class='ocr_par' dir='ltr' id='par_1_94' title="bbox 1889 4328 2997 4402">
     <span class='ocr_line' id='line_1_94' title="bbox 1889 4328 2997 4402; baseline -0.003 -15"><span class='ocrx_word' id='word_1_672' title='bbox 1889 4332 2071 4401; x_wconf 81' lang='lat' dir='ltr'><strong>ﬁgura</strong></span> <span class='ocrx_word' id='word_1_673' title='bbox 2102 4330 2268 4402; x_wconf 86' lang='lat' dir='ltr'><strong>hujus</strong></span> <span class='ocrx_word' id='word_1_674' title='bbox 2297 4328 2495 4384; x_wconf 63' lang='lat' dir='ltr'><strong>muniti</strong></span> <span class='ocrx_word' id='word_1_675' title='bbox 2525 4331 2573 4401; x_wconf 88' lang='grc' dir='ltr'>(Ι</span> <span class='ocrx_word' id='word_1_676' title='bbox 2599 4332 2722 4387; x_wconf 86' lang='lat' dir='ltr'><strong>Cor.</strong></span> <span class='ocrx_word' id='word_1_677' title='bbox 2757 4347 2854 4399; x_wconf 86' lang='lat' dir='ltr'><strong>vn,</strong></span> <span class='ocrx_word' id='word_1_678' title='bbox 2888 4330 2997 4402; x_wconf 81' lang='grc'>31).</span> 
     </span>
    </p>
   </div>
   <div class='ocr_carea' id='block_1_95' title="bbox 1964 4465 3539 4537">
    <p class='ocr_par' dir='ltr' id='par_1_95' title="bbox 1964 4465 3539 4537">
     <span class='ocr_line' id='line_1_95' title="bbox 1964 4465 3539 4537; baseline 0.003 -17"><span class='ocrx_word' id='word_1_679' title='bbox 1964 4466 2055 4521; x_wconf 85' lang='lat'><strong>1|.</strong></span> <span class='ocrx_word' id='word_1_680' title='bbox 2089 4465 2388 4529; x_wconf 89' lang='lat' dir='ltr'><strong>Quomodo</strong></span> <span class='ocrx_word' id='word_1_681' title='bbox 2420 4481 2556 4537; x_wconf 90' lang='lat' dir='ltr'><strong>ergo</strong></span> <span class='ocrx_word' id='word_1_682' title='bbox 2589 4469 2936 4521; x_wconf 64' lang='lat' dir='ltr'><strong>coaeternum</strong></span> <span class='ocrx_word' id='word_1_683' title='bbox 2969 4465 3083 4521; x_wconf 88' lang='lat' dir='ltr'><strong>Den</strong></span> <span class='ocrx_word' id='word_1_684' title='bbox 3123 4469 3412 4524; x_wconf 83' lang='lat' dir='ltr'><strong>mundum</strong></span> <span class='ocrx_word' id='word_1_685' title='bbox 3443 4484 3539 4525; x_wconf 89' lang='lat' dir='ltr'><strong>as-</strong></span> 
     </span>
    </p>
   </div>
   <div class='ocr_carea' id='block_1_96' title="bbox 141 4551 3540 4660">
    <p class='ocr_par' dir='ltr' id='par_1_96' title="bbox 141 4551 3540 4660">
     <span class='ocr_line' id='line_1_96' title="bbox 141 4551 3540 4660; baseline 0.001 -48"><span class='ocrx_word' id='word_1_686' title='bbox 141 4557 412 4612; x_wconf 86' lang='lat' dir='ltr'><strong>omnibus</strong></span> <span class='ocrx_word' id='word_1_687' title='bbox 441 4555 638 4622; x_wconf 85' lang='lat' dir='ltr'><strong>dedit;</strong></span> <span class='ocrx_word' id='word_1_688' title='bbox 672 4557 741 4609; x_wconf 93' lang='lat' dir='ltr'><strong>ut</strong></span> <span class='ocrx_word' id='word_1_689' title='bbox 768 4569 897 4625; x_wconf 72' lang='lat' dir='ltr'><strong>quae</strong></span> <span class='ocrx_word' id='word_1_690' title='bbox 924 4568 1040 4607; x_wconf 91' lang='lat' dir='ltr'><strong>non</strong></span> <span class='ocrx_word' id='word_1_691' title='bbox 1071 4556 1257 4619; x_wconf 89' lang='lat' dir='ltr'><strong>erant,</strong></span> <span class='ocrx_word' id='word_1_692' title='bbox 1280 4568 1407 4608; x_wconf 86' lang='lat' dir='ltr'><strong>esse</strong></span> <span class='ocrx_word' id='word_1_693' title='bbox 1436 4551 1775 4624; x_wconf 84' lang='lat' dir='ltr'><strong>inciperent.</strong></span> <span class='ocrx_word' id='word_1_694' title='bbox 1815 4593 1861 4660; x_wconf 83' lang='lat' dir='ltr'><strong>D</strong></span> <span class='ocrx_word' id='word_1_695' title='bbox 1894 4559 2119 4621; x_wconf 89' lang='lat' dir='ltr'><strong>serunt,</strong></span> <span class='ocrx_word' id='word_1_696' title='bbox 2153 4559 2210 4610; x_wconf 91' lang='lat' dir='ltr'><strong>et</strong></span> <span class='ocrx_word' id='word_1_697' title='bbox 2242 4553 2487 4609; x_wconf 89' lang='lat' dir='ltr'><strong>creatori</strong></span> <span class='ocrx_word' id='word_1_698' title='bbox 2510 4555 2774 4610; x_wconf 90' lang='lat' dir='ltr'><strong>omnium</strong></span> <span class='ocrx_word' id='word_1_699' title='bbox 2802 4553 3043 4624; x_wconf 87' lang='lat' dir='ltr'><strong>sociant,</strong></span> <span class='ocrx_word' id='word_1_700' title='bbox 3059 4562 3234 4629; x_wconf 90' lang='lat' dir='ltr'><strong>atque</strong></span> <span class='ocrx_word' id='word_1_701' title='bbox 3254 4557 3540 4631; x_wconf 65' lang='lat' dir='ltr'><strong>aequalem</strong></span> 
     </span>
    </p>
   </div>
   <div class='ocr_carea' id='block_1_97' title="bbox 143 4640 1783 4713">
    <p class='ocr_par' dir='ltr' id='par_1_97' title="bbox 143 4640 1783 4713">
     <span class='ocr_line' id='line_1_97' title="bbox 143 4640 1783 4713; baseline -0.001 -13"><span class='ocrx_word' id='word_1_702' title='bbox 143 4645 261 4700; x_wconf 72' lang='lat' dir='ltr'><strong>Non</strong></span> <span class='ocrx_word' id='word_1_703' title='bbox 294 4644 512 4699; x_wconf 89' lang='lat' dir='ltr'><strong>mirum</strong></span> <span class='ocrx_word' id='word_1_704' title='bbox 534 4644 580 4698; x_wconf 88' lang='lat' dir='ltr'><strong>si</strong></span> <span class='ocrx_word' id='word_1_705' title='bbox 602 4641 895 4713; x_wconf 91' lang='lat' dir='ltr'><strong>Deus,qui</strong></span> <span class='ocrx_word' id='word_1_706' title='bbox 929 4640 1126 4696; x_wconf 90' lang='lat' dir='ltr'><strong>omnia</strong></span> <span class='ocrx_word' id='word_1_707' title='bbox 1156 4641 1369 4696; x_wconf 90' lang='lat' dir='ltr'><strong>virtute</strong></span> <span class='ocrx_word' id='word_1_708' title='bbox 1386 4658 1493 4697; x_wconf 90' lang='lat' dir='ltr'><strong>sua</strong></span> <span class='ocrx_word' id='word_1_709' title='bbox 1509 4641 1783 4709; x_wconf 89' lang='lat' dir='ltr'><strong>continet,</strong></span> 
     </span>
    </p>
   </div>
   <div class='ocr_carea' id='block_1_98' title="bbox 138 4728 1783 4804">
    <p class='ocr_par' dir='ltr' id='par_1_98' title="bbox 138 4728 1783 4804">
     <span class='ocr_line' id='line_1_98' title="bbox 138 4728 1783 4804; baseline -0.001 -16"><span class='ocrx_word' id='word_1_710' title='bbox 138 4742 192 4788; x_wconf 90' lang='lat' dir='ltr'><strong>et</strong></span> <span class='ocrx_word' id='word_1_711' title='bbox 218 4729 802 4804; x_wconf 88' lang='lat' dir='ltr'><strong>incomprehensibili</strong></span> <span class='ocrx_word' id='word_1_712' title='bbox 844 4730 1152 4801; x_wconf 86' lang='lat' dir='ltr'><strong>majestate</strong></span> <span class='ocrx_word' id='word_1_713' title='bbox 1207 4728 1478 4786; x_wconf 90' lang='lat' dir='ltr'><strong>universa</strong></span> <span class='ocrx_word' id='word_1_714' title='bbox 1533 4731 1783 4803; x_wconf 89' lang='lat' dir='ltr'><strong>comple-</strong></span> 
     </span>
    </p>
   </div>
   <div class='ocr_carea' id='block_1_99' title="bbox 138 4817 1784 4890">
    <p class='ocr_par' dir='ltr' id='par_1_99' title="bbox 138 4817 1784 4890">
     <span class='ocr_line' id='line_1_99' title="bbox 138 4817 1784 4890; baseline -0.002 -13"><span class='ocrx_word' id='word_1_715' title='bbox 138 4820 479 4887; x_wconf 81' lang='lat' dir='ltr'><strong>ctitur,fecit</strong></span> <span class='ocrx_word' id='word_1_716' title='bbox 502 4818 622 4874; x_wconf 75' lang='lat' dir='ltr'><strong>haec</strong></span> <span class='ocrx_word' id='word_1_717' title='bbox 648 4836 777 4890; x_wconf 68' lang='lat' dir='ltr'><strong>quae</strong></span> <span class='ocrx_word' id='word_1_718' title='bbox 807 4817 1100 4884; x_wconf 89' lang='lat' dir='ltr'><strong>videntur,</strong></span> <span class='ocrx_word' id='word_1_719' title='bbox 1134 4833 1267 4873; x_wconf 91' lang='lat' dir='ltr'><strong>cum</strong></span> <span class='ocrx_word' id='word_1_720' title='bbox 1300 4818 1475 4874; x_wconf 88' lang='lat' dir='ltr'><strong>etiam</strong></span> <span class='ocrx_word' id='word_1_721' title='bbox 1508 4818 1610 4875; x_wconf 92' lang='lat' dir='ltr'><strong>illa</strong></span> <span class='ocrx_word' id='word_1_722' title='bbox 1641 4820 1784 4875; x_wconf 91' lang='lat' dir='ltr'><strong>fece-</strong></span> 
     </span>
    </p>
   </div>
   <div class='ocr_carea' id='block_1_100' title="bbox 139 4905 1786 4982">
    <p class='ocr_par' dir='ltr' id='par_1_100' title="bbox 139 4905 1786 4982">
     <span class='ocr_line' id='line_1_100' title="bbox 139 4905 1786 4982; baseline 0.001 -20"><span class='ocrx_word' id='word_1_723' title='bbox 139 4909 207 4964; x_wconf 82' lang='lat' dir='ltr'><strong>rit</strong></span> <span class='ocrx_word' id='word_1_724' title='bbox 252 4925 386 4982; x_wconf 65' lang='lat' dir='ltr'><strong>qua</strong></span> <span class='ocrx_word' id='word_1_725' title='bbox 425 4924 543 4963; x_wconf 89' lang='lat' dir='ltr'><strong>non</strong></span> <span class='ocrx_word' id='word_1_726' title='bbox 583 4906 876 4962; x_wconf 91' lang='lat' dir='ltr'><strong>videntur.</strong></span> <span class='ocrx_word' id='word_1_727' title='bbox 923 4905 1243 4960; x_wconf 90' lang='lat' dir='ltr'><strong>Invisibilia</strong></span> <span class='ocrx_word' id='word_1_728' title='bbox 1290 4911 1486 4963; x_wconf 89' lang='lat' dir='ltr'><strong>autem</strong></span> <span class='ocrx_word' id='word_1_729' title='bbox 1538 4908 1611 4963; x_wconf 90' lang='lat' dir='ltr'><strong>iis</strong></span> <span class='ocrx_word' id='word_1_730' title='bbox 1658 4925 1786 4980; x_wconf 69' lang='lat' dir='ltr'><strong>qua:</strong></span> 
     </span>
    </p>
   </div>
   <div class='ocr_carea' id='block_1_101' title="bbox 135 4994 1786 5069">
    <p class='ocr_par' dir='ltr' id='par_1_101' title="bbox 135 4994 1786 5069">
     <span class='ocr_line' id='line_1_101' title="bbox 135 4994 1786 5069; baseline -0.001 -17"><span class='ocrx_word' id='word_1_731' title='bbox 135 4999 424 5064; x_wconf 81' lang='lat' dir='ltr'><strong>videntur,</strong></span> <span class='ocrx_word' id='word_1_732' title='bbox 459 4996 686 5069; x_wconf 88' lang='lat' dir='ltr'><strong>potiora</strong></span> <span class='ocrx_word' id='word_1_733' title='bbox 741 5011 870 5050; x_wconf 90' lang='lat' dir='ltr'><strong>esse</strong></span> <span class='ocrx_word' id='word_1_734' title='bbox 918 4994 1053 5066; x_wconf 90' lang='lat' dir='ltr'><strong>quis</strong></span> <span class='ocrx_word' id='word_1_735' title='bbox 1104 4998 1311 5067; x_wconf 83' lang='lat' dir='ltr'><strong>neget;</strong></span> <span class='ocrx_word' id='word_1_736' title='bbox 1358 5012 1492 5051; x_wconf 88' lang='lat' dir='ltr'><strong>cum</strong></span> <span class='ocrx_word' id='word_1_737' title='bbox 1542 5013 1609 5052; x_wconf 90' lang='lat' dir='ltr'><strong>ea</strong></span> <span class='ocrx_word' id='word_1_738' title='bbox 1660 5013 1786 5069; x_wconf 73' lang='lat' dir='ltr'><strong>quas</strong></span> 
     </span>
    </p>
   </div>
   <div class='ocr_carea' id='block_1_102' title="bbox 136 5081 1787 5157">
    <p class='ocr_par' dir='ltr' id='par_1_102' title="bbox 136 5081 1787 5157">
     <span class='ocr_line' id='line_1_102' title="bbox 136 5081 1787 5157; baseline -0.001 -16"><span class='ocrx_word' id='word_1_739' title='bbox 136 5085 426 5152; x_wconf 83' lang='lat' dir='ltr'><strong>videntur,</strong></span> <span class='ocrx_word' id='word_1_740' title='bbox 459 5081 810 5157; x_wconf 89' lang='lat' dir='ltr'><strong>temporalia</strong></span> <span class='ocrx_word' id='word_1_741' title='bbox 834 5081 973 5147; x_wconf 89' lang='lat' dir='ltr'><strong>sint,</strong></span> <span class='ocrx_word' id='word_1_742' title='bbox 1004 5086 1215 5137; x_wconf 72' lang='lat' dir='ltr'><strong>aeterna</strong></span> <span class='ocrx_word' id='word_1_743' title='bbox 1257 5087 1450 5139; x_wconf 90' lang='lat' dir='ltr'><strong>autem</strong></span> <span class='ocrx_word' id='word_1_744' title='bbox 1500 5102 1625 5157; x_wconf 71' lang='lat' dir='ltr'><strong>qum</strong></span> <span class='ocrx_word' id='word_1_745' title='bbox 1672 5102 1787 5141; x_wconf 91' lang='lat' dir='ltr'><strong>non</strong></span> 
     </span>
    </p>
   </div>
   <div class='ocr_carea' id='block_1_103' title="bbox 204 5205 1786 5283">
    <p class='ocr_par' dir='ltr' id='par_1_103' title="bbox 204 5205 1786 5283">
     <span class='ocr_line' id='line_1_103' title="bbox 204 5205 1786 5283; baseline -0.001 -17"><span class='ocrx_word' id='word_1_746' title='bbox 204 5210 315 5283; x_wconf 77' lang='grc'>(11)</span> <span class='ocrx_word' id='word_1_747' title='bbox 335 5209 475 5265; x_wconf 79' lang='lat' dir='ltr'><strong>Mss.</strong></span> <span class='ocrx_word' id='word_1_748' title='bbox 496 5207 723 5283; x_wconf 88' lang='lat' dir='ltr'><strong>aliquot</strong></span> <span class='ocrx_word' id='word_1_749' title='bbox 751 5223 819 5262; x_wconf 90' lang='lat' dir='ltr'><strong>ac</strong></span> <span class='ocrx_word' id='word_1_750' title='bbox 848 5205 1138 5283; x_wconf 84' lang='lat' dir='ltr'><strong>edit_..G_ill.</strong></span> <span class='ocrx_word' id='word_1_751' title='bbox 1157 5205 1223 5283; x_wconf 88' lang='lat' dir='ltr'><strong>in</strong></span> <span class='ocrx_word' id='word_1_752' title='bbox 1251 5208 1786 5283; x_wconf 70' lang='lat' dir='ltr'><strong>margine,etRom.</strong></span> 
     </span>
    </p>
   </div>
   <div class='ocr_carea' id='block_1_104' title="bbox 142 5277 1789 5353">
    <p class='ocr_par' dir='ltr' id='par_1_104' title="bbox 142 5277 1789 5353">
     <span class='ocr_line' id='line_1_104' title="bbox 142 5277 1789 5353; baseline 0.001 -18"><span class='ocrx_word' id='word_1_753' title='bbox 142 5277 495 5353; x_wconf 74' lang='lat' dir='ltr'><strong>incorpore,</strong></span> <span class='ocrx_word' id='word_1_754' title='bbox 528 5277 1167 5353; x_wconf 67' lang='lat' dir='ltr'><strong>informemmateriam.</strong></span> <span class='ocrx_word' id='word_1_755' title='bbox 1198 5277 1313 5333; x_wconf 86' lang='lat' dir='ltr'><strong>Alii</strong></span> <span class='ocrx_word' id='word_1_756' title='bbox 1374 5277 1577 5353; x_wconf 71' lang='lat' dir='ltr'><strong>novem</strong></span> <span class='ocrx_word' id='word_1_757' title='bbox 1637 5281 1789 5353; x_wconf 84' lang='lat' dir='ltr'><strong>opti-</strong></span> 
     </span>
    </p>
   </div>
   <div class='ocr_carea' id='block_1_105' title="bbox 140 5348 1792 5419">
    <p class='ocr_par' dir='ltr' id='par_1_105' title="bbox 140 5348 1792 5419">
     <span class='ocr_line' id='line_1_105' title="bbox 140 5348 1792 5419; baseline -0.001 -11"><span class='ocrx_word' id='word_1_758' title='bbox 140 5370 235 5408; x_wconf 74' lang='lat' dir='ltr'><strong>ma:</strong></span> <span class='ocrx_word' id='word_1_759' title='bbox 284 5348 439 5408; x_wconf 69' lang='lat' dir='ltr'><strong>nota:</strong></span> <span class='ocrx_word' id='word_1_760' title='bbox 488 5356 545 5408; x_wconf 90' lang='lat' dir='ltr'><strong>et</strong></span> <span class='ocrx_word' id='word_1_761' title='bbox 585 5348 699 5408; x_wconf 74' lang='lat' dir='ltr'><strong>vet.</strong></span> <span class='ocrx_word' id='word_1_762' title='bbox 754 5350 921 5419; x_wconf 87' lang='lat' dir='ltr'><strong>edit.,</strong></span> <span class='ocrx_word' id='word_1_763' title='bbox 954 5348 1356 5419; x_wconf 78' lang='lat' dir='ltr'><strong>inﬁmitatem,</strong></span> <span class='ocrx_word' id='word_1_764' title='bbox 1388 5350 1445 5405; x_wconf 92' lang='lat' dir='ltr'><strong>id</strong></span> <span class='ocrx_word' id='word_1_765' title='bbox 1477 5356 1583 5419; x_wconf 89' lang='lat' dir='ltr'><strong>est,</strong></span> <span class='ocrx_word' id='word_1_766' title='bbox 1618 5348 1691 5407; x_wconf 75' lang='lat' dir='ltr'><strong>ut</strong></span> <span class='ocrx_word' id='word_1_767' title='bbox 1711 5351 1792 5407; x_wconf 86' lang='lat' dir='ltr'><strong>ait</strong></span> 
     </span>
    </p>
   </div>
   <div class='ocr_carea' id='block_1_106' title="bbox 142 5423 886 5496">
    <p class='ocr_par' dir='ltr' id='par_1_106' title="bbox 142 5423 886 5496">
     <span class='ocr_line' id='line_1_106' title="bbox 142 5423 886 5496; baseline -0.007 -16"><span class='ocrx_word' id='word_1_768' title='bbox 142 5423 426 5496; x_wconf 80' lang='lat' dir='ltr'><strong>Latinius,</strong></span> <span class='ocrx_word' id='word_1_769' title='bbox 454 5425 886 5496; x_wconf 82' lang='lat' dir='ltr'><strong>corruptionem.</strong></span> 
     </span>
    </p>
   </div>
   <div class='ocr_carea' id='block_1_107' title="bbox 198 5490 1793 5567">
    <p class='ocr_par' dir='ltr' id='par_1_107' title="bbox 198 5490 1793 5567">
     <span class='ocr_line' id='line_1_107' title="bbox 198 5490 1793 5567; baseline -0.001 -16"><span class='ocrx_word' id='word_1_770' title='bbox 198 5498 314 5567; x_wconf 87' lang='grc'>(12)</span> <span class='ocrx_word' id='word_1_771' title='bbox 364 5495 511 5550; x_wconf 85' lang='lat' dir='ltr'><strong>Edit.</strong></span> <span class='ocrx_word' id='word_1_772' title='bbox 545 5490 748 5552; x_wconf 79' lang='lat' dir='ltr'><strong>omnes</strong></span> <span class='ocrx_word' id='word_1_773' title='bbox 796 5490 1068 5567; x_wconf 84' lang='lat' dir='ltr'><strong>unanimi</strong></span> <span class='ocrx_word' id='word_1_774' title='bbox 1113 5507 1426 5567; x_wconf 83' lang='lat' dir='ltr'><strong>consensu,</strong></span> <span class='ocrx_word' id='word_1_775' title='bbox 1476 5492 1688 5567; x_wconf 87' lang='lat' dir='ltr'><strong>addidit</strong></span> <span class='ocrx_word' id='word_1_776' title='bbox 1725 5493 1793 5550; x_wconf 86' lang='lat' dir='ltr'><strong>de</strong></span> 
     </span>
    </p>
   </div>
   <div class='ocr_carea' id='block_1_108' title="bbox 140 5563 1787 5634">
    <p class='ocr_par' dir='ltr' id='par_1_108' title="bbox 140 5563 1787 5634">
     <span class='ocr_line' id='line_1_108' title="bbox 140 5563 1787 5634; baseline 0.001 -11"><span class='ocrx_word' id='word_1_777' title='bbox 140 5563 411 5625; x_wconf 70' lang='lat' dir='ltr'><strong>celeritate</strong></span> <span class='ocrx_word' id='word_1_778' title='bbox 431 5568 789 5634; x_wconf 80' lang='lat' dir='ltr'><strong>conditionis,</strong></span> <span class='ocrx_word' id='word_1_779' title='bbox 818 5564 996 5622; x_wconf 82' lang='lat' dir='ltr'><strong>Fecit.</strong></span> <span class='ocrx_word' id='word_1_780' title='bbox 1030 5566 1105 5618; x_wconf 85' lang='lat' dir='ltr'><strong>At</strong></span> <span class='ocrx_word' id='word_1_781' title='bbox 1133 5563 1219 5619; x_wconf 81' lang='lat' dir='ltr'><strong>hae</strong></span> <span class='ocrx_word' id='word_1_782' title='bbox 1249 5580 1419 5623; x_wconf 89' lang='lat' dir='ltr'><strong>voces</strong></span> <span class='ocrx_word' id='word_1_783' title='bbox 1478 5567 1552 5625; x_wconf 83' lang='lat' dir='ltr'><strong>de</strong></span> <span class='ocrx_word' id='word_1_784' title='bbox 1597 5566 1787 5626; x_wconf 83' lang='lat' dir='ltr'><strong>celeri-</strong></span> 
     </span>
    </p>
   </div>
   <div class='ocr_carea' id='block_1_109' title="bbox 141 5635 1432 5702">
    <p class='ocr_par' dir='ltr' id='par_1_109' title="bbox 141 5635 1432 5702">
     <span class='ocr_line' id='line_1_109' title="bbox 141 5635 1432 5702; baseline -0.005 0"><span class='ocrx_word' id='word_1_785' title='bbox 141 5646 232 5701; x_wconf 70' lang='lat' dir='ltr'><strong>tate</strong></span> <span class='ocrx_word' id='word_1_786' title='bbox 265 5638 589 5702; x_wconf 76' lang='lat' dir='ltr'><strong>conditionis</strong></span> <span class='ocrx_word' id='word_1_787' title='bbox 615 5640 838 5699; x_wconf 82' lang='lat' dir='ltr'><strong>desunt</strong></span> <span class='ocrx_word' id='word_1_788' title='bbox 869 5635 932 5696; x_wconf 88' lang='lat' dir='ltr'><strong>in</strong></span> <span class='ocrx_word' id='word_1_789' title='bbox 968 5649 1113 5697; x_wconf 81' lang='lat' dir='ltr'><strong>mss.</strong></span> <span class='ocrx_word' id='word_1_790' title='bbox 1136 5635 1432 5698; x_wconf 83' lang='lat' dir='ltr'><strong>omnibus.</strong></span> 
     </span>
    </p>
   </div>
   <div class='ocr_carea' id='block_1_110' title="bbox 442 5764 925 5837">
    <p class='ocr_par' dir='ltr' id='par_1_110' title="bbox 442 5764 925 5837">
     <span class='ocr_line' id='line_1_110' title="bbox 442 5764 925 5837; baseline -0.014 1"><span class='ocrx_word' id='word_1_791' title='bbox 442 5768 706 5837; x_wconf 60' lang='lat' dir='ltr'><strong>Panos.</strong></span> <span class='ocrx_word' id='word_1_792' title='bbox 754 5764 925 5833; x_wconf 79' lang='lat' dir='ltr'><strong>XIV.</strong></span> 
     </span>
    </p>
   </div>
   <div class='ocr_carea' id='block_1_111' title="bbox 1895 4642 3541 4718">
    <p class='ocr_par' dir='ltr' id='par_1_111' title="bbox 1895 4642 3541 4718">
     <span class='ocr_line' id='line_1_111' title="bbox 1895 4642 3541 4718; baseline 0.002 -18"><span class='ocrx_word' id='word_1_793' title='bbox 1895 4660 2023 4700; x_wconf 90' lang='lat' dir='ltr'><strong>esse</strong></span> <span class='ocrx_word' id='word_1_794' title='bbox 2093 4642 2395 4715; x_wconf 90' lang='lat' dir='ltr'><strong>disputant</strong></span> <span class='ocrx_word' id='word_1_795' title='bbox 2462 4650 2808 4711; x_wconf 87' lang='lat' dir='ltr'><strong>creaturam,</strong></span> <span class='ocrx_word' id='word_1_796' title='bbox 2860 4660 3188 4718; x_wconf 90' lang='lat' dir='ltr'><strong>corpusque</strong></span> <span class='ocrx_word' id='word_1_797' title='bbox 3239 4646 3541 4703; x_wconf 86' lang='lat' dir='ltr'><strong>materiale</strong></span> 
     </span>
    </p>
   </div>
   <div class='ocr_carea' id='block_1_112' title="bbox 1896 4729 3542 4804">
    <p class='ocr_par' dir='ltr' id='par_1_112' title="bbox 1896 4729 3542 4804">
     <span class='ocr_line' id='line_1_112' title="bbox 1896 4729 3542 4804; baseline 0.001 -16"><span class='ocrx_word' id='word_1_798' title='bbox 1896 4732 2102 4788; x_wconf 88' lang='lat' dir='ltr'><strong>mundi</strong></span> <span class='ocrx_word' id='word_1_799' title='bbox 2123 4729 2405 4787; x_wconf 89' lang='lat' dir='ltr'><strong>invisibili</strong></span> <span class='ocrx_word' id='word_1_800' title='bbox 2424 4730 2506 4786; x_wconf 89' lang='lat' dir='ltr'><strong>illi</strong></span> <span class='ocrx_word' id='word_1_801' title='bbox 2530 4738 2702 4804; x_wconf 82' lang='lat' dir='ltr'><strong>atque</strong></span> <span class='ocrx_word' id='word_1_802' title='bbox 2731 4732 3118 4789; x_wconf 83' lang='lat' dir='ltr'><strong>inaccessibili</strong></span> <span class='ocrx_word' id='word_1_803' title='bbox 3151 4738 3371 4790; x_wconf 65' lang='lat' dir='ltr'><strong>natura;</strong></span> <span class='ocrx_word' id='word_1_804' title='bbox 3400 4735 3542 4790; x_wconf 85' lang='lat' dir='ltr'><strong>divi-</strong></span> 
     </span>
    </p>
   </div>
   <div class='ocr_carea' id='block_1_113' title="bbox 1898 4820 3541 4894">
    <p class='ocr_par' dir='ltr' id='par_1_113' title="bbox 1898 4820 3541 4894">
     <span class='ocr_line' id='line_1_113' title="bbox 1898 4820 3541 4894; baseline 0.001 -17"><span class='ocrx_word' id='word_1_805' title='bbox 1898 4840 1982 4877; x_wconf 77' lang='lat' dir='ltr'><strong>me</strong></span> <span class='ocrx_word' id='word_1_806' title='bbox 2015 4820 2490 4893; x_wconf 85' lang='lat' dir='ltr'><strong>conjungendum</strong></span> <span class='ocrx_word' id='word_1_807' title='bbox 2526 4824 2754 4893; x_wconf 90' lang='lat' dir='ltr'><strong>putant,</strong></span> <span class='ocrx_word' id='word_1_808' title='bbox 2790 4839 2923 4877; x_wconf 90' lang='lat' dir='ltr'><strong>cum</strong></span> <span class='ocrx_word' id='word_1_809' title='bbox 2957 4824 3278 4894; x_wconf 57' lang='lat' dir='ltr'><strong>praesertim</strong></span> <span class='ocrx_word' id='word_1_810' title='bbox 3327 4840 3541 4879; x_wconf 89' lang='lat' dir='ltr'><strong>secun-</strong></span> 
     </span>
    </p>
   </div>
   <div class='ocr_carea' id='block_1_114' title="bbox 1897 4910 3543 4984">
    <p class='ocr_par' dir='ltr' id='par_1_114' title="bbox 1897 4910 3543 4984">
     <span class='ocr_line' id='line_1_114' title="bbox 1897 4910 3543 4984; baseline 0.001 -19"><span class='ocrx_word' id='word_1_811' title='bbox 1897 4911 2038 4965; x_wconf 90' lang='lat' dir='ltr'><strong>dum</strong></span> <span class='ocrx_word' id='word_1_812' title='bbox 2092 4926 2260 4965; x_wconf 90' lang='lat' dir='ltr'><strong>suam</strong></span> <span class='ocrx_word' id='word_1_813' title='bbox 2313 4910 2662 4965; x_wconf 88' lang='lat' dir='ltr'><strong>sententiam</strong></span> <span class='ocrx_word' id='word_1_814' title='bbox 2693 4927 2805 4965; x_wconf 91' lang='lat' dir='ltr'><strong>non</strong></span> <span class='ocrx_word' id='word_1_815' title='bbox 2854 4910 3082 4982; x_wconf 88' lang='lat' dir='ltr'><strong>possint</strong></span> <span class='ocrx_word' id='word_1_816' title='bbox 3138 4928 3369 4983; x_wconf 86' lang='lat' dir='ltr'><strong>negare,</strong></span> <span class='ocrx_word' id='word_1_817' title='bbox 3403 4928 3543 4984; x_wconf 91' lang='lat' dir='ltr'><strong>quo-</strong></span> 
     </span>
    </p>
   </div>
   <div class='ocr_carea' id='block_1_115' title="bbox 1899 4998 3543 5070">
    <p class='ocr_par' dir='ltr' id='par_1_115' title="bbox 1899 4998 3543 5070">
     <span class='ocr_line' id='line_1_115' title="bbox 1899 4998 3543 5070; baseline 0.001 -18"><span class='ocrx_word' id='word_1_818' title='bbox 1899 4999 2055 5053; x_wconf 89' lang='lat' dir='ltr'><strong>niam</strong></span> <span class='ocrx_word' id='word_1_819' title='bbox 2109 4999 2278 5069; x_wconf 82' lang='lat' dir='ltr'><strong>cujus</strong></span> <span class='ocrx_word' id='word_1_820' title='bbox 2364 5003 2556 5070; x_wconf 88' lang='lat' dir='ltr'><strong>partes</strong></span> <span class='ocrx_word' id='word_1_821' title='bbox 2625 4998 2981 5068; x_wconf 88' lang='lat' dir='ltr'><strong>corruptioni</strong></span> <span class='ocrx_word' id='word_1_822' title='bbox 3039 5003 3096 5053; x_wconf 91' lang='lat' dir='ltr'><strong>et</strong></span> <span class='ocrx_word' id='word_1_823' title='bbox 3166 4998 3543 5055; x_wconf 89' lang='lat' dir='ltr'><strong>mutabilitati</strong></span> 
     </span>
    </p>
   </div>
   <div class='ocr_carea' id='block_1_116' title="bbox 1899 5086 3542 5158">
    <p class='ocr_par' dir='ltr' id='par_1_116' title="bbox 1899 5086 3542 5158">
     <span class='ocr_line' id='line_1_116' title="bbox 1899 5086 3542 5158; baseline 0.001 -16"><span class='ocrx_word' id='word_1_824' title='bbox 1899 5086 2222 5158; x_wconf 87' lang='lat' dir='ltr'><strong>subjacent,</strong></span> <span class='ocrx_word' id='word_1_825' title='bbox 2257 5086 2436 5156; x_wconf 89' lang='lat' dir='ltr'><strong>hujus</strong></span> <span class='ocrx_word' id='word_1_826' title='bbox 2470 5102 2703 5141; x_wconf 90' lang='lat' dir='ltr'><strong>necesse</strong></span> <span class='ocrx_word' id='word_1_827' title='bbox 2734 5091 2824 5141; x_wconf 89' lang='lat' dir='ltr'><strong>est</strong></span> <span class='ocrx_word' id='word_1_828' title='bbox 2853 5086 3293 5142; x_wconf 87' lang='lat' dir='ltr'><strong>universitatem</strong></span> <span class='ocrx_word' id='word_1_829' title='bbox 3332 5086 3542 5143; x_wconf 89' lang='lat' dir='ltr'><strong>iisdem</strong></span> 
     </span>
    </p>
   </div>
   <div class='ocr_carea' id='block_1_117' title="bbox 1972 5208 3541 5283">
    <p class='ocr_par' dir='ltr' id='par_1_117' title="bbox 1972 5208 3541 5283">
     <span class='ocr_line' id='line_1_117' title="bbox 1972 5208 3541 5283; baseline 0.001 -18"><span class='ocrx_word' id='word_1_830' title='bbox 1972 5210 2089 5283; x_wconf 74' lang='lat' dir='ltr'><strong>(l3)</strong></span> <span class='ocrx_word' id='word_1_831' title='bbox 2112 5210 2194 5263; x_wconf 89' lang='lat' dir='ltr'><strong>Ita</strong></span> <span class='ocrx_word' id='word_1_832' title='bbox 2233 5208 2509 5283; x_wconf 85' lang='lat' dir='ltr'><strong>tredecim</strong></span> <span class='ocrx_word' id='word_1_833' title='bbox 2544 5208 2928 5283; x_wconf 88' lang='lat' dir='ltr'><strong>mss.et_edi_t.</strong></span> <span class='ocrx_word' id='word_1_834' title='bbox 2951 5212 3061 5263; x_wconf 91' lang='lat' dir='ltr'><strong>vet.</strong></span> <span class='ocrx_word' id='word_1_835' title='bbox 3096 5212 3170 5263; x_wconf 81' lang='lat' dir='ltr'><strong>At</strong></span> <span class='ocrx_word' id='word_1_836' title='bbox 3196 5208 3333 5264; x_wconf 86' lang='lat' dir='ltr'><strong>edit.</strong></span> <span class='ocrx_word' id='word_1_837' title='bbox 3351 5209 3541 5280; x_wconf 83' lang='lat' dir='ltr'><strong>Rom.,</strong></span> 
     </span>
    </p>
   </div>
   <div class='ocr_carea' id='block_1_118' title="bbox 1899 5279 3544 5353">
    <p class='ocr_par' dir='ltr' id='par_1_118' title="bbox 1899 5279 3544 5353">
     <span class='ocr_line' id='line_1_118' title="bbox 1899 5279 3544 5353; baseline 0.001 -17"><span class='ocrx_word' id='word_1_838' title='bbox 1899 5279 2170 5336; x_wconf 83' lang='lat' dir='ltr'><strong>momento</strong></span> <span class='ocrx_word' id='word_1_839' title='bbox 2215 5296 2328 5334; x_wconf 82' lang='lat' dir='ltr'><strong>suae</strong></span> <span class='ocrx_word' id='word_1_840' title='bbox 2393 5281 2688 5335; x_wconf 85' lang='lat' dir='ltr'><strong>voluntatis</strong></span> <span class='ocrx_word' id='word_1_841' title='bbox 2736 5279 3053 5349; x_wconf 83' lang='lat' dir='ltr'><strong>absolueret,</strong></span> <span class='ocrx_word' id='word_1_842' title='bbox 3103 5284 3156 5336; x_wconf 87' lang='lat' dir='ltr'><strong>et</strong></span> <span class='ocrx_word' id='word_1_843' title='bbox 3213 5282 3544 5353; x_wconf 81' lang='lat' dir='ltr'><strong>Operationis</strong></span> 
     </span>
    </p>
   </div>
   <div class='ocr_carea' id='block_1_119' title="bbox 1899 5355 2504 5424">
    <p class='ocr_par' dir='ltr' id='par_1_119' title="bbox 1899 5355 2504 5424">
     <span class='ocr_line' id='line_1_119' title="bbox 1899 5355 2504 5424; baseline -0.008 -16"><span class='ocrx_word' id='word_1_844' title='bbox 1899 5355 2096 5424; x_wconf 79' lang='lat' dir='ltr'><strong>eﬂeclu</strong></span> <span class='ocrx_word' id='word_1_845' title='bbox 2123 5366 2363 5424; x_wconf 74' lang='lat' dir='ltr'><strong>sensum,</strong></span> <span class='ocrx_word' id='word_1_846' title='bbox 2395 5355 2504 5424; x_wconf 81' lang='lat' dir='ltr'><strong>etc.</strong></span> 
     </span>
    </p>
   </div>
   <div class='ocr_carea' id='block_1_120' title="bbox 1970 5421 3399 5495">
    <p class='ocr_par' dir='ltr' id='par_1_120' title="bbox 1970 5421 3399 5495">
     <span class='ocr_line' id='line_1_120' title="bbox 1970 5421 3399 5495; baseline 0.003 -18"><span class='ocrx_word' id='word_1_847' title='bbox 1970 5424 2083 5493; x_wconf 78' lang='grc'>(14)</span> <span class='ocrx_word' id='word_1_848' title='bbox 2115 5421 2282 5495; x_wconf 70' lang='lat' dir='ltr'><strong>Qarn.</strong></span> <span class='ocrx_word' id='word_1_849' title='bbox 2317 5421 2509 5490; x_wconf 90' lang='lat' dir='ltr'><strong>codd.,</strong></span> <span class='ocrx_word' id='word_1_850' title='bbox 2540 5436 2758 5476; x_wconf 82' lang='lat' dir='ltr'><strong>sensum</strong></span> <span class='ocrx_word' id='word_1_851' title='bbox 2782 5423 3021 5495; x_wconf 79' lang='lat' dir='ltr'><strong>corporis</strong></span> <span class='ocrx_word' id='word_1_852' title='bbox 3046 5426 3314 5495; x_wconf 72' lang='lat' dir='ltr'><strong>praevenit</strong></span> <span class='ocrx_word' id='word_1_853' title='bbox 3328 5429 3399 5481; x_wconf 87' lang='lat' dir='ltr'><strong>et.</strong></span> 
     </span>
    </p>
   </div>
   <div class='ocr_carea' id='block_1_121' title="bbox 1975 5490 3545 5578">
    <p class='ocr_par' dir='ltr' id='par_1_121' title="bbox 1975 5490 3545 5578">
     <span class='ocr_line' id='line_1_121' title="bbox 1975 5490 3545 5578; baseline 0.004 -28"><span class='ocrx_word' id='word_1_854' title='bbox 1975 5490 2088 5578; x_wconf 74' lang='grc'>(15)</span> <span class='ocrx_word' id='word_1_855' title='bbox 2119 5490 2882 5578; x_wconf 43' lang='grc' dir='ltr'><strong>Οθηεςρξῐιηεςωορικέντρονέ</strong></span> <span class='ocrx_word' id='word_1_856' title='bbox 2908 5490 2966 5549; x_wconf 91' lang='lat' dir='ltr'><strong>id</strong></span> <span class='ocrx_word' id='word_1_857' title='bbox 2990 5490 3083 5578; x_wconf 59' lang='lat' dir='ltr'><strong>est</strong></span> <span class='ocrx_word' id='word_1_858' title='bbox 3139 5495 3412 5555; x_wconf 84' lang='lat' dir='ltr'><strong>stimulus</strong></span> <span class='ocrx_word' id='word_1_859' title='bbox 3454 5495 3545 5556; x_wconf 86' lang='lat' dir='ltr'><strong>vel</strong></span> 
     </span>
    </p>
   </div>
   <div class='ocr_carea' id='block_1_122' title="bbox 1901 5562 3613 5643">
    <p class='ocr_par' dir='ltr' id='par_1_122' title="bbox 1901 5562 3613 5643">
     <span class='ocr_line' id='line_1_122' title="bbox 1901 5562 3613 5643; baseline -0.002 -17"><span class='ocrx_word' id='word_1_860' title='bbox 1901 5562 2216 5643; x_wconf 85' lang='lat' dir='ltr'><strong>spiculum.</strong></span> <span class='ocrx_word' id='word_1_861' title='bbox 2248 5562 2391 5622; x_wconf 89' lang='lat' dir='ltr'><strong>Vide</strong></span> <span class='ocrx_word' id='word_1_862' title='bbox 2422 5562 2571 5622; x_wconf 78' lang='lat' dir='ltr'><strong>intra</strong></span> <span class='ocrx_word' id='word_1_863' title='bbox 2598 5562 2699 5623; x_wconf 90' lang='lat' dir='ltr'><strong>lib.</strong></span> <span class='ocrx_word' id='word_1_864' title='bbox 2735 5562 2787 5640; x_wconf 77' lang='lat' dir='ltr'><strong>v,</strong></span> <span class='ocrx_word' id='word_1_865' title='bbox 2817 5579 2942 5640; x_wconf 89' lang='lat' dir='ltr'><strong>cap.</strong></span> <span class='ocrx_word' id='word_1_866' title='bbox 2982 5566 3067 5625; x_wconf 89' lang='lat'><strong>10.</strong></span> <span class='ocrx_word' id='word_1_867' title='bbox 3609 5581 3613 5584; x_wconf 67' lang='lat'><strong><em>&#39;</em></strong></span> 
     </span>
    </p>
   </div>
   <div class='ocr_carea' id='block_1_123' title="bbox 3187 5771 3224 5842">
    <p class='ocr_par' dir='ltr' id='par_1_123' title="bbox 3187 5771 3224 5842">
     <span class='ocr_line' id='line_1_123' title="bbox 3187 5771 3224 5842; baseline 0 0"><span class='ocrx_word' id='word_1_868' title='bbox 3187 5771 3224 5842; x_wconf 71' lang='grc' dir='ltr'><strong>ὃ</strong></span> 
     </span>
    </p>
   </div>
  </div>
