3938 6214
424 370 542 431 139

1884 372 1950 433 S.
1994 363 2363 430 AMBROSII

3580 329 3802 425 luo

426 503 826 577 passionibus,
858 503 1073 575 quibus
1103 504 1349 576 propria:
1389 505 1685 576 portiones
1743 506 1870 575 ejus
1928 510 2063 559 sunt
2093 512 2148 571 Α
2177 501 2446 554 dixerat:
2490 499 2766 554 Germinct
2832 506 2979 553 terra
3027 498 3253 552 herbam
3321 497 3461 565 feni,
3517 499 3799 562 seminans,

425 592 707 661 obnoxiae,
742 591 1083 663 subjacere?

1065 699 1296 755 CAPUT
1338 700 1429 754 IV.

424 791 837 861 Principiorum
884 791 1040 843 varia
1082 806 1285 857 genera
1320 807 1333 843 :
1365 794 1415 843 et
1448 792 1629 859 inquo
1689 791 1828 844 Deus
1882 792 2071 861 fecisse

765 862 958 915 ca'lum
984 878 1047 913 ac
1078 871 1277 915 terram
1307 862 1714 930 intelligendus.

507 954 587 1006 I2.
609 950 963 1021 Principium
986 950 1162 1019 igitur
1182 966 1309 1004 esse
1340 951 1506 1004 docet
1535 950 1894 1020 quidicit:ln
1917 952 2071 1021 prin-

426 1042 569 1111 cipio
598 1041 729 1109 fecit
760 1040 899 1093 Deus
928 1041 1121 1092 cwlum
1152 1042 1199 1092 et
1232 1048 1454 1093 terram.
1490 1038 1843 1110 Principium
1878 1045 2072 1094 autem

430 1129 503 1184 ad
536 1133 769 1199 tempus
795 1127 1062 1195 refertur,
1080 1132 1181 1181 aut
1212 1128 1282 1181 ad
1316 1133 1763 1193 numerum,aut
1785 1129 1855 1182 ad
1877 1129 2074 1183 funda-

432 1222 697 1273 mentum
716 1235 729 1284 ;
746 1233 859 1288 quo
882 1217 1056 1270 modo
1078 1216 1135 1270 in
1152 1217 1494 1271 aediﬁcanda
1510 1218 1683 1271 domo
1704 1217 1933 1271 initium
1954 1219 2076 1271 fun-

432 1307 773 1361 damentum
800 1310 908 1360 est.
942 1305 1299 1376 Principium
1330 1322 1559 1376 quoque
1589 1307 1982 1361 conversionis
2020 1312 2077 1361 et

432 1394 858 1466 depravationis
891 1394 1001 1447 diei
1028 1411 1196 1464 posse
1220 1394 1651 1464 Scripturarum
1670 1396 2078 1467 cognoscimus

430 1484 798 1539 auctoritate.
835 1484 932 1537 Est
984 1486 1039 1536 et
1085 1482 1440 1553 principium
1486 1484 1630 1538 artis
1680 1501 1774 1538 ars
1824 1485 1969 1555 ipsa,
2011 1501 2079 1539 ex

430 1588 548 1644 qua
575 1571 866 1627 artiﬁcum
900 1570 1263 1626 diversorum
1296 1572 1568 1644 deinceps
1599 1574 1771 1644 cmpit
1798 1574 2075 1645 Operatio.

428 1661 530 1715 Est
559 1660 736 1715 etiam
767 1658 1123 1731 principium
1160 1660 1447 1715 bonorum
1476 1678 1717 1731 operum
1768 1662 1903 1716 ﬁnis
1930 1662 2078 1733 opti-

431 1767 586 1813 mus,
619 1752 684 1803 ut
715 1748 1130 1803 misericordia:
1162 1748 1518 1820 principium
1550 1754 1658 1816 est,
1692 1750 1807 1805 Deo
1855 1751 2081 1822 placere

432 1838 587 1911 quod
620 1836 817 1893 facias.
853 1839 929 1891 Eo
962 1837 1116 1891 enim
1158 1838 1229 1891 ad
1266 1839 1683 1893 conferendum
1743 1839 2082 1895 hominibus

432 1926 761 1983 subsidium
794 1926 1044 1980 maxime
1074 1943 1477 1997 provocamur.
1511 1928 1613 1982 Est
1660 1929 1835 1983 etiam
1897 1930 2080 1985 virtus

434 2015 652 2080 divina,
685 2031 814 2085 qua:
846 2014 953 2069 hac
978 2014 1323 2086 exprimitur
1369 2016 1774 2087 appellatione.
1806 2019 1888 2072 Ad
1945 2023 2083 2073 tem-

434 2121 547 2177 pus
578 2104 846 2173 refertur,
879 2103 927 2158 si
957 2103 1099 2158 velis
1131 2104 1320 2159 dicere
1352 2105 1410 2158 in
1459 2122 1574 2176 quo
1623 2111 1883 2177 tempore
1928 2108 2081 2163 Deus

436 2194 570 2249 fecit
627 2191 838 2247 caslum
895 2196 950 2247 et
1008 2196 1245 2259 terram,
1281 2194 1334 2247 id
1367 2199 1455 2249 est
1514 2196 1569 2249 in
1627 2195 1858 2251 exordio
1910 2214 2079 2251 mun-

434 2282 515 2349 di,
547 2282 784 2353 quando
833 2281 957 2336 ﬁeri
1003 2282 1196 2353 cmpit,
1232 2283 1381 2337 sicut
1431 2283 1511 2337 ait
1557 2284 1899 2354 Sapientia:
1944 2288 2081 2341 Cum

429 2372 656 2442 pararet
711 2370 928 2440 ewlum,
960 2386 1084 2424 cum
1140 2372 1237 2425 illo
1289 2388 1439 2426 eram
1490 2374 1667 2443 (Prov.
1701 2390 1820 2441 vm,
1850 2377 1960 2445 27).
1994 2376 2079 2430 Ad

435 2475 749 2515 numerum
807 2460 1000 2514 autem
1035 2459 1083 2514 si
1125 2459 1363 2529 referas,
1404 2460 1487 2515 ita
1542 2463 1828 2529 convenit,
1862 2468 1926 2518 ut
1984 2481 2080 2519 ac-

432 2548 658 2621 cipias:
708 2548 1002 2619 imprimis
1082 2548 1214 2603 fecit
1272 2553 1425 2604 Deus
1473 2549 1679 2605 caelum
1731 2555 1787 2606 et
1841 2556 2078 2619 terram,

431 2636 641 2693 deinde
672 2635 866 2703 colles,
902 2635 1187 2707 regiones,
1206 2639 1350 2692 lines
1382 2638 1813 2695 inhabitabiles.
1840 2640 1942 2695 Vel
1973 2641 2077 2695 sic:

431 2729 565 2782 ante
624 2725 881 2797 reliquas
933 2725 1193 2780 visibiles
1250 2731 1566 2794 creaturas,
1613 2728 1791 2795 diem,
1828 2735 2078 2797 noctem,

430 2815 592 2888 ligna
622 2814 937 2879 fructifera,
971 2814 1361 2869 animantium
1421 2832 1633 2887 genera
1689 2817 1938 2886 diversa,
1970 2836 2080 2874 co:-

430 2902 557 2960 lum
587 2907 644 2958 et
672 2906 885 2957 terram
919 2902 1070 2956 fecit.
1107 2902 1166 2956 Si
1197 2918 1330 2957 vero
1360 2905 1431 2958 ad
1468 2906 1911 2962 fundamentum
1944 2909 2086 2964 refe-

434 3008 553 3058 ras,
604 2990 963 3062 principium
1020 2996 1186 3046 terrae
1245 2992 1628 3048 fundamenta
1686 3012 1813 3050 esse
1866 2992 2079 3068 legisti,

435 3080 663 3135 dicente
706 3079 1047 3150 Sapientia:
1084 3079 1309 3148 Quando
1362 3083 1532 3151 fortia
1585 3084 1822 3154 faciebat
1876 3086 2078 3155 funda-

431 3176 615 3224 menta
644 3176 826 3236 terrae,
845 3184 996 3223 eram
1020 3185 1184 3239 penes
1214 3170 1375 3223 illum
1404 3179 1596 3226 cuncta
1624 3189 1945 3244 componens
1967 3176 2078 3246 (I6)

2110 1885 2159 1950 B

2178 604 2357 642 semen
2414 587 2711 643 secundum
2740 603 2908 657 genus
2939 591 2989 642 et
3023 586 3321 642 secundum
3374 584 3801 657 similitudinem,

2180 686 2229 731 et
2261 679 2475 745 lignum
2533 680 2884 748 fructi/“erum
2939 679 3147 747 faciens
3184 678 3424 744 fructum
3454 674 3602 745 (Gen.
3635 692 3672 740 ι,
3700 676 3802 745 11).

2182 767 2248 819 Et
2298 767 2495 821 statim
2557 750 2831 837 produxit
2887 771 3041 821 terra
3070 766 3311 820 herbam
3342 763 3479 828 feni,
3511 767 3566 817 et
3592 762 3801 836 lignum

2184 854 2550 909 t'ructiferum
2583 872 2595 910 :
2630 856 2689 909 in
2748 873 2862 927 quo
2922 854 3090 909 nobis
3121 859 3177 908 et
3223 852 3634 907 moderationis
3684 869 3801 924 per-

2184 950 2367 1014 petua:
2423 945 2619 998 divina
2673 944 3058 1015 providentia,
3087 948 3143 998 et
3186 942 3453 997 celeritas
3482 947 3642 996 terrae
3686 958 3800 1013 ger-

2184 1034 2463 1086 niinantis
2495 1034 2564 1087 ad
2587 1033 3031 1088 aestimationem
3069 1050 3258 1087 verme
3290 1033 3641 1103 suffragatur
3675 1035 3800 1086 aeta-

2182 1122 2281 1175 tis.
2315 1121 2458 1175 Nam
2516 1122 2624 1175 etsi
2682 1139 3030 1193 quocunque
3085 1127 3344 1193 tempore
3373 1126 3430 1175 et
3478 1120 3591 1175 Deo
3612 1120 3801 1191 jubere

2187 1216 2523 1281 promptum
2558 1211 2685 1277 fuit,
2705 1216 2760 1265 et
2789 1215 3031 1265 terrente
3060 1216 3279 1264 natura:
3310 1210 3640 1275 obedire,ut
3667 1208 3803 1263 inter

2186 1298 2460 1353 hibernas
2488 1299 2701 1371 glacies
2734 1304 2789 1354 et
2815 1298 3098 1354 hiemales
3120 1300 3359 1371 pruinas
3382 1297 3809 1370 cmlestisimpe»

2186 1386 2254 1441 rii
2289 1388 2409 1441 fotu
2468 1388 2807 1459 germinans
2863 1393 3018 1443 terra
3075 1389 3256 1443 fetum
3290 1388 3629 1460 produceret
3659 1405 3671 1442 :
3698 1403 3801 1441 non

2186 1482 2310 1530 erat
2338 1480 2533 1531 tamen
2567 1477 2965 1549 dispositionis
2996 1482 3217 1533 aeternae
3249 1477 3433 1549 rigido
3464 1476 3663 1533 stricta
3686 1474 3804 1547 gelu

2190 1566 2244 1617 in
2281 1564 2491 1620 virides
2545 1568 2739 1621 subito
2791 1566 3012 1622 fructus
3038 1583 3175 1621 arva
3215 1565 3428 1632 laxare,
3462 1570 3631 1637 atque
3683 1565 3805 1619 hor-

2190 1655 2454 1709 rentibus
2488 1654 2713 1726 pruinis
2739 1655 3043 1710 norulenta
3073 1655 3337 1710 miscere.
3366 1655 3510 1728 Ergo
3547 1658 3607 1710 ut
3629 1658 3804 1710 osten-

2189 1744 2349 1797 deret
2400 1744 2704 1815 Scriptura
2771 1744 2922 1799 veris
2980 1749 3243 1817 tempora
3302 1743 3363 1799 in
3412 1744 3807 1801 constitutione

2192 1832 2416 1899 mundi,
2469 1834 2594 1887 ait:
2638 1834 2831 1888 Mensis
2883 1836 2971 1888 hic
3028 1835 3175 1889 vobis
3231 1836 3459 1889 initium
3540 1834 3804 1899 mensium,

2187 1924 2401 1992 primus
2430 1926 2506 1976 est
2540 1923 2683 1977 vobis
2706 1924 2763 1977 in
2794 1925 3067 1979 mensibus
3087 1925 3245 1991 anni,
3265 1924 3520 1995 primum
3546 1937 3806 1990 mensem,

2188 2027 2431 2065 vernum
2488 2016 2722 2083 tempus
2772 2011 3091 2083 appellans.
3123 2012 3373 2067 Decebat
3416 2012 3574 2067 enim
3614 2010 3807 2083 princi-

2190 2099 2351 2171 pium
2384 2100 2519 2154 anni
2553 2101 2905 2172 principium
2953 2117 3080 2156 esse
3110 2101 3521 2174 generationis,
3555 2107 3610 2157 et
3638 2103 3808 2172 ipsam

2189 2190 2617 2261 generationem
2691 2190 3059 2246 mollioribus
3132 2190 3291 2245 auris
3366 2191 3567 2246 foveri.
3632 2190 3811 2260 Neque

2189 2279 2343 2333 enim
2377 2284 2618 2349 possent
2648 2283 2844 2335 tenera
2876 2296 3068 2335 rerum
3100 2278 3334 2334 exordia
3359 2283 3461 2334 aut
3521 2277 3811 2351 asperioris

2190 2367 2446 2423 laborem
2478 2367 2721 2423 tolerare
2752 2367 3003 2440 frigoris,
3037 2373 3137 2423 aut
3164 2368 3442 2424 torrentis
3470 2372 3651 2423 aestus
3679 2367 3812 2438 inju-

2190 2456 2336 2511 riam
2369 2457 2678 2512 sustinere.

2260 2546 2347 2600 H.
2384 2544 2570 2599 Simul
2627 2545 2784 2600 istud
2838 2540 3135 2600 adveflere
3190 2544 3346 2613 licet,
3371 2544 3514 2617 quia
3535 2546 3661 2616 jure
3698 2561 3815 2600 con-

2191 2633 2391 2701 currit,
2426 2638 2487 2687 ut
2517 2651 2582 2689 eo
2616 2638 2874 2706 tempore
2901 2634 3165 2689 videatur
3202 2634 3261 2688 in
3310 2634 3461 2689 hanc
3511 2633 3814 2707 generatio-

2192 2739 2346 2791 nem,
2380 2728 2555 2794 atque
2608 2724 2665 2777 in
2728 2724 2833 2778 hos
2891 2740 3035 2778 usus
3074 2723 3330 2779 tributus
3359 2723 3680 2795 ingressus,
3711 2737 3814 2793 quo

2194 2816 2449 2882 tempore
2481 2828 2548 2866 ex
2578 2813 2686 2867 hac
2742 2812 3113 2884 generatione
3159 2812 3218 2866 in
3268 2812 3697 2885 generationem
3738 2813 3817 2865 est

2188 2901 2487 2973 legitimus
2532 2902 2837 2956 transitus.
2868 2902 3169 2973 Siquidem
3213 2919 3387 2957 verno
3438 2907 3695 2974 tempore
3721 2899 3814 2955 lilii

2190 2989 2367 3044 Israel
2400 2994 2703 3061 Egyptum
2727 2990 3107 3061 reliquerunt,
3136 2996 3191 3045 et
3222 3008 3323 3062 per
3362 3008 3524 3046 mare
3585 2988 3816 3046 transie-

2191 3084 2346 3149 runt,
2382 3079 2655 3150 baptizati
2718 3079 2776 3133 in
2838 3081 2991 3134 uube
3051 3083 3107 3134 et
3137 3080 3195 3134 in
3226 3080 3393 3151 mari,
3429 3085 3495 3135 ut
3522 3078 3815 3152 Apostolus

2191 3168 2335 3223 dixit
2365 3170 2411 3235 (Ι
2437 3171 2559 3225 Cor.
2592 3185 2646 3235 x,
2682 3167 2732 3235 Ι,
2763 3171 2819 3236 2)
2853 3186 2866 3222 :
2899 3173 2955 3223 et
2983 3185 3049 3223 eo
3081 3173 3338 3240 tempore
3370 3169 3603 3224 Domini
3660 3171 3814 3240 quot-

432 3258 590 3331 (Ibid.
623 3258 735 3329 30).
770 3258 871 3313 Est
902 3258 1077 3312 etiam
1110 3258 1271 3313 bona:
1303 3260 1674 3331 .principium
1732 3263 2075 3335 disciplinae,
2107 3247 2150 3316 C
2190 3258 2359 3313 annis
2410 3258 2549 3313 Jesu
2599 3258 2812 3312 Christi
2886 3257 3110 3313 Pascha
3164 3258 3508 3327 celebratur,
3568 3258 3675 3313 hoc
3738 3260 3816 3311 est

430 3348 585 3405 sicut
616 3352 704 3403 est
733 3346 881 3402 illud
916 3366 928 3403 :
961 3349 1193 3403 [nilium
1221 3351 1505 3420 sapientiz
1534 3357 1610 3405 est
1638 3352 1803 3406 timor
1862 3353 2082 3408 Domini

430 3440 610 3509 (Prov.
645 3454 684 3505 ι,
714 3437 810 3507 7);
843 3436 1120 3507 quoniam
1149 3436 1250 3508 qui
1307 3438 1474 3493 timet
1531 3439 1866 3508 Dominum,
1900 3442 2077 3497 decli-

431 3530 532 3581 nat
561 3542 837 3589 errorem,
860 3530 918 3581 et
948 3526 1019 3580 ad
1050 3525 1278 3581 virtutis
1311 3528 1582 3583 semitam
1613 3529 1735 3585 vias
1766 3546 1904 3586 suas
1943 3531 2077 3585 diri-

432 3615 537 3688 git.
570 3614 693 3669 Nisi
749 3615 905 3669 enim
960 3614 1093 3685 quis
1151 3615 1415 3670 timuerit
1472 3616 1677 3684 Deum,
1713 3635 1827 3674 non
1885 3623 2078 3691 potest

433 3703 769 3760 renuntiare
800 3708 1053 3774 peccato.

507 3792 593 3847 13.
627 3792 789 3857 Quod
820 3808 981 3863 asque
1010 3792 1184 3846 etiam
1217 3794 1288 3848 de
1320 3794 1417 3849 illo
1448 3811 1764 3866 possumus
1794 3798 2072 3869 accipere:

433 3882 629 3938 Mensis
674 3881 765 3937 hic
816 3883 1043 3937 initium
1098 3885 1368 3937 mensium
1420 3886 1525 3939 erit
1580 3886 1940 3958 vobis(Ea:od.
1974 3905 2072 3956 x11,

433 3974 527 4045 2);
561 3971 829 4044 quamvis
882 3973 920 4026 7
970 3975 1025 4026 et
1072 3972 1145 4027 de
1188 3976 1447 4045 tempore
1512 3974 1667 4029 istud
1734 3977 2072 4049 accipiatur,

434 4062 573 4136 quia
618 4062 690 4118 de
738 4060 961 4117 Pascha
1011 4061 1243 4116 Domini
1285 4061 1652 4133 loquebatur,
1704 4067 1861 4137 quod
1924 4070 2075 4124 veris

433 4153 600 4209 initio
657 4151 1000 4209 celebratur.
1051 4151 1111 4205 In
1160 4150 1268 4206 hoc
1313 4168 1448 4224 ergo
1499 4153 1853 4226 principium
1921 4175 2074 4213 men-

432 4244 613 4310 sium,
661 4241 874 4298 cmlum
924 4245 980 4297 et
1026 4245 1241 4296 terram
1289 4242 1443 4310 fecit,
1483 4243 1637 4315 quod
1684 4244 1819 4301 inde
1870 4247 2074 4301 mundi

430 4332 559 4405 capi
616 4332 917 4403 Oportebat
992 4330 1315 4398 exordium,
1377 4330 1477 4384 ubi
1553 4336 1678 4387 erat
1745 4340 2075 4406 opportuna

431 4420 706 4477 omnibus
735 4436 912 4475 verna
969 4419 1300 4490 temperies.
1335 4418 1498 4474 Unde
1530 4425 1586 4474 et
1616 4439 1807 4477 annus
1868 4424 2073 4479 mundi

429 4509 748 4581 imaginem
806 4508 1097 4563 nascentis
1148 4508 1453 4578 expressit,
1504 4513 1568 4562 ut
1618 4516 1749 4582 post
1797 4511 2073 4569 hibernas

2189 3347 2523 3403 animarum
2557 3346 2842 3401 transitus
2871 3363 2905 3401 a
2934 3345 3091 3401 vitiis
3126 3347 3196 3401 ad
3224 3346 3522 3415 virtutem,
3546 3364 3578 3401 a
3607 3344 3815 3418 passio-

2188 3437 2363 3491 nibus
2400 3436 2593 3491 carnis
2624 3436 2694 3491 ad
2728 3436 2973 3507 gratiam
3007 3436 3502 3507 sobrietatemque
3533 3436 3759 3499 mentis,
3788 3450 3817 3487 a

2189 3526 2423 3581 malitiae
2457 3524 2845 3597 nequitiaeque
2876 3524 3159 3579 fermento
3189 3525 3260 3579 ad
3293 3525 3595 3581 veritatem
3624 3528 3681 3581 et
3707 3522 3817 3579 sin-

2188 3616 2507 3672 ceritatem.
2541 3615 2917 3686 Regeneratis
2966 3615 3166 3686 itaque
3209 3614 3422 3670 dicitur
3455 3634 3469 3671 :
3504 3615 3695 3671 Mensis
3740 3612 3817 3667 hic

2186 3706 2333 3761 vobis
2365 3706 2593 3760 initium
2624 3707 2915 3769 mensium,
2945 3706 3160 3777 primus
3189 3712 3266 3759 est
3295 3705 3441 3760 vobis
3474 3708 3533 3760 in
3564 3703 3814 3761 mensibus

2186 3799 2339 3853 anni.
2379 3794 2742 3867 Derelinquit
2797 3796 2953 3851 enim
3011 3801 3068 3851 et
3118 3796 3353 3865 deserit,
3389 3796 3491 3868 qui
3551 3796 3811 3857 abluitur,

2187 3885 2612 3959 intelligibilem
2641 3884 2806 3939 illum
2826 3884 3047 3940 Pharao
3066 3885 3387 3957 principem
3408 3886 3581 3942 istius
3605 3884 3813 3948 mundi,

2187 3978 2385 4033 dicens
2446 3992 2459 4030 :
2520 3975 2879 4031 Abrenuntio
2957 3975 3084 4043 tibi,
3162 3974 3413 4044 diabole,
3488 3980 3545 4031 et
3607 3973 3813 4048 angelis

2187 4068 2305 4125 tuis
2334 4066 2467 4135 (l7),
2510 4069 2565 4119 et
2605 4065 2879 4136 operibus
2928 4064 3069 4130 tuis,
3111 4070 3169 4119 et
3224 4064 3490 4135 imperiis
3549 4067 3683 4121 tuis.
3710 4066 3811 4121 Nec

2175 4162 2304 4233 jam
2362 4156 2569 4212 serviet
2597 4154 2670 4222 ei,
2702 4155 2790 4209 vel
2824 4155 3068 4210 terrenis
3098 4155 3277 4227 hujus
3309 4158 3570 4230 corporis
3602 4157 3812 4231 passio-

2184 4246 2482 4313 nibus,vel
2509 4247 2831 4317 depravatae
2863 4244 3077 4299 mentis
3104 4246 3401 4301 erroribus
3434 4248 3535 4319 qui
3565 4248 3814 4303 demersa

2183 4337 2341 4394 omni
2374 4335 2617 4403 malitia,
2651 4333 2771 4389 vice
2801 4333 3050 4405 plumbi,
3084 4334 3251 4389 bonis
3296 4338 3574 4408 operibus
3631 4337 3817 4392 dextra

2181 4427 2435 4498 lzevaque
2467 4424 2733 4479 munitus
2764 4422 3045 4478 inoffenso
3079 4423 3275 4478 saeculi
3305 4425 3488 4497 hujus
3520 4426 3662 4481 freta
3708 4428 3815 4479 stu-

2183 4517 2279 4571 det
2310 4514 2556 4570 transire
2586 4512 2851 4583 vestigio.
2885 4512 2947 4566 In
2988 4511 3135 4567 libro
3184 4529 3417 4585 quoque
3464 4516 3565 4587 qui
3620 4511 3813 4570 inscri-

429 4598 645 4672 glacies
702 4602 878 4668 atque
932 4594 1213 4651 hiemales
1271 4595 1550 4668 caligines
1592 4599 1852 4654 serenior
1903 4600 2073 4659 solito
2105 4619 2151 4683 D
2183 4604 2341 4659 bitur
2388 4604 2458 4657 de
2505 4602 2798 4668 Numeris,
2830 4601 2912 4655 ait
2965 4601 3307 4673 Scriptura:
3347 4602 3394 4658 8
3443 4605 3671 4659 Initium
3722 4616 3814 4653 na-

428 4686 590 4742 verni
650 4686 927 4757 temporis
987 4683 1262 4757 splendor
1314 4685 1556 4742 eluceat.
1590 4688 1760 4743 Dedit
1790 4706 1925 4763 ergo
1956 4691 2075 4746 for-

429 4792 589 4831 mam
649 4774 862 4830 futuris
920 4791 1208 4829 annorum
1268 4775 1575 4832 curriculis
1607 4778 1812 4832 mundi
1844 4779 2073 4850 primus

425 4871 684 4935 exortus,
735 4868 800 4919 ut
858 4881 927 4919 ea
986 4862 1110 4935 lege
1186 4881 1474 4919 annorum
1532 4866 1687 4920 vices
1743 4874 2067 4939 surgerent,

426 4961 601 5028 atque
634 4955 797 5011 initio
828 4956 1112 5026 cujusque
1143 4954 1280 5009 anni
1332 4955 1680 5025 produceret
1713 4962 1866 5012 terra
1924 4976 2072 5014 nova

425 5047 718 5102 seminum
767 5045 1051 5117 germina,
1104 5060 1218 5115 quo
1271 5043 1527 5115 primum
1589 5048 1871 5101 Dominus
1916 5047 2069 5103 Deus

492 5172 605 5238 (16)
637 5171 895 5235 Quatuor
922 5186 1065 5225 mss.
1100 5174 1155 5223 et
1185 5169 1327 5241 edit.
1358 5176 1486 5222 Am.
1525 5169 1663 5235 Pet,
1703 5187 1865 5241 penes
1908 5174 2069 5227 illum

421 5258 761 5311 componens.
797 5242 907 5296 Sex
938 5258 1079 5295 mss.
1104 5248 1161 5295 et
1196 5240 1351 5305 LXX,
1372 5256 1534 5313 penes
1566 5241 1722 5295 illum
1754 5242 2061 5313 disponens.

495 5310 605 5383 (f7)
639 5313 779 5366 Mss.
813 5318 1063 5383 quatuor
1093 5310 1492 5383 probatissimi
1527 5310 1995 5383 praetermittunt,
2014 5319 2065 5369 et

421 5384 791 5454 angelisgtuis.

494 5452 605 5527 (4A8)
641 5452 939 5527 Undenam
976 5452 1684 5527 interpretationemihane
1746 5456 2064 5527 sumpserit

422 5525 592 5579 Amb.
623 5540 736 5577 non
771 5524 933 5578 facile
978 5526 1136 5578 dictu
1169 5529 1257 5578 est
1288 5541 1300 5579 :
1338 5525 1635 5579 fatendum
1693 5524 1899 5591 tamen
1933 5543 2062 5581 eam

423 5595 579 5651 haud
611 5594 903 5684 imee'rI-ito
934 5594 1270 5684 improbari}
1296 5595 1497 5684 illeque
1536 5597 1712 5684 enini
1736 5598 1901 5684 Ῥῆνον
1925 5614 2065 5684 cum

423 5682 559 5731 voce
582 5665 701 5730 ππ)
736 5665 917 5725 ullam
949 5665 1125 5725 habet
1148 5665 1515 5724 afﬁnitatem.
1550 5670 1613 5725 Β.
1647 5665 2067 5727 Hiéron.aliam

2187 4694 2397 4747 tionum
2434 4691 2668 4758 Amalec,
2714 4694 2765 4744 et
2810 4706 2991 4745 semen
3040 4692 3157 4762 ejus
3198 4691 3400 4762 peribit
3441 4691 3626 4763 (Num.
3675 4703 3811 4753 xxxv,

2182 4783 2291 4849 20).
2328 4781 2395 4835 Et
2428 4780 2629 4851 utique
2660 4797 2774 4834 non
2807 4779 3072 4834 omnium
3123 4779 3426 4835 nationum
3484 4780 3707 4852 primus
3734 4779 3814 4833 est

2179 4868 2411 4924 Amalec
2436 4887 2449 4935 ;
2483 4868 2583 4923 sed
2616 4868 2755 4939 quia
2784 4884 2886 4940 per
2917 4868 3449 4940 interpretationem
3480 4867 3709 4925 Amalec
3725 4880 3813 4920 rex

2181 4958 2462 5030 accipitur
2492 4957 2827 5028 iniquorum
2851 4956 2958 5028 (18)
2986 4976 2997 5013 :
3032 4957 3217 5029 iniqui
3252 4958 3362 5030 (19)
3397 4963 3596 5014 autem
3626 4960 3811 5030 gentes

2180 5051 2361 5102 sunt:
2396 5046 2524 5102 vide
2557 5063 2627 5101 ne
2673 5046 2995 5118 principem
3055 5047 3260 5102 mundi
3321 5048 3502 5119 hujus
3563 5046 3809 5118 accipere

2179 5172 2441 5240 ejusdem
2477 5171 2731 5226 nominis
2763 5170 3252 5240 signiﬁcationem
3282 5189 3352 5228 ex
3382 5172 3626 5230 Philone
3651 5169 3810 5225 refert

2181 5244 2251 5316 de
2282 5242 2643 5316 nom._Hebr.
2706 5244 2943 5309 Amalec,
2997 5242 3206 5316 inquit,
3261 5245 3525 5316 populus
3559 5242 3805 5316 lambagv

2179 5315 2413 5386 (ingens.
2446 5313 2698 5386 Tertiam
2732 5309 3479 5386 pratereaeiplicatidnem
3513 5314 3715 5386 initiae
3732 5309 3810 5365 Bi-

2179 5385 2429 5439 bliorum
2453 5386 2518 5440 R.
2540 5385 2818 5456 Stephani
2842 5385 3458 5457 reperias,ubiAmalec
3478 5403 3551 5442 ex
3588 5385 3808 5439 Hebraeo

2178 5463 2235 5510 et
2265 5457 2405 5563 εἴη)
2434 5457 2761 5527 exponitur,
2788 5458 3023 5528 papulas
3051 5459 3376 5527 percutiens.
3602 5478 3619 5489 ι

2250 5528 2293 5563 μ
2328 5528 2362 5563 n
2394 5528 2522 5563 RM}
2577 5543 2779 5563 ηηπιρα
2806 5544 2938 5563 ,ηυντ
2991 5544 3112 5563 τηου
3169 5528 3383 5563 nummi
3468 5528 3619 5563 ιηδη..

2250 5528 2362 5599 (19)
2394 5528 2543 5610 E_dit.
2577 5543 3134 5610 omnescumnmss.
3168 5528 3406 5610 aliquot,
3460 5528 3677 5601 Iniqua?
3717 5539 3805 5579 au-

2176 5598 2279 5655 tem
2309 5601 2491 5674 gentes
2518 5603 2665 5656 sunt.
2699 5598 2812 5656 Alii
2842 5598 3071 5673 melius,
3105 5598 3305 5674 iniqui,
3332 5604 3443 5656 etc.
