3938 6214
98 340 176 399 Ml
1435 345 1806 411 HEXAEME

2034 346 2180 411 LIB.
2229 351 2277 410 Ι.
3437 351 3554 416 142

108 474 566 548 debeamus,qui
591 470 1605 552 imperatnationibusvoluntatem
1630 497 1798 537 suam
1829 480 2088 547 Arator.
2176 484 2438 554 Namque
2516 493 2577 539 ut
2644 484 2889 540 istarum
2956 485 3170 541 artium
3228 487 3353 543 aliis
3412 491 3555 544 sunt

116 563 475 631 incientibus,
502 570 715 637 cuius
772 586 987 626 semen
1044 571 1291 642 peribit:
1354 587 1552 626 semen
1611 575 1805 625 autem
1917 575 2188 639 actuosae,
2222 589 2349 643 qua:
2379 577 2517 627 sunt
2548 573 2606 627 in
2641 574 2900 645 corporis
2930 578 3114 639 motu,
3147 579 3249 630 aut
3276 574 3418 631 sono
3451 593 3556 633 vo-

136 656 235 724 ejus
259 652 436 725 impii
471 660 537 711 et
569 657 878 714 inﬁdeles
911 663 1067 724 sunt,
1101 660 1315 731 quibus
1362 660 1445 714 ait
1498 659 1804 727 Dominus,
1918 657 2002 712 cis
2031 676 2043 723 ;
2076 660 2323 714 cessavit
2353 666 2548 715 motus
2580 664 2680 715 aut
2711 678 2911 727 sonus,
2936 661 3079 717 nihil
3119 664 3429 734 superfuit,
3452 681 3560 720 nec

39 762 45 783 ι
142 746 223 799 to:
244 760 307 799 ex
334 752 505 814 patre
536 746 787 802 diabolo
820 749 953 803 estis
985 750 1163 815 (Joan.
1198 765 1322 811 VIII,
1355 749 1464 815 44).
1918 746 2200 800 remansit
2228 748 2631 816 spectantibus
2662 747 2748 801 vel
2798 748 3205 818 audientibus;
3239 749 3366 806 aliae
3396 750 3560 806 theo-

200 834 277 889 15.
310 835 413 888 Est
443 834 646 888 etiam
677 834 937 890 initium
994 836 1330 908 mysticum,
1386 841 1449 891 ut
1500 836 1643 891 illud
1696 842 1804 904 est,
1918 834 2130 897 retices,
2167 850 2293 904 quae
2324 836 2579 907 vigorem
2603 836 2817 892 mentis
2865 842 3171 892 exerceant
3224 839 3373 907 (20);
3435 838 3560 894 aliis

146 925 235 994 Ego
263 940 382 977 sum
406 925 645 994 primus
673 928 729 978 et
762 926 1117 991 novissimus,
1147 926 1374 980 initium
1405 934 1456 980 et
1474 927 1601 995 ﬁnis
1624 926 1804 996 (Apoc.
1917 921 2280 992 hujusmodi,
2315 928 2396 989 ut,
2433 929 2693 980 cessante
2724 942 2955 996 quoque
2986 927 3344 997 operationis
3369 926 3563 984 ofﬁcio

140 1014 187 1077 1,
211 1012 285 1082 8).
317 1012 389 1067 Et
420 1011 574 1066 illud
613 1012 679 1067 in
713 1012 1036 1085 Evangelio
1072 1014 1379 1085 praecipue,
1418 1017 1571 1086 quod
1629 1016 1805 1070 inter-
1919 1011 2109 1079 Operis
2143 1027 2358 1067 munus
2391 1018 2685 1084 appareat,
2711 1019 2775 1068 ut
2804 1015 3105 1069 aediﬁcatio
3136 1018 3311 1087 atque
3336 1019 3566 1071 textura

142 1107 372 1173 rogatus
402 1101 712 1156 Dominus
744 1101 882 1172 quis
937 1109 1108 1166 esset,
1167 1103 1504 1173 respondit:
1560 1103 1804 1169 Initium,
1922 1115 2051 1169 quae
2079 1100 2254 1153 etiam
2288 1105 2513 1155 tacente
2550 1101 2789 1167 artifice,
2851 1103 3123 1173 peritiam
3179 1105 3309 1174 ejus
3364 1108 3566 1161 osten-

140 1191 355 1263 quodet
384 1190 588 1262 loquor
640 1190 799 1245 vobis
844 1192 1002 1260 (Joan
1058 1207 1180 1256 VIII,
1239 1192 1350 1262 25).
1412 1191 1519 1256 Qui
1567 1208 1698 1248 vere
1754 1197 1813 1247 et
1923 1188 2089 1251 dunt,
2124 1193 2188 1241 ut
2213 1189 2705 1261 operatorioperis
2737 1190 3251 1245 suitestimonium
3281 1192 3563 1264 suffrage-

137 1279 464 1336 secundum
502 1278 877 1334 divinitatem
913 1282 1001 1334 est
1029 1279 1266 1335 initium
1321 1281 1608 1341 omnium,
1671 1281 1809 1351 quia
1918 1281 2035 1329 tur.
2071 1275 2350 1331 Similiter
2378 1277 2962 1333 bicmundusdivinae
2981 1280 3307 1351 majestatis
3333 1279 3566 1353 insigne

140 1384 307 1424 nemo
333 1371 479 1422 ante
498 1366 703 1439 ipsum
729 1384 744 1434 ;
776 1367 1005 1433 etﬁnis,
1041 1367 1177 1438 quia
1202 1384 1378 1423 nemo
1402 1367 1555 1423 ultra
1582 1369 1805 1439 ipsum:
1919 1368 2026 1432 est,
2061 1371 2123 1419 ut
2150 1381 2251 1435 per
2279 1365 2472 1436 ipsum
2493 1366 2587 1421 Dei
2617 1367 2905 1438 sapientia
2933 1368 3356 1426 manifestetur.
3381 1368 3564 1432 Quem

134 1463 191 1512 et
222 1456 569 1511 secundum
601 1454 980 1511 Saiomonem
1016 1457 1196 1525 (Prov.
1246 1473 1368 1519 vni,
1425 1458 1515 1525 22)
1575 1457 1809 1511 initium
1920 1452 2125 1507 videns
2156 1453 2466 1525 Propheta,
2518 1454 2696 1509 simul
2755 1461 2811 1510 et
2865 1456 2936 1509 ad
2996 1456 3310 1512 invisibilia
3366 1456 3567 1515 oculos

133 1550 222 1599 est
251 1546 491 1599 viarum
528 1543 763 1598 Domini
799 1543 856 1598 in
889 1561 1065 1616 opera
1114 1546 1279 1615 ejus;
1333 1548 1399 1599 ut
1456 1562 1554 1617 per
1611 1544 1809 1617 ipsum
1919 1542 2137 1595 mentis
2169 1541 2464 1604 attollens,
2499 1542 2619 1597 ait:
2653 1544 2825 1610 Quam
2854 1545 3214 1614 magni/iectu
3235 1552 3363 1600 sunt
3405 1560 3568 1616 opera

130 1635 399 1689 disceret
424 1632 747 1687 hominum
802 1648 989 1703 genus
1046 1633 1168 1687 vias
1227 1632 1456 1687 Domini
1511 1634 1698 1704 sequi,
1757 1636 1814 1687 et
1918 1633 2035 1696 tua,
2125 1632 2401 1685 Domine!
2481 1632 2669 1685 omnia
2736 1632 2798 1685 in
2854 1632 3130 1702 sapientia
3185 1633 3367 1703 fecisti
3391 1632 3564 1705 (Psal.

125 1722 371 1790 operari
405 1737 593 1793 opera
633 1720 756 1774 Dei.
796 1721 853 1774 In
888 1720 995 1775 hoc
1051 1738 1187 1793 ergo
1241 1721 1547 1793 principio,
1605 1722 1663 1776 id
1723 1727 1812 1777 est
1918 1733 2039 1783 cm,
2068 1720 2179 1788 24).
3004 1742 3011 1747 ο

122 1812 185 1865 in
210 1810 485 1875 Christo,
520 1808 663 1864 fecit
691 1809 846 1863 Deus
869 1807 1078 1864 oculum
1112 1814 1168 1865 et
1210 1814 1421 1865 terram
1449 1829 1463 1877 ;
1517 1811 1656 1881 quia
1708 1827 1810 1883 per
1837 1835 1886 1900 Β
1967 1809 2075 1900 d8.
2112 1808 2226 1900 Nec
2259 1808 2685 1900 otioseutique
2718 1808 2933 1900 factum
2963 1808 3215 1900 legimus
3244 1827 3257 1877 ;
3282 1811 3568 1900 quingen-

124 1900 341 1970 ipsum
377 1898 586 1953 omnia
614 1897 763 1953 facta
791 1903 953 1965 sunt,
985 1902 1041 1953 et
1088 1898 1213 1953 sine
1266 1899 1392 1970 ipso
1444 1899 1662 1954 factum
1721 1904 1810 1955 est
1841 1895 1879 1900 “
1916 1895 2048 1951 tiles
2080 1895 2343 1967 plerique
2365 1897 2467 1967 qui
2499 1902 2849 1951 coaeternum
2884 1898 2999 1952 Deo
3033 1898 3323 1954 mundum
3363 1898 3567 1955 volunt

126 1987 287 2043 nihil
323 1987 489 2059 quod
533 1986 755 2041 factum
788 1990 897 2041 est.
933 1988 991 2039 In
1017 1987 1144 2059 ipso
1173 1988 1291 2042 vita
1351 1992 1511 2055 erat;
1547 1988 1683 2059 quia
1744 1989 1804 2043 in

127 2078 270 2148 ipso
305 2078 588 2131 constant
613 2075 827 2130 omnia.
863 2076 931 2129 Et
953 2075 1073 2147 ipse
1106 2081 1193 2131 est
1238 2077 1664 2149 primogenitus
1722 2084 1803 2132 lo-

130 2165 260 2219 tius
292 2168 585 2219 creaturze
613 2180 626 2219 :
659 2163 778 2218 sive
812 2163 949 2235 quia
974 2167 1106 2218 ante
1163 2180 1393 2219 omnem
1456 2169 1804 2230 creaturam,

134 2254 263 2310 sive
295 2253 449 2325 quia
481 2256 743 2319 sanctus,
775 2251 914 2323 quia
940 2252 1310 2323 primogeniti
1344 2254 1526 2309 sancti
1556 2259 1712 2322 sunt,
1741 2258 1807 2309 ut

138 2340 586 2413 primogenitus
620 2339 840 2407 Israel;
876 2357 991 2395 non
1040 2340 1177 2411 quia
1227 2345 1359 2396 ante
1416 2358 1641 2407 omnes,
1701 2344 1800 2397 sed

1915 2000 2063 2048 esse,
2084 1983 2251 2055 quasi
2267 1985 2334 2039 ad
2345 1984 2775 2039 umbrationem
2790 1984 3022 2040 virtutis
3042 1985 3269 2053 divinis,
3293 1991 3567 2044 asserunt

1917 2074 2090 2129 etiam
2123 2078 2330 2144 sponte
2363 2072 2721 2141 subsistere;
2755 2078 2813 2129 et
2843 2074 3110 2144 quamvis
3142 2090 3380 2132 causam
3434 2077 3564 2148 ejus

1914 2163 2098 2217 Deum
2129 2178 2257 2216 esse
2288 2162 2601 2232 fateantur,
2659 2178 2897 2217 causam
2947 2167 3144 2218 tamen
3198 2165 3416 2220 factum
3448 2165 3561 2237 (24)

1913 2250 2119 2305 volunt
2148 2267 2261 2305 non
2294 2268 2361 2305 ex
2391 2250 2687 2306 voluntate
2716 2256 2772 2306 et
2793 2251 3176 2322 dispositione
3195 2270 3323 2321 sua,
3348 2254 3449 2309 sed
3480 2254 3564 2310 ita

1913 2346 1978 2393 ut
2002 2356 2182 2394 causa
2214 2340 2434 2393 umbrae
2468 2356 2679 2409 corpus
2708 2344 2816 2394 est.
2848 2340 3119 2396 Adhaeret
3145 2342 3302 2396 enim
3352 2342 3564 2398 umbra

1913 2428 2161 2499 corpori,
2195 2432 2251 2481 et
2282 2425 2473 2498 fulgor
2499 2426 2708 2481 lumini
2743 2428 2998 2482 naturali
3037 2429 3225 2502 magis
3285 2429 3561 2486 societate

1912 2533 2089 2587 quam
2121 2515 2422 2569 voluntate
2453 2515 2690 2570 arbitra.
2722 2515 2966 2572 Pulchre
2995 2534 3131 2589 ergo
3172 2519 3251 2574 ait
3306 2520 3552 2592 Moyses,

1906 2607 2037 2677 quia
2064 2608 2193 2675 fecit
2222 2606 2360 2659 Deus
2403 2605 2597 2658 cretum
2652 2609 2704 2659 et
2758 2608 2983 2659 terram.
3045 2606 3169 2660 Non
3213 2605 3360 2661 dixit
3416 2606 3557 2678 quia

138 2431 285 2502 quia
318 2429 582 2486 sanctior
601 2428 847 2484 caeteris.
883 2429 1131 2485 Sanctus
1163 2433 1358 2485 autem
1394 2429 1669 2484 Dominus
1703 2448 1800 2485 su-

137 2536 245 2590 pra
276 2535 520 2573 omnem
552 2522 886 2573 creaturam
918 2522 975 2572 et
1005 2518 1328 2572 secundum
1361 2520 1620 2590 corporis
1668 2537 1798 2574 sus-

132 2608 474 2678 ceptionem
500 2624 513 2672 ;
547 2605 687 2677 quia
702 2605 864 2661 solus
890 2605 1014 2660 sine
1044 2612 1297 2677 peccato,
1320 2606 1480 2662 solus
1504 2607 1627 2663 sine
1645 2609 1801 2663 vani-

130 2702 276 2750 tate.
312 2694 523 2749 Omnis
554 2698 749 2748 autem
780 2698 1044 2748 creatura
1084 2695 1345 2763 subjecta
1396 2696 1634 2750 vanitati
1683 2702 1791 2752 est.

207 2786 297 2839 16.
364 2783 688 2838 Possumus
746 2782 921 2837 etiam
978 2781 1347 2855 intelligere:
1409 2786 1467 2839 In
1517 2787 1793 2856 principio

127 2876 262 2942 fecit
288 2874 433 2926 Deus
455 2872 650 2925 aetum
679 2874 729 2926 et
758 2874 966 2925 terram
994 2888 1013 2931 ;
1072 2871 1128 2925 id
1188 2876 1276 2927 est
1334 2876 1468 2927 ante
1516 2878 1744 2945 tempus
1772 2892 1785 2931 :

129 2964 287 3017 sicut
316 2960 553 3014 initium
584 2960 689 3013 viae
720 2959 988 3013 nondum
1018 2959 1130 3025 via,
1164 2964 1220 3014 et
1277 2960 1514 3015 initium
1575 2962 1786 3019 domus

129 3050 403 3106 nondum
463 3048 697 3103 domus.
760 3047 1021 3118 Denique
1078 3048 1175 3103 alii
1234 3049 1523 3117 dixerunt,
1557 3058 1607 3105 ἐν
1635 3077 1785 3125 κειρα-

132 3147 262 3209 Ἀσίη
290 3136 465 3209 quasi
499 3137 557 3192 in
590 3137 801 3208 capite,
833 3153 949 3208 quo
981 3137 1345 3208 significatur
1397 3138 1453 3192 in
1513 3140 1669 3194 brevi
1729 3148 1785 3197 ct

1905 2696 2147 2749 subesse
2180 2694 2347 2759 fecit;
2381 2710 2495 2748 non
2527 2693 2673 2747 dixit
2728 2692 2867 2764 quia
2916 2710 3154 2749 causam
3207 2695 3429 2751 mundo
3486 2699 3553 2751 ut

1902 2788 2075 2848 esset,
2111 2782 2391 2853 praebuit:
2426 2781 2527 2836 sed
2558 2784 2688 2852 fecit
2746 2781 2915 2853 quasi
2944 2783 3136 2838 bonus
3184 2784 3340 2854 quod
3401 2784 3550 2840 foret

1900 2871 2075 2927 utile:
2131 2871 2298 2942 quasi
2351 2869 2608 2942 sapiens,
2658 2872 2813 2942 quod
2860 2872 3147 2943 optimum
3189 2873 3537 2944 judicabat:

1897 2961 2064 3032 quasi
2097 2960 2488 3031 omnipotens,
2522 2960 2677 3030 quod
2709 2959 3144 3030 amplissimum
3168 2961 3429 3033 praevide
3445 2963 3538 3018 ba.

1894 3051 2193 3117 Quomodo
2225 3053 2419 3103 autem
2463 3050 2629 3119 quasi
2682 3050 2889 3104 umbra
2945 3066 3074 3104 esse
3131 3055 3376 3121 poterat,
3435 3050 3538 3106 ubi

1897 3155 2110 3210 corpus
2159 3154 2275 3192 non
2333 3140 2478 3203 erat,
2537 3153 2671 3191 cum
2733 3137 3059 3210 incorporei
3116 3138 3217 3192 Dei
3261 3155 3539 3210 corporea

135 3230 197 3281 in
222 3228 435 3300 exiguo
478 3228 777 3281 momento
831 3242 1065 3281 summa
1119 3226 1471 3297 operationis
1526 3228 1784 3300 impleta.
1818 3201 1860 3267 δ
1900 3226 2267 3283 adumbratio
2297 3241 2425 3280 esse
2455 3242 2570 3279 non
2604 3209 2831 3296 possit?
2873 3225 3172 3287 Quomodo
3214 3227 3391 3282 etiam
3450 3228 3539 3281 in-

134 3318 291 3372 Sunt
322 3331 463 3386 ergo
493 3320 551 3371 et
579 3314 680 3386 qui
716 3313 1069 3385 principium
1105 3331 1217 3370 non
1255 3332 1355 3386 pro
1386 3320 1645 3387 tempore
1696 3336 1787 3374 ac-

133 3406 384 3476 cipiant,
409 3404 511 3459 sed
540 3409 678 3461 ante
716 3407 974 3471 tempus,
1007 3414 1091 3459 καὶ
1119 3412 1382 3475 κεφαλαῖον
1431 3404 1517 3459 vel
1564 3406 1749 3479 caput
1775 3428 1788 3477 ;

136 3499 209 3547 ut
237 3493 507 3547 dicamus
542 3492 740 3547 Latine
770 3491 936 3565 quasi
964 3509 1257 3547 summam
1290 3494 1519 3565 operis;
1553 3495 1691 3567 quia
1713 3514 1793 3552 re-

138 3598 275 3635 rum
308 3579 631 3635 visibilium
666 3597 901 3636 summa
932 3580 1139 3637 cmlum
1171 3586 1227 3635 et
1282 3587 1437 3636 terra
1492 3589 1598 3646 est,
1663 3602 1793 3656 quae

139 3684 260 3723 non
291 3666 485 3724 solum
520 3669 590 3723 ad
626 3668 832 3722 mundi
859 3668 1043 3739 hujus
1075 3674 1336 3741 Spectare
1384 3671 1654 3727 videntur
1703 3691 1793 3728 or-

142 3762 374 3819 natum,
405 3757 505 3812 sed
541 3756 719 3812 etiam
750 3757 823 3812 ad
859 3758 1146 3814 indicium
1168 3775 1359 3814 rerum
1391 3760 1793 3831 invisibilium,

146 3852 207 3901 et
237 3847 530 3917 quoddam
565 3851 981 3919 argumentum
1015 3864 1213 3903 eorum
1230 3864 1355 3921 quae
1371 3865 1485 3902 non
1500 3850 1793 3917 videntur,

152 3940 219 3988 ut
238 3942 329 3990 est
380 3936 533 3990 istud
599 3935 1005 4007 propheticum
1042 3953 1055 3989 :
1092 3936 1225 3992 Caeli
1253 3942 1519 3993 enarrant
1565 3940 1798 4009 gloriam

150 4025 270 4089 Dei,
300 4029 355 4078 et
382 4040 545 4096 opera
574 4040 843 4079 manuum
872 4026 989 4094 ejus
1043 4028 1345 4082 annuntiat
1393 4028 1799 4097 ﬁrmamentum

154 4113 323 4169 (Ρωι.
358 4130 513 4176 xviii,
557 4114 624 4181 i).
661 4112 821 4176 Quod
854 4117 1092 4169 secutus
1119 4114 1433 4186 Apostolus
1493 4115 1622 4172 aliis
1672 4134 1798 4173 ver—

1900 3316 2160 3388 corporei
2194 3314 2438 3368 luminis
2469 3313 2749 3385 splendor
2780 3314 2966 3384 possit
2995 3330 3123 3368 esse
3180 3330 3492 3386 corporeus
3513 3314 3542 3369 ‘2

1974 3405 2059 3459 19.
2094 3406 2204 3459 Sed
2237 3403 2287 3457 si
2338 3402 2553 3473 quieris
2601 3400 2973 3473 splendorem
3033 3401 3155 3470 Dei,
3217 3402 3400 3459 Filius
3451 3407 3545 3459 est

1901 3492 2210 3565 imagoDei
2242 3490 2572 3546 invisibilis.
2605 3489 2802 3554 Qualis
2844 3506 2980 3562 ergo
3035 3490 3220 3569 Deus,
3247 3495 3355 3560 est,
3410 3490 3547 3548 talis

1904 3584 2117 3654 imago.
2154 3579 2469 3635 Invisibilis
2500 3579 2675 3648 Deus,
2722 3578 2901 3633 etiam
2958 3579 3152 3652 imago
3208 3580 3544 3636 invisibilis.

1904 3674 2006 3728 Est
2063 3671 2216 3725 enim
2280 3668 2555 3740 splendor
2609 3667 2806 3739 gloriae
2859 3672 3134 3739 paternis,
3194 3673 3371 3741 atque
3418 3671 3548 3741 ejus

1905 3762 2099 3832 imago
2132 3757 2499 3814 substantiae.
2525 3758 2588 3811 In
2616 3758 2914 3828 principio,
2944 3757 3162 3829 inquit,
3218 3759 3354 3830 fecit
3405 3760 3549 3815 Deus

1905 3852 2099 3905 emtum
2126 3853 2175 3903 et
2202 3851 2425 3903 terram.
2457 3846 2666 3900 Factus
2695 3850 2784 3900 est
2812 3862 2946 3917 ergo
2978 3847 3258 3914 mundus,
3291 3852 3347 3902 et
3377 3847 3553 3919 cmpit

1907 3955 2055 4005 esse,
2093 3937 2191 4008 qui
2229 3952 2340 3990 non
2372 3938 2529 3988 erat:
2562 3934 2813 3988 Verbum
2833 3939 3027 3989 autem
3052 3935 3151 3990 Dei
3182 3936 3241 3988 in
3264 3935 3548 4006 principio

1909 4032 2050 4093 erat,
2072 4031 2128 4080 et
2140 4029 2262 4079 erat
2274 4038 2520 4093 semper.
2538 4021 2646 4076 Sed
2663 4021 2838 4076 etiam
2860 4021 3086 4093 Angeli,
3110 4021 3550 4078 Dominationes

1910 4124 1966 4172 et
1994 4116 2337 4179 Potestates,
2355 4116 2413 4167 et
2426 4110 2474 4165 si
2491 4110 2806 4180 aliquando
2821 4116 3120 4181 coeperunt
3144 4129 3157 4178 ;
3171 4115 3338 4165 erant
3352 4115 3549 4166 tamen

154 4201 248 4255 bis
278 4202 337 4255 in
371 4202 629 4257 eamdem
664 4201 956 4258 conclusit
988 4204 1334 4257 sententiam
1367 4204 1605 4261 dicens:
1663 4207 1801 4274 Quia
1903 4207 2029 4277 jam
2062 4201 2297 4280 quando
2328 4199 2424 4254 hic
2456 4198 2713 4253 mundus
2736 4199 3044 4253 estfactus.
3072 4198 3554 4270 Omnianamque

157 4290 463 4346 inuisibilia
490 4293 609 4361 ejus
632 4308 735 4364 per
760 4308 825 4347 ea
856 4306 982 4362 quae
1007 4293 1153 4362 facta
1208 4298 1355 4359 sunt,
1416 4295 1805 4364 intelliguntur

160 4381 332 4448 (Rom.
366 4396 404 4433 ι.
432 4381 543 4451 20).
580 4382 887 4435 Auctorem
921 4379 1072 4435 enim
1108 4380 1461 4453 Angelorum
1493 4388 1550 4437 et
1605 4384 1803 4439 Domi-

160 4469 456 4523 natiouum
491 4475 547 4524 et
576 4468 935 4525 Potestatum
971 4468 1135 4525 facile
1194 4469 1576 4542 intelligimus
1644 4489 1804 4541 eum,

1913 4297 2103 4349 creata
2166 4295 2223 4345 et
2295 4288 2531 4344 condita
2585 4291 2744 4352 sunt,
2804 4286 3052 4355 visiblia,
3105 4292 3161 4342 et
3211 4286 3551 4345 invisibilia.

1915 4384 2032 4438 sive
2063 4382 2263 4447 Sedes,
2296 4378 2413 4433 sive
2466 4375 2923 4444 Dominationes,
2984 4377 3105 4433 sive
3159 4376 3553 4449 Principatus,

1915 4472 2034 4528 sive
2077 4470 2440 4525 Potestates:
2502 4466 2717 4532 Omnia,
2768 4465 2983 4537 inquit,
3036 4483 3136 4539 per
3182 4469 3362 4539 ipsum
3413 4469 3560 4538 facta

162 4558 262 4627 qui
294 4561 585 4612 momento
618 4557 848 4629 imperii
879 4556 973 4613 sui
1003 4557 1153 4613 hanc
1196 4562 1417 4613 tantam
1478 4559 1808 4631 pulchritu-
1838 4569 1886 4633 1)
1916 4563 2061 4625 sunt,
2094 4567 2144 4615 et
2175 4561 2235 4613 in
2263 4560 2448 4627 ipsum
2477 4557 2590 4627 (22)
2606 4559 2793 4612 creata
2807 4565 2936 4611 sunt
2959 4556 3185 4629 (Coloss.
3207 4575 3247 4626 1,
3285 4556 3559 4630 16).Quid

156 4646 352 4700 dinem
384 4646 585 4702 mundi
619 4663 685 4701 ex
718 4646 904 4701 nihilo
931 4646 1063 4701 fecit
1092 4663 1240 4712 esse,
1287 4664 1413 4719 quae
1468 4666 1580 4705 non
1639 4655 1801 4718 erat;

156 4740 217 4789 et
242 4751 353 4790 non
384 4736 454 4790 de
478 4736 846 4792 exstantibus
879 4740 980 4791 aut
1013 4737 1206 4805 rebus,
1235 4741 1336 4792 aut
1357 4738 1548 4794 causis
1570 4741 1807 4795 donavit

156 4824 377 4879 habere
392 4824 809 4880 substantiam.
908 4870 913 4875 .
948 4870 951 4875 .

811 4931 1048 4987 CAPUT
1075 4932 1145 4986 V.

156 5017 415 5093 landum
443 5018 652 5076 divina?
677 5023 1009 5091 operationis
1037 5023 1303 5092 specimen
1336 5038 1447 5078 esse
1466 5041 1485 5078 :
1541 5041 1574 5078 a
1630 5026 1805 5093 genti-

230 5092 376 5145 libus
402 5107 528 5145 eum
558 5092 656 5146 Dei
684 5093 939 5149 umbram
970 5109 1081 5147 non
1110 5095 1250 5147 recte
1279 5093 1392 5148 dici
1413 5111 1426 5148 :
1467 5096 1607 5150 Filio
1638 5092 1809 5150 enim

227 5163 352 5228 soli,
387 5172 446 5216 ut
479 5163 787 5239 imago-Dei
812 5166 905 5229 sit,
939 5166 1246 5219 convenire.

231 5266 423 5323 t7.Est
455 5283 592 5341 ergo
620 5268 715 5323 hic
744 5270 1006 5325 mundus
1053 5270 1262 5324 divinae
1323 5271 1614 5342 specimen
1674 5287 1807 5342 ope-

155 5356 404 5411 rationis
429 5374 442 5423 ;
477 5357 617 5429 quia
647 5359 790 5415 dum
825 5375 975 5430 opus
994 5357 1243 5425 videtur,
1267 5361 1315 5416 9
1346 5360 1648 5432 praefertur
1675 5378 1811 5433 ope-

192 5499 339 5582 .(20)
366 5500 472 5556 Ms.
506 5501 674 5558 Corb.
712 5506 881 5558 vetus
914 5506 970 5558 et
999 5502 1218 5571 Germ.,
1251 5518 1377 5575 quae
1413 5504 1598 5574 vigore
1658 5520 1810 5561 men-

156 5579 228 5627 HJ
255 5583 635 5629 exerceantw'.

224 5644 592 5714 (2I)Omnes
624 5645 764 5703 edit.
828 5661 897 5702 ac
955 5661 1099 5703 mss.
1156 5646 1293 5714 duo,
1348 5663 1571 5703 causam
1633 5656 1813 5705 tamen

152 5714 362 5807 {actam
390 5734 407 5777 :
440 5715 543 5777 alii
574 5718 714 5788 duo,
743 5733 969 5777 causam
1026 5726 1212 5778 tamen
1266 5723 1329 5780 ut
1373 5722 1616 5803 factum:
1675 5720 1817 5783 toti-

1915 4654 2004 4706 est
2031 4649 2090 4703 in
2115 4648 2308 4719 ipsum
2345 4650 2534 4701 creata
2554 4645 2580 4698 ?
2613 4645 2759 4708 Quia
2786 4643 2913 4717 ipse
2933 4649 3021 4702 est
3039 4645 3222 4703 hazres
3254 4645 3461 4717 Patris,
3495 4663 3562 4704 eo

1911 4739 2067 4810 quod
2095 4754 2128 4792 a
2159 4737 2326 4791 Patre
2358 4735 2417 4789 in
2449 4734 2645 4805 ipsum
2680 4734 2981 4790 transierit
3021 4735 3352 4803 haereditas,
3412 4736 3565 4792 sicut

1915 4829 2081 4883 Pater
2111 4825 2287 4882 dicit:
2324 4825 2485 4879 Posce
2516 4841 2550 4878 a
2576 4840 2685 4889 me,
2732 4832 2782 4878 et
2820 4823 2956 4880 dabo
3003 4825 3106 4880 tibi
3162 4828 3348 4896 gentes
3387 4824 3563 4882 licere-

1915 4917 2140 4971 ditatem
2170 4912 2514 4984 tuam(Psal.
2544 4929 2605 4966 11.
2638 4912 2715 4983 8).
2749 4913 2883 4968 Pua:
2912 4919 3108 4968 tamen
3168 4913 3476 4970 hereditas
3530 4928 3566 4968 a

1915 5006 2081 5060 Patre
2112 5002 2326 5058 transit
2353 5001 2412 5055 in
2444 5000 2678 5067 Filium,
2711 5004 2767 5055 et
2794 5000 2854 5055 in
2900 5000 3127 5056 Patrem
3174 5000 3485 5055 revertitur
3531 5018 3567 5055 a

1918 5093 2080 5150 Filio.
2110 5090 2350 5163 Egregie
2381 5089 2581 5159 itaque
2613 5088 2925 5159 Apostolus
2956 5093 3012 5142 et
3039 5088 3148 5143 hoc
3178 5087 3303 5144 loco
3354 5086 3565 5144 Filium

1921 5182 2065 5239 dixit
2094 5184 2389 5235 auctorem
2423 5175 2685 5232 omnium
2719 5181 2776 5231 et
2802 5177 3105 5247 majestate
3134 5193 3242 5232 sua
3271 5177 3570 5233 continen-

1920 5279 2037 5329 tem
2070 5268 2288 5325 omnia.
2323 5266 2392 5321 Et
2420 5267 2489 5321 ad
2529 5267 2820 5321 Romanos
2840 5267 2909 5321 de
2933 5265 3097 5322 Patre
3127 5266 3207 5322 ait
3233 5284 3246 5321 :
3289 5269 3569 5340 Quoniam

1921 5380 1992 5419 ea:
2037 5361 2152 5431 ipso
2233 5365 2286 5412 et
2330 5371 2431 5427 per
2480 5356 2680 5425 ipsum,
2730 5358 2787 5408 et
2842 5357 2902 5410 in
2954 5357 3135 5428 ipsum
3193 5365 3318 5413 sunt
3385 5360 3573 5415 omnia

1928 5506 2082 5570 dem,
2113 5516 2277 5558 causa
2308 5506 2484 5555 tamen
2516 5504 2576 5552 ut
2631 5498 2881 5572 factum:
2930 5498 3128 5569 plures
3185 5478 3242 5558 et
3293 5500 3570 5572 potiores.

1925 5568 2359 5702 causam‘dtamen
2411 5573 2659 5642 factum;
2691 5568 2791 5625 ubi
2846 5568 2955 5625 vox
3007 5573 3219 5644 factum
3271 5568 3345 5630 ad
3401 5574 3576 5631 Deum

1931 5651 2154 5709 releren
2197 5663 2248 5702 a.

2003 5720 2114 5804 (22)
2147 5720 2231 5780 Ita
2261 5717 2518 5795 quinque
2546 5730 2692 5777 mss.
2725 5714 2861 5775 mel.
2905 5718 3054 5779 notae
3102 5719 3154 5776 et
3212 5719 3368 5793 Am.,
3429 5716 3576 5797 Pet.,
