3938 6214
359 336 474 395 143

1816 326 1880 384 S.
1929 324 2304 384 AMBltOSll

3635 325 3742 383 144

362 467 534 537 (Rom.
568 463 743 534 20,36)
770 462 903 534 (23).
937 462 1019 517 Ex
1047 461 1174 534 ipso
1206 459 1559 533 principium
1590 462 1647 515 et
1676 458 1837 531 origo
1866 458 2003 513 sub-
2035 458 2090 524 Α
2119 455 2387 512 similiter
2417 454 2803 527 significatur,
2856 468 2989 508 cum
3046 450 3299 525 legitur:
3347 450 3494 517 Quia
3546 451 3743 508 coelum

364 554 591 610 stantia:
623 552 1050 618 universorum,
1094 552 1194 606 I0
1225 550 1283 604 id
1315 552 1403 604 est
1427 564 1495 603 ex
1526 546 1822 603 voluntate
1880 548 2006 617 ejus

366 648 421 699 et
452 646 761 715 potestate.
798 640 1007 695 Omnia
1034 640 1187 695 enim
1222 656 1289 693 ex
1319 639 1447 707 ejus
1477 636 1776 691 voluntate
1826 652 2006 707 coepe-

366 736 542 798 runt;
572 730 710 803 quia
737 747 890 783 unus
922 730 1075 783 Deus
1106 728 1296 793 Pater,
1329 724 1752 797 exquoomnia.
1784 724 2013 779 Etenim

367 826 646 892 tanquam
680 836 747 873 ex
779 835 884 873 suo
916 818 1070 882 fecit,
1104 817 1241 888 quia
1271 816 1427 870 unde
1474 814 1658 869 voluit
1705 814 1857 869 fecit.
1913 812 2017 867 Per

369 908 563 981 ipsum
597 906 1156 974 continuatio;ﬁnis
1186 906 1246 960 in
1287 904 1504 977 ipsum.
1558 905 1638 958 Ex
1695 903 1822 974 ipso
1880 918 2017 973 ergo

370 996 635 1052 materia.
671 996 777 1051 Per
805 995 1001 1067 ipsum
1034 993 1290 1066 operatio
1314 1010 1441 1065 qua:
1472 992 1673 1065 ligavit
1701 1000 1869 1063 atque
1892 1007 2021 1045 con-

371 1085 604 1141 strinxit
634 1085 927 1140 universa.
987 1084 1052 1139 In
1083 1083 1299 1155 ipsum,
1363 1083 1503 1154 quia
1556 1080 1816 1153 quandiu
1875 1078 2020 1145 vult,

371 1174 569 1230 omnia
597 1174 725 1246 ejus
767 1172 984 1228 virtute
1044 1177 1287 1227 manent
1344 1176 1519 1242 atque
1557 1170 1908 1237 consistunt,
1967 1172 2025 1222 et

370 1263 502 1318 ﬁnis
531 1278 733 1318 eorum
763 1261 824 1316 in
873 1261 973 1316 Dei
1022 1260 1382 1316 voluntatem
1443 1258 1725 1327 recurrit;
1786 1260 1843 1313 et
1897 1257 2026 1328 ejus

375 1351 614 1408 arbitrio
647 1350 1038 1408 resolvuntur.
1364 1370 1367 1371 ν

1012 1517 1247 1574 CAPUT
1289 1517 1383 1573 VI.

373 1634 851 1690 Incwloettcrra
872 1638 1106 1705 quatuor
1162 1634 1453 1699 elementa,
1512 1648 1541 1688 e
1598 1633 1795 1705 quibus
1844 1632 2034 1705 omnia

445 1704 1081 1774 componuntur,creata
1110 1722 1240 1759 esse.
1296 1706 1495 1774 Qualis
1548 1705 1671 1758 σιειί
1697 1704 2032 1769 substantia,

447 1774 695 1849 qualisve
750 1781 911 1832 terrae
956 1778 1150 1847 positio
1173 1796 1204 1849 ;_
1222 1784 1271 1830 et
1290 1793 1454 1845 quam
1492 1774 1700 1849 diverse
1728 1774 2038 1849 philosophi

450 1846 515 1903 de
551 1849 813 1902 calorum
858 1846 1061 1901 natura
1100 1847 1451 1918 judicarint:
1506 1848 1577 1901 iis
1629 1846 1887 1915 neglectis
1945 1846 2036 1901 di-

451 1921 601 1975 vinae
629 1920 947 1973 auctoritati
984 1918 1424 1973 auscultandum.

452 2062 541 2115 20.
576 2062 637 2116 In
697 2060 983 2132 principio
1015 2061 1211 2131 itaque
1244 2060 1522 2131 temporis
1556 2058 1769 2116 cmlum
1818 2063 1874 2114 et
1920 2064 2034 2115 ter-

384 2166 509 2206 ram
533 2149 686 2205 Deus
718 2148 872 2204 fecit.
907 2150 1166 2221 Tempus
1197 2148 1351 2204 enim
1384 2150 1456 2205 ab
1490 2149 1599 2205 hoc
1644 2150 1886 2215 mundo,
1920 2166 2035 2204 non

386 2242 519 2294 ante
551 2238 880 2293 mundum:
932 2239 1056 2293 dies
1096 2242 1289 2294 autem
1350 2239 1630 2311 temporis
1685 2239 1870 2311 portio
1926 2243 2034 2309 est,

387 2344 502 2383 non
561 2326 939 2399 principium.
1000 2327 1064 2381 Et
1137 2344 1475 2399 quanquam
1551 2327 1815 2383 lectionis
1889 2327 2037 2383 serie

386 2415 686 2487 possimus
716 2421 977 2471 astruere
1007 2416 1161 2486 quod
1196 2416 1384 2487 primo
1417 2414 1572 2470 diem
1605 2416 1808 2470 fecerit
1838 2415 2035 2471 Domi-

387 2522 500 2560 nus
532 2508 587 2560 et
619 2509 867 2570 noctem,
894 2521 1021 2575 quae
1054 2509 1193 2560 sunt
1221 2505 1378 2559 vices
1408 2508 1782 2576 temporum;
1841 2509 1897 2559 et
1945 2520 2036 2560 se-

387 2592 579 2648 cundo
668 2592 760 2648 die
820 2592 1262 2648 ﬁrmamentum
1316 2594 1535 2660 fecerit,
1594 2609 1708 2664 quo
1766 2593 2038 2649 discrevit

389 2698 601 2754 aquam
634 2698 759 2753 quae
789 2682 901 2738 sub
927 2680 1069 2736 coelo
1129 2685 1237 2746 est,
1297 2686 1354 2735 et
1404 2697 1619 2752 aquam
1676 2697 1803 2752 quae
1862 2698 2039 2754 super

389 2769 601 2825 caelum
631 2773 862 2839 ;tamen
888 2770 1031 2824 satis
1052 2769 1236 2824 estad
1257 2773 1603 2839 praesentem
1630 2769 2034 2837 assertionem,

390 2859 544 2929 quod
578 2858 638 2913 in
670 2856 957 2929 principio
988 2856 1200 2912 cmlum
1231 2857 1452 2925 fecerit,
1484 2858 1641 2912 unde
1662 2857 2039 2930 praerogativa

392 2946 787 3018 generationis
820 2951 877 3001 et
914 2962 1093 3001 causa
1123 2947 1275 3016 (2h);
1327 2950 1384 3001 et
1431 2950 1644 3002 terram
1702 2946 1919 3013 fecerit,
1976 2947 2034 3002 in

398 3052 516 3107 qua
542 3039 697 3090 esset
743 3034 1139 3106 generationis
1197 3034 1547 3091 substantia.
1610 3035 1673 3089 In
1734 3034 1825 3091 his
1882 3036 2037 3092 enim

394 3127 648 3196 quatuor
676 3123 778 3178 illa
806 3123 1093 3179 elementa
1123 3129 1316 3179 creata
1346 3128 1503 3190 sunt,
1537 3141 1602 3179 ex
1625 3124 1841 3196 quibus
1871 3141 2038 3197 gene-

2122 544 2404 600 Dominus
2433 544 2690 599 extendit
2716 545 2842 613 (Isa.
2873 558 3067 609 xxxxv,
3108 542 3181 609 4).
3214 540 3550 596 Extenditur
3600 542 3745 598 enim

2123 632 2207 688 vel
2241 633 2407 705 quasi
2439 632 2606 705 pellis
2633 633 2703 687 ad
2732 630 3110 687 tabernacula
3136 629 3634 701 habitationesque
3647 633 3751 703 (25)

2125 728 2497 790 sanctorum;
2527 721 2614 778 vel
2647 721 2816 792 quasi
2848 719 3014 787 liber,
3048 724 3114 773 ut
3152 718 3475 790 plurimum
3506 720 3752 775 scriban-

2125 817 2226 866 tur
2251 812 2509 876 nomina,
2541 810 2641 882 qui
2673 808 2890 865 Christi
2920 811 3014 865 ‘ll
3051 809 3301 881 gratiam
3336 808 3449 862 fide
3490 814 3547 863 et
3597 809 3752 864 devo-

2128 901 2284 956 tione
2334 904 2694 966 meruerunt,
2754 898 2973 970 quibus
3025 897 3276 953 dicitur:
3339 896 3586 963 Gaudete,
3637 899 3755 969 quia

2129 992 2361 1043 nomina
2396 992 2571 1043 vestra
2599 990 2807 1059 scripta
2834 995 2962 1043 sunt
2991 989 3053 1041 in
3079 986 3208 1041 aeto
3239 986 3388 1054 (Luc.
3422 1002 3479 1055 x,
3517 988 3624 1057 20).

2201 1080 2289 1132 22.
2324 1078 2404 1132 De
2436 1082 2600 1133 terra:
2632 1092 2866 1148 quoque
2896 1075 2984 1131 vel
3016 1073 3296 1147 qualitate
3351 1073 3440 1129 vel
3491 1074 3761 1145 positione

2131 1171 2379 1221 tractare
2406 1164 2551 1220 nihil
2583 1166 2821 1237 prodest
2849 1165 2922 1221 ad
2954 1180 3118 1237 spem
3150 1162 3352 1231 futuri,
3385 1179 3519 1217 cum
3540 1163 3678 1218 satis
3693 1163 3765 1219 sit

2135 1255 2208 1310 ad
2233 1254 2534 1310 scientiam
2555 1254 2711 1326 quod
2742 1254 3180 1325 Scripturarum
3211 1251 3541 1308 divinarum
3596 1252 3763 1308 series

2137 1343 2596 1415 comprehendit,
2650 1343 2791 1414 quia
2839 1340 3146 1414 suspendit
3202 1345 3418 1396 terram
3476 1340 3538 1395 in
3594 1339 3763 1395 nihilo

2139 1434 2254 1505 (Job
2280 1434 2529 1503 xxv1,7).
2564 1432 2711 1496 Quid
2746 1431 2915 1488 nobis
2959 1431 3253 1486 discutere
3307 1434 3508 1485 utrum
3560 1429 3618 1485 in
3647 1445 3767 1486 aere

2141 1522 2407 1594 pendeat,
2442 1538 2517 1576 an
2548 1539 2726 1593 super
2746 1538 2984 1593 aquam,
3015 1524 3081 1575 ut
3118 1520 3255 1575 inde
3311 1522 3589 1574 nascatur
3640 1534 3765 1573 oon-

2142 1609 2442 1676 troversia,
2477 1612 2772 1681 quomodo
2801 1609 2953 1665 aeris
2983 1612 3196 1664 natura
3224 1607 3417 1663 tenuis
3448 1611 3508 1662 et
3557 1605 3772 1662 mollior

2145 1698 2358 1754 molem
2392 1700 2577 1770 possit
2606 1702 2939 1755 sustentare
2969 1702 3261 1753 terrenam
3282 1696 3445 1752 ?Aut
3474 1694 3774 1769 quomodo,

2146 1788 2194 1845 si
2226 1806 2402 1860 super
2432 1805 2616 1859 aquas
2648 1805 2766 1844 non
2799 1788 3175 1859 demergatur
3214 1786 3271 1840 in
3329 1801 3546 1857 aquam
3600 1782 3779 1856 gravis

2147 1878 2316 1932 ruina
2345 1877 2676 1933 terrarum?
2705 1879 2820 1932 Aut
2850 1875 3142 1948 quomodo
3174 1874 3225 1931 ei
3256 1873 3439 1929 maris
3470 1874 3632 1930 unda
3672 1889 3779 1929 non

2146 1967 2332 2032 cedat,
2357 1972 2413 2021 et
2443 1969 2501 2021 in
2532 1966 2719 2021 latera
2748 1967 2878 2036 ejus
2909 1982 3036 2020 sese
3065 1964 3189 2019 loco
3221 1981 3328 2019 suo
3359 1967 3523 2019 mota
3577 1961 3781 2017 ditl'un-

2144 2056 2288 2110 dat?
2312 2054 2479 2110 Multi
2510 2056 2689 2110 etiam
2721 2054 2780 2109 in
2812 2054 3006 2109 medio
3032 2052 3186 2108 aeris
3217 2057 3437 2108 terram
3466 2067 3597 2108 esse
3633 2050 3779 2105 dixe-

2146 2148 2305 2211 runt,
2336 2148 2393 2199 et
2427 2142 2580 2199 mole
2632 2160 2741 2198 sua
2796 2142 3161 2198 immobilem
3215 2157 3581 2213 permanere,
3636 2139 3782 2211 quod

2145 2232 2417 2305 mquabili
2448 2238 2611 2287 motu
2643 2232 2755 2303 (26)
2787 2231 2924 2286 hinc
2954 2234 3127 2303 atque
3153 2230 3290 2286 inde
3309 2228 3683 2302 propendeat.
3706 2228 3780 2284 De

2145 2338 2260 2394 quo
2292 2321 2435 2378 satis
2466 2325 2743 2394 putamus
2775 2320 2996 2376 dictum
3027 2337 3062 2375 a
3091 2319 3334 2375 Domino
3377 2319 3448 2374 ad
3503 2319 3613 2374 Job
3668 2333 3780 2374 ser-

2144 2428 2281 2467 vum
2313 2427 2510 2477 suum,
2544 2410 2778 2481 quando
2808 2408 3040 2465 locutus
3081 2426 3185 2480 per
3244 2409 3459 2464 nubem
3520 2407 3629 2462 ait:
3693 2405 3786 2463 Ubi

2143 2517 2266 2556 eras
2295 2518 2417 2554 cum
2446 2500 2739 2570 fundarem
2766 2502 3014 2554 terra/Iv?
3062 2497 3247 2554 indica
3301 2499 3462 2563 mihi,
3523 2498 3576 2552 si
3632 2494 3786 2551 habes

2144 2592 2452 2645 scientiam.
2488 2590 2618 2656 Quis
2638 2590 2823 2659 posuit
2852 2603 3133 2644 mensuras
3159 2588 3298 2658 ejus,
3341 2589 3393 2641 si
3447 2584 3638 2643 nosti?
3690 2585 3790 2640 Aut

2146 2681 2268 2750 quis
2325 2686 2402 2733 est
2459 2680 2557 2749 qui
2613 2677 3001 2748 super-induxit
3057 2692 3377 2732 mensuram
3426 2692 3598 2747 super
3651 2690 3792 2740 eam,

2145 2771 2243 2821 aut
2327 2782 2491 2837 super
2573 2766 2705 2837 quid
2787 2766 2984 2821 circuli
3052 2766 3170 2836 ejus
3241 2764 3447 2833 conﬁxi
3500 2771 3634 2819 sunt
3684 2761 3794 2833 (Job

2147 2872 2379 2923 xxxvm,
2415 2856 2577 2926 4-6)?
2622 2855 2689 2910 Et
2746 2854 2927 2910 infra:
2992 2853 3243 2910 Conclusi
3295 2869 3449 2909 mare
3496 2854 3696 2926 portis,
3748 2857 3797 2906 et

2145 2944 2303 2999 dixi:
2341 2946 2514 3015 Usque
2544 2944 2648 2999 huc
2676 2946 2879 3010 venies,
2908 2947 2957 2999 et
2987 2959 3099 2999 non
3151 2944 3434 3011 transibis,
3485 2942 3585 2998 sed
3634 2943 3696 2997 in
3750 2943 3798 2995 te

2147 3035 2589 3089 comminuentur
2616 3034 2814 3102 ﬂuctus
2842 3035 2925 3088 tui
2954 3032 3111 3104 (Ibid.
3144 3032 3232 3101 40,
3265 3032 3374 3104 ll).
3416 3031 3627 3087 Nonne
3683 3027 3794 3085 evi-

2147 3123 2352 3177 denter
2402 3121 2658 3177 ostendit
2681 3121 2835 3177 Deus
2865 3121 3064 3177 omnia
3094 3122 3403 3192 majestate
3433 3137 3549 3175 sua
3607 3114 3797 3175 consi-

393 3216 599 3268 rantur
629 3212 827 3268 omnia
855 3212 968 3268 ista
989 3228 1116 3283 quae
1149 3213 1353 3267 mundi
1384 3217 1540 3269 sunt.
1574 3212 1876 3268 Elementa
1929 3231 2031 3268 au-
2062 3200 2104 3267 C
2144 3215 2296 3268 stere
2327 3216 2386 3266 in
2414 3226 2679 3277 numero,
2713 3210 2967 3282 pondere
2996 3214 3170 3282 atque
3202 3226 3482 3267 mensura
3511 3210 3541 3263 ‘I
3599 3208 3798 3278 Neque

392 3306 511 3357 tem
542 3305 815 3373 quatuor,
851 3318 969 3368 aer,
1010 3300 1189 3373 ignis,
1222 3318 1394 3373 aqua,
1449 3306 1505 3357 et
1557 3306 1731 3369 terra,
1792 3317 1919 3372 qua:
1976 3302 2037 3357 in

392 3391 669 3448 omnibus
700 3391 812 3446 sibi
864 3391 1042 3446 mista
1097 3394 1255 3446 sunt.
1306 3390 1604 3462 Siquidem
1662 3394 1719 3445 et
1774 3388 1833 3444 in
1881 3395 2038 3447 terra

394 3479 595 3551 ignem
627 3478 899 3551 reperies,
931 3478 1033 3551 qui
1065 3496 1132 3534 ex
1162 3477 1457 3551 lapidibus
1488 3484 1546 3534 et
1576 3479 1725 3535 ferro
1763 3480 2033 3551 frequen-

386 3572 477 3621 ter
552 3568 876 3633 excutitur;
937 3572 994 3623 et
1049 3568 1107 3622 in
1166 3567 1329 3635 ccelo,
1386 3584 1521 3623 cum
1568 3567 1646 3623 sit
1712 3568 1933 3640 ignitus
1977 3574 2034 3625 et

385 3654 612 3710 micans
642 3655 1002 3727 fulgentibus
1033 3656 1218 3711 stellis
1244 3654 1434 3727 polus,
1478 3672 1631 3727 aqua
1660 3672 1788 3712 esse
1844 3658 2033 3731 possit

380 3742 656 3816 intelligi,
691 3760 818 3816 quas
848 3743 933 3800 vel
967 3759 1145 3815 supra
1173 3744 1382 3799 coelum
1414 3748 1521 3812 est,
1545 3744 1633 3798 vel
1657 3744 1842 3801 deillo
1864 3763 2033 3818 supe-

381 3832 533 3887 riore
566 3831 690 3888 loco
724 3833 783 3887 in
816 3837 1029 3889 terram
1059 3832 1221 3904 largo
1253 3833 1585 3905 frequenter
1608 3834 1794 3889 imbre
1822 3835 2030 3891 demit-

2146 3300 2303 3356 enim
2334 3304 2600 3356 creatura
2628 3298 2816 3372 legem
2844 3299 3072 3368 tribuit,
3105 3300 3207 3355 sed
3240 3298 3484 3372 accepit,
3519 3303 3581 3355 et
3609 3298 3799 3354 servat

2145 3394 2464 3461 acceptam.
2498 3389 2623 3444 Non
2645 3405 2781 3461 ergo
2811 3389 2966 3460 quod
2998 3388 3058 3443 in
3089 3388 3279 3444 medio
3309 3388 3386 3444 sit
3410 3391 3594 3453 terra,
3628 3380 3796 3458 quasi

2143 3496 2310 3551 aaqua
2337 3477 2504 3534 lance
2533 3477 2952 3549 suspenditur:
3000 3477 3101 3533 sed
3160 3477 3300 3549 quia
3347 3478 3638 3548 maiestas
3700 3476 3795 3533 Dei

2139 3566 2458 3623 voluntatis
2491 3584 2609 3621 suae
2636 3583 2764 3621 eam
2797 3565 2921 3638 lege
2953 3566 3337 3639 constringit;
3371 3571 3435 3621 ut
3464 3585 3658 3641 supra
3708 3568 3793 3623 in-

2139 3656 2348 3713 stabile
2430 3660 2604 3727 atque
2658 3656 2831 3711 inane
2887 3654 3117 3711 stabilis
3183 3661 3537 3728 perseveret,
3641 3657 3794 3713 sicut

2138 3746 2317 3802 David
2350 3743 2865 3818 quoquepropbeta
2912 3748 3162 3800 testatur
3215 3744 3451 3800 dicens:
3521 3747 3794 3802 Fundavit

2136 3844 2344 3891 terram
2371 3850 2535 3906 super
2566 3835 2977 3903 ﬁrmamentum
3001 3835 3114 3905 (27)
3134 3834 3271 3905 ejus,
3292 3850 3400 3891 non
3419 3836 3795 3892 inclinabitur

380 3921 542 3977 titur.
576 3922 710 3986 Quae
742 3921 1012 3994 pluribus
1044 3922 1315 3994 colligere
1347 3938 1675 3995 possemus,
1709 3922 1758 3979 si
1791 3924 1930 3995 quid
1952 3925 2023 3980 ad
2132 3927 2194 3980 in
2212 3925 2478 3981 swealum
2501 3924 2695 3980 saeculi
2722 3923 2890 3995 (Psal.
2934 3940 3052 3991 CIII,
3100 3924 3175 3995 5).
3236 3923 3362 3979 Non
3420 3925 3641 3997 utique
3699 3925 3792 3981 hic

373 4010 824 4069 aediﬁcationem
860 4011 1124 4067 Ecclesiae
1183 4011 1297 4067 ista
1342 4012 1619 4083 proficere
1671 4011 2021 4069 videremus.

371 4099 481 4156 Sed
514 4100 654 4172 quia
682 4100 775 4156 bis
806 4101 1079 4174 occupari
1113 4101 1545 4157 infructuosum
1579 4102 1878 4173 negotium
1910 4106 2019 4168 est,

2133 4012 2300 4086 quasi
2331 4012 2740 4068 tantummodo
2771 4011 2978 4067 artifex
2999 4011 3186 4080 Deus;
3221 4012 3321 4068 sed
3368 4014 3547 4084 quasi
3603 4014 3792 4071 omni-

2129 4108 2337 4175 potens
2361 4102 2728 4174 praedicatur,
2762 4099 2862 4172 qui
2888 4118 3004 4156 non
3036 4105 3233 4157 centro
3257 4103 3519 4173 quodam
3542 4108 3789 4171 terram,

372 4188 443 4243 ad
475 4188 577 4244 illa
607 4190 799 4263 magis
830 4190 1207 4245 intendamus
1232 4189 1495 4246 animum
1529 4190 1588 4244 in
1622 4189 1836 4262 quibus
1892 4190 2019 4246 vitae
2128 4193 2230 4248 sed
2264 4190 2534 4263 praecepti
2567 4190 2658 4246 sui
2689 4190 3061 4261 suspenderit
3085 4191 3475 4260 firmamento,
3512 4208 3628 4249 nec
3657 4208 3788 4249 eam

372 4277 449 4332 sit
475 4279 770 4349 profectus
802 4284 1048 4334 aeternae.
1716 4336 1723 4337 ,
1753 4270 1769 4283 ’
2127 4281 2393 4337 inclinari
2428 4280 2702 4352 patiatur.
2737 4280 2863 4335 Non
2895 4296 3031 4353 ergo
3063 4296 3403 4337 mensuram
3433 4282 3655 4351 centri,
3682 4280 3787 4338 sed

439 4367 638 4423 21.De
668 4367 948 4438 qualitate
977 4368 1157 4440 igitur
1198 4372 1255 4423 et
1310 4366 1636 4423 substantia
1690 4366 1815 4422 οωΙὶ
1873 4369 2016 4425 satis
2117 4370 2329 4442 judicii
2353 4368 2530 4424 divini
2561 4369 2824 4441 accipere
2880 4369 3195 4437 debemus;
3258 4369 3400 4441 quia
3460 4388 3584 4427 non
3639 4369 3787 4427 artis

366 4458 456 4509 est
485 4469 553 4508 ea
581 4470 848 4525 promere
879 4472 1006 4526 qua:
1048 4456 1107 4510 in
1159 4456 1321 4511 Isaia:
1365 4455 1601 4527 scriptis
1664 4456 2012 4527 reperimus,
2125 4476 2403 4516 mensura
2451 4464 2561 4528 est,
2611 4459 2713 4515 sed
2774 4458 3122 4531 potestatis;
3176 4475 3456 4515 mensura
3500 4459 3787 4530 justitize,

365 4542 465 4613 qui
501 4542 893 4597 mediocribus
926 4548 981 4597 et
1014 4544 1247 4599 usitatis
1270 4544 1641 4599 sermonibus
1669 4544 2013 4617 qualitatem
2044 4573 2089 4639 D
2121 4565 2400 4605 mensura
2429 4547 2818 4620 cognitionis;
2860 4547 2999 4619 quia
3057 4546 3255 4604 omnia
3308 4564 3426 4603 non
3483 4553 3785 4620 tanquam

366 4634 584 4685 natura:
615 4629 865 4686 ccclestis
895 4631 1200 4702 expressit,
1228 4632 1427 4687 dicens
1477 4634 1631 4703 quod
1692 4633 2010 4692 ﬁrmaverit
2044 4629 2083 4639 ”
2119 4637 2409 4693 immensa
2430 4639 2776 4709 praetereant
2806 4637 2934 4706 ejus
2954 4636 3279 4705 scientiam,
3314 4638 3415 4693 sed
3448 4633 3787 4710 cognitioni

360 4717 572 4773 ccnlum
606 4717 760 4773 sicut
782 4719 1010 4775 fumum
1034 4721 1142 4790 (Isa
1168 4737 1242 4787 LI,
1276 4722 1353 4788 6),
1389 4720 1665 4777 subtilem
1721 4724 1848 4793 ejus
1906 4742 2009 4781 na-
2117 4728 2246 4798 ejus
2276 4731 2558 4797 tanquam
2616 4726 2901 4781 dimensa
2930 4726 3293 4797 subjaceant.
3350 4726 3559 4797 Neque
3621 4724 3786 4782 enim

357 4813 550 4861 turam
586 4824 691 4863 nec
720 4806 968 4862 solidam
1001 4808 1242 4880 cupiens
1264 4809 1575 4866 declarare.
1612 4813 1699 4866 Ad
1753 4812 2005 4884 speciem
2115 4832 2247 4871 cum
2281 4815 2561 4888 legimus:
2584 4817 2695 4884 Ego
2725 4816 3047 4885 conﬁrmavi
3074 4816 3358 4871 columnas
3412 4817 3539 4887 ejus
3598 4813 3782 4887 (Psal.

355 4912 588 4968 quoque
618 4896 747 4967 ejus
779 4897 1235 4969 abundat,quod
1259 4897 1384 4969 ipse
1403 4898 1611 4953 deemli
1635 4900 2002 4958 ﬁrmamento
2114 4921 2301 4969 Lxxw,
2336 4904 2414 4974 4),
2455 4920 2589 4958 vere
2648 4902 2941 4959 columnis
3000 4920 3128 4959 eam
3187 4903 3504 4959 subnixam
3562 4919 3784 4976 possu-

351 4985 582 5041 locutus
612 4991 721 5052 est,
755 4986 894 5058 quia
925 4987 1225 5042 fecitDeus
1254 4986 1465 5042 coelum
1489 4988 1638 5043 sicut
1660 5006 1997 5060 cameram;
2114 5010 2245 5047 mus
2332 4992 2642 5059 aestimare,
2730 4993 2831 5047 sed
2898 5009 2967 5048 ea
3019 4992 3230 5048 virtute
3288 5010 3415 5065 qua:
3463 4990 3787 5048 suffulciat

350 5074 504 5144 quod
540 5074 691 5129 intra
716 5075 843 5130 cceli
876 5075 1164 5131 ambitum
1198 5074 1469 5131 universa
1491 5076 1840 5133 claudantur
1865 5081 1995 5150 (Isa.
2111 5081 2505 5137 substantiam
2538 5085 2703 5137 terra:
2736 5085 2911 5152 atque
2932 5081 3247 5137 sustineat.
3293 5081 3567 5153 Denique
3619 5080 3786 5153 quod

347 5179 436 5227 xc,
468 5164 582 5233 22),
614 5179 745 5235 quae
773 5163 863 5220 vel
895 5164 954 5220 in
988 5164 1133 5219 mari
1166 5168 1452 5237 geruntur
1480 5164 1567 5221 vel
1608 5168 1797 5223 terris.
1831 5170 1994 5234 Quod
2108 5171 2165 5225 in
2200 5173 2488 5243 potestate
2517 5169 2617 5227 Dei
2653 5171 2733 5227 sit
2760 5174 2927 5227 terrae
2960 5170 3324 5239 constitutio,
3387 5169 3574 5226 etiam
3641 5168 3786 5224 hinc

348 5303 513 5386 Ιίἑξξές
547 5303 745 5386 Graece
771 5313 833 5372 εἰς
863 5305 1292 5386 αὐςόγκῆᾳιίᾳυὶ-
1339 5324 1484 5386 mss.
1547 5325 1613 5363 ac
1671 5310 1809 5365 edit.
1856 5311 1989 5368 Gill.
2101 5314 2474 5386 habitationis.
2510 5312 2672 5386 Gem.
2702 5314 2959 5369 secunda
3008 5330 3208 5380 manu,
3270 5318 3335 5368 ut
3380 5311 3526 5367 edit.
3588 5312 3782 5379 Cost.,

345 5382 399 5427 et
422 5374 600 5456 ligni.
631 5377 692 5429 in
723 5377 860 5456 ipso;
903 5378 1043 5456 Quid
1064 5374 1241 5456 _est__in
1271 5379 1387 5449 ipso
1406 5382 1431 5432 ?
1735 5451 1765 5456 ᾗ
2099 5384 2169 5440 ad
2201 5384 2563 5456 tabernacula
2589 5387 2941 5456 protectionis
2972 5374 3598 5456 habitationisque,_elc.

415 5444 527 5541 (23)
561 5445 647 5499 Ita
677 5444 789 5527 ms.
813 5444 1080 5530 “Corb._et
1126 5444 1441 5530 'l‘hua'neus
1488 5450 1665 5519 edit.;
1726 5451 1879 5535 Cost:
1933 5458 1990 5537 et
2173 5455 2301 5580 (262.
2320 5454 2459 5511 Mss.
2494 5458 2550 5521 2,
2580 5444 2721 5528 quod
2748 5457 2951 5528 aequali
2978 5458 3108 5512 situ.
3163 5444 3357 5512 Romf
3390 5444 3568 5522 edit.,
3635 5451 3786 5525 quod

415 5513 611 5568 .aadam
647 5515 940 5580 Parisinus,
974 5536 1058 5574 suc
1090 5524 1265 5575 etiam
1297 5520 1471 5580 paulo
1505 5527 1653 5580 post.
1688 5526 1764 5579 At
1804 5524 1983 5580 aliam
2097 5542 2251 5580 aaoua
2281 5531 2603 5580 zmomento.

343 5513 940 5597 quedam‘Barisinm,
974 5518 1058 5574 sic
1090 5520 1265 5575 etiam
1296 5520 1471 5592 paulo
1503 5513 1662 5593 post;
1688 5526 1764 5579 At
1804 5524 1983 5597 aliqui
2097 5513 2603 5597 zeq‘ualimoment'o'.

343 5600 471 5670 "‘9;
485 5586 739 5670 βίηεὲάίίσο
772 5590 832 5643 in
861 5592 994 5661 ίρδο·
1144 5663 1154 5670 .
1296 5586 1317 5592 _
1436 5663 1467 5670 Α,
1503 5586 1521 5593 ’
1553 5664 1563 5670 ,
1899 5586 1919 5597 ’
2152 5586 2281 5670 ’(27)
2311 5596 2397 5653 Ita
2429 5614 2529 5654 sex
2550 5615 2696 5656 mss.
2724 5598 2949 5670 etedit.
2988 5604 3139 5667 Am.,
3160 5597 3447 5670 Pet.,Era.
3469 5594 3579 5653 Sic
3594 5596 3785 5670 etiam

407 5655 529 5803 E235
556 5656 693 5714 Tres
724 5655 1193 5732 mssfprorogata
1220 5663 1589 5744 generationis
1615 5680 1803 5719 causa.

438 5729 510 5784 2o
560 5727 727 5789 Corb.
785 5735 953 5790 vetus
1009 5736 1068 5789 et
1096 5731 1511 5803 Benigmanus,
1539 5732 1610 5793 ad
1629 5734 1985 5798 tabernacula

2139 5655 2276 5802 3.161%
2303 5672 2450 5744 post.
2501 5673 2573 5728 At
2619 5655 2993 5732 caeterimss.
3037 5655 3094 5733 et
3122 5655 3261 5728 edit.
3289 5655 3522 5736 'Rom.,
3590 5668 3784 5742 ﬁrmi-

438 5727 727 5801 25lcorb-
785 5727 953 5790 νθῐῧε
1009 5727 1985 5809 Θῑ’ΒΘηίευίδηιιε,αάιαρθνηαειιια
2094 5727 2320 5802 auem.‘
2440 5727 2446 5729 ‘
2560 5727 2567 5728 ί
2630 5727 2689 5729 -τ
2854 5727 2991 5732 ννη-
3042 5727 3087 5733 -κ
3136 5727 3139 5728 ν
3326 5727 3335 5729 τ
3506 5727 3517 5736 ,
3590 5727 3601 5742 ,
3860 5760 3869 5767 1
