3938 6214
171 367 264 431 145

1471 373 2014 441 HEXAEMERON
2058 377 2205 442 LIB.
2250 380 2298 443 Ῑ.

3468 387 3584 450 146

169 505 378 580 collige,
406 505 551 579 quia
581 506 899 581 scriptum
949 511 1074 566 est:
1125 508 1230 579 Qui
1275 512 1470 583 aspicit
1514 516 1743 582 terram,
1776 522 1829 570 et
1854 513 2207 586 Avolvitur,
2272 518 2329 574 et
2385 515 2687 592 superiora
2736 516 3131 591 inferioribus,
3182 521 3583 597 superioribus

170 601 297 673 facit
318 614 435 656 eam
464 606 710 656 tremere
761 600 947 673 (Psal.
982 616 1097 667 CIII,
1155 600 1265 669 32).
1312 601 1381 656 Et
1431 600 1607 658 alibi:
1642 602 1830 661 Adhuc
1938 620 2168 677 quoque
2200 607 2472 664 inferiora
2502 614 2825 667 mutantur.
2856 611 3116 677 Quorum
3149 617 3343 670 autem
3372 629 3581 672 secun-

171 706 259 759 ego
291 690 457 745 semel
508 692 774 746 concutio
831 695 1032 746 terram
1078 690 1229 763 (Agg.
1283 707 1345 757 ll,
1393 692 1467 762 8).
1514 692 1639 747 Non
1690 710 1826 765 ergo

169 779 531 837 libramentis
563 780 692 836 suis
742 780 1067 836 immobilis
1114 786 1348 837 manet:
1393 781 1493 837 sed
1550 781 1824 854 frequen-

165 875 247 926 ter
274 869 380 925 Dei
411 874 560 924 nutu
592 875 652 925 et
676 870 923 925 arbitrio
973 875 1388 937 commovetur,
1439 872 1591 927 sicut
1629 876 1685 927 et
1713 872 1822 928 Job

163 960 342 1015 dicit:
378 961 522 1028 Quia
549 961 821 1015 Dominus
850 969 1139 1016 commovet
1190 976 1311 1015 eam
1342 978 1375 1015 α
1401 960 1781 1032 fundamentis
1802 982 1820 1017 :

160 1049 435 1106 columnae
493 1052 680 1104 autem
737 1051 857 1120 ejus
912 1051 1264 1120 exagitantur
1320 1050 1434 1120 (Job
1491 1067 1566 1106 Ix.
1621 1052 1698 1121 6).
1750 1051 1820 1106 Et

158 1137 336 1193 alibi:
392 1138 552 1194 Nuda
607 1139 833 1208 inferna
876 1138 935 1191 in
980 1146 1257 1211 conspectu
1308 1140 1444 1211 ejus,
1496 1147 1547 1193 et
1603 1156 1713 1194 non
1742 1142 1819 1195 est

158 1230 334 1283 morti
384 1229 754 1294 involucrum,
802 1226 1095 1283 extendens
1171 1230 1402 1283 Boream
1456 1244 1559 1299 pro
1616 1230 1814 1295 nihilo,

154 1317 500 1391 suspendens
542 1325 747 1373 terram
783 1318 840 1371 in
893 1317 1154 1387 nihilum,
1215 1318 1451 1387 alligans
1505 1334 1705 1388 aquam
1757 1320 1817 1373 in

158 1409 404 1465 nubibus
433 1408 615 1463 suis...
654 1406 936 1464 Columnae
981 1407 1106 1462 caeli
1152 1407 1524 1478 evolaverunt,
1564 1415 1615 1463 et
1642 1424 1815 1479 expa-

158 1506 359 1553 rerunt
388 1497 461 1552 ab
492 1497 863 1567 increpatione
890 1497 1041 1564 eius:
1070 1497 1276 1551 virtute
1320 1497 1596 1565 mitigavit
1640 1514 1809 1562 mare,

153 1587 461 1658 disciplina
498 1587 696 1641 stravit
736 1588 952 1640 cetum:
1011 1585 1251 1640 claustra
1310 1594 1496 1640 autem
1543 1587 1643 1643 12
1691 1588 1815 1642 cerli

152 1678 355 1732 timent
383 1692 513 1730 eum
528 1674 649 1746 (Job
678 1691 831 1742 XXVI,
877 1675 1033 1746 6-13)
1067 1692 1095 1753 :_
1124 1673 1436 1729 Voluntate
1484 1675 1664 1747 igitur
1711 1676 1810 1731 Dei

148 1763 490 1821 immobilis
518 1768 715 1819 manet
742 1768 799 1820 et
825 1767 941 1820 stat
970 1764 1030 1818 in
1076 1763 1353 1818 saeculum
1403 1767 1577 1829 terra,
1609 1781 1811 1820 secun-

1936 696 2077 751 dum
2112 701 2381 754 naturam
2417 704 2609 755 motus
2639 702 2846 756 mutati
2878 707 3035 771 sunt,
3071 703 3281 759 horum
3313 720 3580 760 necessa-

1935 784 2019 839 rio
2052 786 2245 841 ferunt
2274 789 2487 843 mutari
2519 789 2704 845 solere
2752 790 3064 863 qualitates
3113 793 3580 848 substantiarum

1933 889 2195 930 suarum.
2230 877 2375 941 Quid
2408 876 2588 949 igitur
2617 880 2984 936 defendimus
3016 880 3329 937 :ethereum
3370 900 3581 954 corpus

1930 980 2080 1031 esse,
2138 981 2210 1020 ne
2266 966 2533 1022 videatur
2589 969 2947 1041 corruptioni
2996 971 3361 1026 obnoxium?
3414 973 3574 1037 Quod

1929 1053 2085 1107 enim
2138 1055 2529 1126 compositum
2596 1073 2665 1111 ex
2739 1059 3216 1130 corruptibilibus
3272 1060 3576 1116 elementis

1928 1156 2166 1197 necesse
2195 1146 2283 1199 est
2312 1143 2802 1200 resolvatur.Nam
2838 1146 2946 1202 hoc
2982 1147 3109 1219 ipso
3151 1149 3303 1219 quod
3336 1149 3575 1204 diversa:

1926 1231 2128 1286 eadem
2161 1232 2279 1286 sint
2309 1232 2595 1287 elementa
2647 1238 2892 1303 naturae,
2943 1235 3269 1308 simplicem
3302 1241 3357 1292 et
3387 1237 3572 1293 invio-

1922 1317 2157 1375 labilem
2209 1325 2435 1377 motum
2483 1322 2696 1377 habere
2748 1341 2863 1379 non
2912 1329 3181 1396 possunt,
3222 1342 3358 1382 cum
3392 1344 3453 1382 se
3485 1326 3573 1383 di-

1921 1426 2125 1465 versus
2154 1409 2578 1466 elementorum
2610 1416 2803 1468 motus
2848 1413 3170 1486 impugnet.
3226 1415 3387 1470 Unus
3414 1416 3570 1473 enim

1860 1530 1877 1543 -
1922 1503 2119 1554 motus
2149 1498 2424 1554 omnibus
2456 1503 2627 1571 aptus
2653 1517 2780 1556 esse
2808 1518 2924 1557 non
2958 1506 3232 1574 potest,et
3262 1504 3569 1561 elementis

1920 1586 2279 1643 distantibus
2308 1589 2788 1645 convenire.Nam
2821 1590 2921 1661 qui
2972 1590 3195 1647 levibus
3245 1609 3570 1650 accommo-

1920 1676 2032 1731 dus
2084 1681 2191 1743 est,
2243 1678 2305 1733 fit
2360 1678 2767 1733 incommodus
2816 1679 3181 1750 gravioribus
3238 1681 3564 1739 elementis.

1918 1765 2120 1838 Itaque
2146 1767 2380 1839 quando
2412 1767 2484 1821 ad
2516 1768 2819 1838 superiora
2849 1772 3044 1825 motus
3094 1770 3217 1825 coeli
3250 1776 3338 1826 est
3369 1788 3565 1829 neces-

148 1855 298 1910 dum
332 1850 756 1908 Ecclesiasticis
787 1851 1486 1924 sententiam(Eccle.I,4):
1520 1856 1578 1909 et
1606 1853 1807 1909 volun-
1837 1883 1886 1950 B
1917 1855 2129 1920 sarius,
2180 1856 2430 1911 terrenis
2476 1860 2788 1928 gravatur;
2850 1858 3085 1928 quando
3162 1860 3233 1914 ad
3292 1860 3568 1918 inferiora

147 1947 267 1999 tate
299 1942 407 1997 Dei
441 1945 724 2010 movetur,
759 1944 817 1996 et
848 1945 1033 1997 nutat.
1067 1941 1192 1996 Non
1241 1957 1377 2013 ergo
1408 1942 1807 1997 fundamentis
1837 1941 1883 1950 ’⁷
1915 1946 2197 2001 decursus
2230 1946 2330 2001 13
2363 1944 2672 2027 expetitur,
2719 1946 2925 2018 igneus
2955 1947 3118 2017 vigor
3162 1947 3257 2004 ille
3286 1947 3567 2007 violenter

150 2031 279 2088 suis
311 2030 452 2085 nixa
485 2029 772 2097 subsistit,
806 2046 912 2085 nec
943 2028 1142 2085 faleris
1184 2030 1310 2085 suis
1348 2029 1576 2086 stabilis
1605 2047 1805 2102 perse-

148 2124 354 2176 verat:
408 2118 512 2174 sed
559 2117 845 2173 Dominus
890 2118 1097 2173 statuit
1141 2134 1294 2185 eam,
1338 2122 1395 2173 et
1434 2118 1803 2175 firmamento

148 2207 479 2265 voluntatis
508 2224 627 2262 sua:
658 2207 951 2274 continet;
999 2206 1136 2278 quia
1185 2206 1245 2261 in
1296 2223 1472 2262 manu
1505 2208 1633 2278 ejus
1665 2213 1805 2263 sunt

149 2314 359 2353 omnes
391 2297 539 2352 ﬁnes
571 2300 754 2351 terrae.
789 2297 858 2351 Et
885 2295 1003 2351 haec
1052 2296 1185 2351 fidei
1235 2295 1582 2367 simplicitas
1630 2313 1801 2369 argu-

148 2387 367 2442 mentis
398 2386 675 2441 omnibus
706 2384 1018 2441 antecellit.
1050 2385 1311 2440 Laudent
1340 2384 1438 2440 alii
1486 2386 1639 2458 quod
1673 2386 1801 2442 ideo

148 2491 450 2547 nusquam
477 2474 709 2529 decidat
737 2478 930 2542 terra;
984 2474 1123 2546 quia
1167 2475 1493 2530 secundum
1527 2479 1799 2530 naturam

147 2564 204 2619 in
237 2564 439 2619 medio
470 2563 765 2635 regionem
814 2563 1113 2634 possideat
1150 2579 1341 2631 suam,
1391 2580 1458 2619 eo
1507 2564 1662 2635 quod
1694 2581 1799 2619 ne-

146 2670 311 2709 cesse
338 2653 416 2709 sit
448 2670 573 2708 eam
604 2668 841 2707 manere
869 2652 929 2707 in
964 2652 1195 2725 regione
1224 2669 1350 2718 sua,
1403 2669 1507 2708 nec
1556 2652 1615 2707 in
1666 2670 1796 2725 par-

144 2748 263 2797 tem
322 2742 569 2797 alteram
627 2740 918 2809 inclinari,
977 2742 1209 2813 quando
1265 2746 1468 2797 contra
1524 2745 1796 2797 naturam

148 2848 260 2887 non
296 2835 585 2899 movetur,
614 2831 716 2886 sed
765 2830 1088 2886 secundum
1136 2834 1428 2886 naturam.
1481 2830 1798 2886 Praedicent

148 2920 388 2975 artiﬁcis
417 2919 601 2974 divini
651 2923 707 2973 et
749 2919 1068 2991 operatoris
1110 2919 1306 2975 aeterni
1354 2919 1792 2975 excellentiam:

1914 2034 2249 2091 attrahitur.
2281 2034 2504 2090 Etenim
2537 2038 2738 2089 contra
2768 2040 2985 2089 natura:
3018 2054 3136 2091 sua:
3181 2054 3357 2093 usum
3390 2039 3561 2095 deor-

1913 2140 2047 2179 sum
2091 2124 2334 2195 cogitur.
2388 2124 2572 2179 Omne
2638 2128 2833 2178 autem
2884 2125 3040 2196 quod
3092 2125 3151 2179 in
3202 2128 3561 2184 contrarium

1912 2212 2158 2284 cogitur,
2183 2230 2297 2268 non
2331 2216 2550 2268 naturae
2582 2211 2859 2279 serviens,
2913 2214 3012 2269 scd
3061 2216 3413 2282 necessitati,
3447 2218 3560 2273 cito

1911 2301 2177 2367 solvitur,
2203 2306 2260 2357 et
2289 2301 2348 2356 in
2371 2318 2440 2357 ea
2469 2300 2761 2356 scinditur
2803 2319 2872 2357 ex
2902 2302 3121 2374 quibus
3146 2303 3376 2359 videtur
3431 2323 3560 2363 esse

1910 2390 2321 2461 compositum,
2354 2390 2412 2445 in
2444 2407 2615 2445 suam
2648 2407 2941 2461 quamque
2982 2392 3277 2463 regionem
3310 2393 3559 2468 singulis

1910 2479 2362 2534 recurrentibus.
2414 2478 2542 2532 Haec
2588 2478 2773 2550 igitur
2817 2478 2915 2533 alii
2966 2479 3401 2537 considerantes
3441 2487 3557 2539 sta-

1909 2566 2050 2622 bilia
2078 2583 2206 2622 sese
2234 2583 2347 2621 non
2382 2583 2571 2637 posse,
2607 2566 2925 2622 aathereum
2958 2583 3170 2639 corpus
3201 2569 3329 2625 oculi
3362 2570 3557 2627 stella-

1907 2672 2156 2727 rumque
2186 2672 2313 2711 esse
2344 2654 2606 2710 arbitrati
2632 2659 2790 2720 sunt,
2816 2656 3083 2726 quintam
3114 2659 3434 2728 quamdam
3460 2677 3558 2714 na-

1908 2748 2097 2800 turam
2131 2745 2389 2815 corporis
2420 2745 2878 2808 introducentes,
2912 2761 3026 2816 quo
3057 2744 3392 2802 diuturnam
3428 2749 3556 2804 coeli

1904 2837 2177 2906 putarent
2209 2849 2549 2889 mansuram
2580 2849 2709 2889 esse
2742 2833 3158 2889 substantiam.

1972 2924 2060 2976 24.
2094 2922 2202 2978 Sed
2238 2939 2353 2977 non
2386 2922 2500 2977 ista
2530 2922 2723 2993 opinio
2754 2922 3107 2994 prophetica:
3124 2924 3556 2995 potuitobviare

149 3008 279 3080 quis
311 3008 469 3064 enim
501 3009 796 3063 artificum
826 3025 944 3063 non
974 3009 1045 3063 ab
1080 3007 1178 3063 illo
1208 3008 1470 3081 accepit?
1513 3012 1615 3063 aut
1661 3007 1794 3079 quis
1902 3010 2221 3078 sententiae,
2255 3027 2431 3083 quam
2463 3009 2659 3067 divina
2689 3028 2921 3083 quoque
2956 3013 3182 3068 Domini
3213 3012 3353 3069 Jesu
3384 3014 3554 3070 Chri-

149 3097 309 3153 dedit
335 3096 687 3153 mulieribus
710 3101 951 3153 textura:
972 3097 1343 3169 sapientiam,
1366 3101 1467 3153 aut
1494 3097 1793 3153 varietatis
1901 3100 1975 3155 sti
2006 3101 2283 3171 majestas
2316 3099 2374 3153 in
2398 3099 2707 3171 Evangelio
2759 3101 3177 3171 comprobavit.
3212 3101 3367 3157 Dixit
3396 3103 3551 3159 enim

151 3186 522 3259 disciplinam
544 3186 573 3241 ?
600 3187 719 3258 Ego
748 3190 966 3255 tamen,
999 3187 1099 3257 qui
1128 3188 1484 3259 profundum
1515 3188 1789 3258 majesta-

1902 3189 2119 3245 David:
2176 3190 2462 3259 Principio
2513 3192 2716 3243 terram
2774 3197 2833 3243 tu
2887 3190 3156 3259 fundasti,
3206 3192 3452 3258 Domine,
3500 3197 3551 3248 et

157 3276 226 3330 tis
256 3255 403 3347 eius,
455 3281 514 3331 et
561 3255 705 3330 artis
737 3255 1146 3330 excellentiam
1190 3292 1307 3330 non
1339 3292 1485 3348 queo
1528 3255 1788 3347 compre-
1820 3255 1861 3322 C
1900 3293 2063 3349 opera
2110 3255 2384 3331 manuum
2427 3278 2654 3330 tuarum
2700 3280 2831 3330 sunt
2875 3255 3131 3347 ctvlinsi
3172 3255 3448 3346 peribunt,
3490 3284 3549 3335 tu

153 3364 426 3431 hendere,
458 3382 573 3419 non
606 3364 1020 3435 disputationis
1069 3380 1161 3420 me
1203 3363 1603 3421 liberamentis
1634 3381 1790 3420 com-

1898 3371 2080 3421 autem
2103 3382 2411 3438 permanes,
2459 3370 2511 3419 et
2558 3366 2741 3420 omnia
2788 3366 2931 3419 sicut
2977 3366 3353 3420 vestimentum
3400 3371 3547 3421 vete-

156 3455 320 3509 mitto
348 3458 523 3526 atque
557 3452 887 3508 mensuris:
930 3453 1028 3507 sed
1064 3453 1261 3508 omnia
1290 3454 1544 3525 reposita
1572 3454 1632 3509 in
1664 3454 1791 3524 ejus
1899 3462 2131 3521 rascent,
2160 3463 2210 3510 et
2241 3462 2500 3525 tanquam
2530 3456 2791 3509 amictum
2822 3454 3057 3509 mutabis
3084 3462 3225 3521 ea,et
3244 3458 3546 3511 mutabun-

156 3543 421 3598 existimo
441 3540 737 3598 voluntate
768 3542 900 3613 (98),
932 3541 1085 3614 quod
1110 3540 1380 3597 voluntas
1412 3543 1540 3613 ejus
1589 3542 1795 3597 funda-

1902 3548 2029 3610 tur;
2059 3546 2119 3597 tu
2140 3559 2263 3597 vero
2294 3544 2407 3613 ipse
2436 3559 2509 3612 es,
2541 3550 2592 3598 et
2625 3544 2764 3597 anni
2809 3544 2892 3597 tui
2936 3558 3047 3598 non
3094 3543 3341 3615 deﬁcient
3372 3544 3541 3616 (Psal.

156 3636 413 3686 mentum
446 3631 522 3686 sit
552 3630 982 3697 universorum,
1036 3634 1093 3685 et
1140 3634 1375 3703 propter
1427 3648 1562 3686 eum
1602 3631 1793 3686 adhuc
1901 3650 1973 3699 Cl,
2005 3634 2216 3703 26-28).
2253 3632 2415 3698 Quod
2447 3632 2591 3687 adeo
2622 3631 2886 3703 probavit
2913 3630 2970 3685 in
3002 3631 3311 3705 Evangelio
3351 3632 3544 3689 Domi-

159 3721 408 3775 mnndus
442 3719 535 3775 hic
567 3719 989 3783 maneat.Quod
1022 3718 1349 3791 apostolicae
1399 3736 1631 3792 quoque
1661 3718 1796 3775 licet

158 3814 407 3864 astruere
437 3807 801 3864 auctoritatis
825 3806 1106 3879 exemplo.
1141 3806 1436 3877 Scriptum
1467 3812 1556 3863 est
1585 3808 1740 3863 enim
1779 3824 1791 3861 :

161 3899 292 3966 Quia
331 3898 566 3952 vanitati
606 3905 860 3952 creatura
905 3897 1141 3969 subjecta
1187 3904 1264 3952 est
1304 3912 1415 3952 non
1458 3903 1663 3968 sponte,
1704 3896 1796 3952 sed

153 3990 368 4059 propter
379 4003 504 4043 eum
519 3988 618 4057 qui
629 3986 866 4057 subjecit
887 4002 1007 4040 eam
1022 3986 1081 4039 in
1104 3986 1614 4057 spe(Rom.vm,20).
1626 3986 1795 4041 Libe-

161 4076 378 4131 rabitur
395 4078 592 4130 autem
616 4079 673 4129 et
694 4074 824 4146 ipsa
841 4077 1108 4129 creatura
1128 4091 1161 4128 a
1181 4074 1455 4129 servitute
1477 4075 1796 4146 corruptio-

160 4165 403 4231 nis,cum
426 4163 636 4218 divinae
654 4161 1142 4218 renumerationis
1154 4162 1340 4233 gratia
1356 4167 1402 4232 (ξ
1412 4164 1467 4235 9)
1494 4162 1795 4218 affulserit.

220 4255 312 4308 23.
343 4252 425 4309 De
454 4258 668 4308 natura
693 4254 894 4307 autem
914 4255 971 4306 et
1000 4251 1278 4323 qualitate
1299 4252 1640 4307 substantia:
1671 4250 1796 4308 caeli

161 4343 296 4415 quid
324 4358 663 4399 enumerem
694 4358 765 4397 ea
798 4356 926 4412 quae
955 4340 1454 4413 disputationibus
1478 4342 1601 4397 suis
1618 4342 1800 4414 philo-

161 4431 324 4503 sophi
348 4430 711 4487 texuerunt?
743 4446 877 4485 cum
933 4428 1031 4485 alii
1079 4429 1469 4501 compositum
1489 4429 1698 4486 ccelum
1731 4448 1800 4487 ex

160 4524 405 4592 quatuor
441 4518 750 4576 elementis
798 4523 1097 4575 asserunt:
1145 4517 1245 4574 alii
1294 4519 1558 4589 quintam
1592 4536 1798 4590 quam-

1904 3740 2036 3790 nus,
2070 3726 2135 3777 ut
2164 3721 2381 3777 diceret
2420 3737 2431 3777 :
2481 3720 2685 3775 Caelum
2729 3725 2781 3776 et
2825 3724 2973 3776 terra
3013 3722 3378 3793 praeteribunt
3409 3723 3545 3795 (30),

1903 3828 2025 3866 mea
2075 3819 2255 3866 autem
2324 3810 2487 3866 verba
2541 3826 2652 3865 non
2696 3811 3075 3880 praeteribunt.
3138 3811 3345 3881 (Matth.
3395 3828 3545 3879 xxv,

1904 3900 2014 3969 35).
2048 3899 2201 3954 Nihil
2227 3899 2405 3971 igitur
2434 3901 2634 3969 agunt,
2691 3898 2793 3969 qui
2844 3903 3080 3971 propter
3127 3899 3254 3954 caeli
3286 3916 3550 3956 asseren-

1906 3990 2040 4044 dam
2072 3987 2541 4060 perpetuitatem,
2575 3986 2847 4057 quintum
2883 4003 3094 4057 corpus
3118 3987 3436 4042 sethereum
3469 3987 3552 4042 in-

1906 4077 2331 4133 troducendum
2365 4079 2675 4146 putarunt;
2711 4091 2843 4128 cum
2884 4090 3046 4145 aeque
3091 4073 3327 4130 videant
3372 4074 3553 4129 dissi-

1908 4166 2107 4221 milem
2138 4163 2360 4220 caeteris
2383 4146 2720 4233 adjunctai'n
2735 4162 2983 4217 membri
2998 4161 3174 4217 unius
3200 4163 3551 4234 portionem.

1907 4255 2098 4311 labem
2153 4252 2379 4323 corpori
2428 4251 2616 4322 magis
2674 4250 2877 4306 afferre
2925 4250 3312 4306 consuevisse.
3365 4251 3554 4306 Simul

1908 4343 2053 4399 illud
2094 4343 2345 4409 adverte,
2401 4340 2539 4412 quia
2587 4338 2869 4411 propheta
2920 4338 3101 4394 David
3153 4356 3287 4394 cum
3336 4343 3553 4396 terram

1908 4432 2086 4505 priori
2146 4430 2271 4485 loco
2328 4427 2668 4495 nominavit,
2731 4432 2788 4484 et
2847 4432 3047 4500 postea
3110 4428 3322 4485 caelum
3381 4430 3553 4497 (Psal.

1908 4538 1983 4589 c1,
2036 4520 2115 4591 0),
2160 4518 2406 4575 credidit
2446 4535 2594 4590 opus
2642 4534 2771 4573 esse
2815 4517 3043 4572 Domini
3093 4516 3552 4589 declarandum;

161 4610 289 4665 dam
338 4612 611 4664 naturam
682 4607 814 4662 novi
871 4606 1130 4679 corporis
1196 4607 1268 4662 ad
1323 4607 1798 4663 constitutionem
1831 4624 1876 4689 Ι)
1909 4611 2144 4683 quando
2173 4607 2328 4664 enim
2358 4608 2503 4663 dixit
2552 4616 2603 4662 et
2638 4609 2785 4677 facta
2830 4611 2959 4662 sunt
3006 4608 3178 4677 (Psal.
3212 4624 3440 4674 CLXVIII,
3473 4607 3552 4679 5),

157 4698 281 4767 ejus
311 4696 611 4765 inducant,
646 4700 825 4768 atque
855 4695 1140 4767 attingant
1168 4695 1483 4751 aethereum
1515 4713 1642 4752 esse
1671 4713 1794 4751 cor-

156 4803 285 4859 pus,
317 4785 411 4841 cui
443 4802 631 4856 neque
660 4784 816 4855 ignis
847 4783 1137 4840 admistus
1169 4784 1264 4850 sit,
1316 4801 1504 4856 neque
1550 4802 1669 4851 aer,
1702 4801 1800 4840 ne-

156 4890 266 4945 que
293 4890 466 4944 aqua,
499 4888 688 4944 neque
719 4875 914 4940 terra;
950 4872 1104 4943 quod
1152 4870 1494 4944 hujusmodi
1542 4873 1802 4929 elemen-

157 4968 214 5017 ta
259 4978 434 5018 suum
488 4961 806 5033 quemdam
851 4976 1091 5016 cursum
1146 4961 1398 5016 habeant
1426 4964 1602 5033 atque
1632 4978 1802 5017 usum

157 5058 211 5108 et
235 5056 459 5107 motum
513 5056 758 5118 naturae,
813 5053 878 5105 ut
929 5050 1191 5123 graviora
1237 5050 1599 5123 demergant,
1640 5055 1698 5107 et
1744 5052 1803 5105 in

160 5158 405 5213 pronum
438 5142 721 5209 ferantur,
753 5155 942 5195 vacua
985 5147 1042 5195 et
1089 5139 1237 5195 levia
1283 5140 1342 5194 in
1391 5140 1693 5212 superiora
1743 5156 1804 5197 se

161 5230 501 5303 subrigunt;
550 5233 642 5286 est
678 5228 839 5284 enim
890 5228 1160 5300 proprius
1212 5228 1425 5299 cuique
1484 5234 1698 5297 motus,
1746 5229 1804 5284 in

160 5319 393 5392 sphera:
424 5323 623 5375 autem
656 5317 906 5374 circuitu
939 5317 1051 5373 ista
1098 5317 1398 5386 confundi,
1449 5322 1506 5372 et
1547 5317 1663 5373 vim
1713 5318 1804 5373 sui

162 5424 362 5463 cursus
389 5409 680 5479 amittere,
716 5405 996 5479 quoniam
1026 5406 1255 5479 sphaera
1306 5406 1364 5461 in
1398 5406 1597 5462 orbem
1629 5424 1804 5463 suum

228 5533 244 5603 ί
249 5534 334 5604 28)
363 5533 514 5590 Edit.
549 5549 619 5590 ac
651 5549 798 5605 mss.
834 5548 953 5605 non
981 5532 1151 5603 pauci
1175 5530 1581 5605 potestate.Alii
1607 5535 1804 5587 autem

163 5621 354 5660 novem
388 5605 652 5663 melioris
683 5604 813 5671 aevi,
845 5603 1138 5659 voluntate.

227 5678 333 5747 (29)
361 5677 457 5736 Sic
492 5677 774 5736 undecim
808 5690 955 5732 mss.
990 5676 1221 5749 optima:
1251 5677 1400 5730 notae
1430 5690 1495 5731 ac
1526 5676 1639 5729 vet.
1663 5673 1803 5730 edit.

1907 4698 2055 4754 nihil
2112 4698 2354 4752 interest
2396 4696 2533 4767 quid
2587 4696 2751 4768 prius
2811 4696 3127 4768 exprimas,
3187 4713 3323 4752 cum
3377 4695 3556 4751 simul

1911 4792 2227 4857 utrumque
2258 4784 2335 4839 sit
2358 4784 2575 4840 factum
2605 4802 2617 4852 ;
2652 4784 2829 4840 simul
2863 4801 2933 4840 ne
2963 4783 3083 4841 haec
3115 4784 3321 4840 saltem
3352 4802 3559 4856 prtere-

1914 4876 2107 4949 gativa
2138 4873 2277 4930 omlo
2309 4873 2515 4928 divinae
2546 4872 2811 4929 videatur
2836 4873 3168 4943 adiudicata
3193 4871 3556 4939 substantiae,

1913 4968 1979 5019 ut
2009 4963 2406 5037 primogenitae
2438 4966 2713 5017 creaturae
2736 4960 3034 5034 privilegio
3086 4961 3279 5031 potior
3308 4960 3558 5015 testimo-

1911 5057 2027 5109 tur.
2059 5055 2256 5124 Itaque
2286 5051 2415 5107 illos
2446 5050 2569 5106 suis
2619 5050 3023 5121 relinquamus
3061 5047 3556 5115 contentionibus,

1914 5142 2014 5214 qui
2047 5141 2269 5197 mutuis
2294 5139 2795 5211 disputationibus
2828 5154 2890 5193 se
2919 5136 3212 5193 refellunt.
3246 5134 3425 5190 Nobis
3457 5152 3558 5191 au-

1914 5235 2032 5287 tem
2065 5230 2208 5285 satis
2234 5232 2322 5285 est
2355 5228 2427 5283 ad
2458 5226 2730 5295 salutem,
2764 5244 2878 5283 non
2926 5224 3394 5299 disputationum
3421 5240 3559 5279 con-

1915 5318 2217 5387 troversia,
2267 5316 2367 5372 sed
2425 5319 2844 5386 praeceptorum
2915 5316 3165 5384 veritas;
3217 5329 3323 5369 nec
3380 5328 3561 5385 argu-

1915 5404 2290 5463 mentationis
2320 5402 2557 5468 astutia,
2591 5403 2693 5457 sed
2725 5403 2869 5459 ﬁdes
2901 5404 3133 5473 mentis,
3159 5400 3561 5461 utserviamus

1917 5533 2083 5589 Rom.
2117 5531 2252 5586 edit.
2287 5533 2343 5583 et
2374 5531 2543 5600 pauci
2575 5543 2717 5582 mss.
2752 5531 3157 5600 cum...gloria,
3189 5533 3297 5584 etc.

1987 5604 2095 5675 (30)
2130 5602 2269 5675 Mss.
2290 5598 2505 5675 __Col_b.,
2555 5598 2723 5655 Corb.
2757 5616 2913 5675 unus
2944 5605 3002 5657 et
3029 5599 3177 5656 Vict.
3212 5600 3352 5656 item
3381 5617 3558 5669 unus,

1912 5671 2189 5749 peribunt.
2231 5671 2374 5730 Edil.
2410 5671 2599 5736 Rom.,
2632 5672 2965 5729 transibunt.

2374 5526 2543 5600 pauci
2575 5543 2717 5600 mss.
2752 5530 3157 5600 cum...gloria,
3189 5533 3297 5584 etc.
