3944 6216
401 395 512 464 14⁸7

1842 392 1927 455 ‘S.
1973 388 2347 455 AMBROSII

3694 368 3811 460 iis

391 533 646 593 Creatori
677 530 871 609 potius
903 548 1079 607 quam
1107 536 1401 592 creaturae.
1425 530 1522 604 qui
1553 534 1640 587 est
1670 530 1824 587 Deus
1856 530 2036 586 bene-
2065 524 2123 594 Α
2150 536 2437 594 habemus
2468 535 2750 610 scriptum
2778 553 2791 595 :
2828 537 2902 594 De
2930 538 3027 594 hoc
3069 535 3270 594 mundo
3322 552 3434 595 non
3479 544 3634 604 sunt,
3666 537 3812 593 sicut

388 626 584 684 dictus
603 626 664 682 in
696 626 925 683 saecula.

811 743 1046 801 CAPUT
1084 743 1204 799 vn.
1256 744 1479 815 (Sermo
1511 742 1607 814 ιι.)

382 833 701 891 Occurritur
730 836 801 889 iis
831 836 927 905 qui
963 836 1206 888 materiae
1246 836 1607 888 :eternilalem
1654 849 1682 887 e
1732 831 2035 905 Seriphum

446 906 628 960 verbis
673 904 943 959 conantur
1012 914 1275 959 astruere.
1322 906 1541 959 Terram
1589 921 1649 957 eo
1698 904 2034 957 inuisibilem

447 977 577 1039 diei,
610 976 752 1046 quod
796 979 954 1047 aquis
1002 981 1249 1046 cooperta
1278 981 1431 1031 esset.
1470 976 1579 1031 Cur
1608 992 1669 1030 ea
1699 978 1856 1046 prius
1883 978 2035 1046 facta

444 1047 804 1119 signiﬁcetur,
837 1065 1003 1119 quam
1023 1052 1244 1103 ornata.

448 1164 539 1218 25.
599 1165 761 1219 Terra
816 1155 1001 1218 autem
1057 1172 1175 1218 erat
1232 1165 1531 1219 invisibilis
1578 1168 1629 1218 et
1676 1165 2034 1234 incomposita

382 1250 535 1324 (Gen.
595 1269 636 1317 ι,
691 1252 772 1322 2).
835 1254 1026 1308 Bonus
1074 1253 1281 1307 artifex
1354 1254 1516 1325 prius
1580 1253 2031 1308 fundamentum

383 1340 585 1412 ponit:
638 1344 861 1412 postea,
912 1342 1293 1395 fundamento
1361 1341 1573 1411 posito,
1632 1340 2033 1395 :rdificationis

384 1430 653 1484 membra
706 1429 1038 1501 distinguit,
1089 1434 1145 1485 et
1197 1430 1464 1499 adiungit
1509 1433 1803 1484 ornatum.
1840 1429 2033 1484 Posito

383 1515 566 1589 igitur
597 1518 976 1571 fundamento
1008 1523 1195 1583 terrae,
1245 1523 1301 1573 et
1352 1517 1696 1573 conﬁrmata
1726 1516 1852 1573 coeli
1895 1518 2035 1571 sub-

384 1604 620 1672 stantia,
654 1608 771 1661 duo
802 1606 959 1661 enim
992 1608 1105 1662 ista
1143 1611 1283 1662 sunt
1328 1607 1484 1661 velut
1514 1608 1783 1662 cardines
1815 1624 2035 1671 rerum,

384 1695 715 1751 subtexuit:
749 1697 911 1751 Terra
960 1704 1145 1751 autem
1189 1702 1307 1751 erat
1338 1697 1635 1751 invisibilis
1668 1704 1718 1751 et
1757 1698 2035 1766 incompo-

381 1784 513 1839 sita.
544 1784 691 1850 Quid
738 1787 845 1848 est,
892 1787 1032 1847 erat,
1084 1785 1198 1839 nisi
1250 1802 1322 1840 ne
1354 1785 1497 1840 forte
1543 1785 1599 1839 in
1646 1785 1944 1840 infinitum
1979 1788 2038 1840 et

2141 632 2194 683 et
2221 644 2315 695 ego
2345 644 2455 682 non
2484 645 2606 683 sum
2634 628 2699 683 de
2726 627 2928 684 mundo
2958 627 3138 700 (Joan.
3174 642 3315 693 xvu,
3341 629 3453 697 14).

2212 722 2301 772 26.
2336 719 2838 781 Quemadmodum
2868 735 3004 788 ergo
3030 717 3349 773 invisibilia
3375 716 3806 785 visibilibus,et

2143 808 2192 862 ei
2227 808 2324 878 qui
2359 809 2624 862 ordinem
2677 825 2743 863 ac
2790 810 3057 863 decorem
3108 808 3344 863 donavit
3373 807 3681 872 omnibus,
3715 808 3805 862 in-

2144 897 2468 967 composita
2521 897 2991 967 c0pu|abantur?
3041 896 3153 951 nisi
3213 898 3356 951 forte
3432 898 3577 967 quia
3639 896 3810 959 dixit,

2146 987 2305 1040 Terra
2351 991 2539 1041 autem
2596 991 2711 1042 erat
2755 986 3072 1051 invisibilis,
3146 991 3202 1040 et
3258 985 3619 1041 invisibilem
3680 1003 3811 1041 eam

2145 1091 2246 1146 per
2276 1076 2666 1129 substantiam
2700 1076 2940 1130 credant
2965 1093 2977 1139 ;
3003 1079 3059 1130 et
3080 1075 3209 1130 ideo
3233 1074 3371 1145 quia
3389 1075 3562 1145 aquis
3578 1080 3809 1146 operta,

2142 1164 2392 1218 visibilis
2424 1164 2718 1235 corporeis
2750 1164 2939 1219 oculis
2988 1181 3118 1219 esse
3167 1181 3281 1219 non
3316 1167 3565 1236 poterat,
3598 1180 3811 1235 quem-

2144 1252 2462 1307 admodum
2515 1252 2792 1323 pleraque
2847 1252 2906 1306 in
2970 1253 3261 1323 profundo
3319 1268 3613 1323 aquarum
3675 1253 3809 1318 sita,

2142 1341 2335 1395 visum
2367 1340 2692 1406 oculorum,
2722 1341 3028 1411 aciemque
3075 1344 3438 1411 praetereant.
3490 1338 3620 1395 Non
3653 1339 3811 1395 enim

2144 1429 2259 1484 Deo
2286 1428 2507 1500 aliquid
2536 1428 2955 1495 invisibile,sed
3005 1432 3273 1484 creatura
3296 1428 3500 1483 mundi
3524 1432 3810 1484 creaturae

2146 1518 2348 1589 utique
2409 1519 2795 1573 aestimatione
2866 1523 3158 1573 censetur.
3241 1516 3565 1572 Invisibilis
3626 1516 3808 1572 etiam

2145 1611 2319 1667 terra,
2353 1607 2492 1678 quia
2522 1607 2781 1661 nondum
2816 1606 2915 1661 lux
2946 1624 3073 1677 qua:
3104 1605 3463 1660 illuminaret
3486 1606 3807 1667 mundum,

2146 1696 2405 1750 nondum
2455 1695 2575 1750 sol:
2642 1700 2847 1764 postea
2896 1695 3052 1750 enim
3107 1693 3423 1749 luminaria
3463 1694 3619 1749 facta
3670 1699 3812 1750 sunt

2145 1783 2293 1839 cceli.
2326 1785 2485 1848 Quod
2520 1785 2568 1838 si
2600 1783 2742 1839 solis
2771 1785 2971 1840 radius
3003 1783 3349 1855 plerumque
3401 1783 3582 1838 etiam
3637 1784 3810 1854 aquis

386 1870 514 1927 sine
543 1871 829 1943 principio
883 1872 1197 1927 extendant
1239 1873 1572 1942 opinionem
1620 1890 1812 1938 suam,
1860 1878 1915 1927 et
1946 1874 2033 1927 di-
2068 1891 2115 1955 B
2148 1877 2348 1944 operta
2390 1872 2709 1935 illuminat,
2782 1879 2839 1929 et
2903 1873 3191 1945 profundo
3241 1889 3434 1927 mersa
3490 1871 3813 1944 splendore

388 1963 561 2016 cant:
595 1961 739 2015 Ecce
787 1960 925 2031 quia
973 1961 1235 2027 materia,
1285 1961 1342 2015 id
1402 1966 1491 2017 est
1542 1961 1688 2032 hyle,
1742 1961 1893 2016 sicut
1920 1962 2041 2032 phi-

387 2046 619 2120 losophi
645 2048 867 2116 dicunt,
901 2049 1078 2105 etiam
1111 2051 1437 2105 secundum
1481 2051 1841 2121 Scripturam
1895 2050 2038 2105 divi-

390 2151 528 2193 nam
562 2153 677 2192 non
727 2137 936 2193 habuit
978 2138 1233 2194 initium.
1284 2140 1500 2194 Verum
1552 2139 1661 2194 hoc
1710 2139 2041 2195 dicentibus

394 2226 796 2298 respondebis,
823 2226 960 2297 quia
999 2227 1280 2298 scriptum
1320 2218 1456 2283 cst:
1498 2231 1630 2284 Erat
1674 2234 1854 2284 autem
1907 2228 2044 2283 Cain

395 2316 681 2386 operarius
735 2318 895 2370 terrm
954 2315 1108 2382 (Gen.
1168 2334 1244 2383 ιν,
1306 2320 1381 2375 2).
1442 2318 1509 2372 Et
1562 2320 1659 2372 I4
1714 2318 1785 2372 de
1844 2334 1909 2373 eo
1943 2317 2041 2388 qui

396 2403 570 2460 Jubal
620 2403 816 2460 dictus
863 2409 971 2471 est,
1022 2405 1196 2460 habet
1243 2406 1576 2477 Scriptura:
1622 2409 1719 2461 Hic
1744 2415 1863 2461 erat
1887 2411 2045 2478 pater

397 2494 496 2564 qui
517 2492 905 2548 demonstravit
934 2496 1255 2564 psalterium
1300 2504 1350 2550 et
1397 2497 1667 2550 citharam
1716 2496 1871 2566 (Ibid.
1928 2495 2041 2561 2|).

395 2580 484 2647 Et,
518 2583 683 2637 Homo
729 2587 847 2637 erat
890 2584 950 2637 in
994 2584 1239 2638 Ausitide
1286 2586 1521 2653 regione,
1576 2586 1666 2639 cui
1712 2601 1903 2639 nomen
1950 2585 2045 2639 Job

399 2669 516 2742 (Job
548 2688 584 2733 l,
640 2670 713 2743 4).
770 2671 1052 2727 Desinant
1109 2690 1247 2744 ergo
1305 2673 1377 2728 de
1430 2674 1602 2728 verbo
1662 2674 2043 2744 quaestionem

396 2774 647 2822 movere,
679 2776 813 2815 cum
846 2762 1169 2831 praesertim
1218 2760 1567 2831 praemiserit
1622 2762 1865 2833 Moyses,
1908 2762 2047 2833 quia

400 2847 537 2903 fecit
578 2852 731 2902 Deus
780 2852 1018 2903 terram.
1072 2851 1209 2903 Erat
1249 2867 1406 2921 ergo,
1451 2868 1519 2905 ex
1567 2868 1680 2922 quo
1732 2853 1882 2906 facta
1937 2856 2044 2907 est.

395 2935 545 2991 Nam
577 2936 627 2991 si
683 2936 809 2991 sine
841 2936 1128 3008 principio
1170 2954 1295 2992 eam
1341 2938 1537 2993 dicant
1582 2956 1729 3003 esse,
1775 2941 1897 3008 jam
1933 2958 2045 2994 non

398 3023 594 3080 solum
629 3024 838 3087 Deum,
873 3026 971 3081 sed
1024 3025 1199 3081 etiam
1250 3026 1422 3098 hylen
1464 3028 1589 3083 sine
1620 3027 1906 3099 principio
1959 3029 2049 3082 di-

399 3115 618 3178 centes,
678 3114 961 3169 deﬁniant
1019 3115 1260 3170 ubinam
1305 3120 1446 3171 erat.
1506 3117 1561 3171 Si
1634 3116 1691 3170 in
1736 3116 1881 3181 loco,
1914 3134 2049 3188 ergo

400 3200 577 3258 etiam
610 3200 775 3258 locus
803 3201 930 3257 sine
959 3202 1245 3275 principio
1278 3204 1457 3258 fuisse
1503 3204 1808 3267 astruitur,
1843 3204 1900 3257 in
1935 3221 2049 3275 quo

408 3254 575 3258 --ψη
810 3254 825 3257 -
1281 3254 1453 3258 mm-
1505 3254 1808 3267 τηρη,
1940 3254 2043 3275 Ἰη

406 3293 533 3347 erat
562 3291 807 3346 materia
836 3309 1051 3357 rerum,
1086 3310 1213 3363 quae
1247 3292 1599 3364 principium
1633 3309 1747 3347 non
1780 3292 2049 3359 habebat.
2082 3254 2126 3321 α

411 3380 572 3443 Quod
607 3379 657 3435 si
696 3381 1019 3436 absurdum
1055 3381 1286 3435 videtur
1332 3382 1402 3435 de
1432 3380 1557 3436 loco
1584 3382 1834 3447 credere,
1867 3380 2054 3436 videte

410 3485 484 3523 ne
539 3469 686 3524 forte
732 3469 1024 3525 volatilem
1076 3475 1291 3525 terram
1367 3470 1685 3525 debeamus
1742 3469 2049 3533 aestimare,

412 3571 539 3627 quis
582 3572 697 3611 non
752 3556 972 3612 habens
1004 3558 1474 3625 fundamentum,
1525 3557 1747 3612 alarum
1794 3558 2054 3629 remigiis

410 3644 897 3714 suspendebatur.
932 3645 1094 3701 Unde
1124 3662 1259 3716 ergo
1300 3646 1348 3700 ei
1398 3645 1520 3700 alas
1558 3663 1884 3708 sumemus,
1937 3647 2049 3701 nisi

405 3731 554 3785 forte
601 3731 717 3787 huc
768 3732 1098 3789 derivemus
1155 3734 1473 3806 prophetici
1523 3736 1811 3789 sermonis
1866 3735 2049 3789 inter-

405 3819 833 3891 pretationem:
881 3821 915 3876 A
968 3825 1164 3892 pennis
1220 3828 1389 3878 terrm
1429 3822 1681 3893 prodigia
1739 3824 2050 3879 audivimus

398 3907 526 3975 (Isa.
558 3925 712 3971 xxxv,
745 3908 884 3980 16)?
928 3911 999 3964 Et
1041 3909 1181 3965 illud
1221 3929 1233 3966 :
1297 3914 1383 3968 Vi'e
1430 3920 1599 3967 terra?
1641 3913 1867 3966 navium
1913 3930 2047 3983 pen-

391 4014 479 4053 nae
507 3996 621 4069 (31)
652 3998 780 4069 (lsa.
820 4015 981 4057 xvm.
1018 3999 1119 4065 1)?
1167 3999 1276 4053 Sed
1330 3998 1438 4053 hoc
1482 3999 1528 4054 si
1580 4000 1957 4070 accipiamus.
1990 4002 2047 4055 in

393 4101 511 4158 quo
539 4102 670 4141 aere
698 4086 930 4142 volabat
962 4090 1115 4141 terra
1134 4087 1162 4141 ‘?
1192 4087 1329 4153 Sine
1359 4104 1487 4142 aere
1516 4089 1673 4142 enim
1705 4087 1897 4143 volare
1930 4106 2045 4143 non

391 4177 638 4247 poterat,
671 4176 771 4230 sed
805 4192 904 4231 aer
920 4176 1111 4231 adhuc
1154 4192 1281 4230 esse
1329 4193 1443 4231 non
1477 4180 1723 4247 poterat,
1759 4177 1897 4247 quia
1928 4195 2043 4232 non

394 4267 518 4318 erat
546 4262 673 4318 sine
702 4280 898 4319 rerum
933 4264 1179 4319 materia
1208 4264 1629 4319 elementorum
1660 4265 1807 4319 facta
1840 4265 2045 4320 distin-

390 4351 528 4420 ctio,
556 4368 692 4408 cum
723 4351 853 4423 ipsa
882 4353 1074 4408 adhuc
1118 4352 1405 4408 elementa
1455 4353 1607 4407 facta
1656 4370 1770 4407 non
1822 4359 2038 4408 essent.

387 4437 496 4493 Ubi
527 4455 662 4511 ergo
692 4444 817 4495 erat
847 4442 1091 4496 materia
1147 4441 1257 4496 ista
1318 4440 1544 4495 alarum
1600 4440 1841 4495 suffulta
1870 4442 2042 4496 remi-

387 4524 545 4596 giis?
575 4527 639 4580 In
659 4542 789 4583 aere
819 4545 936 4581 non
968 4532 1109 4593 erat,
1145 4529 1285 4599 quia
1316 4544 1414 4581 aer
1443 4545 1657 4598 corpus
1689 4534 1777 4583 est
1808 4530 2035 4585 mundi:

2148 1961 2391 2017 luminis
2421 1962 2511 2017 sui
2553 1962 2781 2033 prodit;
2833 1962 2964 2034 quis
3018 1961 3245 2017 dubitet
3298 1960 3412 2017 Deo
3458 1977 3547 2024 ea,
3584 1978 3719 2033 quae
3752 1962 3811 2016 in

2150 2052 2439 2123 profundo
2483 2055 2640 2117 sunt,
2708 2050 3024 2106 invisibilia
3071 2066 3198 2106 esse
3251 2067 3368 2105 non
3421 2066 3640 2121 posse;
3694 2050 3811 2105 nisi

2152 2140 2296 2195 forte
2352 2141 2434 2195 sic
2493 2140 2850 2211 accipiamus
2918 2138 3276 2195 invisibilem
3348 2143 3589 2205 terram,
3654 2140 3806 2211 quod

2152 2230 2413 2284 nondum
2443 2230 2617 2284 verbo
2650 2229 2749 2283 Dei
2782 2233 2838 2283 et
2876 2228 3234 2299 protectione
3278 2228 3656 2297 visitabatur,
3685 2246 3809 2300 qua:

2152 2317 2449 2372 hominem
2493 2334 2606 2372 non
2654 2316 2926 2383 habebat,
2999 2322 3237 2388 propter
3283 2332 3459 2388 quem
3517 2317 3811 2373 Dominus

2153 2405 2465 2475 respiceret
2488 2405 2546 2459 in
2575 2411 2813 2473 terram,
2846 2406 2998 2460 sicut
3027 2406 3315 2477 scriptum
3364 2409 3489 2460 est:
3545 2406 3812 2461 Dominus

2154 2496 2390 2565 respexit
2417 2511 2579 2563 super
2606 2495 2749 2563 ﬁlios
2779 2494 3087 2562 hominum,
3120 2501 3180 2548 ut
3222 2493 3431 2549 videret
3458 2494 3509 2548 si
3535 2497 3616 2548 est
3648 2495 3812 2548 intel-

2156 2583 2482 2653 ligens(32),
2516 2587 2611 2637 aut
2659 2585 2941 2652 requirens
2991 2583 3161 2637 Deum
3210 2583 3379 2653 (Psal.
3429 2600 3554 2645 xm,
3611 2582 3812 2649 2)?Et

2157 2671 2295 2725 alibi
2352 2673 2472 2725 ait:
2539 2676 2614 2726 De
2668 2672 2799 2726 cmlo
2847 2672 3128 2742 jaculatus
3187 2675 3267 2726 est
3304 2671 3628 2742 judicium:
3664 2679 3808 2727 terra

2156 2762 2379 2815 tremuit
2408 2764 2460 2815 et
2480 2762 2684 2829 quievit
2726 2760 2897 2831 (Psal.
2960 2777 3122 2823 Lxxv,
3172 2760 3247 2831 9).
3297 2760 3368 2815 Et
3398 2761 3611 2815 merito
3669 2760 3812 2815 invi-

2158 2848 2369 2914 sibilis,
2402 2848 2540 2919 quia
2566 2850 2973 2922 incomposita,
3005 2866 3133 2920 qua
3180 2849 3428 2919 ﬁguram
3463 2853 3520 2903 et
3551 2850 3809 2920 speciem

2159 2942 2570 3009 congruentem
2616 2938 2714 2993 I5
2763 2938 2955 2993 adhuc
3001 2928 3115 2994 non
3166 2941 3467 3009 acceperat
3509 2955 3545 2992 a
3576 2937 3814 3010 proprio

2160 3027 2478 3081 conditore.

2229 3117 2318 3170 27.
2374 3117 2443 3170 Et
2490 3116 2735 3171 fortasse
2783 3117 3016 3182 dicant;
3065 3116 3179 3171 Cur
3222 3114 3375 3170 enim
3430 3114 3609 3181 Deus,
3666 3114 3816 3170 sicut

2165 3204 2312 3258 dixit
2360 3208 2417 3259 et
2456 3204 2608 3259 facta
2650 3209 2808 3267 sunt,
2858 3222 2972 3259 non
3024 3203 3198 3260 simul
3244 3208 3487 3258 ornatus
3520 3218 3815 3277 congruos

2165 3293 2610 3364 assurgentibus
2623 3293 2857 3346 donavit
2876 3292 3378 3363 elementis,quasi
3396 3309 3512 3346 non
3532 3292 3814 3363 potuerit,

2163 3379 2372 3435 caelum
2423 3380 2769 3451 insignitum
2820 3380 3007 3436 stellis
3049 3381 3244 3435 subito
3292 3386 3359 3435 ut
3405 3385 3673 3436 creatum
3707 3388 3811 3445 est,

2164 3468 2469 3541 refulgere,
2514 3474 2572 3524 et
2619 3470 2861 3525 floribus
2904 3486 2970 3524 ac
3018 3470 3304 3524 fructibus
3356 3473 3513 3524 terra
3560 3470 3814 3526 vestiri?

2163 3557 2357 3612 Potuit
2382 3557 2604 3628 utique,
2658 3558 2757 3612 sed
2793 3558 2920 3613 ideo
2952 3558 3142 3628 primo
3192 3557 3361 3621 facta,
3409 3561 3617 3627 postea
3657 3575 3810 3614 com-

2162 3646 2353 3715 posita
2382 3644 2773 3711 declarantur,
2808 3663 2879 3701 ne
2925 3663 3056 3702 vere
3099 3646 3357 3701 increata
3407 3651 3465 3700 et
3495 3646 3626 3701 sine
3662 3648 3817 3718 prin-

2162 3734 2312 3799 cipio
2344 3734 2740 3798 crederentur,
2791 3736 2839 3790 si
2893 3736 3117 3807 species
3159 3752 3353 3791 rerum
3388 3735 3551 3789 velut
3578 3735 3821 3807 ingene-

2162 3828 2298 3876 ratae
2351 3822 2423 3876 ab
2476 3821 2664 3888 initio,
2728 3840 2843 3877 non
2903 3829 3108 3895 postea
3191 3823 3400 3878 additas
3460 3824 3820 3879 viderentur.

2161 3910 2565 3982 Incomposita
2595 3916 2748 3966 terra
2780 3910 3013 3984 legitur,
3046 3916 3102 3967 et
3152 3912 3359 3967 iisdem
3389 3928 3420 3967 a
3451 3911 3825 3985 philosophis

2163 3999 2760 4069 aeternitatis,quibus
2783 4000 3281 4072 Deus,privilegiis
3310 4000 3665 4067 honoratur;
3689 4001 3826 4072 quid

2161 4088 2422 4141 dicerent
2468 4088 2514 4142 si
2569 4088 2639 4142 ab
2686 4088 2855 4144 initio
2908 4091 3037 4159 ejus
3070 4089 3457 4161 pulchritudo
3484 4093 3829 4146 vernasset?

2161 4176 2443 4230 Demersa
2493 4176 2661 4247 aquis
2709 4178 3084 4242 describitur,
3138 4177 3296 4231 velut
3343 4178 3579 4232 cuidam
3608 4178 3822 4249 princi-

2160 4265 2392 4335 piorum
2429 4282 2671 4319 suorum
2705 4266 2937 4321 addicta
2972 4267 3373 4338 naufragio,et
3395 4266 3591 4322 adhuc
3612 4284 3650 4321 a
3679 4284 3823 4322 non-

2153 4352 2334 4406 nullis
2366 4354 2514 4407 t'acta
2553 4370 2664 4407 non
2699 4356 2989 4422 creditur;
3036 4355 3177 4426 quid
3210 4354 3259 4409 si
3292 4355 3563 4410 decorem
3601 4357 3819 4427 primo-

2148 4440 2421 4511 genitum
2459 4441 2826 4497 vindicaret?
2857 4444 3091 4498 Accedit
3121 4442 3450 4514 illud,quod
3487 4443 3821 4499 imitatores

2140 4546 2256 4583 'nos
2287 4530 2375 4583 sui
2410 4530 2562 4584 Deus
2586 4547 2715 4584 esse
2749 4531 3024 4600 voluit,ut
3052 4532 3240 4603 primo
3278 4532 3567 4587 faciamus
3593 4532 3814 4604 aliqua,

387 4627 602 4684 corpus
633 4618 829 4669 autem
861 4631 988 4669 esse
1011 4632 1199 4670 aerem
1243 4615 1409 4670 docet
1431 4613 1599 4669 lectio
1648 4615 1797 4685 (Sep.
1831 4634 1886 4685 ν,
1920 4619 2030 4684 42),
2064 4622 2110 4685 D
2144 4622 2343 4688 postea
2374 4623 2785 4685 venustemus;
2820 4638 2890 4675 ne
2923 4621 3061 4675 dum
3097 4620 3275 4675 simul
3306 4625 3640 4692 utrumque
3675 4622 3819 4677 ado-

386 4700 547 4772 quia,
580 4701 797 4756 emissa
848 4702 1063 4773 sagitta
1109 4704 1167 4757 in
1216 4702 1410 4757 locum
1443 4718 1616 4771 quem
1644 4703 2043 4771 jaculatorin-

382 4788 589 4855 tendit,
650 4788 873 4846 incisus
916 4807 1016 4845 aer
1069 4791 1269 4845 statim
1320 4790 1379 4845 in
1426 4789 1684 4861 seipsum
1736 4793 2031 4849 resolutus

380 4880 489 4933 est.
523 4876 633 4934 Ubi
662 4894 799 4950 ergo
830 4884 955 4934 erat
984 4878 1134 4952 hyle,
1187 4878 1298 4932 nisi
1348 4878 1492 4933 forte
1523 4877 1751 4933 dicatur
1780 4883 2030 4951 quadam

380 4967 638 5023 dementi
668 4967 1012 5029 intentione,
1048 4967 1188 5039 quia
1216 4967 1274 5021 in
1306 4967 1422 5021 Deo
1453 4972 1623 5022 erat?
1665 4969 1810 5037 Ergo
1855 4969 2033 5033 Deus,

380 5055 479 5128 qui
513 5060 603 5111 est
659 5056 970 5112 invisibilis
1021 5062 1245 5112 natura:
1292 5061 1464 5127 atque
1512 5055 1885 5119 inviolabilis,
1934 5059 2033 5127 qui

378 5143 572 5201 lucem
604 5145 829 5200 habitat
877 5144 1366 5207 inaccessibilem,
1417 5144 2033 5213 incomprehensibilis

380 5236 438 5287 et
468 5234 824 5303 purissimus
852 5234 1114 5305 spiritus,
1165 5232 1329 5288 locus
1378 5238 1502 5285 erat
1556 5233 1810 5287 materiae
1869 5251 2036 5287 mun-

381 5320 575 5389 dialis,
608 5326 666 5377 et
696 5328 819 5377 erat
850 5324 908 5377 in
940 5324 1057 5378 Deo
1115 5322 1322 5377 mundi
1368 5321 1578 5392 portio,
1631 5337 1763 5374 cum
1814 5322 1885 5376 de
1926 5322 2034 5376 hoc

384 5409 605 5462 mundo
641 5426 755 5464 non
806 5411 883 5466 sit
929 5427 1033 5466 nec
1076 5428 1242 5467 mens
1282 5409 1644 5464 servulorum
1690 5411 1838 5480 ejus,
1884 5411 2037 5466 sicut

453 5529 565 5603 (31)
595 5530 815 5603 Gemet.
852 5538 907 5586 et
935 5534 1117 5597 (3mm,
1153 5536 1237 5587 νη*
1266 5539 1425 5588 terrae
1456 5535 1646 5588 auium
1676 5549 1889 5603 pennae.

454 5599 566 5667 (32)
601 5600 815 5656 Docem
848 5620 991 5656 mss.
1028 5609 1085 5657 et
1116 5606 1254 5657 edit.
1289 5613 1440 5665 Am.,
1474 5605 1622 5669 Pet,
1674 5599 1827 5669 Era.,
1862 5605 2033 5659 omit-

382 5672 517 5728 tunt
544 5670 666 5726 haec
698 5672 896 5742 verba,
924 5680 986 5727 ut
1009 5674 1233 5729 videret.
1284 5675 1432 5729 Edit.
1486 5674 1677 5745 Rom.,
1716 5679 1777 5730 ut
1806 5676 2032 5731 diceret.

2156 4706 2360 4772 rimur,
2394 4711 2667 4760 neutrum
2728 4709 3029 4779 possimus
3082 4709 3347 4782 implere.
3400 4709 3568 4764 Fides
3617 4716 3813 4765 autem

2141 4798 2337 4847 nostra
2395 4794 2649 4863 quodam
2709 4796 2891 4865 gradu
2950 4798 3179 4853 crescit.
3244 4797 3381 4852 Ideo
3437 4797 3633 4869 primo
3690 4798 3821 4853 fecit

2145 4882 2320 4947 Deus,
2355 4886 2555 4952 postea
2586 4886 2932 4949 venustavit,
2963 4893 3027 4940 ut
3075 4886 3345 4941 eumdem
3376 4886 3696 4943 credamus
3725 4904 3813 4942 or-

2146 4987 2318 5024 nasse
2346 4971 2445 5040 qui
2480 4971 2721 5033 t’ecit;et
2768 4973 2973 5028 fecisse
3018 4975 3116 5045 qui
3149 4974 3417 5029 ornavit:
3453 4991 3527 5029 ne
3560 4975 3810 5031 alterum

2144 5064 2419 5129 putemus
2450 5075 2711 5117 ornasse.
2745 5060 3001 5116 alterum
3034 5062 3342 5127 creavisse;
3396 5062 3497 5117 sed
3532 5064 3807 5118 eumdem

2146 5151 2461 5215 utrumque
2492 5163 2620 5201 esse
2650 5154 2953 5216 operatum
2984 5169 2995 5207 :
3028 5156 3093 5205 ut
3125 5151 3315 5221 primo
3349 5151 3585 5213 faceret,
3614 5159 3810 5223 postea

2145 5240 2538 5305 componeret,
2574 5241 2637 5290 ut
2671 5237 2919 5292 alterum
2952 5238 3134 5293 altero
3166 5239 3280 5309 (33)
3312 5238 3672 5294 crederetur.
3697 5240 3805 5295 Hac

2145 5324 2247 5377 bes
2272 5324 2325 5377 in
2353 5324 2657 5395 Evangelio
2682 5326 2860 5396 hujus
2875 5327 2955 5383 rei
2970 5327 3208 5382 evidens
3221 5326 3803 5383 testimonium.Nam

2143 5411 2537 5467 suscitaturus
2566 5413 2847 5469 Lazarum
2895 5413 3199 5480 Dominus,
3250 5414 3437 5486 jussit
3494 5419 3562 5470 ut
3617 5415 3804 5472 Judaei

2214 5536 2326 5603 (33)
2358 5536 2497 5591 Mss.
2532 5537 2694 5592 Gem.
2751 5539 2850 5593 sed
2912 5538 3027 5594 alia
3085 5556 3285 5601 manu,
3338 5537 3479 5593 item
3516 5540 3797 5596 Victorin.

2144 5623 2297 5661 unus
2329 5614 2384 5661 et
2415 5609 2769 5664 edit.Gill.ac
2802 5610 2992 5666 Rom..
3024 5627 3092 5665 ne
3132 5612 3373 5665 alterum
3400 5611 3570 5666 alteri
3600 5612 3796 5667 deesse.

2144 5677 2294 5733 Edit.
2328 5680 2457 5734 Am.
2493 5679 2636 5749 Pet.,
2672 5681 2825 5751 Era.,
2857 5698 2926 5739 ne
2953 5683 3192 5738 alterum
3220 5682 3346 5736 sine
3385 5682 3585 5750 altero,
3620 5688 3729 5739 etc.
