3944 6216
175 322 289 396 μθ

1451 322 1992 393 HEXAEMERON
2037 326 2185 393 LIB.
2231 326 2280 394 Ῑ.

3460 329 3577 400 150

172 457 827 557 ξθωρνθνθηίμῙαρίάθω
859 458 931 557 ᾅᾼθ
958 457 1254 557 ΑθθΡιιῙοΓοε
1288 465 1356 520 υτ
1402 457 1699 557 mariti“!!!
1731 462 1814 520 νί·
1844 462 1901 530 Α
1928 470 2214 535 Dominus
2260 496 2464 537 eorum
2513 478 2795 539 malitiam
2844 480 3148 551 creaverit;
3184 498 3320 539 cum
3372 483 3576 557 utique

172 551 397 620 dentes,
429 554 633 624 postea
662 552 1076 608 resuscitatum
1120 553 1440 608 crederent.
1476 552 1694 609 Deinde
1724 572 1819 609 vo-

170 641 319 697 cavit
349 642 652 709 Lazarum,
686 646 743 697 et
774 641 1110 707 resurrexit,
1143 646 1200 696 et
1237 639 1432 714 ligatis
1461 642 1735 698 manibus
1765 647 1822 698 et

167 730 414 803 pedibus
444 731 583 786 exiit
609 731 766 787 foras
792 732 977 801 (Joan.
1017 748 1093 797 x1,
1118 730 1323 801 39-44).
1365 730 1563 787 Nonne
1596 737 1822 802 poterat

167 835 459 875 removere
483 819 762 892 lapidem,
786 819 886 891 qui
916 824 1147 891 poterat
1167 825 1465 875 mortuum
1494 820 1821 876 suscitare?

163 907 226 962 Et
254 907 357 979 qui
405 908 595 979 potuit
641 909 917 964 defuncto
951 908 1128 963 vitam
1165 909 1426 973 reddere,
1462 926 1577 964 non
1632 910 1822 982 potuit

158 1012 341 1052 nexus
402 996 625 1053 solvere
682 996 1098 1053 vinculorum?
1138 998 1243 1053 Cui
1299 996 1510 1053 vinctis
1570 999 1819 1071 pedibus

154 1102 430 1159 gressum
461 1087 642 1155 dedit,
674 1086 813 1141 huic
848 1104 962 1141 non
1010 1085 1200 1157 potuit
1229 1087 1417 1158 ruptis
1447 1087 1699 1143 vinculis
1730 1088 1818 1143 in-

157 1189 396 1230 cessum
434 1175 712 1231 reddere?
753 1174 865 1230 Sed
899 1175 1104 1246 utique
1136 1175 1491 1230 advertimus
1535 1178 1684 1248 quod
1722 1195 1818 1233 vo-

154 1261 257 1317 luit
297 1263 500 1335 primo
549 1264 955 1319 demonstrare
985 1268 1305 1329 mortuum,
1356 1270 1420 1319 ut
1468 1264 1649 1321 oculis
1697 1268 1820 1322 suis

157 1351 512 1408 crederent:
539 1351 750 1408 deinde
780 1352 1126 1409 resuscitare
1154 1371 1165 1408 :
1196 1352 1358 1408 tertio
1382 1354 1589 1424 jubere
1622 1359 1684 1410 ut
1711 1354 1823 1427 ipsi

161 1440 409 1496 vincula
440 1441 668 1497 funeris
700 1441 1010 1511 solverent;
1045 1449 1110 1498 ut
1139 1443 1291 1497 inter
1321 1443 1435 1499 ista
1462 1443 1606 1500 ﬁdes
1635 1443 1823 1500 infun-

159 1529 406 1585 derctur
434 1529 794 1599 infidelibus,
825 1535 882 1586 et
910 1548 1013 1603 per
1048 1532 1266 1603 gradus
1297 1532 1585 1603 quosdam
1616 1534 1820 1588 credu-

152 1615 284 1674 litas
316 1622 696 1674 nasceretur.

780 1706 1010 1762 CAPUT
1051 1707 1196 1764 VIII.

155 1796 377 1870 Terram
427 1796 847 1870 incompositam
875 1798 1079 1870 fuisse;
1129 1801 1246 1853 tum
1293 1799 1423 1870 quia
1467 1800 1525 1852 in
1569 1814 1631 1854 ea
1673 1800 1820 1854 nihil

220 1868 513 1931 distincti,
547 1871 664 1921 tum
706 1870 837 1939 quia
880 1868 1114 1923 tenebris
1151 1868 1523 1925 esset‘velata.
1550 1870 1819 1925 Malitiam

219 1955 319 2012 per
349 1938 610 1993 tenebras
634 1955 746 1994 non
776 1939 1189 2010 intelligendam
1219 1940 1459 2008 Spiritus
1489 1950 1705 1996 sanctus
1732 1946 1816 2012 fe-

221 2011 458 2064 rebatur
513 2026 677 2080 super
733 2027 919 2079 aquas,
956 2012 1177 2081 aliaque
1227 2012 1556 2067 declarant:
1588 2013 1678 2067 sed
1734 2011 1819 2068 vel

218 2083 474 2136 maxime
502 2081 643 2152 quod
667 2082 887 2138 malitia
916 2098 1027 2137 non
1056 2085 1170 2138 nisi
1199 2100 1232 2137 a
1261 2084 1417 2139 nobis
1446 2086 1678 2140 oriatur.

218 2188 308 2242 28.
347 2186 510 2243 Fecit
540 2202 677 2257 ergo
718 2187 872 2244 Deus
905 2188 1092 2259 primo
1123 2188 1334 2245 coelum
1380 2194 1437 2244 et
1482 2196 1720 2256 terram,
1755 2207 1824 2245 ea

152 2276 347 2330 tamen
382 2291 505 2330 non
554 2275 726 2344 quasi
772 2281 1054 2347 perpetua
1085 2278 1218 2348 (34’).
1255 2279 1355 2334 sed
1407 2279 1575 2350 quasi
1626 2295 1822 2334 corru-

157 2362 378 2435 ptibilis
411 2369 695 2418 creaturae
739 2366 1240 2421 consummationi
1270 2367 1456 2422 voluit
1496 2368 1820 2439 subjacere.

158 2450 313 2507 Unde
355 2451 421 2507 in
482 2452 642 2508 Isaiae
688 2452 836 2509 libro
886 2454 1013 2509 ait:
1050 2456 1236 2511 Tollite
1283 2458 1344 2510 in
1390 2458 1587 2512 caelum
1638 2457 1822 2511 oculos

159 2544 374 2607 vestros,
411 2544 469 2595 et
521 2542 749 2611 aSpicite
791 2550 1000 2598 terram
1046 2544 1327 2606 deorsum;
1359 2547 1492 2615 quia
1537 2546 1735 2601 calum
1764 2556 1822 2607 ut

158 2629 336 2698 fumus
366 2627 675 2683 solidatam
702 2634 800 2694 est,
833 2632 983 2685 terra
1012 2638 1191 2685 autem
1227 2634 1287 2685 ut
1326 2633 1701 2686 vestimentum
1730 2649 1819 2687 ve-

161 2720 377 2772 terascet
399 2717 537 2787 (lsa.
568 2734 642 2783 LI,
672 2718 747 2787 6).
772 2717 901 2772 Haec
930 2723 1086 2774 terra
1115 2724 1222 2788 est,
1258 2737 1385 2791 qua:
1417 2724 1550 2776 ante
1577 2725 1699 2775 erat
1727 2721 1814 2775 in-

161 2806 503 2876 composita.
531 2805 809 2861 Nondum
839 2807 995 2861 enim
1026 2813 1194 2863 erant
1222 2811 1323 2864 16
1352 2810 1540 2864 maria
1564 2826 1669 2864 suo
1702 2811 1816 2864 ﬁne

159 2893 446 2962 distincta,
485 2897 544 2948 et.
586 2894 715 2949 ideo
746 2911 890 2966 vago
923 2896 1205 2963 ﬂuctu,et
1252 2898 1538 2969 profundo
1586 2897 1815 2970 gurgite

156 2986 301 3038 terra
326 2983 519 3037 inund
536 2982 765 3037 abatur.
791 2982 1127 3051 Considera,
1151 2986 1288 3057 quia
1319 2986 1491 3041 etiam
1524 3004 1681 3041 nunc
1712 3004 1811 3058 pa-

161 3068 325 3126 lustri
358 3070 586 3143 uligine
608 3076 765 3125 terra
788 3072 1088 3128 inhorrere
1119 3076 1437 3140 consuevit,
1462 3092 1566 3131 nec
1586 3075 1812 3146 patiens

170 3166 252 3215 est
302 3159 587 3226 vomeris,
628 3159 726 3213 ubi
781 3159 1013 3216 infusus
1062 3163 1232 3218 terris
1279 3163 1492 3219 humor
1537 3165 1807 3219 exundat.

167 3247 295 3303 Erat
340 3264 483 3320 ergo
546 3246 964 3318 incomposita;
1021 3255 1221 3321 utpote
1266 3251 1498 3307 solertis
1546 3251 1810 3322 agricolis

166 3334 382 3391 inarata
410 3334 685 3401 culturis,
715 3336 854 3407 quia
886 3337 1075 3392 adhuc
1104 3339 1303 3394 deerat
1334 3339 1540 3395 cultor.
1567 3342 1700 3395 Erat
1728 3340 1809 3394 in-

168 3425 511 3496 composita;
548 3424 689 3495 quia
719 3425 876 3480 nuda
905 3426 1295 3498 gignentium,
1330 3444 1435 3483 nec
1466 3427 1651 3484 thoris
1681 3428 1812 3484 ber-

169 3511 301 3567 bosa
331 3512 620 3584 riparum,
656 3529 759 3567 nec
804 3530 985 3586 opaca
1032 3516 1390 3583 nemoribus,
1426 3534 1531 3571 nec
1560 3516 1691 3572 laeta
1724 3533 1814 3572 se-

171 3601 412 3671 getibus,
460 3617 570 3657 nec
624 3602 905 3657 umbrosa
960 3604 1291 3676 superciliis
1348 3606 1659 3670 montium,
1711 3621 1817 3660 nec

173 3689 338 3744 odora
369 3689 640 3755 ﬂoribus,
672 3707 778 3746 nec
816 3695 983 3762 grata
1020 3693 1249 3749 vinetis.
1285 3694 1487 3749 Merito
1520 3694 1815 3766 incompo-

173 3777 294 3845 sita,
325 3795 454 3849 quae
488 3780 799 3835 ornatibus
844 3780 1165 3853 indigebat,
1199 3782 1290 3837 cui
1342 3784 1582 3838 deerant
1610 3783 1816 3837 vitium

173 3870 314 3921 serta
341 3868 796 3939 gemmantium.
833 3868 1153 3925 Ostendere
1202 3871 1359 3926 enim
1409 3870 1591 3926 voluit
1641 3872 1816 3933 Deus,

174 3953 299 4023 quia
329 3970 433 4010 nec
465 3955 728 4011 mundus
777 3956 903 4029 ipse
932 3956 1178 4013 haberet
1218 3960 1487 4031 gratiam,
1521 3960 1635 4014 nisi
1684 3975 1818 4015 eum

172 4042 316 4098 vario
345 4042 507 4099 cultu
542 4049 812 4115 operator
844 4051 1132 4102 ornasset.
1155 4045 1379 4102 Ccelum
1411 4047 1606 4119 ipsum
1635 4047 1820 4103 intex-

175 4132 290 4186 tum
319 4132 602 4200 nubibus,
646 4132 944 4189 horrorem
977 4134 1183 4202 oculis,
1217 4134 1557 4190 mcestitiam
1607 4134 1821 4190 animis

176 4218 408 4277 excitare
476 4221 800 4277 consuevit.
863 4223 1043 4278 Terra
1104 4222 1395 4279 imbribus
1473 4224 1819 4289 madefacta,

178 4305 397 4364 fastidio
427 4314 541 4366 est.
579 4310 764 4365 Maria
802 4310 1074 4384 procellis
1105 4312 1360 4380 turbata,
1394 4329 1542 4383 quos
1589 4329 1704 4368 non
1732 4312 1823 4367 in-

181 4396 392 4452 cutiunt
420 4398 659 4454 metus?
688 4398 1089 4456 Pulcherrima
1109 4404 1198 4456 est
1224 4417 1417 4456 rerum
1452 4401 1696 4473 species,
1721 4402 1822 4456 sed

182 4483 308 4554 quid
336 4491 492 4543 esset
522 4486 653 4542 sine
682 4486 945 4544 lumine?
992 4489 1135 4561 quid
1174 4490 1301 4545 sine
1333 4490 1654 4561 temperie?
1683 4489 1822 4563 quid

1932 585 2046 624 non
2077 571 2504 642 substantialis,
2539 575 2640 630 sed
2671 567 2939 631 accidens
2984 575 3058 631 sit
3104 575 3351 643 malitia,
3386 592 3512 648 quae
3546 594 3578 632 a

1932 663 2154 715 natura:
2187 661 2447 719 bonitate
2478 663 2728 721 deﬂexit.

1999 759 2089 814 29.
2116 760 2312 832 Itaque
2344 761 2403 817 in
2436 764 2850 820 constitutione
2881 767 3081 822 mundi
3116 766 3310 836 opinio
3342 765 3577 823 malitia:

1930 847 2165 904 interim
2197 856 2621 922 sequestretur,
2651 870 2723 908 ne
2753 853 2957 909 divina:
2988 856 3333 926 Operationi,
3367 862 3422 910 et
3444 856 3584 925 pul-

1931 936 2230 993 cherrima
2279 945 2577 1011 creaturae,
2610 959 2678 996 ea
2709 960 2835 1014 quae
2883 943 3146 999 decolora
3194 948 3350 1010 sunt,
3385 944 3578 999 admi-

1932 1042 2091 1082 scere
2115 1028 2436 1093 videamur,
2465 1031 2718 1087 maxime
2741 1049 2873 1087 cum
2910 1037 3228 1102 sequatur:
3263 1034 3323 1087 Et
3349 1035 3577 1103 spiritus

1932 1116 2028 1170 Dei
2080 1120 2521 1189 superferebatur
2574 1137 2738 1190 super
2792 1139 2964 1187 aquas
2996 1122 3196 1191 (Ibid.).
3225 1121 3407 1185 Quem
3465 1122 3574 1177 etsi

1930 1202 2111 1276 aliqui
2147 1224 2247 1275 pro
2280 1224 2409 1263 aere
2440 1209 2745 1279 accipiant,
2780 1210 2960 1281 aliqui
3009 1228 3112 1282 pro
3156 1210 3366 1281 spiritu
3398 1227 3573 1281 quem

1930 1293 2226 1363 spiramus
2254 1301 2309 1351 et
2340 1298 2637 1369 carpimus
2663 1316 2816 1354 aurae
2848 1299 3029 1367 hujus
3049 1299 3241 1355 vitalis
3264 1299 3568 1371 spiritum;

1936 1399 2038 1436 nos
2068 1387 2263 1438 tamen
2296 1402 2426 1440 cum
2475 1392 2810 1443 sanctorum
2862 1393 2919 1443 et
2968 1388 3228 1444 ﬁdelium
3286 1388 3579 1443 sententia

1931 1477 2341 1540 congruentes,
2377 1474 2657 1543 Spiritum
2709 1482 2974 1532 sanctum
3028 1477 3370 1547 accipimus,
3402 1481 3468 1531 ut
3516 1476 3577 1530 in

1931 1562 2347 1618 constitutione
2397 1565 2603 1619 mundi
2662 1566 2920 1635 operatio
2975 1565 3275 1621 Trinitatis
3335 1565 3575 1621 eluceat.

1930 1648 2239 1706 Praemisso
2270 1652 2426 1708 enim
2462 1653 2600 1725 quia
2629 1656 2688 1709 in
2733 1656 3007 1725 principio
3054 1657 3183 1724 fecit
3221 1656 3358 1711 Deus
3387 1654 3580 1709 malum

1928 1747 1978 1793 et
2005 1741 2216 1794 terram
2247 1741 2397 1811 (Gen.
2423 1759 2460 1807 ι,
2494 1742 2571 1811 4),
2607 1742 2662 1795 id
2717 1748 2822 1805 est,
2848 1745 2903 1798 in
2939 1744 3167 1799 Christo
3216 1743 3351 1798 fecit
3401 1743 3577 1805 Deus,

1849 1831 1898 1897 Β
1928 1826 2012 1882 vel
2044 1827 2227 1883 Filius
2258 1829 2357 1885 Dei
2391 1830 2544 1885 Deus
2576 1831 2728 1893 fecit.
2751 1832 2837 1885 vel
2872 1849 2974 1902 per
2994 1832 3202 1886 Filium
3236 1833 3389 1887 Deus
3410 1831 3575 1896 fecit;

1931 1915 2071 1986 quia
2102 1918 2300 1973 omnia
2347 1935 2450 1987 per
2478 1919 2672 1991 ipsum
2707 1921 2854 1973 facta
2887 1925 3044 1983 sunt,
3077 1925 3131 1975 et
3161 1921 3286 1975 sine
3334 1920 3461 1991 ipso
3494 1920 3575 1975 fa-

1933 2010 2090 2060 ctum
2123 2011 2210 2063 est
2240 2006 2409 2073 nihil,
2459 2013 2761 2079 supererat
2802 2008 3102 2079 plenitudo
3133 2008 3484 2080 operationis
3515 2009 3575 2064 in

1933 2094 2176 2166 Spiritu,
2211 2095 2363 2152 sicut
2400 2098 2682 2167 scriptum
2717 2101 2806 2153 est
2837 2114 2848 2152 :
2893 2099 3051 2155 Verbo
3081 2100 3304 2154 Domini
3329 2100 3453 2154 caeli
3482 2099 3576 2168 ﬁr-

1930 2186 2071 2239 mati
2110 2189 2256 2249 sunt,
2290 2190 2344 2240 et
2372 2187 2584 2257 Spiritu
2629 2188 2741 2242 oris
2787 2188 2905 2256 ejus
2952 2190 3132 2242 omnis
3176 2189 3348 2243 virtus
3391 2200 3578 2243 eorum

1931 2274 2102 2338 (Psal.
2128 2291 2302 2337 xxxn,
2335 2275 2410 2345 6).
2446 2276 2666 2347 Itaque.
2693 2276 3188 2345 quemadmodum
3241 2275 3301 2330 in
3348 2275 3577 2331 Psalmo

1935 2361 2212 2416 docemur
2231 2364 2625 2433 operationem
2649 2364 2844 2426 Verbi,
2870 2364 3024 2435 quod
3058 2368 3145 2419 est
3172 2365 3419 2420 Verbum
3455 2365 3578 2431 Dei,

1935 2456 1991 2505 et
2020 2451 2293 2507 virtutem
2326 2469 2503 2523 quam
2555 2453 2715 2506 dedit
2755 2452 3007 2523 Spiritus
3037 2457 3307 2519 sanctus;
3356 2454 3438 2508 ita
3485 2452 3580 2509 hic

1936 2539 2339 2609 prOpheticum
2373 2541 2677 2595 resultavit
2713 2540 3036 2621 oraculum,
3061 2542 3200 2613 quia
3226 2542 3383 2597 Deus
3410 2542 3575 2606 dixit,

1933 2630 1992 2683 et
2020 2628 2174 2684 Deus
2203 2628 2356 2684 fecit.
2399 2629 2650 2699 Spiritus
2681 2644 2913 2699 quoque
2960 2629 3059 2684 Dei
3108 2629 3579 2701 superferebatur

1934 2733 2110 2788 super
2140 2734 2342 2787 aquas.
2366 2718 2638 2773 Ornando
2660 2719 2813 2773 enim
2839 2717 2968 2788 polo
2990 2716 3138 2779 cmli,
3161 2717 3576 2787 germinatnris

1930 2803 2102 2859 terris
2159 2804 2400 2874 pulchre
2448 2804 2701 2876 Spiritus
2757 2806 3250 2875 superferebatur,
3282 2805 3421 2875 quia
3474 2822 3577 2877 per

1932 2891 2127 2963 ipsum
2163 2893 2456 2949 habebant
2485 2911 2764 2950 novorum
2798 2900 3070 2965 partuum
3104 2894 3331 2950 semina
3358 2894 3571 2965 germi-

1927 2998 2086 3046 nare,
2124 2984 2449 3038 secundum
2482 2984 2634 3054 quod
2686 2983 2830 3039 dixit
2861 2983 3146 3055 Propheta
3178 3000 3190 3037 :
3227 2985 3323 3039 17
3374 2985 3571 3039 Emitte

1925 3070 2197 3141 Spiritum
2243 3075 2420 3133 tuum,
2453 3076 2505 3127 et
2550 3073 2897 3139 creabantur,
2939 3081 2990 3127 et
3033 3073 3319 3129 renoz'abis
3370 3075 3571 3143 faciem

1926 3165 2086 3215 terrae
2136 3160 2304 3231 (Psal.
2350 3177 2468 3221 cm.
2502 3162 2612 3230 30).
2664 3161 2919 3232 Denique
2960 3162 3161 3233 Syrus,
3196 3160 3293 3230 qui
3344 3161 3573 3216 vicinus

1928 3248 2161 3304 Hebrrco
2192 3252 2300 3316 est,
2327 3254 2384 3304 et
2428 3264 2696 3303 sermone
2744 3254 3025 3303 consonat
3072 3249 3132 3302 in
3181 3248 3474 3317 plerisque
3520 3252 3577 3301 et

1921 3337 2213 3407 congruit,
2256 3336 2339 3391 sic
2368 3336 2579 3391 habet:
2614 3338 2677 3391 Et
2707 3336 2947 3407 Spiritus
2975 3337 3074 3391 Dei
3118 3336 3338 3404 fovebat
3384 3351 3575 3405 aquas,

1922 3425 1985 3480 id
2016 3429 2125 3488 est,
2155 3425 2506 3491 viviﬁcabat,
2542 3429 2606 3479 ut
2648 3425 2705 3478 in
2748 3441 2927 3479 novas
2976 3428 3208 3496 cogeret
3257 3426 3574 3487 creaturas,

1924 3518 1981 3568 et
2012 3514 2129 3568 fotu
2166 3530 2271 3568 suo
2304 3513 2592 3568 animaret
2616 3514 2686 3568 ad
2709 3513 2909 3568 vitam.
2930 3513 3075 3567 Nam
3099 3511 3273 3567 etiam
3295 3511 3577 3582 Spiritum

1925 3608 2194 3658 sanctum
2231 3601 2482 3671 legimus
2523 3606 2864 3667 creatorem,
2907 3601 3134 3656 dicente
3176 3601 3306 3666 Job,
3340 3600 3579 3671 Spiritus

1924 3691 2147 3747 divinus
2178 3693 2275 3761 qui
2301 3693 2431 3762 fecit
2478 3708 2565 3746 me
2596 3691 2718 3761 (Job
2767 3708 2930 3751 xxm,
2955 3691 3028 3759 4).
3053 3690 3181 3746 Sive
3211 3706 3345 3762 ergo
3395 3690 3575 3761 Spiri-

1926 3784 2023 3836 tus
2067 3784 2307 3835 sanctus
2350 3780 2821 3850 superferebatur
2869 3796 3045 3850 super
3090 3795 3297 3851 aquas,
3324 3779 3576 3833 tenebrae

1929 3869 2353 3924 contrariarum
2374 3868 2655 3923 virtutum
2679 3884 2856 3940 super
2874 3885 2972 3923 eas
2994 3884 3123 3923 esse
3144 3883 3261 3922 non
3284 3870 3573 3938 poterant,

1930 3957 2026 4011 ubi
2060 3956 2252 4012 locum
2301 3955 2412 4010 sibi
2462 3960 2624 4011 tanta
2676 3956 2862 4028 gratia
2907 3955 3286 4010 vindicabat:
3320 3953 3459 4019 sive,
3512 3957 3579 4007 ut

1932 4045 2170 4116 quidam
2201 4043 2426 4109 volunt,
2460 4060 2650 4099 aerem
2700 4044 3008 4114 accipiant,
3041 4041 3433 4112 respondeant
3463 4056 3578 4111 qua

1932 4133 2154 4188 ratione
2184 4132 2467 4202 Spiritum
2498 4131 2598 4187 Dei
2642 4132 2868 4197 dixerit,
2890 4147 3024 4186 cum
3072 4128 3215 4185 satis
3266 4128 3440 4184 fuerit
3466 4131 3575 4197 spi-

1931 4224 2100 4277 ritum
2133 4236 2493 4292 nuncupare.

2002 4319 2091 4373 30.
2125 4316 2195 4372 Hi
2223 4332 2360 4387 ergo
2388 4314 2590 4370 volunt
2616 4331 2650 4370 a
2679 4314 2924 4370 Domino
2952 4313 3069 4369 Deo
3100 4316 3298 4368 nostro
3331 4315 3582 4383 quatuor

1934 4406 2191 4478 primum
2224 4403 2511 4460 elementa
2540 4406 2833 4475 generata,
2866 4400 3094 4466 cmlum,
3124 4404 3362 4467 terram,
3397 4415 3577 4467 mare,

1935 4510 2159 4561 aerem;
2193 4510 2257 4548 eo
2290 4493 2445 4563 quod
2496 4507 2683 4546 causa:
2730 4506 2946 4556 rerum,
2976 4489 3128 4561 ignis
3176 4493 3232 4545 et
3278 4504 3395 4556 aer,
3427 4492 3584 4544 terra

183 4568 297 4627 sine
322 4590 615 4645 aquarum
647 4577 1115 4649 congregatione,
1139 4579 1356 4649 quibus
1388 4584 1525 4634 ante
1557 4578 1822 4634 demersa
1851 4570 1898 4635 D
1930 4587 1987 4638 et
2016 4598 2170 4654 aqua
2215 4581 2355 4644 sint,
2387 4597 2454 4636 ex
2486 4580 2700 4652 quibus
2735 4579 2939 4633 mundi
2992 4579 3218 4650 species
3269 4581 3498 4634 constat
3526 4581 3585 4632 et

181 4658 287 4729 poli
315 4661 491 4733 hujus
522 4662 894 4721 habebantur
920 4666 1199 4722 exordia?
1227 4666 1387 4723 Tolle
1417 4666 1599 4723 solem
1631 4666 1821 4734 terris,

182 4746 303 4803 tolle
331 4750 495 4807 ccelis
527 4751 836 4807 stellarum
864 4753 1090 4825 globos,
1115 4755 1317 4809 omnia
1346 4755 1605 4811 tenebris
1635 4755 1827 4810 inhor-

185 4843 430 4894 rescunt.
466 4840 565 4895 Sic
598 4846 769 4896 erant
812 4847 1127 4914 antequam
1176 4841 1375 4897 lumen
1424 4844 1561 4899 huic
1606 4845 1827 4899 mundo

183 4926 452 4982 Dominus
504 4928 862 4985 inl'underet.
896 4932 967 4986 Et
1013 4931 1144 4987 ideo
1194 4931 1497 5003 Scriptura
1539 4932 1663 4987 ait:
1697 4934 1830 5003 quia

187 5012 405 5072 tenebrae
453 5021 617 5071 erant
661 5033 826 5088 super
873 5020 1131 5090 abyssum
1183 5020 1333 5090 (Gen.
1368 5037 1409 5087 ι,
1440 5020 1516 5091 2).
1552 5021 1827 5076 Tenebris

188 5106 359 5168 erant,
385 5104 529 5174 quia
560 5106 838 5178 splendor
878 5107 1078 5163 deerat
1126 5107 1295 5164 lucis.
1320 5109 1596 5164 Tenebrae
1644 5114 1829 5174 erant,

191 5188 319 5260 quia
347 5208 443 5247 aer
472 5192 602 5265 ipse
633 5195 980 5251 tenebrosus
1025 5200 1133 5252 est.
1165 5201 1333 5268 Aqua
1377 5197 1505 5269 ipsa
1539 5198 1648 5252 sub
1680 5200 1833 5253 nube

190 5277 484 5335 tenebrosa
509 5281 771 5353 est,quia
790 5283 1103 5339 tenebrosa
1123 5300 1275 5355 aqua
1296 5286 1355 5338 in
1379 5283 1639 5338 nubibus
1662 5285 1831 5338 aeris.

191 5361 356 5420 Erant
382 5383 523 5440 ergo
556 5370 807 5425 tenebrae
859 5386 1038 5443 super
1077 5372 1321 5445 abyssos
1371 5388 1677 5444 aquarum.
1711 5372 1835 5427 Non

193 5451 333 5509 enim
359 5456 553 5513 malas
583 5457 1033 5532 intelligendum
1063 5461 1317 5517 arbitror
1336 5461 1836 5533 potestates,quod

253 5559 361 5631 (35)
399 5561 486 5618 Ita
534 5579 682 5621 mss.
725 5565 1033 5623 duodecim
1064 5584 1130 5623 ac
1169 5571 1285 5622 vet.
1319 5566 1482 5631 edit.;
1529 5580 1671 5621 mss.
1706 5584 1840 5623 vero

195 5625 544 5705 Cmno'man”
570 5635 738 5693 Corb.
762 5654 941 5708 unus,
965 5642 1023 5695 et
1050 5638 1219 5695 Rom.
1246 5638 1384 5695 edit.
1410 5625 1723 5709 perpetuas,
1754 5639 1843 5695 sed

1933 4670 2262 4726 forma.Uhi
2284 4670 2463 4742 igitur
2489 4670 2739 4723 tenebras
2763 4668 3157 4738 nequitiarum
3185 4666 3579 4740 spiritualium

1935 4759 2129 4816 locum
2161 4760 2375 4814 habere
2422 4761 2757 4829 potuerunt,
2791 4772 2923 4811 cum
2957 4761 3220 4829 augustae
3270 4756 3451 4826 hujus
3482 4756 3583 4811 de-

1935 4865 2126 4904 corem
2164 4847 2361 4918 ﬁgurae
2395 4846 2653 4900 mundus
2700 4844 3004 4899 indueret?
3056 4844 3357 4915 Numquid
3404 4841 3581 4896 simul

1938 4936 2221 4991 malitiam
2257 4935 2409 4988 Deus
2442 4932 2692 4988 creavit?
2723 4933 2833 4987 Sed
2882 4948 2950 4986 ea
2988 4948 3056 4986 ex
3087 4930 3256 4985 nobis
3287 4933 3431 4990 orta,
3466 4944 3579 4981 non

1938 5043 1972 5079 a
2001 5029 2255 5080 creatore
2285 5023 2399 5077 Deo
2431 5021 2683 5085 condita,
2719 5036 2950 5075 morum
2991 5019 3219 5073 levitate
3249 5020 3581 5088 generatur,

1940 5130 2055 5168 non
2088 5110 2267 5165 ullam
2300 5114 2575 5165 creaturae
2606 5110 2830 5163 habens
2862 5104 3317 5179 praerogativam,
3350 5119 3455 5158 nec
3481 5120 3583 5159 au-

1943 5200 2267 5255 ctoritatem
2312 5198 2653 5252 substantia
2688 5195 2991 5259 naturalis,
3027 5193 3127 5249 sed
3177 5189 3584 5247 mutabilitatis

1941 5287 2170 5351 vitium,
2227 5292 2285 5340 et
2331 5301 2585 5339 errorem
2632 5283 3043 5356 prolapsionis.
3095 5278 3388 5337 Eradicari
3437 5280 3588 5336 hanc

1950 5377 2098 5431 Deus
2120 5373 2240 5429 vult
2261 5373 2330 5425 de
2358 5372 2572 5427 animis
2596 5372 2982 5444 singulorum,
3001 5369 3292 5443 quomodo
3313 5384 3440 5424 eam
3464 5369 3591 5441 ipse

1948 5459 2282 5537 generaret?
2336 5458 2561 5513 Clamat
2617 5459 2899 5530 propheta
2943 5478 2955 5515 :
3001 5459 3235 5514 Desinite
3282 5473 3317 5511 α
3358 5460 3592 5514 malitiis

1948 5569 2105 5641 quasi
2127 5562 2503 5641 corruptibites
2521 5572 2817 5620 creaturas.
2831 5564 2959 5620 Vat.
2983 5563 3140 5621 Codd
3151 5606 3161 5618 .
3172 5605 3186 5632 ,
3206 5566 3591 5635 perpetuam...

1950 5636 2359 5711 corruptibilem
2386 5640 2713 5690 creaturam.
