3944 6216
311 289 419 352 151

1766 293 1831 353 8.
1879 291 2257 356 AMBROSII

3616 288 3737 352 152

296 426 487 481 vestris
534 425 661 497 (Isa.
704 441 744 492 ι,
794 423 906 496 46).
955 424 1026 481 Et
1082 425 1372 499 praecipue
1430 429 1671 483 sanctus
1721 425 1951 482 David:
1984 426 2040 494 Α
2070 426 2419 498 humilitate,
2444 426 2685 502 diligere
2706 421 3414 491 mansuetudinem.Quid
3448 427 3735 482 naturam

300 514 497 570 Desine
525 531 559 570 a
586 514 757 581 malo,
792 518 841 569 et
870 517 960 585 fac
986 516 1186 569 bonum
1212 517 1382 586 (Paul.
1419 533 1616 579 χχχιιι,
1654 517 1770 585 15);
1806 532 1951 587 quo-

304 604 478 658 modo
508 619 646 675 ergo
683 603 735 658 ei
780 603 1016 658 initium
1049 621 1081 658 a
1111 605 1358 660 Domino
1389 605 1642 661 damus?
1675 606 1783 660 Sed
1836 606 1960 659 haec

306 690 503 763 opinio
561 691 757 748 feralis
816 709 1018 747 eorum
1078 693 1178 764 qui
1244 695 1702 765 perturbandam
1766 693 1962 749 Eccle-

308 779 456 835 siam
505 786 874 852 putaverunt.
908 783 1052 837 Hine
1095 783 1439 850 Marciones,
1474 783 1611 838 hinc
1641 782 1960 842 Valentini,

309 867 448 924 hinc
478 873 674 941 pestes
705 868 815 925 illa:
861 871 1314 927 Manichaeorum
1359 873 1591 928 funesta
1621 877 1959 928 sanctorum

312 958 608 1014 mentibus
633 962 1002 1015 tentaverunt
1040 961 1252 1017 inferre
1286 963 1571 1034 contagia.
1596 962 1744 1025 Quid
1792 962 1962 1017 nobis

311 1047 371 1101 in
404 1047 531 1119 ipso
559 1045 782 1103 lumine
809 1048 938 1103 vitae
983 1049 1255 1104 tenebras
1305 1050 1509 1105 mortis
1557 1050 1914 1122 inquirimus
1935 1050 1963 1104 ‘2

310 1135 614 1208 Scriptura
665 1137 863 1193 divina
918 1138 1169 1193 salutem
1224 1140 1506 1211 suggerit,
1538 1139 1665 1193 vitae
1724 1140 1961 1194 odorem

311 1224 552 1297 fragrat,
584 1229 649 1280 ut
674 1225 1018 1282 suavitatem
1051 1226 1247 1299 legens
1279 1228 1496 1299 capias,
1529 1245 1643 1284 non
1675 1232 1739 1283 ut
1768 1228 1962 1299 praeei-

312 1313 441 1387 pitii
476 1314 790 1371 discrimen
822 1315 1105 1372 incurras.
1143 1316 1501 1388 Simpliciter
1528 1316 1673 1388 lege,
1697 1333 1729 1372 o
1764 1316 1958 1384 homo,

312 1419 426 1458 non
472 1403 576 1458 tibi
627 1404 753 1475 ipse
800 1405 1021 1460 foveam
1082 1423 1294 1477 pravus
1342 1405 1628 1476 interpres
1676 1406 1958 1462 effodias:

315 1490 563 1564 simplex
595 1510 788 1549 sermo
818 1499 924 1561 est,
952 1497 1080 1565 quia
1108 1497 1234 1566 fecit
1265 1497 1399 1550 Deus
1428 1495 1619 1551 caelum
1648 1501 1701 1551 et
1733 1500 1958 1552 terram.

311 1581 469 1637 Fecit
498 1582 652 1653 quod
684 1599 799 1637 non
843 1588 986 1651 erat,
1021 1600 1138 1641 non
1171 1585 1325 1655 quod
1353 1590 1494 1640 erat.
1528 1587 1593 1640 Et
1641 1593 1791 1640 terra
1838 1589 1963 1641 erat

310 1670 630 1737 invisibilis,
661 1687 729 1727 ex
779 1688 895 1743 quo
944 1673 1097 1728 facta
1138 1677 1247 1743 est,
1281 1678 1434 1741 erat;
1484 1676 1541 1728 et
1587 1679 1713 1729 erat
1759 1674 1962 1729 invisi-

311 1758 468 1826 bilis,
502 1758 641 1831 quia
688 1760 1022 1815 exundabat
1070 1778 1242 1833 aqua,
1276 1765 1333 1816 et
1374 1762 1669 1833 operiebat
1721 1779 1870 1831 eam,
1904 1778 1972 1827 ex,

314 1850 483 1902 erant
515 1863 692 1918 super
720 1863 848 1902 eam
880 1848 1130 1903 tenebrze
1163 1851 1501 1921 superfusae,
1537 1851 1677 1923 quia
1704 1852 1966 1907 nondum

314 1937 440 1990 erat
463 1933 665 1989 lumen
696 1933 831 2000 diei,
866 1935 1129 1990 nondum
1172 1935 1315 1992 solis
1356 1936 1575 2005 radius,
1602 1936 1702 2008 qui
1734 1937 1883 1993 solet
1912 1941 1969 1993 et

317 2023 428 2079 sub
459 2021 630 2094 aquis
653 2022 895 2079 latentia
915 2022 1231 2079 declarare.
1256 2025 1405 2091 Quid
1430 2042 1565 2097 ergo
1587 2014 1792 2081 dicunt
1814 2027 1966 2097 quod

315 2112 471 2169 Deus
501 2112 778 2168 creaverit
807 2112 1050 2178 malum,
1074 2129 1208 2169 cum
1241 2130 1308 2169 ex
1339 2113 1647 2170 contrariis
1678 2120 1736 2170 et
1765 2115 1967 2170 adver-

317 2199 400 2257 sis
429 2216 803 2273 nequaquam
834 2201 947 2256 sibi
978 2202 1219 2258 adversa
1248 2203 1642 2274 generantur?
1664 2204 1778 2259 Nec
1810 2203 1967 2259 enim

312 2288 434 2346 vita
463 2293 712 2345 mortem
759 2295 1017 2362 generat,
1052 2306 1156 2347 nec
1204 2291 1303 2347 lux
1332 2292 1623 2347 tenebras.
1652 2292 1778 2348 Non
1808 2291 1966 2346 enim

317 2378 470 2434 sicut
499 2378 925 2435 mutabilitates
960 2381 1296 2447 affectuum,
1325 2381 1407 2436 ita
1431 2380 1606 2435 etiam
1640 2380 1968 2454 generatio-

318 2483 458 2523 num
493 2467 931 2540 progressiones
968 2472 1127 2524 sunt.
1164 2468 1277 2524 Illae
1309 2486 1377 2524 ex
1407 2470 1715 2525 contrariis
1745 2469 1804 2524 in
1836 2486 1969 2525 con-

317 2556 500 2613 traria
529 2557 812 2630 propositi
852 2557 1169 2614 ddﬂexione
1210 2562 1521 2614 vertuntur
1554 2575 1566 2612 :
1599 2559 1723 2614 istae
1756 2575 1871 2613 non
1903 2575 1971 2613 ex

315 2646 624 2704 contrariis
656 2646 717 2702 in
749 2647 992 2703 adversa
1021 2647 1431 2725 deﬂectuntur,
1468 2648 1566 2703 sed
1601 2664 1671 2703 ex
1704 2647 1968 2718 ejusdem

315 2736 546 2810 generis
583 2734 671 2792 vel
714 2736 1074 2801 auctoribus,
1105 2735 1190 2791 vel
1225 2735 1419 2791 causis
1449 2740 1673 2803 creatae,
1707 2736 1766 2791 in
1800 2735 1969 2792 simi-

318 2824 630 2881 litudinem
662 2823 755 2880 sui
785 2824 1120 2880 referuntur
1150 2824 1425 2880 auctoris.

389 2913 480 2969 3i.
523 2913 671 2977 Quid
722 2912 904 2985 igitur
949 2913 1214 2968 dicemus
1262 2913 1420 2984 (35)?
1467 2912 1525 2969 Si
1577 2912 1734 2969 enim
1782 2931 1971 2986 neque

320 3002 449 3059 sine
504 3000 793 3074 principio
851 3005 959 3069 est,
993 3001 1163 3073 quasi
1220 3001 1497 3071 increata,
1536 3018 1726 3074 neque
1770 3014 1807 3057 a
1854 3004 1970 3060 Deo

323 3090 494 3158 facta,
518 3089 674 3146 unde
705 3089 880 3145 habet
901 3092 1109 3145 natura
1138 3090 1462 3145 malitiam?
1485 3090 1631 3145 Nam
1656 3090 1811 3146 mala
1840 3107 1969 3148 esse

2076 535 2339 584 accusas,
2381 536 2414 575 ο
2463 518 2682 573 homo?
2725 517 2909 573 Habet
2956 516 3059 572 illa
3098 515 3256 573 velut
3302 514 3741 588 impedimenta

2076 608 2366 679 quaedam,
2390 610 2750 663 senectutem
2783 611 2840 661 et
2863 605 3286 661 infirmitatem.
3315 604 3425 660 Sed
3457 608 3740 660 senectus

2075 696 2203 768 ipsa
2232 695 2291 750 in
2325 696 2495 751 bonis
2527 695 2790 751 moribus
2834 695 3083 761 dulcior,
3107 693 3166 748 in
3200 693 3464 750 consiliis
3509 691 3741 760 utilior,

2076 785 2148 840 ad
2183 783 2575 839 constantiam
2620 784 2936 839 subeundas
2970 782 3177 838 mortis
3221 781 3501 854 paratior,
3535 781 3612 837 ad
3654 797 3742 836 re-

2073 873 2413 945 primendas
2444 873 2720 928 libidines
2754 872 2974 928 fortior.
3002 871 3318 927 Infirmitas
3339 887 3580 944 quoque
3613 887 3741 926 cor-

2072 962 2252 1034 poris,
2287 960 2574 1017 sobrietas
2620 961 2835 1016 mentis
2878 965 2985 1016 est.
3020 960 3185 1015 Unde
3233 960 3314 1015 ait
3360 958 3687 1031 Apostolus
3723 976 3736 1015 :

2072 1051 2207 1107 Cum
2234 1051 2508 1121 inﬁrmor,
2542 1059 2673 1105 tunc
2714 1054 2905 1122 potens
2933 1066 3057 1105 sum
3088 1050 3160 1121 (Il
3188 1048 3308 1106 Cor.
3333 1066 3435 1115 xu,
3469 1049 3585 1119 40).
3624 1050 3736 1104 Ita-

2078 1156 2192 1212 que
2224 1156 2342 1195 non
2374 1140 2432 1194 in
2464 1137 2802 1205 virtutibus,
2837 1138 2937 1194 sed
2970 1137 3416 1193 inﬁrmitatibus
3445 1135 3739 1210 gloriaba'

2070 1232 2187 1283 tur.
2222 1229 2590 1300 Responsum
2640 1244 2874 1299 quoque
2916 1226 3180 1281 divinum
3232 1225 3464 1282 refulsit
3493 1224 3733 1281 oraculo

2071 1317 2344 1385 salutari;
2380 1316 2517 1389 quia
2546 1316 2732 1371 virtus
2778 1315 2839 1371 in
2886 1314 3226 1370 inﬁrmitate
3256 1319 3734 1371 consummatur.

2073 1406 2177 1462 Illa
2235 1407 2490 1461 cavenda
2537 1406 2630 1477 (15
2657 1406 2771 1477 qJ
2829 1421 2955 1476 cap.
2998 1404 3102 1460 ιιιιι
3152 1404 3432 1476 cavenda),
3485 1421 3617 1476 qua:
3668 1420 3737 1460 ex

2076 1499 2280 1550 nostra
2325 1493 2623 1550 voluntate
2682 1494 2990 1565 prodeunt,
3022 1491 3234 1548 delicta
3281 1492 3638 1563 juventutis,
3682 1497 3739 1548 et

2080 1582 2511 1639 irrationabiles
2562 1581 2868 1654 passiones
2909 1580 3192 1654 corporis.
3247 1581 3506 1645 Quorum
3553 1580 3739 1653 igitur

2077 1687 2184 1727 nos
2231 1687 2441 1726 sumus
2495 1670 2739 1738 domini,
2772 1670 2983 1726 horum
3033 1669 3325 1742 principia
3369 1668 3737 1728 extrinsecus

2086 1776 2203 1815 non
2234 1760 2636 1832 requiramus;
2670 1775 2775 1815 nec
2805 1758 3135 1814 derivemus
3161 1757 3220 1812 in
3244 1757 3410 1826 alios,
3435 1759 3539 1813 sed
3563 1774 3739 1830 agno-

2084 1865 2319 1905 scamus
2366 1865 2434 1904 ea
2479 1864 2605 1920 quae
2644 1847 2876 1921 proprie
2925 1850 3125 1903 nostra
3172 1852 3331 1903 sunt.
3366 1846 3529 1911 Quod
3580 1848 3738 1903 enim

2076 1954 2393 2009 possumus
2419 1954 2534 1993 non
2557 1937 2749 1992 facere
2771 1936 2821 1992 si
2854 1935 3157 2004 nolumus,
3179 1935 3362 2007 hujus
3391 1934 3738 1992 electionem

2078 2025 2218 2081 mali
2260 2026 2431 2082 nobis
2464 2026 2657 2098 potius
2690 2025 3002 2092 debemus,
3038 2041 3217 2097 quam
3264 2023 3395 2080 aliis
3424 2023 3736 2082 ascribere.

2079 2115 2210 2170 Ideo
2236 2114 2411 2171 etiam
2446 2115 2503 2169 in
2520 2114 2764 2185 judiciis
2784 2112 2958 2170 istius
2978 2112 3186 2169 mundi
3205 2112 3567 2170 voluntarios
3586 2128 3737 2181 reos,

2077 2221 2193 2260 non
2244 2221 2312 2260 ex
2363 2204 2711 2259 necessitate
2759 2201 3117 2274 compulsos,
3137 2201 3311 2273 culpa
3361 2202 3739 2276 constringit,

2079 2309 2249 2366 poena
2306 2292 2674 2348 condemnat.
2732 2292 2932 2363 Neque
2988 2290 3145 2346 enim
3205 2291 3255 2347 si
3315 2308 3419 2363 per
3475 2291 3745 2348 furorem

2078 2381 2293 2453 aliquis
2324 2381 2691 2437 innocentem
2723 2380 3054 2451 peremerit,
3087 2380 3374 2437 obnoxius
3415 2380 3603 2436 morti
3634 2387 3746 2437 est.

2078 2470 2225 2536 Quin
2261 2470 2436 2526 etiam
2476 2468 2664 2542 ipsius
2696 2468 2903 2524 divinaa
2951 2468 3097 2541 legis
3146 2467 3599 2539 oraculo(Deut.
3623 2485 3744 2536 xxx,

2077 2559 2155 2631 5),
2182 2559 2231 2614 si
2267 2559 2397 2631 quis
2423 2575 2525 2631 per
2554 2557 3013 2629 imprudentiam
3043 2557 3312 2613 intulerit
3333 2573 3563 2625 necem,
3588 2558 3744 2614 acci-

2080 2648 2165 2720 pit
2194 2646 2569 2720 impunitatis
2601 2646 3029 2719 spem,rel‘ugii
3062 2644 3423 2714 facultatem,
3453 2651 3521 2701 ut
3550 2647 3749 2719 possit

2076 2736 2339 2793 evadere.
2375 2736 2493 2791 Hoc
2524 2734 2704 2807 igitur
2732 2734 2803 2791 de
2846 2752 2911 2791 eo
2946 2735 3102 2807 quod
3132 2735 3365 2806 proprie
3396 2735 3624 2791 malum
3655 2736 3745 2791 vi-

2078 2826 2268 2893 detur,
2301 2824 2525 2880 dictum
2568 2823 2665 2880 sit.
2699 2822 2853 2879 Mala
2879 2823 3037 2880 enim
3087 2840 3204 2879 non
3254 2827 3395 2879 sunt
3444 2823 3559 2880 nisi
3612 2841 3749 2897 qua

2079 2914 2322 2970 crimine
2352 2918 2607 2970 mentem
2636 2912 2941 2985 implicant
2982 2916 3040 2969 et
3077 2912 3495 2969 conscientiam
3524 2911 3739 2985 ligant.

2078 3004 2359 3059 Craterum
2393 3001 2755 3074 pauperiem,
2804 3000 3251 3074 ignobilitatem,
3300 3000 3742 3074 aegritudinem,

2080 3095 2327 3148 mortem
2373 3107 2545 3147 nemo
2593 3089 2830 3162 sapiens
2878 3089 3036 3147 mala
3081 3089 3307 3157 dixerit,
3341 3106 3449 3146 nec
3494 3089 3556 3145 in
3607 3107 3742 3145 ma-

320 3177 383 3234 in
413 3178 522 3235 hoc
566 3178 787 3235 mundo
818 3177 1018 3234 nullus
1065 3179 1300 3251 sapiens
1351 3178 1677 3251 denegavit,
1709 3197 1844 3236 cum
1893 3182 1969 3236 sit
1999 3159 2042 3226 (ἶ
2079 3181 2270 3238 lorum
2328 3184 2484 3237 sorte
2541 3178 2973 3247 numeraverit;
3039 3179 3178 3250 quia
3254 3195 3360 3235 nec
3438 3179 3747 3235 contraria

321 3268 423 3325 ‘18
454 3272 575 3325 tam
608 3268 879 3340 frequens
908 3268 969 3323 in
999 3268 1109 3324 hoc
1130 3267 1341 3324 saeculo
1363 3267 1561 3340 lapsus
1592 3269 1662 3324 ad
1696 3274 1964 3326 mortem.

320 3357 433 3413 Sed
464 3373 532 3414 ex
568 3356 643 3413 iis
691 3374 818 3430 quae
860 3358 987 3428 jam
1019 3356 1298 3425 diximus,
1329 3374 1646 3429 possumus
1697 3357 1969 3432 colligere

319 3445 460 3518 quia
505 3462 621 3501 non
672 3450 760 3502 est
809 3446 937 3502 viva
987 3446 1337 3513 substantia,
1382 3446 1484 3503 sed
1528 3446 1743 3503 mentis
1792 3452 1967 3519 atque

320 3533 501 3589 animi
534 3534 886 3606 depravatio,
922 3552 956 3590 a
980 3535 1217 3590 tramite
1246 3534 1480 3590 virtutis
1512 3534 1693 3603 devia,
1727 3553 1854 3608 quae
1884 3536 1968 3591 in-

317 3621 685 3678 curiosorum
717 3621 929 3677 animis
974 3640 1152 3694 quam
1202 3623 1535 3694 frequenter
1563 3624 1809 3695 obrepit.
1841 3624 1965 3681 Non

316 3711 498 3784 igitur
525 3710 597 3766 ab
626 3710 918 3765 extraneis
966 3714 1053 3767 est
1102 3711 1293 3776 nobis,
1329 3728 1507 3783 quam
1539 3728 1574 3767 a
1603 3713 1772 3769 nobis
1820 3713 1965 3785 ipsis

316 3800 511 3872 majus
539 3797 887 3871 periculum.
911 3799 1075 3855 Intus
1114 3804 1202 3855 est
1244 3800 1636 3869 adversarius,
1663 3800 1825 3858 intus
1856 3820 1964 3858 au-

315 3892 442 3946 ctor
469 3886 705 3958 erroris,
730 3888 913 3956 intus,
941 3888 1205 3960 inquam,
1224 3888 1460 3944 clausus
1490 3889 1548 3944 in
1583 3890 1965 3964 nobismetip-

314 3978 418 4035 sis.
443 3977 815 4051 Propositum
846 3980 1015 4032 tuum
1040 3977 1359 4050 speculare,
1385 3978 1650 4034 habitum
1674 3983 1785 4034 tua:
1806 3997 1965 4036 men-

312 4067 390 4124 tis
419 4066 963 4141 explora,excubias
995 4067 1243 4123 obtende
1273 4068 1581 4124 adversum
1614 4068 1829 4125 mentis
1849 4074 1962 4126 tute

313 4156 720 4231 cogitationes,
754 4159 811 4213 et
840 4155 1021 4213 animi
1061 4157 1430 4229 cupiditates.
1459 4158 1546 4212 Tu
1588 4157 1713 4229 ipse
1763 4159 1865 4214 tibi
1899 4176 1962 4215 es

312 4263 489 4303 causa
508 4246 925 4319 improbitatis,
950 4250 1012 4302 tu
1036 4246 1162 4319 ipse
1183 4246 1299 4301 dux
1324 4245 1678 4319 ﬂagitiorum
1700 4251 1962 4319 tuorum,

311 4340 485 4408 atque.
511 4335 778 4392 incentor
826 4335 1162 4391 criminum.
1190 4334 1337 4399 Quid
1387 4334 1635 4390 alienam
1686 4340 1957 4392 naturam

310 4423 559 4480 arcessis
585 4424 658 4479 ad
689 4424 1123 4479 excusationem
1154 4431 1390 4478 tuorum
1420 4423 1690 4494 lapsum?
1723 4424 1955 4482 Utinam

2077 3269 2207 3326 istis
2238 3269 2295 3324 in
2328 3269 2498 3326 bonis
2536 3269 2826 3325 habentur
2868 3268 3162 3336 maximis,
3197 3284 3449 3340 quorum
3480 3267 3598 3324 alia
3623 3285 3742 3324 no-

2075 3358 2169 3414 bis
2214 3375 2283 3414 ex
2332 3363 2561 3427 natura,
2596 3356 2711 3413 alia
2757 3375 2825 3413 ex
2875 3356 3289 3414 commoditate
3337 3356 3603 3413 accidere
3648 3357 3740 3414 vi-

2078 3447 2307 3503 dentur.

2146 3537 2235 3592 32.
2268 3536 2393 3591 Non
2427 3535 2611 3591 otiose
2640 3534 2810 3592 nobis
2851 3550 3130 3591 excursus
3177 3533 3288 3590 iste
3316 3533 3637 3606 processit;
3673 3538 3740 3591 ut

2075 3625 2459 3697 probaremus
2499 3624 2772 3680 tenebras
2814 3627 2871 3680 et
2920 3624 3199 3696 abyssum
3253 3621 3605 3695 simpliciter
3637 3641 3736 3681 ac-

2075 3712 2362 3786 cipienda.
2414 3713 2594 3768 Erant
2640 3713 2796 3768 enim
2846 3713 3098 3768 tenebrae
3155 3712 3226 3767 de
3275 3710 3737 3769 obumbratione

2074 3805 2175 3859 19
2223 3801 2379 3870 coeli;
2425 3801 2565 3874 quia
2616 3817 2789 3857 omne
2833 3818 3043 3873 corpus
3092 3801 3364 3856 umbram
3414 3799 3573 3870 facit,
3610 3818 3733 3874 qua

2074 3891 2388 3947 obumbrat
2422 3889 2511 3945 vel
2559 3889 2811 3946 finitima
2856 3889 2946 3946 vel
2998 3890 3291 3958 inferiora,
3324 3892 3383 3946 et
3424 3905 3493 3945 ea
3540 3892 3734 3947 maxi-

2072 3996 2186 4048 me,
2229 3997 2357 4051 quae
2409 3979 2635 4047 operire
2682 3984 2857 4051 atque
2905 3978 3204 4036 includere
3249 3978 3497 4034 videtur.
3534 3978 3733 4036 Inclu-

2072 4069 2158 4124 dit
2187 4072 2382 4124 autem
2434 4065 2563 4123 caeli
2622 4066 2815 4140 polus,
2848 4067 2988 4139 quia
3017 4065 3228 4123 coelum
3283 4066 3438 4122 sicut
3493 4083 3733 4125 camera

2071 4156 2422 4225 extenditur,
2439 4157 2941 4228 quemadmodum
2966 4172 3145 4227 supra
3165 4155 3727 4213 demonstravimus.

2069 4246 2192 4302 Non
2230 4263 2367 4318 ergo
2425 4244 2771 4318 principalis
2819 4248 2945 4300 erat
3000 4244 3311 4301 tenebrosa
3355 4244 3728 4314 substantia;

2068 4335 2169 4392 sed
2203 4335 2370 4406 quasi
2402 4334 2612 4390 umbra
2661 4337 2864 4390 secuta
2892 4336 2984 4389 est
3023 4333 3229 4388 mundi
3272 4348 3485 4405 corpus
3536 4332 3729 4407 caligo

2071 4424 2460 4478 tenebrarum.
2498 4422 2703 4494 Itaque
2750 4425 3045 4478 momento
3085 4421 3290 4476 divinae
3320 4420 3727 4493 praeceptionis

307 4516 365 4568 te
395 4511 521 4583 ipse
551 4528 664 4566 non
715 4511 1067 4583 impclleres,
1097 4512 1323 4566 utinam
1372 4528 1488 4566 non
1538 4511 1968 4600 praecipitares’
2005 4532 2048 4597 Ι)
2080 4512 2340 4567 mundus
2385 4527 2721 4582 assurgens,
2755 4510 2912 4566 intra
2940 4526 3003 4566 se
3030 4508 3270 4565 inclusit
3321 4508 3624 4577 umbram;
3662 4515 3728 4565 ut

309 4599 537 4655 utinam
571 4615 686 4654 non
718 4598 1038 4654 involveres
1081 4603 1184 4654 aut
1225 4598 1435 4654 studiis
1467 4598 1963 4657 immoderatiori4

307 4688 446 4755 bus,
478 4691 581 4743 aut
626 4686 1046 4759 indignatione,
1075 4691 1178 4741 aut
1207 4685 1647 4758 cupiditatibus,
1678 4705 1803 4760 quae
1851 4706 1958 4746 nos

304 4777 550 4832 innexos
581 4774 738 4832 velut
784 4775 1138 4847 quibusdam
1192 4774 1414 4829 retibus
1445 4779 1662 4829 tenent.
1692 4776 1761 4830 Et
1807 4782 1959 4832 certe

303 4867 363 4923 in
394 4865 564 4923 nobis
597 4869 686 4922 est
715 4864 1003 4921 moderari
1027 4863 1242 4930 studia,
1266 4863 1535 4919 cohibere
1569 4863 1956 4935 iracundiam,

304 4972 566 5014 coercere
597 4954 949 5028 cupiditates
982 4971 994 5008 :
1029 4954 1085 5008 in
1131 4953 1299 5008 nobis
1328 4956 1417 5008 est
1447 4952 1623 5008 etiam
1653 4953 1960 5025 indulgere

301 5044 565 5113 luxurias,
589 5044 819 5101 adolere
849 5044 962 5115 (36)
1009 5042 1304 5108 libidines,
1336 5041 1704 5098 inﬂammare
1734 5042 1962 5099 iracun-

304 5133 589 5204 diam,vel
621 5132 1011 5190 inﬂammanti
1041 5148 1243 5188 aurem
1277 5129 1956 5199 accommodare,elevari

307 5223 497 5296 magis
528 5223 821 5294 superbia,
851 5221 1070 5277 effundi
1103 5222 1160 5275 in
1192 5219 1686 5290 saavitiam,quam
1718 5221 1955 5291 reprimi

373 5365 485 5433 (35)
516 5364 666 5419 Edit.
702 5364 910 5432 Paris.,
936 5363 1074 5432 Quid
1104 5365 1277 5433 igitur
1305 5363 1542 5417 deterius
1563 5364 1588 5413 .9

370 5434 484 5504 (36)
513 5434 663 5504 Edit.
698 5436 890 5502 Rom.,
927 5436 1161 5490 abolere.
1197 5434 1449 5504 Reliquas
1480 5438 1535 5487 et
1578 5448 1784 5489 omnes
1817 5449 1952 5489 con-

307 5502 672 5577 stantissime
701 5504 904 5577 legunt
928 5505 1168 5577 adolere,
1200 5506 1257 5559 id
1288 5502 1377 5577 est
1408 5519 1638 5576 augere.

370 5574 483 5646 (37)
512 5573 698 5629 Scena
730 5573 891 5630 locus
916 5579 1005 5630 est
1029 5575 1206 5631 ramis
1235 5573 1514 5632 arborum
1533 5577 1745 5644 tectus,
1770 5575 1949 5632 Maro.

2078 4599 2127 4656 si
2157 4600 2291 4672 quis
2321 4600 2380 4654 in
2412 4599 2599 4671 campi
2632 4599 2844 4667 medio,
2878 4615 3054 4670 quem
3085 4597 3171 4654 sol
3200 4597 3563 4653 meridianus
3591 4597 3727 4654 illu-

2069 4688 2275 4755 minat,
2302 4687 2494 4744 locum
2543 4686 2797 4760 aliquem
2829 4691 3068 4759 repente
3098 4686 3383 4759 obsepiat,
3414 4689 3472 4741 et
3519 4686 3725 4742 densis

2070 4793 2369 4832 ramorum
2418 4776 2725 4831 frondibus
2762 4779 2939 4848 tegat,
2973 4792 3165 4831 nonne
3195 4791 3312 4847 quo
3355 4773 3725 4846 splendidior

2070 4865 2211 4922 foris
2241 4864 2465 4937 species
2494 4864 2603 4920 loci
2651 4865 2780 4935 ejus
2826 4864 3116 4937 eil'ulgeat,
3149 4863 3257 4919 hec
3303 4862 3566 4919 horrenti
3616 4863 3721 4920 de-

2070 4970 2248 5026 super
2277 4968 2450 5008 scena
2475 4952 2587 5023 (37)
2608 4952 2985 5024 gurgustium
3014 4952 3143 5023 ejus
3196 4951 3359 5007 intus
3405 4950 3718 5007 obscurius

2068 5042 2176 5098 ﬁt?
2223 5044 2339 5097 Aut
2393 5041 2549 5096 unde
2602 5045 2859 5108 antrum,
2910 5039 3178 5096 clausum
3230 5038 3491 5112 undique
3535 5039 3719 5112 huius

2068 5130 2226 5187 modi
2256 5129 2449 5185 locum
2498 5134 2798 5197 vocarunt,
2831 5129 2944 5185 nisi
2977 5128 3133 5201 quod
3183 5132 3306 5185 atro
3353 5127 3720 5185 inhorrescat

2068 5220 2184 5274 situ
2216 5223 2391 5290 atque
2422 5218 2707 5276 effusione
2746 5218 3162 5275 tenebrarum?
3193 5218 3319 5274 Istas
3369 5232 3507 5290 ergo
3552 5220 3716 5273 tene-

2067 5360 2108 5416 l.
2142 5360 2371 5416 “Em:

2254 5492 2257 5493 ν
2922 5469 3040 5516 tum
3069 5463 3233 5529 sylvis
3262 5476 3423 5529 scena
3451 5466 3688 5529 coruscis

2062 5531 2316 5593 Desuper,
2348 5529 2698 5594 horrentique
2727 5532 2903 5579 atrum
2934 5526 3127 5579 nemus
3150 5526 3394 5577 imminet
3422 5527 3634 5577 umbra.
