3944 6216
207 372 296 434 153
1459 356 2004 420 llEXAEMERON
2050 353 2193 415 LIB.
2242 355 2288 412 l.

3472 353 3579 412 liii

201 505 296 561 bra;
323 519 501 577 super
541 519 824 577 aquarum
865 501 1109 577 abyssos
1149 502 1333 558 erant.
1365 496 1490 555 Non
1536 496 1814 569 abyssum
1844 492 1900 557 Α
1928 487 2376 562 explicari.Quid
2412 486 2696 544 miramur
2725 485 2774 544 si
2799 489 2949 544 Deus
2979 486 3210 545 locutus
3241 492 3330 544 est
3358 486 3579 554 lucem,

200 594 615 650 multitudinem
648 599 705 649 et
735 593 1090 666 profundum
1141 607 1428 664 aquarum
1490 588 1625 649 dici,
1653 587 1821 641 lectio

200 683 470 755 Evangelii
500 685 667 739 docet
698 686 849 755 (Luc.
900 699 1022 749 Vill,
1056 682 1168 752 3i),
1218 681 1318 735 ubi
1367 679 1651 749 rogabant
1698 676 1819 730 Sal-

198 777 430 828 vatorem
463 773 772 839 daemonia,
803 790 874 827 ne
898 773 1133 843 juberet
1159 770 1276 825 illis
1326 774 1393 824 ut
1438 769 1496 822 in
1544 768 1822 838 abyssum

196 862 344 916 irent.
393 863 504 918 Sed
558 862 657 934 qui
715 863 960 918 docebat
1007 860 1336 915 voluntates
1401 856 1823 913 daemoniorum

197 968 294 1005 non
324 967 453 1006 esse
471 952 788 1018 faciendas,
824 950 1099 1022 praecepit
1133 949 1251 1004 illis
1298 953 1364 1003 ut
1412 948 1565 1002 irent
1601 947 1660 1000 in
1693 963 1823 1017 por-

197 1057 297 1096 cos.
331 1041 497 1096 Porci
528 1045 723 1096 autem
757 1057 819 1095 se
849 1040 910 1094 in
942 1044 1219 1110 stagnum
1251 1054 1537 1110 aquarum
1565 1035 1822 1108 praecipi-

194 1133 395 1195 tarunt,
493 1134 558 1185 ut
650 1129 805 1201 quod
892 1129 1242 1183 recusabant
1316 1126 1640 1193 daemonia,
1710 1142 1823 1181 non

193 1219 511 1284 evaderent,
554 1219 654 1273 sed
721 1218 896 1289 digno
962 1216 1279 1288 praecipitio
1329 1217 1822 1289 demergerentur.

192 1307 314 1361 Erat
377 1323 517 1380 ergo
584 1306 708 1360 haec
773 1306 978 1360 mundi
1056 1305 1446 1376 incomposita
1511 1303 1734 1376 species
1773 1306 1828 1357 et

191 1394 390 1450 forma.

823 1500 1052 1556 CAPUT
1092 1501 1177 1555 IX.

189 1591 418 1647 Creatur
447 1591 548 1645 lux
569 1607 588 1644 :
618 1590 804 1645 eadem
834 1608 867 1643 α
899 1590 1133 1644 tenebris
1179 1589 1511 1643 discernitur
1539 1593 1700 1657 atque
1729 1603 1826 1657 ap-

247 1662 550 1734 probatur:
581 1665 632 1717 et
661 1679 767 1733 qua
796 1677 958 1716 causa
1004 1662 1105 1714 lux
1149 1659 1284 1727 dies,
1317 1676 1380 1714 ac
1419 1659 1658 1714 tenebrae
1694 1674 1824 1725 nox,

252 1733 563 1805 appellatae.

250 1839 334 1894 33.
369 1843 438 1894 Et
469 1838 730 1909 Spiritus,
778 1837 991 1909 inquit,
1041 1840 1144 1893 Dei
1177 1839 1620 1926 superfercbatur
1665 1853 1829 1908 super
1858 1859 1906 1926 B

189 1944 363 1999 aquas,
398 1932 449 1981 et
497 1927 640 1981 dixit
684 1927 852 1981 Deus:
876 1929 1004 1982 Fiat
1051 1927 1152 1981 lux
1200 1925 1352 1996 (Gen.
1397 1943 1434 1990 ι,
1492 1927 1544 1991 2,
1597 1927 1669 1997 3).
1709 1926 1825 1980 Me-

189 2017 288 2072 rito
320 2016 663 2088 praemissus
715 2020 804 2070 est
853 2015 1106 2087 Spiritus
1151 2015 1274 2085 Dei,
1306 2015 1407 2069 ubi
1459 2014 1656 2069 divina
1683 2015 1829 2069 inci-

190 2120 312 2175 pere
341 2103 594 2159 habebat
649 2103 929 2175 operatio.
965 2106 1103 2173 Fiat,
1138 2104 1353 2175 inquit,
1387 2105 1504 2158 lux.
1538 2103 1702 2159 Unde
1721 2120 1832 2158 vox

189 2191 279 2246 Dei
312 2193 370 2246 in
429 2192 728 2264 Scriptura
784 2193 980 2248 divina
1036 2192 1239 2248 debuit
1295 2192 1592 2259 inchoare,
1627 2191 1740 2246 nisi
1799 2211 1832 2247 a

189 2279 452 2336 lumine?
492 2281 648 2336 unde
700 2281 905 2335 mundi
956 2289 1216 2347 ornatus,
1251 2281 1364 2335 nisi
1415 2298 1449 2335 a
1495 2280 1626 2336 luce
1674 2296 1830 2336 exor-

187 2368 335 2423 dium
367 2373 646 2425 sumere?
674 2371 910 2424 Frustra
941 2370 1094 2425 enim
1143 2374 1317 2437 esset,
1351 2371 1400 2424 si
1452 2387 1567 2424 non
1610 2368 1830 2424 videre-

185 2462 288 2513 tur.
317 2458 452 2514 Erat
485 2459 718 2530 quidem
751 2459 900 2513 Deus
930 2457 1056 2530 ipse
1098 2457 1158 2512 in
1190 2458 1436 2528 lumine,
1472 2457 1609 2530 quia
1640 2457 1831 2514 lucem

188 2543 400 2602 habitat
431 2546 923 2613 inaccessibilem,
957 2552 1015 2602 et
1045 2552 1167 2602 erat
1196 2547 1395 2602 lumen
1424 2563 1650 2617 verum,
1675 2548 1830 2618 quod

188 2632 471 2691 illuminat
509 2653 742 2691 omnem
802 2636 1104 2691 hominem
1167 2636 1495 2692 venientem
1557 2637 1615 2691 in
1675 2636 1830 2690 hunc

190 2725 506 2780 mundum:
541 2726 640 2781 sed
674 2742 801 2780 eam
832 2724 1020 2780 lucem
1072 2726 1195 2780 ﬁeri
1252 2724 1454 2791 voluit,
1488 2742 1614 2796 quae
1646 2725 1832 2780 oculis

190 2814 584 2885 corporalibus
672 2813 1280 2885 comprehenderetur.
1340 2814 1448 2877 Qui
1518 2815 1830 2871 aediﬁcium

189 2898 413 2974 aliquod
445 2903 697 2974 dignum
731 2902 1063 2957 habitaculo
1120 2902 1564 2974 patrisfamilias
1609 2907 1832 2959 struere

188 2989 492 3058 desiderat,
527 2997 845 3063 antequam
896 2991 1280 3048 fundamenta
1323 2996 1520 3063 ponat,
1556 2993 1709 3049 unde
1740 2993 1829 3047 lu-

187 3094 297 3134 cem
328 3080 377 3135 ei
408 3081 689 3135 infundat
727 3079 1006 3152 explorat,
1041 3084 1096 3135 et
1145 3097 1213 3135 ea
1259 3081 1452 3152 prima
1500 3086 1588 3137 est
1617 3082 1827 3154 gratia,

189 3183 305 3238 quae
334 3169 384 3224 si
417 3169 594 3237 desit,
628 3172 753 3224 tota
782 3169 995 3224 domus
1041 3169 1287 3224 deformi
1345 3170 1543 3226 horret
1578 3172 1822 3227 incultu.

185 3253 295 3310 Lux
324 3261 411 3312 est
442 3275 574 3330 qua
606 3256 864 3328 reliquos
896 3257 1108 3313 domus
1159 3260 1533 3314 commendat
1562 3267 1822 3318 ornatus.

186 3344 313 3411 Fiat,
345 3345 559 3418 inquit,
603 3348 722 3401 lux.
759 3346 932 3402 Plena
978 3363 1085 3402 vox
1121 3346 1364 3403 luminis
1415 3366 1530 3403 non
1575 3349 1831 3421 disposi-

185 3431 348 3489 tionis
402 3440 755 3509 apparatum
815 3434 1128 3508 signiﬁcat,
1189 3437 1288 3491 sed
1345 3437 1702 3509 Operationis
1751 3457 1832 3495 re-

183 3521 438 3592 splendet
467 3525 699 3580 eﬁ'ectu.
731 3528 963 3579 Natum
993 3524 1181 3596 cpifex
1223 3524 1413 3581 lucem
1459 3526 1690 3584 locutus
1721 3533 1826 3596 est,

186 3613 237 3662 et
263 3614 495 3668 creavit.
532 3615 737 3669 Sermo
767 3613 866 3669 Dei
891 3613 1161 3669 voluntas
1192 3618 1455 3687 est,opus
1485 3616 1585 3671 Dei
1619 3622 1831 3674 natura

182 3699 521 3757 estzlucem
577 3703 810 3768 creavit,
870 3701 1142 3757 tenebras
1199 3702 1573 3759 illuminavit.
1595 3706 1655 3759 Et
1685 3706 1828 3761 dixit

182 3789 334 3856 Deus,
363 3793 495 3845 Fiat
556 3792 674 3858 luas,
707 3799 759 3847 et
804 3793 952 3862 facta
1001 3797 1080 3845 est
1138 3793 1257 3846 luat.
1290 3793 1415 3847 Non
1473 3793 1601 3849 ideo
1661 3795 1825 3862 dixit,

183 3878 238 3929 ut
265 3880 903 3952 sequereturoperatio,
932 3880 1027 3935 sed
1055 3880 1210 3934 dicto
1234 3881 1483 3942 absolvit
1505 3882 1824 3954 negotium.

182 3961 330 4020 Unde
359 3967 610 4039 pulchre
647 3968 985 4024 Davidicum
1018 3967 1160 4024 illud
1191 3987 1203 4024 :
1240 3971 1416 4035 Dixit,
1448 3979 1497 4026 et
1523 3973 1672 4042 facta
1700 3981 1831 4029 sunt

179 4051 334 4121 (Psal.
369 4072 602 4124 CXLVIII,
629 4058 706 4128 5),
740 4057 880 4129 quia
938 4057 1160 4112 dictum
1221 4059 1321 4114 20
1379 4058 1640 4130 implevit
1684 4060 1824 4116 effe-

179 4145 313 4198 ctus.
338 4147 562 4202 Auctor
581 4162 718 4218 ergo
749 4145 898 4202 lucis
915 4147 1071 4202 Deus
1097 4164 1108 4202 :
1137 4146 1298 4202 locus
1330 4151 1526 4204 autem
1555 4152 1612 4204 et
1641 4165 1821 4205 causa

177 4230 540 4290 tenebrarum
560 4235 819 4290 mundus
832 4239 939 4290 est.
970 4236 1079 4290 Sed
1097 4236 1284 4290 bonus
1309 4236 1606 4292 auctorita
1627 4237 1817 4294 lucem

175 4316 306 4375 dixit
325 4325 539 4390 (38),ut
570 4324 860 4379 mundum
877 4323 1283 4396 ipsuminfuso
1297 4325 1547 4396 aperiret
1567 4325 1818 4396 lumine,

177 4409 335 4480 atque
364 4411 495 4480 ejus
549 4413 805 4484 speciem
835 4416 1189 4468 venustaret.
1225 4411 1609 4486 Resplenduit
1640 4415 1822 4487 igitur

177 4496 356 4553 subito
416 4517 540 4567 aer,
577 4505 634 4556 et
685 4505 1040 4572 expaverunt
1085 4502 1334 4557 tenebras
1384 4502 1516 4557 novi
1572 4503 1817 4560 luminis

1932 585 1988 634 et
2017 578 2288 650 caliganti
2324 579 2542 633 mundo
2569 578 2764 634 lumen
2809 578 3064 646 emicuit,
3095 579 3330 650 quando
3363 579 3410 633 si
3445 579 3578 651 quis

1933 669 2084 722 inter
2113 685 2296 738 aquas
2328 677 2577 734 mersus,
2612 667 2803 722 oleum
2870 684 2966 723 ore
3023 668 3299 738 emiserit,
3335 669 3580 724 clariora

1935 757 2106 812 faciat
2137 774 2205 812 ea
2235 774 2362 827 quae
2395 757 2667 828 profundi
2717 758 3061 828 tegebantur
3109 757 3351 813 occultis
3373 759 3400 812 ‘I
3426 757 3581 813 Dixit

1932 847 2125 913 Deus;
2162 863 2275 900 non
2309 851 2372 900 ut
2403 863 2504 916 per
2537 847 2692 901 vocis
2725 863 2944 918 organa
2974 845 3214 918 quidam
3247 864 3426 903 sonus
3458 865 3578 904 ser-

1935 935 2127 991 monis
2154 936 2352 1001 exiret,
2386 952 2491 990 nec
2526 940 2590 989 ut
2620 935 2832 1006 linguae
2867 940 3063 990 motus
3102 935 3332 990 cmleste
3362 937 3579 991 forma-

1935 1030 2022 1081 ret
2051 1024 2575 1097 alloquium,atque
2597 1041 2790 1080 aerem
2813 1025 2994 1080 istum
3013 1025 3252 1096 quidam
3273 1026 3581 1080 verborum

1936 1115 2214 1187 strepitus
2242 1115 2571 1170 verberaret
2599 1133 2610 1169 :
2645 1115 2747 1169 sed
2781 1119 2846 1168 ut
2889 1114 3206 1169 voluntatis
3239 1132 3357 1170 suae
3389 1114 3585 1187 cogni-

1936 1205 2153 1260 tionem
2186 1205 2299 1273 (39)
2332 1197 2601 1275 proderet
2631 1203 2984 1274 operationis
3015 1205 3244 1258 efl‘ectu.

2005 1295 2095 1348 34.
2131 1295 2195 1347 Et
2223 1293 2486 1347 discrevit
2517 1295 2659 1347 inter
2707 1294 2879 1347 lucem
2934 1301 2985 1348 et
3041 1295 3329 1354 tenebras;
3362 1297 3413 1348 et
3449 1293 3584 1348 vidit

1938 1384 2077 1437 Deus
2108 1383 2282 1437 lucem
2312 1383 2440 1452 quia
2473 1383 2612 1435 bona
2636 1386 2712 1435 est
2742 1381 2892 1451 (Gen.
2926 1399 2965 1448 ι,
2998 1383 3072 1450 4).
3103 1383 3256 1436 Dixit
3285 1386 3341 1437 et
3370 1400 3583 1438 sonum

1936 1471 2092 1526 vocis
2125 1469 2322 1525 nullus
2365 1471 2620 1525 audivit:
2652 1471 2941 1536 discrevit,
2974 1474 3031 1525 et
3079 1472 3430 1541 operationis
3455 1489 3584 1526 mo-

1937 1560 2145 1614 limina
2177 1576 2348 1614 nemo
2380 1559 2798 1630 deprehendit:
2833 1559 2996 1626 vidit,
3029 1565 3078 1614 et
3128 1561 3425 1614 oculorum
3458 1562 3585 1632 ejus

1937 1649 2321 1704 intentionem
2354 1647 2554 1702 nullus
2586 1648 2830 1718 aspexit.
2864 1651 2938 1703 Et
2987 1649 3168 1720 vidit,’
3199 1649 3410 1721 inquit,
3444 1652 3586 1705 Deus

1939 1740 2117 1793 lucem
2146 1741 2278 1809 quia
2310 1739 2446 1792 bona
2496 1741 2595 1791 est.
2657 1738 2773 1792 Nec
2831 1738 2984 1808 quod
3042 1737 3370 1808 ignorabat,
3402 1739 3583 1807 vidit;

1939 1844 2043 1882 nec
2077 1829 2133 1882 id
2167 1828 2321 1898 quod
2356 1827 2652 1882 nesciebat
2683 1831 2832 1893 ante,
2867 1830 2968 1881 aut
3007 1845 3124 1882 non
3155 1828 3397 1894 viderat,
3427 1845 3586 1884 com-

1942 1917 2238 1989 probavit:
2275 1917 2374 1971 sed
2405 1917 2690 1971 honorum
2740 1933 2981 1987 operum
3031 1917 3332 1988 proprium
3379 1922 3488 1988 est,
3524 1923 3588 1974 ut

1940 2011 2174 2062 externo
2225 2007 2699 2061 commendatore
2746 2023 2860 2060 non
2920 2011 3145 2079 egeant,
3183 2006 3282 2061 sed
3336 2009 3585 2080 gratiam

1940 2113 2130 2165 suam,
2164 2112 2298 2150 cum
2328 2096 2618 2160 videntur,
2652 2094 2779 2167 ipsa
2809 2099 3115 2150 testentur.
3143 2095 3281 2150 Pius
3309 2101 3398 2151 est
3429 2098 3584 2168 quod

1941 2186 2220 2257 probatur
2251 2188 2508 2256 aspectu,
2545 2201 2723 2256 quam
2779 2185 2930 2256 quod
2975 2201 3242 2240 sermone
3292 2185 3582 2242 laudatur.

1941 2275 2056 2330 Suo
2087 2275 2242 2330 enim
2277 2273 2460 2328 utitur
2488 2274 2845 2340 testimonio,
2880 2291 2996 2329 non
3047 2273 3234 2330 alieno
3285 2276 3583 2349 suffragio.

1942 2364 2101 2427 Quod
2135 2364 2181 2418 si
2216 2364 2369 2435 apud
2403 2379 2508 2418 nos
2539 2363 3034 2433 oculisjudicium
3056 2364 3585 2438 emittitur,quibus

1943 2451 2120 2506 simul
2153 2456 2208 2507 et
2237 2451 2426 2524 gratia
2453 2452 2861 2517 venustatis,et
2893 2469 3086 2507 rerum
3120 2470 3398 2510 mensura
3427 2472 3582 2511 com-

1943 2541 2343 2612 prehenditur:
2369 2544 2585 2612 quanto
2609 2540 2796 2612 magis
2814 2541 2966 2595 Deus
2989 2542 3184 2596 omnia
3206 2560 3331 2614 quas
3358 2544 3585 2615 prohat,

1941 2631 2117 2697 videt,
2151 2634 2206 2685 et
2237 2646 2365 2701 qua:
2412 2630 2586 2696 videt,
2617 2630 2843 2700 probat,
2876 2631 3200 2686 secundum
3250 2634 3406 2704 quod
3451 2634 3588 2688 scri~

1940 2724 2105 2791 ptum
2129 2720 2382 2791 est,quia
2415 2720 2571 2775 Oculi
2597 2721 2819 2774 Domini
2845 2737 3012 2792 super
3029 2722 3583 2792 justos(Psal.xxxm.

1941 2809 2076 2879 l6)?
2108 2809 2278 2864 Lucis
2312 2813 2525 2864 natura
2556 2808 2894 2881 hujusmodi
2945 2815 3051 2878 est,
3087 2816 3150 2866 ut
3199 2829 3314 2868 non
3366 2812 3425 2868 in
3477 2831 3586 2869 nu-

1940 2916 2121 2965 mero,
2159 2916 2273 2954 non
2306 2899 2363 2953 in
2399 2915 2695 2965 mensuea,
2731 2916 2846 2954 non
2879 2899 2937 2955 in
2967 2901 3314 2972 pondere,ut
3344 2901 3584 2967 alia,sed

1940 2989 2131 3045 omnis
2159 2989 2285 3058 ejus
2316 2987 2376 3042 in
2427 2992 2662 3060 aspectu
2713 2989 2901 3060 gratia
2957 2991 3052 3045 sit.
3087 2991 3340 3064 Propriis
3388 2993 3586 3065 itaque

1939 3078 2310 3134 sermonibus
2342 3081 2614 3132 naturam
2646 3077 2793 3133 lucis
2844 3081 3146 3150 expressit,
3177 3098 3302 3152 quae
3335 3082 3583 3138 videndo

1940 3168 2284 3240 complacet,
2317 3166 2595 3238 quoniam
2626 3167 2755 3238 ipsa
2786 3167 3018 3222 videndi
3063 3170 3321 3224 ofﬁcium
3354 3171 3582 3225 submi-

1940 3258 2170 3314 nistrat.
2204 3257 2319 3312 Nec
2362 3255 2656 3310 immerito
2706 3259 2936 3310 tantum
2986 3257 3097 3311 sibi
3147 3257 3582 3328 praedicatorem

1939 3347 2130 3418 potuit
2160 3344 2439 3410 invenire,
2473 3361 2505 3399 a
2537 3360 2652 3416 quo
2676 3344 2809 3415 jure
2858 3345 3048 3416 prima
3093 3344 3403 3414 laudatur;
3437 3363 3582 3419 quo-

1941 3436 2098 3490 niam
2134 3435 2260 3506 ipsa
2285 3434 2438 3500 fecit,
2471 3438 2536 3488 ut
2583 3433 2759 3489 etiam
2817 3437 3040 3501 caatera,
3075 3435 3277 3489 mundi
3319 3437 3584 3494 membra

1940 3525 2118 3598 digna
2159 3524 2279 3579 sint
2337 3523 2630 3579 laudibus.
2664 3523 2822 3578 Vidit
2877 3540 3013 3596 ergo
3071 3525 3226 3580 Deus
3283 3525 3492 3591 lucem,
3527 3533 3584 3583 et

1938 3614 2100 3671 vultu
2133 3630 2238 3669 suo
2267 3613 2641 3678 illuminavit,
2674 3617 2730 3668 et
2774 3613 2923 3668 vidit
2969 3614 3105 3685 quia
3134 3615 3283 3670 bona
3314 3621 3422 3672 est.
3457 3618 3581 3674 Non

1939 3720 2006 3759 ex
2050 3708 2213 3775 parte
2265 3703 2386 3770 Dei,
2420 3703 2520 3758 sed
2575 3702 2843 3774 generale
2892 3703 3185 3774 judicium
3238 3709 3345 3761 est.
3381 3708 3582 3778 Itaque

1939 3810 2053 3851 non
2085 3794 2144 3848 in
2176 3792 2482 3865 Splendore
2531 3792 2958 3858 tantummodo,
2993 3793 3090 3848 sed
3139 3793 3197 3848 in
3227 3795 3387 3849 omni
3421 3795 3582 3849 utili-

1935 3885 2053 3937 tate
2084 3882 2272 3954 gratia
2302 3880 2448 3935 lucis
2482 3880 2952 3952 probatur.Unde
2975 3886 3030 3937 et
3052 3882 3322 3937 discretio
3347 3884 3410 3936 fit
3433 3885 3584 3938 inter

1936 3969 2126 4026 lucem
2158 3974 2214 4026 et
2241 3971 2549 4037 tenebras;
2583 3974 2648 4023 ut
2697 3974 2965 4040 separata
3020 3970 3166 4024 lucis
3226 3976 3436 4025 natura
3471 3972 3580 4042 (40)

1935 4064 2110 4132 atque
2141 4059 2539 4123 tenebrarum,
2573 4057 2716 4112 nihil
2747 4058 3011 4113 videatur
3068 4058 3221 4112 intra
3277 4075 3340 4113 se
3367 4058 3582 4115 habere

1935 4148 2264 4203 confusum.

2003 4238 2090 4292 35.
2123 4239 2188 4291 El
2222 4236 2424 4291 vocavit
2443 4237 2580 4290 Deus
2605 4235 2782 4289 lucem
2809 4233 2976 4301 diem,
3009 4239 3060 4290 et
3097 4237 3343 4291 tenebras
3373 4240 3581 4293 noctem

1932 4326 2137 4381 vocavit
2167 4324 2319 4396 (Gen.
2357 4341 2394 4391 ι,
2425 4324 2478 4394 5)
2506 4342 2519 4391 ;
2547 4328 2611 4379 ut
2631 4327 2688 4380 et
2718 4322 2954 4379 nomine
2981 4323 3108 4394 ipso
3131 4324 3280 4380 diem
3322 4331 3577 4383 noctem-

1932 4431 2044 4485 que
2101 4414 2506 4486 distingueret.
2540 4413 2914 4468 Advertimus
2971 4413 3167 4485 itaque
3217 4417 3372 4487 quod
3429 4416 3578 4474 lucis

1931 4508 2094 4559 ortus
2139 4507 2452 4574 antequam
2510 4501 2596 4558 sol
2650 4502 2826 4569 diem,
2860 4502 3125 4558 videatur
3184 4506 3442 4576 aprrire;
3477 4509 3568 4564 21

177 4581 758 4660 claritate.Repressit
787 4606 905 4658 eas,
939 4594 995 4645 et
1026 4589 1194 4662 quasi
1226 4591 1285 4644 in
1317 4591 1559 4664 abyssos
1587 4593 1815 4649 demer-
1850 4601 1894 4664 D
1927 4592 2215 4664 principia
2245 4591 2401 4647 enim
2433 4592 2570 4657 diei,
2607 4591 2794 4647 noctis
2824 4591 3042 4648 exitum
3083 4593 3389 4664 claudunt,
3423 4597 3581 4654 finis-

176 4670 244 4727 sit
271 4682 508 4747 repente
530 4695 638 4750 per
659 4680 932 4735 universa
950 4679 1154 4734 mundi
1177 4679 1530 4752 fulgorlucis
1556 4682 1812 4738 infusus.

175 4758 404 4820 Pulchre
463 4767 671 4839 itaque
727 4771 784 4823 et
839 4768 1073 4840 proprie
1125 4768 1306 4823 dixit:
1343 4771 1506 4825 Facta
1562 4779 1642 4827 est
1697 4773 1812 4827 lux.

173 4847 319 4907 Sicut
348 4855 511 4911 enim
536 4856 653 4911 cito
677 4857 776 4911 lux
799 4855 1253 4926 coelum,terras,
1290 4857 1474 4912 maria
1499 4857 1816 4929 illuminat,

172 4941 219 4990 et
246 4948 545 4999 momento
598 4947 880 5017 temporis
939 4945 1064 5000 sine
1123 4944 1242 5000 ulla
1299 4947 1816 5013 comprehensione

169 5029 706 5104 retectissurgentis
747 5032 861 5088 diei
893 5033 1203 5105 splendore
1225 5033 1584 5105 regionibus,
1617 5041 1815 5092 nostro

171 5128 223 5170 se
249 5119 678 5176 circumfundit
697 5124 990 5194 aspectui;
1014 5123 1094 5176 ita
1116 5127 1280 5177 ortus
1310 5124 1438 5193 ejus
1471 5124 1585 5179 cito
1616 5125 1819 5180 debuit

220 5293 511 5377 .(38).M_ss.
562 5302 722 5355 Cen.
782 5303 1058 5377 et-Gem_.
1111 5318 1214 5373 per
1264 5303 1661 5377 corr.,__di.ci_t.
1720 5304 1814 5359 Sic

165 5366 325 5439 etiam
354 5366 514 5425 intra
545 5387 667 5425 non
699 5371 901 5428 semel.
932 5373 1042 5428 Alii
1076 5366 1270 5428 tamen
1305 5378 1362 5429 et
1389 5366 1553 5439 edit.,
1594 5375 1810 5431 dilexit.

228 5436 461 5528 Sic
492 5441 644 5528 edit.
689 5448 804 5528 vet.
848 5448 905 5498 et
955 5461 1103 5528 mss.
1160 5445 1356 5528 pl‘qres
1397 5436 1807 5528 potioresque.

164 5504 443 5586 Quatuor,
491 5513 921 5584 cogitationem;
954 5515 1120 5571 Rom.
1155 5504 1315 5584 (Sat,
1376 5504 1809 5586 dispositionem.

164 5574 668 5671 §edcjognitimiem
722 5574 1089 5671 retinendam
1133 5574 1406 5671 equidem
1452 5574 1723 5654 arbitror,
1758 5596 1814 5671 et

165 5645 247 5705 hic
276 5645 430 5712 idem
457 5671 596 5713 esse
631 5671 695 5711 ac
727 5657 1076 5714 sententiam
1109 5664 1163 5715 et
1183 5645 1500 5729 judicium,
1538 5645 1811 5729 quemad-

1928 4697 2040 4752 que
2069 4681 2349 4754 temporis
2380 4686 2435 4737 et
2461 4686 2651 4736 status
2682 4680 2852 4737 limes
2885 4683 3036 4738 nocti
3077 4688 3132 4737 et
3173 4684 3285 4740 diei
3315 4685 3581 4741 videatur

1928 4787 2056 4825 esse
2085 4770 2479 4842 praescriptus.
2533 4770 2700 4825 Diem
2759 4769 2844 4825 sol
2904 4770 3204 4837 clarificat,
3265 4772 3363 4828 lux
3420 4774 3573 4829 facit.

1932 4860 2286 4930 Frequenter
2317 4858 2525 4914 coelum
2559 4858 2814 4914 nubibus
2844 4859 3078 4924 texitur,
3113 4864 3178 4914 ut
3207 4860 3292 4915 sol
3325 4864 3573 4930 tegatur,

1930 4964 2035 5002 nec
2066 4947 2222 5004 ullus
2263 4949 2462 5004 radius
2495 4949 2622 5020 ejus
2675 4954 2992 5021 appareat;
3024 4947 3125 5002 lux
3176 4952 3370 5004 tamen
3423 4947 3572 5006 diem

1928 5036 2310 5106 demonstrat,
2345 5039 2614 5094 tenebras
2645 5038 2969 5094 abscondit.

1928 5305 2169 5379 modum
2202 5303 2668 5379 cognitorjudex
2701 5311 2871 5379 est,et
2901 5305 3572 5379 cognoscere,judicare.

1928 5375 2147 5456 Ibidem
2197 5374 2341 5456 mss”.
2402 5374 2651 5456 aliquot,
2665 5447 2674 5456 _
2687 5378 2944 5456 proderet
2972 5374 3303 5433 "imluntalis
3329 5379 3573 5456 effectus,

1925 5446 2212 5517 aliquot...
2260 5447 2529 5516 effectum.
2587 5445 2703 5500 Alii
2761 5465 2972 5521 magno
3023 5466 3265 5505 numero
3321 5445 3389 5505 et
3435 5450 3573 5505 edit.

1923 5533 2196 5574 omnes...
2239 5520 2451 5587 e/lectu.

1993 5590 2105 5660 (40)
2139 5586 2305 5644 Dion.
2340 5592 2398 5642 et
2427 5586 2583 5643 Colb.
2619 5605 2793 5656 unus,
2847 5601 2905 5647 ut
2957 5596 3214 5667 separata
3261 5609 3450 5648 rerum
3479 5608 3575 5644 na-

1925 5669 2071 5716 tura.
