3932 6212
311 325 428 392 188

965 460 1195 519 CAPUT
1231 458 1298 518 X.

308 579 462 636 Diem
492 580 640 634 nocti
669 582 859 651 contra
886 595 1050 651 quam
1077 578 1361 651 nonnullis
1390 576 1659 643 videatur,
1687 575 1777 632 hic
1807 586 1956 633 ante-

376 653 527 724 poni.
566 651 674 705 Cur
703 650 819 706 dies
840 650 982 705 unus
1010 652 1189 724 potius
1233 650 1452 706 .licatur
1491 666 1657 719 quam
1701 651 1950 720 primus;

380 721 445 777 ac
472 724 742 777 matutino
769 724 878 791 ﬁne
908 721 1284 778 concludatur.

378 911 464 966 36.
499 913 563 966 El
592 912 796 981 factum
831 913 910 965 est
941 925 1176 980 vespere,
1207 917 1257 964 et
1286 912 1493 980 factum
1534 913 1614 963 est
1655 924 1814 963 mane
1842 908 1955 963 dies

307 1016 450 1054 unus
478 999 628 1068 (Gen.
664 1017 701 1066 ι,
734 999 811 1069 5).
846 1001 1122 1064 Quaerunt
1153 997 1358 1069 aliqui,
1392 1015 1498 1052 cur
1545 997 1707 1068 prius
1752 1013 1952 1069 vespe-

307 1106 462 1153 rum,
496 1094 695 1161 postea
726 1104 897 1143 mane
930 1088 1235 1158 Scriptura
1268 1086 1775 1152 memoraverit,ne
1809 1086 1954 1140 forte

306 1182 533 1233 noctem
568 1176 908 1248 priusquam
938 1176 1091 1231 diem
1142 1175 1475 1247 signiﬁcare
1525 1175 1807 1230 videatur.
1841 1175 1953 1229 Nec

306 1267 615 1322 advertunt
644 1266 833 1336 primo
865 1265 1021 1336 quod
1076 1264 1418 1335 prmuliserit
1460 1263 1635 1327 diem,
1670 1264 1948 1319 dicendo:

303 1355 367 1409 El
399 1355 603 1410 vocavit
630 1355 772 1409 Deus
806 1354 983 1408 lucem
1024 1353 1188 1421 diem,
1221 1356 1270 1408 et
1310 1354 1564 1407 tenebras
1602 1354 1811 1406 vocavit
1860 1369 1955 1408 no-

302 1452 440 1498 ctem
472 1442 692 1514 (Ibid.):
729 1442 937 1497 deinde
969 1442 1123 1511 quod
1167 1457 1371 1511 vesper
1420 1441 1556 1495 ﬁnis
1604 1441 1716 1495 diei
1773 1441 1864 1508 sit,
1899 1446 1956 1496 et

304 1548 474 1586 mane
505 1532 639 1585 finis
676 1530 1038 1601 noctis.Ergo
1069 1535 1133 1584 ut
1162 1529 1605 1600 praerogativam
1648 1534 1705 1585 et
1736 1530 1953 1600 prima-

302 1624 399 1675 tus
432 1619 758 1675 nativitatis
790 1618 903 1673 dici
936 1618 1119 1689 daret,
1150 1617 1313 1689 prius
1354 1618 1530 1673 ﬁnem
1582 1618 1695 1673 diei
1728 1617 1952 1689 signifi-

302 1706 472 1772 cavit,
505 1710 815 1778 postquam
847 1710 1121 1761 secutura
1151 1722 1263 1759 nox
1310 1710 1481 1769 esset,
1516 1706 1725 1760 deinde
1754 1709 1955 1776 postea

302 1795 479 1851 ﬁnem
515 1795 701 1850 noctis
732 1793 1114 1864 adjunxit.Eo
1147 1810 1332 1865 usque
1363 1799 1555 1849 autem
1592 1798 1819 1849 noctem
1839 1793 1952 1848 diei
1985 1830 2032 1894 Β

302 1883 603 1955 Scriptura
630 1883 917 1938 anteferre
952 1899 1066 1937 non
1100 1883 1306 1955 potuit,
1341 1886 1406 1938 ut
1453 1888 1509 1937 et
1539 1882 1651 1937 diei
1682 1887 1739 1938 et
1768 1882 1955 1938 noctis

300 1977 589 2044 tempora,
638 1970 750 2026 diei
804 1970 1192 2043 appellatione
1253 1970 1623 2036 concluserit,
1673 1975 1951 2043 tanquam

303 2059 645 2133 principalis
714 2059 1058 2115 auctoritate
1117 2059 1374 2115 nominis
1431 2060 1827 2115 vindicaverit.
1888 2061 1957 2115 Et

302 2149 454 2206 hanc
515 2149 829 2221 Scriptura
883 2166 1012 2205 esse
1069 2149 1577 2216 consuetudinem,
1630 2154 1693 2203 ut
1748 2149 1956 2219 potiori

304 2237 753 2311 appellationem
787 2238 1046 2310 deputet,
1082 2238 1490 2309 frequentibus
1519 2236 1800 2308 exemplis
1830 2254 1959 2309 pro-

305 2328 540 2383 bamus.
574 2327 877 2399 Siquidem
910 2330 966 2382 et
1012 2326 1190 2382 Jacob
1246 2327 1425 2381 dixit:
1470 2328 1593 2381 Dies
1639 2328 1760 2381 vita:
1800 2343 1954 2396 meae,

299 2416 500 2488 pusilli
528 2423 578 2470 el
599 2416 739 2470 mali
767 2414 919 2487 (Gen.
973 2431 1146 2483 XLVII,
1181 2415 1256 2485 9).
1319 2415 1386 2470 Et
1444 2415 1693 2470 iterum:
1759 2415 1956 2471 Omnes

304 2504 418 2560 dies
447 2506 572 2559 vitae
614 2520 753 2561 meae
812 2504 967 2575 (Ibid.
1025 2506 1134 2575 28).
1183 2505 1249 2559 Et
1304 2503 1480 2560 David
1540 2504 1780 2577 posuit?
1830 2504 1957 2558 Dies

310 2609 582 2649 annorum
626 2603 935 2649 nostrorum
975 2594 1143 2665 (Psal.
1196 2610 1417 2659 LXXXIX,
1466 2593 1587 2663 10);
1640 2610 1755 2647 non
1812 2591 1957 2647 dixit

306 2686 361 2737 et
393 2688 611 2739 noctes.
637 2681 801 2738 Unde
832 2683 1191 2737 advertimus
1221 2699 1289 2737 ea
1328 2699 1455 2753 qua:
1488 2698 1643 2736 nunc
1673 2681 1732 2735 in
1764 2679 1956 2751 specie

304 2770 563 2826 historiae
592 2771 1049 2836 traduntur,vim
1076 2769 1351 2825 statuisse
1372 2768 1518 2840 legis
1540 2769 1600 2823 in
1631 2772 1952 2840 posterum.

305 2859 643 2932 Principum
697 2876 833 2929 ergo
893 2858 1031 2924 diei,
1093 2875 1199 2913 vox
1254 2857 1355 2912 Dei
1403 2862 1525 2912 est:
1581 2858 1678 2927 ﬁat
1736 2858 1872 2925 lux;
1906 2860 1957 2912 et

302 2950 453 3019 facta
481 2951 560 3002 est
592 2949 709 3001 lux.
746 2946 905 3002 Finis
952 2946 1063 3001 dici
1124 2962 1329 3017 vesper
1382 2952 1486 3000 est.
1520 2944 1652 3000 Jam
1704 2961 1957 3016 sequens

305 3036 431 3090 dies
461 3050 529 3090 ex
560 3035 747 3090 noctis
780 3035 892 3089 ﬁne
944 3034 1221 3090 succedit.
1256 3033 1553 3089 Sententia
1605 3037 1799 3089 autem
1856 3031 1956 3088 Dei

305 3123 562 3193 evidens,
607 3123 745 3196 quia
792 3124 944 3179 diem
997 3122 1184 3195 primo
1234 3122 1457 3179 vocavit
1510 3122 1722 3189 lucem,
1762 3125 1818 3176 et
1865 3138 1953 3178 se-

305 3212 499 3268 cundo
530 3212 749 3268 vocavit
781 3212 1052 3268 tenebras
1084 3216 1332 3267 noctem.

374 3302 462 3357 :37.
499 3300 772 3357 Praeclare
795 3301 969 3357 etiam
990 3317 1175 3356 unum
1189 3317 1305 3355 non
1328 3299 1586 3371 primum
1610 3299 1763 3354 diem
1781 3299 1946 3367 dixit;

302 3406 438 3446 nam
468 3394 741 3446 secuturo
782 3390 1059 3457 secundo,
1092 3394 1149 3445 et
1205 3388 1375 3444 tertio
1416 3389 1531 3454 die,
1564 3392 1621 3443 et
1676 3387 1952 3459 deinceps

303 3476 547 3550 reliquis
605 3476 861 3549 primum
912 3477 1104 3548 potuit
1135 3476 1323 3532 dicere
1349 3494 1362 3532 :
1392 3482 1449 3531 et
1478 3475 1586 3532 hoc
1616 3476 1840 3532 ordinis
1867 3475 1950 3530 vi-

304 3565 572 3631 debatur,
606 3566 706 3621 sed
740 3565 928 3638 legem
960 3566 1184 3633 statuit,
1221 3572 1283 3621 ut
1315 3565 1521 3638 viginti
1575 3566 1674 3622 22
1703 3569 1953 3637 quatuor

306 3653 461 3709 horae
493 3653 714 3708 diurnae
745 3659 919 3725 atque
952 3658 1247 3709 nocturnae
1280 3653 1395 3708 diei
1443 3650 1674 3708 tantum
1718 3654 1953 3709 nomine

308 3741 753 3810 deﬁniantur,ut
785 3742 832 3797 si
866 3743 1118 3797 diceret:
1151 3740 1371 3817 Viginti
1405 3744 1654 3812 quatuor
1675 3740 1951 3796 horarum

309 3848 586 3887 mensura
618 3831 791 3888 unius
821 3829 934 3887 diei
959 3835 1189 3903 tempus
1207 3835 1313 3886 est.
1335 3830 1497 3886 Sicut
1528 3829 1684 3885 enim
1699 3829 1952 3885 virorum

1981 3197 2023 3263 C

378 3999 492 4072 (41)
527 4000 666 4056 Mss.
703 3999 928 4071 aliquot
957 4016 1023 4055 ac
1053 3997 1625 4067 Rom.edit.,sccnnda
1645 3997 1952 4069 prioribus.

1772 324 1839 390 Β.
1883 323 2257 391 AMBROSII

1984 460 2036 528 Α
2065 460 2360 535 generatio
2393 465 2849 536 computatur,et
2877 460 3226 538 intelligitur
3254 460 3431 521 etiam
3461 462 3691 525 femina-

3584 331 3691 397 156

2066 569 2218 620 rum,
2253 551 2391 623 quia
2420 556 2737 609 nectuntur
2783 553 3041 609 secunda
3096 552 3423 626 potioribus
3451 552 3555 627 (44)
3580 573 3592 623 ;
3618 556 3693 614 ita

2065 642 2239 697 etiam
2273 641 2397 697 dies
2430 646 2833 710 numerantur,
2868 646 2926 699 et
2956 647 3157 699 noctes
3205 642 3568 700 mstimantur
3599 645 3693 700 ad-

2056 732 2297 802 junctae.
2332 730 2496 787 Sicut
2525 731 2707 803 igitur
2731 732 3014 788 circuitus
3065 749 3238 799 unus,
3272 731 3355 787 ita
3381 732 3504 788 dies
3536 750 3694 790 unus.

2063 821 2210 876 Nam
2230 819 2487 891 plerique
2500 820 2674 877 etiam
2698 808 3125 877 hebdomadam
3151 837 3330 875 unam
3354 837 3533 876 unum
3552 822 3697 877 diem

2063 909 2304 977 dicunt;
2338 910 2495 982 quod
2528 910 2588 965 in
2618 926 2682 966 se
2729 910 2898 982 quasi
2956 909 3014 965 in
3073 926 3259 965 unum
3290 910 3486 965 redeat
3529 910 3696 977 diem,

2063 1002 2120 1053 et
2147 999 2313 1070 quasi
2348 999 2566 1071 septies
2597 998 2658 1055 in
2683 1016 2745 1055 se
2771 1004 3049 1055 recurrat.
3074 998 3175 1053 Est
3196 1003 3393 1054 autem
3426 998 3698 1055 circuitus

2062 1085 2252 1158 ﬁgura
2280 1086 2401 1142 haec
2432 1104 2466 1142 a
2494 1104 2555 1142 se
2586 1088 2862 1158 incipere,
2894 1092 2951 1143 et
2992 1088 3050 1142 in
3083 1103 3147 1143 se
3206 1087 3435 1143 reverti.
3470 1086 3625 1143 Unde
3646 1092 3698 1143 et

2064 1174 2347 1231 saeculum
2381 1193 2566 1231 unum
2597 1175 2892 1232 interdum
2923 1176 3226 1247 Scriptura
3255 1175 3568 1231 dicit.Nam
3597 1176 3698 1231 etsi

2063 1262 2194 1319 aliis
2224 1263 2367 1319 locis
2397 1263 2610 1320 saecula
2655 1264 2927 1337 appellat,
2951 1265 3180 1319 videtur
3230 1263 3421 1336 magis
3467 1263 3696 1319 diversi-

2059 1355 2209 1408 tates
2241 1358 2502 1409 statuum
2536 1352 2905 1425 publicorum
2937 1351 3023 1409 vel
3049 1354 3447 1425 negotiorum
3480 1352 3697 1426 signiﬁ-

2063 1457 2214 1508 care,
2247 1458 2424 1513 quam
2455 1442 2800 1498 saeculorum
2845 1442 3248 1498 successiones
3299 1441 3531 1513 aliquas
3568 1442 3700 1496 deﬁ-

2064 1528 2225 1585 nire:
2262 1532 2402 1598 Quia
2429 1531 2545 1586 dies
2580 1532 2803 1587 Domini
2830 1547 3065 1599 magnus
3115 1538 3167 1585 et
3221 1530 3523 1601 praeclarus
3578 1530 3705 1600 (Joel

2061 1617 2266 1687 11,“).
2299 1619 2369 1674 Et
2426 1618 2599 1675 alibi:
2637 1618 2832 1692 Ulquid
2887 1621 3040 1675 vobis
3097 1633 3346 1690 quaerere
3403 1618 3549 1673 diem
3608 1618 3706 1673 Do-

2062 1707 2206 1760 mini
2234 1706 2373 1778 (Am.
2406 1725 2460 1777 v,
2489 1708 2577 1779 18)
2602 1707 2631 1761 ‘l
2659 1708 2729 1765 Et
2759 1707 2853 1763 hic
2885 1707 3132 1763 tenebrae
3190 1712 3247 1762 et
3290 1723 3407 1762 non
3449 1705 3567 1761 lux.
3597 1707 3706 1761 Ma-

2063 1794 2342 1851 nifestum
2372 1800 2461 1852 est
2488 1796 2644 1852 enim
2675 1797 2830 1868 quod
2863 1795 3013 1852 male
3044 1795 3298 1851 consciis
3347 1800 3405 1850 et
3453 1794 3707 1867 indignis

2067 1883 2193 1939 dies
2222 1883 2318 1939 ille
2348 1886 2691 1941 tenebrosus
2722 1884 2818 1950 sit,
2852 1901 2967 1955 quo
3000 1883 3247 1956 fulgebit
3276 1883 3629 1951 innocentia,
3658 1887 3712 1938 et

2066 1987 2233 2028 mens
2256 1972 2425 2028 noxia
2447 1974 2825 2029 cruciabitur.
2857 1973 3140 2029 Caeterum
3192 1972 3347 2043 quod
3379 1970 3512 2027 sine
3542 1972 3713 2027 inter-

2064 2060 2354 2132 polatione
2386 2063 2672 2129 noctium,
2704 2067 2762 2119 et
2789 2062 3160 2119 successione
3180 2060 3560 2116 tenebrarum
3590 2061 3712 2116 dies

2065 2154 2382 2221 perpetuus
2406 2149 2524 2216 ille,
2558 2150 3049 2207 remunerationis
3096 2154 3320 2205 aeterna:
3350 2148 3591 2206 futurus
3620 2148 3715 2214 sit,

2064 2237 2368 2309 Scriptura
2393 2255 2499 2294 nos
2530 2238 2697 2294 docet
2725 2240 2851 2311 (Isa.
2886 2257 2973 2308 ιιι,
3009 2239 3119 2310 19).

2135 2326 2223 2381 38.
2261 2325 2503 2382 Pulchre
2532 2331 2727 2383 autem
2756 2328 2940 2383 vicem
2974 2331 3284 2399 utramque
3315 2342 3505 2382 unum
3539 2324 3718 2380 dictu-

2064 2431 2166 2469 rus
2195 2414 2371 2480 diem,
2403 2415 2690 2471 matutino
2721 2432 2855 2472 cum
2874 2416 2990 2472 ﬁne
3009 2414 3314 2481 conclusit,
3338 2420 3406 2470 ut
3435 2418 3495 2469 et
3522 2431 3559 2470 a
3585 2412 3714 2469 luce

2063 2502 2339 2559 inchoare
2370 2503 2524 2559 diem
2555 2505 2805 2572 doceret,
2836 2508 2894 2560 et
2922 2504 2981 2559 in
3029 2504 3219 2561 lucem
3264 2504 3561 2559 desinere.
3593 2502 3716 2557 Non

2064 2591 2220 2647 enim
2252 2597 2341 2648 est
2370 2592 2665 2665 integrum
2709 2593 2822 2649 diei
2853 2599 3109 2666 tempus,
3140 2593 3254 2648 nisi
3284 2596 3342 2647 et
3371 2590 3569 2648 noctis
3599 2591 3721 2646 fue-

2064 2680 2141 2737 rit
2171 2680 2485 2753 expletum.
2519 2682 2683 2738 Unde
2739 2687 2797 2738 et
2848 2699 2956 2739 nos
3013 2698 3245 2753 semper
3295 2680 3473 2752 quasi
3535 2679 3597 2734 in
3628 2677 3721 2734 die

2109 2774 2308 2825 oneste
2339 2770 2734 2838 ambulemus,
2764 2775 2821 2826 et
2849 2769 3197 2842 abjiciamus
3241 2785 3425 2840 opera
3454 2768 3724 2823 tenebra-

2066 2857 2463 2915 rum.Noctem
2484 2860 2642 2915 enim
2674 2860 2746 2915 ad
2777 2859 3033 2932 quietem
3064 2858 3323 2931 corporis
3354 2857 3567 2913 datam
3600 2872 3726 2911 esse

2066 2948 2497 3020 cognoscimus,
2528 2964 2643 3004 non
2674 2948 2744 3004 ad
2793 2948 3057 3004 muneris
3104 2946 3352 3017 alicujus
3396 2944 3491 3001 vel
3534 2944 3730 3016 operis

2068 3035 2447 3103 iunctionem,
2479 3054 2604 3110 qua
2635 3054 2842 3093 somno
2873 3041 2930 3093 et
2949 3035 3239 3093 oblivione
3268 3033 3728 3090 transcurritur.

2067 3125 2192 3180 Non
2225 3125 2303 3180 sit
2358 3125 2527 3181 nobis
2586 3125 2955 3194 comessatio,
3012 3125 3286 3190 ebrietas,
3338 3122 3570 3188 cubile,
3617 3122 3731 3177 im-

2061 3212 2365 3286 pudicitia.
2396 3213 2523 3269 Non
2552 3214 2855 3270 dicamus:
2887 3214 3155 3270 Tenebrae
3202 3218 3260 3268 et
3288 3212 3559 3284 parietes
3591 3227 3730 3283 ope-

2061 3302 2222 3357 riunt
2250 3318 2376 3369 nos,
2409 3305 2466 3358 et
2512 3302 2645 3375 quis
2693 3303 2802 3359 scit
2830 3303 2880 3359 si
2910 3301 3129 3359 videbit
3176 3299 3581 3357 Altissimus?
3613 3298 3730 3356 Sed

2059 3390 2136 3447 sit
2157 3390 2218 3446 in
2275 3390 2445 3447 nobis
2504 3408 2669 3448 amor
2724 3391 2894 3459 lucis,
2935 3397 2992 3448 et
3048 3407 3188 3447 cura
3236 3389 3604 3457 honestatis,
3639 3392 3728 3453 ut,

2060 3484 2343 3550 tanquam
2376 3480 2434 3534 in
2466 3479 2559 3535 die
2601 3479 2992 3547 ambulantes,
3026 3496 3204 3551 opera
3262 3482 3477 3534 nostra
3525 3491 3729 3534 coram

2060 3567 2175 3624 Deo
2208 3566 2400 3624 lucere
2430 3568 2759 3641 cupiamus,
2794 3568 2888 3625 cui
2937 3574 3028 3625 est
3075 3568 3280 3635 honor,
3319 3567 3486 3637 laus,
3519 3566 3732 3639 gloria,

2060 3659 2342 3727 potestas,
2375 3672 2510 3711 cum
2540 3656 2783 3714 Domino
2815 3662 3013 3714 nostro
3043 3656 3181 3713 Jesu
3216 3655 3484 3722 Christo,
3500 3660 3561 3711 et
3593 3669 3732 3709 cum

2060 3743 2278 3816 Spiritu
2311 3749 2513 3801 sancto
2539 3762 2575 3800 a
2602 3745 2855 3813 szeculis,
2895 3750 2953 3802 et
2980 3761 3134 3802 nunc
3164 3750 3221 3800 et
3278 3760 3554 3816 semper,
3588 3749 3649 3799 et
3677 3742 3738 3797 in

2063 3830 2261 3888 omnia
2290 3831 2502 3888 saecula
2530 3831 2898 3889 saeculorum.
2941 3838 3148 3888 Amen.

1496 4340 1820 4428 LIBER
1880 4339 2516 4429 SECUNDUS.

1383 4544 1500 4604 DE
1562 4544 1876 4604 OPERE
1934 4543 2349 4608 SECUNDI
2411 4546 2647 4608 DIEI.

1814 4712 2227 4725 ——

772 4837 1007 4895 CAPUT
1039 4839 1080 4895 Ι.
1122 4838 1346 4908 (Sermo
1372 4837 1489 4906 IlI).
1980 4840 2028 4903 Β

311 4930 576 5004 Operibus
602 4931 775 5004 primi
797 4929 909 4983 diei
924 4929 1182 5004 strictim
1212 4928 1509 5004 recensitis,
1531 4928 1851 5004 rejectiqu
1882 4929 1955 5004 iis

380 5004 476 5074 qui
504 4998 704 5074 mundo
735 5002 1023 5074 materiam
1049 5008 1315 5074 asternam
1363 4998 1724 5074 efﬁngebant,
1755 5000 1955 5053 transit

380 5071 451 5128 ad
496 5073 793 5128 secundum
848 5071 991 5125 diem
1015 5087 1027 5125 :
1055 5072 1109 5125 et
1166 5071 1225 5124 in
1284 5086 1473 5123 rerum
1524 5072 1804 5131 creatione
1846 5086 1956 5124 non

381 5152 592 5200 natura:
618 5143 1050 5215 possibilitatem,
1101 5140 1191 5197 sed
1227 5142 1532 5211 potentiam
1573 5141 1671 5195 Dei
1711 5142 1956 5211 spectan-

380 5216 509 5271 dam
536 5215 704 5271 docet.

388 5308 433 5358 ι.
459 5303 621 5359 Diem
654 5302 934 5374 primum,
964 5300 1052 5356 vel
1088 5299 1281 5373 potius
1313 5314 1516 5364 unum,
1538 5302 1770 5354 maneat
1801 5300 1958 5355 enim

312 5390 363 5446 ei
394 5390 716 5462 prophetici
757 5390 1137 5463 praerogativa
1178 5387 1487 5453 sermonis,
1521 5391 1585 5442 ut
1632 5389 1954 5459 potuimus,

386 5530 498 5601 (42)
528 5531 693 5585 Rom.
728 5532 891 5599 edit.,
923 5548 1195 5602 aquarum
1220 5530 1621 5585 exundanliam
1647 5533 1955 5587 coercitam.

314 5602 616 5658 Acasteris
650 5620 792 5659 mss.
845 5610 902 5659 et
954 5604 1092 5658 edit.
1152 5602 1317 5657 abest
1372 5618 1479 5657 vox
1534 5603 1842 5672 coercitam,
1902 5607 1961 5658 et

2060 4842 2467 4910 absolvimus;
2503 4843 2561 4897 in
2596 4859 2711 4915 quo
2735 4841 3035 4897 conditum
3069 4838 3562 4903 cmlum,terram
3596 4854 3767 4895 crea-

2064 4938 2214 5000 tam,
2266 4951 2388 5007 aqu
2428 4949 2562 4988 rum
2622 4930 3042 4987 exundantiam
3100 4928 3239 4998 (42),
3296 4927 3771 4984 circumfusum

2068 5040 2287 5092 aerem,
2349 5022 2761 5079 discretionem
2833 5019 3045 5076 factam
3123 5016 3273 5072 lucis
3335 5021 3539 5090 atque
3601 5021 3770 5073 tene-

2066 5114 2345 5179 brarum,‘
2367 5112 2464 5168 Dei
2494 5107 2939 5182 omnipotentis,
2964 5111 3021 5163 et
3048 5104 3282 5163 Domini
3312 5103 3479 5162 Jesu
3513 5106 3772 5172 Christi,

2070 5203 2328 5276 Spiritus
2386 5214 2621 5272 quoque
2678 5197 2866 5253 sancti
2927 5194 3281 5268 operatione,
3318 5196 3770 5267 cognovimus.

2068 5294 2211 5359 Quis
2242 5306 2378 5363 ergo
2410 5306 2526 5345 non
2558 5287 2833 5359 miretur.
2852 5283 3248 5341 dissimilibus
3296 5283 3626 5339 membris
3656 5284 3778 5338 dis-

2068 5396 2270 5453 parem
2316 5378 2608 5435 mundum
2665 5376 2749 5445 in,
2784 5390 2996 5447 corpus
3053 5388 3241 5429 unum
3302 5386 3682 5445 assurgere,
3721 5374 3779 5425 et

2070 5524 2308 5598 quidem
2366 5526 2560 5592 recte;
2595 5519 2859 5579 nondum
2916 5516 3073 5576 enim
3127 5520 3537 5589 congregata
3604 5516 3785 5572 erant

2188 5613 2252 5650 ω.
