3932 6212
231 365 327 464 ἰδτ

1501 389 2040 456 HEXAEMERON
2083 390 2235 456 LIB.
2279 390 2360 456 II.

3519 396 3636 461 158

222 529 506 601 insolubili
556 530 908 589 concordia;
945 529 1360 602 charitatisque
1389 525 1515 594 leae
1543 529 1602 584 in
1635 527 1876 586 societa-
1913 525 1970 593 Α
1996 543 2161 584 suam
2196 528 2444 600 Moyses,
2475 496 2542 584 ut
2597 526 2952 586 divideretur
2993 545 3153 586 mare
3198 528 3488 598 Rubrum,
3532 530 3633 588 sed

221 628 328 678 tem
351 625 407 677 et
435 620 876 677 connexiouem
909 619 1000 676 sui
1047 625 1164 676 tam
1216 620 1495 676 distantia
1539 619 1862 682 convenire,

221 716 281 767 ut
306 727 429 782 quae
459 709 724 766 discreta
787 715 1001 766 natura
1054 721 1211 776 sunt,
1245 709 1305 766 in
1353 709 1594 766 unitatis
1623 713 1679 764 et
1708 709 1866 781 pacis

218 799 512 856 vinculum
539 799 706 855 velut
735 799 1042 855 individua
1069 799 1463 870 compactione
1515 797 1870 854 nectantur‘?

219 894 328 944 Aut
355 889 493 961 quis
519 889 645 944 haec
704 889 938 946 videns.
999 888 1441 945 possibilitatem
1503 888 1748 956 rationis
1777 887 1864 942 in-

219 979 383 1035 ﬁrmo
429 979 670 1050 ingenio
719 977 1020 1032 rimetur?
1079 979 1211 1042 Quze
1256 977 1454 1031 omnia
1507 976 1595 1031 vis
1651 977 1866 1040 divina,

217 1065 838 1139 incomprehensibilis
859 1067 1134 1122 humanis
1152 1065 1466 1130 mentibus,
1482 1071 1538 1119 et
1559 1064 1870 1120 ineffabilia

217 1157 596 1212 sermonibus
677 1155 898 1221 mstris,
965 1153 1280 1211 voluntatis
1337 1172 1454 1210 suae
1529 1155 1872 1210 auctoritate

217 1246 556 1302 connexuit.

283 1337 338 1389 2.
375 1336 480 1392 28
512 1334 668 1391 Fecit
696 1334 807 1406 iuit
911 1336 1064 1392 Deus
1097 1334 1308 1390 cmlum
1348 1338 1405 1390 et
1449 1339 1690 1402 terram,
1721 1338 1778 1391 et
1807 1351 1875 1390 ea

216 1425 389 1495 quasi
423 1426 631 1480 auctor
672 1436 794 1480 isse
849 1423 1139 1496 praecepit,
1197 1441 1312 1479 non
1342 1427 1624 1496 tanquam
1673 1425 1873 1496 ﬁgurae

213 1513 508 1578 inventor,
569 1513 672 1568 sed
733 1517 1016 1584 tanquam
1093 1516 1362 1583 operator
1420 1518 1664 1568 naturae.
1725 1514 1872 1568 Nam

215 1603 522 1674 quomodo
563 1601 674 1656 sibi
723 1601 1074 1657 conveniunt
1121 1603 1448 1673 operatoria
1488 1601 1874 1673 impassihilis

215 1691 314 1747 Dei
343 1691 539 1746 virtus
567 1694 618 1747 e’
658 1689 952 1762 passibilis
1009 1689 1264 1746 materiae
1322 1695 1554 1757 natura,
1587 1695 1871 1761 tanquam

213 1779 404 1836 altera
422 1779 498 1834 ab
525 1779 728 1840 altera.
753 1796 869 1849 quo
898 1778 1277 1849 indiguerint,
1310 1781 1694 1835 mutuantes?
1725 1781 1870 1836 Nam

213 1868 262 1924 si
296 1869 564 1923 increata
598 1868 862 1932 materia,
895 1867 1122 1923 videtur
1150 1885 1286 1941 ergo
1317 1868 1434 1924 Deo
1475 1869 1736 1924 creandze
1767 1887 1873 1940 po-

211 1961 404 2014 testas
461 1956 717 2011 materiae
773 1956 1049 2022 defuisse,
1083 1956 1235 2012 etab
1265 1973 1332 2012 ea
1363 1957 1683 2028 operationi
1742 1959 1872 2013 sub-

207 2046 479 2118 jaceutia
511 2049 796 2100 mutuata.
830 2045 890 2100 Si
923 2063 1054 2100 vero
1083 2045 1494 2117 incomposita,
1529 2045 1743 2101 mirum
1777 2047 1874 2101 ad-

213 2135 468 2190 modum
523 2139 865 2190 comternam
924 2135 1039 2190 Deo
1097 2135 1399 2190 materiam
1454 2135 1720 2190 decorem
1762 2134 1871 2190 sibi

214 2242 332 2280 non
366 2223 633 2296 potuisse
653 2223 938 2290 conferre,
964 2241 1089 2296 qure
1113 2223 1506 2280 substantiam
1528 2241 1642 2278 non
1667 2241 1700 2278 a
1721 2241 1874 2278 crea-

217 2319 348 2370 tore
381 2313 693 2384 acceperit,
727 2313 826 2368 sed
873 2313 998 2369 sine
1051 2317 1312 2384 tempore
1342 2313 1472 2386 ipsa
1530 2313 1870 2383 possederit.

216 2403 369 2458 Plus
400 2418 540 2474 ergo
570 2401 793 2458 invenit
823 2406 1090 2472 operator
1117 2403 1402 2467 omnium,
1428 2419 1604 2473 quam
1630 2400 1877 2457 contulit

217 2491 448 2548 Invenit
482 2491 810 2549 materiam.
842 2491 904 2544 in
937 2507 1050 2562 qua
1083 2495 1277 2562 posset
1319 2491 1541 2562 operari
1572 2489 1868 2546 :contulit.

218 2585 419 2636 autem
453 2580 728 2650 figuram,
763 2595 892 2642 qua:
923 2579 1186 2634 decorem
1219 2579 1470 2634 inventis
1496 2579 1672 2635 rebus
1702 2579 1874 2634 affer-

218 2675 326 2724 ret.
391 2668 557 2724 Unda
603 2668 983 2739 excipiendus
1041 2686 1074 2722 a
1131 2667 1354 2723 caeteris
1410 2672 1690 2740 tanquam
1750 2668 1876 2722 dies

219 2773 400 2822 unus,
436 2773 556 2812 no.1
587 2755 974 2812 conferendus
1003 2773 1133 2811 eum
1185 2755 1410 2811 caeteris
1442 2759 1720 2827 tanquam
1751 2755 1876 2810 dies

220 2846 454 2919 primus
485 2849 594 2911 est,
618 2861 734 2916 quo
755 2845 1134 2900 fundamenta
1161 2862 1355 2900 rerum
1380 2845 1644 2900 omnium
1665 2843 1875 2916 posita,

220 2940 276 2990 et
303 2951 501 2990 causa;
532 2949 662 2989 esse
718 2937 1032 3003 cmperunt,
1094 2933 1310 3004 quibus
1349 2932 1556 2988 mundi
1586 2933 1767 3004 hujus
1799 2937 1880 2987 at~

221 3039 336 3096 que
367 3023 656 3078 universae
709 3022 964 3078 visibilis
1011 3027 1286 3078 creaturae
1344 3023 1492 3078 fulta
1549 3023 1881 3078 substantia

222 3118 330 3167 est.
355 3113 550 3178 Quare
571 3112 644 3166 ad
683 3111 919 3166 secundi
963 3111 1074 3166 diei
1114 3111 1461 3167 admiranda
1482 3128 1657 3183 opera
1687 3129 1880 3168 sermo

222 3200 397 3256 nobis
427 3201 692 3272 prodeat.
725 3217 978 3271 quorum
1041 3201 1357 3256 eminentia
1403 3217 1518 3256 non
1553 3202 1876 3256 secundum

1976 617 2187 673 divinae
2238 617 2485 689 imperio
2524 619 2830 692 potestatis
2888 619 3318 694 obtemperans.
3382 621 3546 678 Unde
3577 625 3633 677 et

1975 707 2100 778 ipse
2131 708 2241 764 ait:
2302 710 2538 765 Dextera
2592 727 2792 766 manus
2845 715 2963 772 tua.
3018 712 3263 776 Domine,
3323 713 3630 782 glori/inata

1977 799 2058 850 est
2088 798 2144 850 in
2177 801 2415 853 virtute:
2445 797 2669 854 dextera
2699 817 2894 855 manus
2922 803 3041 865 tua,
3082 803 3328 867 Domine,
3357 797 3631 872 confregit

1979 887 2233 942 inimicos
2289 887 2479 958 (Exod.
2513 905 2606 956 xv,
2648 889 2726 959 6).
2784 888 2886 944 lllo
2932 888 3132 962 igitur,
3186 895 3390 946 sancta
3446 890 3631 962 plebs,

1979 975 2139 1029 eleva
2168 981 2424 1030 mentem
2476 981 2662 1044 tuam,
2695 981 2752 1032 et.
2799 982 2985 1033 totum
3039 979 3302 1034 animum
3349 984 3518 1035 tuum
3567 997 3634 1036 eo

1981 1064 2197 1118 confer.
2231 1064 2355 1119 Non
2393 1065 2475 1120 sic
2512 1067 2659 1121 Deus
2690 1066 2863 1131 videt,
2891 1069 3388 1138 quemadmodum
3423 1069 3632 1135 homo;

1982 1153 2134 1208 Deus
2165 1153 2223 1208 in
2255 1155 2448 1218 corde,
2479 1154 2656 1210 homo
2695 1156 2753 1209 in
2796 1155 2939 1211 facie
2992 1160 3108 1212 Nec
3140 1157 3222 1212 sic
3252 1157 3432 1227 igitur
3458 1157 3634 1213 homo

1981 1241 2157 1304 videt,
2181 1244 2680 1312 quemadmodum
2705 1245 2880 1300 Deus.
2903 1247 3092 1301 Audis
3122 1247 3259 1317 quia
3281 1247 3434 1301 Deus
3466 1247 3633 1312 vidit,

1983 1336 2041 1386 et
2068 1331 2347 1386 laudavit.
2374 1332 2505 1387 Noli
2554 1333 2736 1396 igitur
2781 1335 2900 1389 tuis
2931 1335 3116 1390 oculis
3165 1335 3454 1391 aestimare
3506 1353 3634 1407 qua:

1982 1421 2136 1476 facta
2195 1425 2354 1482 sunt.
2434 1421 2928 1494 opinionibusque
2993 1423 3291 1486 colligere:
3351 1425 3448 1480 sed
3507 1442 3634 1497 qua:

1982 1510 2137 1566 Deus
2155 1509 2296 1564 vidit
2319 1514 2374 1564 et
2405 1511 2690 1582 probavit,
2723 1527 2790 1566 ea
2808 1516 2871 1567 tu
2893 1515 3261 1568 retractanda
3293 1530 3404 1569 non
3440 1519 3632 1586 putes.

2579 1618 2682 1674 24
2713 1619 2941 1674 CAPUT
2969 1619 3036 1674 ΙΙ.

1980 1705 2436 1770 Firmamentum,
2467 1713 2529 1761 ut
2566 1724 2735 1777 aquas
2781 1708 2848 1762 ab
2879 1711 3038 1778 aquis
3087 1708 3445 1769 disterminat,
3476 1725 3628 1764 crea-

2053 1785 2161 1832 tur.
2225 1777 2360 1832 (Σαειὶ
2418 1778 2721 1846 probantur
2775 1777 2964 1842 plures
3035 1797 3168 1850 esse,
3226 1796 3291 1835 ac
3333 1781 3634 1836 rtrlestium

2052 1849 2272 1904 orbium
2301 1853 2588 1904 concentus
2619 1851 2914 1920 refellitur.

2053 1955 2104 2008 ὅ.
2139 1955 2208 2009 Et
2239 1955 2382 2010 dixit
2415 1955 2598 2012 Deus:
2631 1955 2738 2027 ﬁat
2767 1957 3175 2027 ﬁrmamentum
3208 1959 3353 2014 inter
3397 1957 3636 2013 mediam

1983 2061 2205 2115 aquam,
2236 2049 2289 2099 et
2322 2047 2393 2100 sit
2441 2045 2752 2100 discernens
2799 2048 2948 2102 inter
3001 2063 3202 2117 aquam
3231 2051 3282 2102 et
3311 2063 3512 2118 aquam
3591 2055 3641 2103 et

1980 2135 2189 2204 faclum
2221 2140 2300 2188 est
2355 2135 2437 2188 sic
2475 2133 2623 2201 (Gen.
2656 2152 2695 2198 ι,
2727 2137 2781 2201 6,
2814 2135 2890 2206 7).
2943 2135 3090 2190 Audi
3141 2136 3317 2190 verba
3362 2135 3488 2204 Dei,
3531 2137 3634 2190 Fia

1983 2221 2143 2276 dicit.
2174 2221 2444 2278 Jubentis
2499 2226 2606 2287 est,
2646 2239 2762 2278 non
2822 2223 3188 2279 astimantis.
3245 2225 3496 2295 Imperat
3529 2239 3632 2278 na-

1982 2313 2147 2372 tum,
2181 2327 2294 2366 non
2332 2311 2706 2382 possibilitati
2753 2313 3136 2384 obtemperat,
3170 2329 3284 2368 non
3325 2329 3636 2368 mensuras

1983 2398 2223 2470 colligit,
2259 2417 2372 2454 non
2407 2401 2636 2472 pondus
2665 2401 2976 2456 examinat.
3001 2401 3283 2456 Voluntas
3314 2402 3442 2470 ejus
3472 2418 3636 2457 men-

1985 2505 2123 2542 sura
2154 2505 2348 2542 rerum
2381 2493 2488 2544 est.
2521 2489 2725 2544 Sermo
2755 2491 2884 2560 ejus
2933 2490 3068 2545 ﬁnis
3110 2495 3200 2546 est
3230 2490 3457 2562 operis:
3493 2492 3636 2555 Fiat,

1986 2575 2194 2647 inquit,
2227 2578 2639 2647 ﬁrmamentum
2667 2579 2811 2633 inter
2838 2579 3074 2634 mediam
3109 2597 3329 2648 aquam.
3377 2579 3640 2634 Firmum

1984 2670 2070 2720 est
2103 2683 2276 2720 omne
2307 2667 2458 2729 quod
2491 2666 2694 2721 statuit
2724 2667 2899 2722 Deus.
2932 2668 3003 2722 Et.
3040 2669 3183 2723 satis
3216 2667 3455 2740 pulchre
3486 2683 3637 2738 prai-

1985 2754 2180 2810 misit:
2217 2757 2335 2810 Fiat
2362 2756 2789 2826 ﬁrmamentum,
2841 2760 3155 2827 antequam
3205 2755 3520 2824 subjiceret
3548 2757 3638 2810 iu-

1985 2851 2068 2900 ter
2095 2843 2337 2899 mediam
2391 2861 2624 2915 aquam:
2683 2848 2749 2900 ut
2777 2848 2838 2898 tu
2897 2845 3063 2915 prius
3117 2845 3381 2900 crederes
3440 2845 3638 2900 firma-

1988 2938 2251 2988 mentum
2285 2950 2353 2988 ex
2383 2938 2668 3006 praecepto
2715 2934 2815 2990 Dei
2852 2935 3090 3003 factum,
3125 2951 3301 3003 quam
3334 2935 3405 2989 de
3456 2951 3638 3005 aqua-

1987 3039 2118 3078 rum
2176 3023 2400 3094 proﬂua
2433 3023 2716 3094 qualitate
2746 3023 3064 3079 dubitares.
3101 3025 3159 3078 Si
3221 3028 3492 3078 naturam
3525 3021 3640 3078 ele-

1989 3114 2322 3165 mentorum
2367 3111 2720 3171 consideres,
2773 3112 3068 3182 quomodo
3107 3111 3261 3166 inter
3289 3128 3473 3182 aquas
3503 3111 3640 3165 soli-

1995 3198 2194 3253 datum
2256 3202 2345 3253 est
2401 3199 2891 3254 firmamentum?
2949 3199 3062 3254 illae
3119 3199 3440 3270 profluunt,
3499 3198 3639 3254 illud

221 3259 513 3344 tractat-us
530 3289 714 3344 nostri
740 3259 1217 3360 possibilitatem:
1249 3289 1350 3344 sed
1386 3289 1710 3344 secundum
1744 3290 1884 3344 scri-
1913 3259 1957 3324 δ
1995 3287 2448 3358 constringitur:
2500 3285 2612 3341 illa:
2643 3291 2904 3352 currunt,
2936 3287 3047 3341 hoc
3077 3259 3294 3342 manet.
3329 3287 3394 3342 Et
3422 3259 3512 3353 sit,
3548 3287 3640 3342 in-

225 3378 414 3448 ptoris
464 3377 797 3440 veritatem,
860 3379 928 3432 ad
990 3377 1223 3434 laudem
1265 3379 1569 3434 referenda
1595 3382 1684 3433 est
1712 3381 1882 3434 Crea-

225 3466 392 3522 toris.

295 3557 351 3612 3.
386 3555 505 3610 Vos
555 3555 739 3628 igitur
795 3573 992 3627 quaeso
1048 3561 1114 3611 ut
1167 3555 1513 3612 naturaliter
1570 3556 1877 3622 mstimare,

229 3660 356 3712 quae
387 3642 645 3698 dicimus
677 3643 1076 3715 probabiliter.
1096 3661 1162 3699 ac
1194 3643 1444 3716 simplici
1479 3650 1672 3700 mente
1704 3649 1761 3700 et
1791 3663 1879 3700 se-

227 3731 364 3786 dulo
396 3731 636 3802 ingenio
687 3748 934 3802 pensare
990 3732 1334 3806 dignemini,
1395 3750 1510 3788 non
1553 3735 1878 3788 secundum

224 3820 611 3892 philosophiao
669 3821 1034 3885 traditiones,
1074 3827 1132 3878 et
1184 3822 1417 3879 inanem
1478 3823 1878 3878 seductionem

221 3909 489 3964 suasoria
512 3909 854 3965 verisimilia
885 3910 996 3981 (43)
1027 3909 1394 3982 colligentes;
1421 3911 1518 3966 sed
1555 3913 1874 3968 secundum

226 3996 492 4068 regulam
540 3998 823 4063 veritatis,
857 4015 988 4069 qua;
1043 3999 1296 4055 oraculis
1349 3998 1529 4054 divini
1589 4001 1878 4056 sermonis

217 4087 588 4155 exprimitur,
621 4091 678 4141 et
705 4086 1199 4158 contemplatione
1230 4091 1406 4142 tantae
1447 4088 1778 4158 majestatis
1810 4089 1876 4144 fi-

219 4173 435 4230 delium
474 4175 808 4248 pectoribus
835 4176 1186 4241 infunditur,
1221 4179 1360 4246 quia
1407 4175 1692 4248 scriptum
1746 4181 1872 4233 est:

221 4262 499 4332 Conﬁrma
525 4279 615 4319 me
671 4265 731 4319 in
784 4265 961 4320 verbis
991 4266 1119 4320 tuis.
1181 4267 1558 4321 Narraverunt
1611 4266 1755 4321 mihi
1784 4268 1872 4321 in-

213 4350 356 4420 justi
401 4353 840 4415 exercitationes,
895 4353 986 4408 sed
1012 4370 1122 4408 non
1149 4355 1290 4408 sicut
1318 4354 1411 4408 lea:
1438 4356 1552 4418 tua,
1611 4355 1872 4410 Domine:

223 4441 407 4494 omnia
453 4449 732 4512 prmeepta
786 4449 884 4496 tua
937 4443 1141 4498 veritas
1195 4443 1368 4510 (Psal.
1425 4458 1620 4508 cxvm,
1652 4442 1745 4505 28,
1803 4444 1873 4498 85

223 4531 270 4582 et
298 4529 409 4598 86).
459 4528 586 4584 Non
627 4545 763 4601 ergo
796 4530 1120 4586 secundum
1155 4529 1577 4586 elementorum
1604 4535 1866 4594 naturas,

1992 3375 2140 3446 quit,
2173 3376 2484 3430 discernens
2513 3377 2660 3430 inter
2687 3391 2906 3445 aquam.
2940 3375 3047 3430 Sed
3084 3393 3236 3447 aqua
3265 3375 3638 3441 confundere,

1991 3480 2107 3518 non
2143 3463 2474 3518 discernere
2532 3463 2698 3518 solet.
2761 3465 3059 3529 Quomodo
3112 3464 3282 3535 jubet
3339 3463 3492 3536 quod
3532 3463 3643 3519 scit

1991 3553 2315 3608 secundum
2343 3552 2767 3607 elementorum
2800 3553 3081 3608 rationem
3101 3569 3228 3609 esse
3258 3551 3644 3608 contrarium?
3697 3597 3700 3600 ι

1991 3641 2099 3696 Sed
2134 3659 2266 3696 cum
2300 3657 2494 3698 sermo
2525 3641 2654 3709 ejus
2679 3645 2844 3696 ortus
2865 3645 3084 3697 naturae
3117 3643 3212 3707 sit,
3240 3643 3373 3713 jure
3393 3646 3645 3715 usurpat

1989 3730 2128 3788 dare
2155 3731 2346 3804 legem
2377 3735 2618 3795 naturae,
2654 3729 2752 3802 qui
2784 3731 3068 3802 originem
3102 3732 3279 3787 dedit.

2057 3822 2111 3875 5.
2139 3821 2248 3876 Sed
2272 3820 2435 3891 prius
2457 3820 2896 3876 consideremus
2921 3822 3060 3893 quid
3085 3821 3162 3878 sit
3179 3821 3640 3888 firmamentum,

1987 3913 2188 3965 utrum
2221 3909 2418 3981 ipsum
2453 3908 2530 3962 sit
2563 3908 2716 3980 quod
2749 3908 2808 3962 in
2859 3909 3262 3981 superioribus
3293 3912 3502 3964 cmlum
3536 3926 3638 3980 ap-
3697 3913 3712 3952 ‘—

1987 3997 2244 4070 pellavit,
2277 4014 2350 4052 an
2385 3995 2564 4063 aliud,
2596 4001 2654 4052 et
2679 3997 2797 4051 sint
2818 3996 2932 4051 duo
2964 3997 3114 4063 caeli,
3142 4015 3213 4052 an
3249 3997 3466 4069 plures.
3495 3997 3641 4052 Nam

1985 4091 2126 4142 sunt
2157 4087 2255 4157 qui
2314 4101 2500 4140 unum
2551 4083 2762 4140 coelum
2811 4101 2940 4140 esse
2985 4086 3202 4151 dicant,
3235 4101 3342 4141 nec
3400 4084 3643 4142 alterius

1985 4175 2108 4232 οωΙὶ
2145 4173 2415 4239 faciendi,
2459 4189 2593 4228 cum
2642 4175 2796 4228 esset
2843 4190 2962 4227 una
2989 4173 3142 4246 hyle,
3193 4177 3258 4228 ut
3308 4174 3420 4245 ipsi
3453 4174 3640 4241 aiunt,

1981 4264 2245 4337 potuisse
2275 4267 2583 4335 suppetere
2603 4261 3028 4331 substantiam;
3057 4262 3335 4334 quoniam
3359 4279 3491 4318 cum
3513 4279 3636 4319 om-

1981 4355 2076 4410 nis
2107 4351 2390 4425 superiori
2425 4351 2568 4406 coelo
2599 4353 2752 4406 esset
2781 4367 3054 4421 expensa,
3103 4351 3252 4406 nihil
3283 4351 3495 4425 reliqui
3529 4351 3644 4407 fuit

1981 4443 2136 4516 quod
2170 4441 2242 4497 ad
2291 4439 2732 4496 aedificationem
2782 4440 3022 4495 secundi
3055 4440 3174 4496 caeli
3204 4441 3430 4496 tertiive
3464 4441 3640 4514 protl-

1979 4536 2152 4588 ceret.
2200 4529 2312 4586 Alii
2366 4546 2498 4585 vero
2529 4529 2874 4584 innumeros
2921 4529 3096 4585 caelos
3127 4534 3182 4584 et
3221 4531 3478 4587 mundos
3509 4547 3641 4586 esse

3704 3581 3740 3634 σῖι

3713 3637 3751 3695 ibi

3731 3697 3746 3709 η

3705 3747 3709 3750 -
3722 3716 3745 3761 ξι

3703 3774 3746 3826 ῗοέῑ

3709 3819 3748 3856 ,εἴ

3705 3871 3714 3892 ;
3720 3865 3739 3900 τ,
3745 3866 3747 3868 ’

3704 3973 3727 4011 .;
3733 3995 3750 4027 ,.

3743 4035 3747 4046 I

224 4615 318 4670 sed
348 4617 678 4672 secundum
712 4617 1033 4680 Christum.
1095 4619 1192 4690 qui
1250 4618 1448 4674 omnia
1505 4635 1633 4690 quas
1688 4618 1870 4676 voluit
1898 4629 1946 4692 Ι)
1978 4623 2270 4685 asserunt,
2295 4636 2443 4690 quos
2464 4618 2709 4674 irrident
2725 4618 2838 4673 sui.
2858 4618 2983 4674 Non
3007 4620 3160 4675 enim
3187 4620 3497 4676 nobiscum
3519 4618 3640 4674 illis

223 4702 370 4770 fecit,
397 4705 710 4761 abundans
739 4706 1106 4779 plenitudine
1145 4705 1470 4762 divinitatis
1501 4724 1641 4770 suae,
1675 4708 1863 4764 consi-

219 4791 486 4849 deremus
515 4811 642 4865 qua:
673 4795 827 4850 tacta
855 4800 1014 4860 sunt,
1047 4800 1104 4852 et
1146 4801 1365 4851 naturae
1414 4795 1863 4866 possibilitatem

216 4877 658 4954 interrogemus.
685 4883 886 4954 Neque
915 4883 1070 4939 enim
1102 4901 1236 4940 cum
1266 4883 1326 4938 in
1353 4883 1661 4954 Evangelia
1682 4882 1865 4955 lepro-

219 4984 308 5022 sos
339 4975 588 5036 curaret,
637 4971 804 5026 caecis
835 4971 1028 5027 visum
1075 4972 1428 5040 refunderet,
1479 4971 1731 5042 populus
1760 4971 1860 5044 qui

217 5057 408 5113 aderat
456 5063 516 5114 et
564 5061 870 5131 spectabat
919 5060 1039 5130 illa,
1073 5061 1374 5116 medicinae
1405 5061 1670 5115 ordinem
1702 5077 1859 5115 reco-

219 5145 442 5216 gnovit:
503 5148 629 5215 sed,
688 5151 1040 5220 potestatem
1105 5148 1331 5204 Domini
1391 5149 1658 5219 miratus,
1691 5149 1856 5218 dedit,

220 5236 282 5288 ut
307 5236 591 5308 scriptum
621 5242 732 5305 est,
762 5238 868 5292 Deo
899 5237 1116 5294 laudem
1140 5237 1289 5311 (Lua.
1319 5255 1482 5304 xvm,
1515 5238 1626 5308 43).
1659 5238 1857 5308 Neque

221 5325 534 5378 secundum
555 5341 835 5380 numeros
857 5324 1252 5398 .Egyptiorum
1275 5333 1326 5380 et
1359 5341 1680 5380 concursus
1710 5326 1859 5382 side-

221 5424 363 5479 rum,
415 5427 730 5468 mensuras
811 5413 1233 5469 elementorum
1285 5413 1544 5468 extendit
1613 5429 1853 5469 manum

262 5552 656 5637 '(43)ll‘ta‘vet.‘
706 5554 852 5637 edit.
900 5559 971 5637 et.
998 5571 1289 5637 mss-non
1323 5553 1513 5637 pauci,
1537 5553 1854 5637 inquibus

216 5621 379 5698 Dig,
411 5623 573 5698 Co_1b.
608 5627 666 5680 et
706 5625 894 5692 Dion.,
957 5625 1174 5682 habent
1225 5621 1724 5698 verique_similia.
1785 5631 1856 5684 At

214 5691 336 5750 Vat.
393 5696 522 5751 cod.
575 5713 778 5754 vocem
833 5691 1164 5754 verisimilia
1219 5691 1642 5753 nou'exhibet.
1701 5699 1852 5758 Edit.

217 5770 395 5824 autem
426 5766 595 5824 Rom.
627 5772 687 5825 et
712 5773 834 5826 tres
878 5787 1022 5827 mss.
1073 5769 1292 5827 habent
1345 5769 1610 5824 suasoria.
1657 5769 1765 5825 Th.
1799 5775 1856 5828 ct

1979 4711 2188 4776 major,
2225 4725 2404 4780 quam
2435 4724 2569 4764 cum
2597 4707 2722 4763 suis
2751 4723 2948 4780 pugna
2979 4713 3088 4771 est,
3123 4709 3222 4780 qui
3257 4707 3638 4781 geometricis

1979 4796 2244 4853 numeris
2267 4801 2324 4852 et
2346 4795 2799 4852 necessitatibus
2821 4799 3184 4852 contendunt
3213 4798 3461 4868 probare
3479 4795 3636 4867 quod

1977 4886 2135 4942 aliud
2165 4885 2375 4941 cmlum
2408 4901 2534 4940 esse
2571 4901 2684 4939 non
2710 4885 2916 4955 possit,
2952 4902 3056 4942 nec
3087 4885 3205 4958 pati
3237 4889 3512 4940 naturam
3542 4884 3628 4938 uti

1977 4975 2301 5032 secundum
2336 4978 2438 5028 aut
2467 4973 2704 5027 tertium
2737 4972 2832 5034 sit,
2867 4989 2971 5026 nec
3001 4973 3322 5044 operatoris
3349 4972 3627 5026 virtutem

1969 5065 2268 5126 idoneam,
2303 5067 2368 5116 ut
2398 5060 2618 5116 multos
2633 5059 2810 5116 coclos
2831 5060 3058 5115 faceret.
3088 5061 3155 5114 Et
3177 5060 3311 5130 quis
3335 5075 3448 5115 non
3470 5059 3631 5114 hanc

1971 5169 2177 5210 eorum
2211 5148 2496 5206 a’rtiﬁcem
2542 5147 2876 5204 facundiam
2922 5147 3183 5212 irrideat,
3235 5147 3336 5220 qui
3393 5163 3526 5202 cum
3559 5165 3630 5202 ex

1974 5259 2090 5296 una
2121 5245 2295 5310 atque
2327 5238 2530 5292 eadem
2565 5251 2742 5290 causa
2785 5236 2958 5306 plura
3001 5237 3264 5306 ejusdem
3300 5235 3531 5308 generis
3560 5236 3634 5291 ab

1970 5327 2314 5385 hominibus
2345 5325 2469 5378 ﬁeri
2503 5339 2674 5395 posse
2724 5339 2844 5377 non
2904 5325 3188 5388 abnuant,
3238 5327 3308 5380 de.
3359 5325 3632 5380 Creatore

1969 5416 2236 5475 omnium
2285 5411 2578 5478 dubitent,
2619 5412 2826 5466 utrum
2857 5411 3056 5484 plures
3088 5413 3263 5470 cmlos
3309 5414 3496 5470 facere
3527 5430 3634 5494 po_

1958 5559 2121 5630 Reg.,
2153 5553 2384 5630 suasuri
2399 5550 2914 5630 verisimilia._Ben.
2937 5556 2996 5630 et
3011 5553 3180 5609 Corb.
3209 5556 3404 5630 prima
3427 5569 3628 5630 manu,

1953 5623 2278 5687 sudsurw...
2339 5623 2494 5692 Car.,
2553 5625 2838 5690 suaserim,
2897 5627 3032 5692 etc.,
3089 5623 3228 5682 nou'
3270 5625 3446 5684 male.
3481 5625 3626 5680 Nam

1955 5695 2338 5770 subintelligi
2352 5698 2545 5770 potest
2573 5693 2908 5766 disciplima.

2993 5767 3034 5795 τις
3079 5768 3102 5795 '.
3111 5760 3612 5797 ξιτψ-τυφωνικῶ

3156 5845 3174 5862 ,ι
3189 5845 3200 5854 α
3224 5846 3236 5856 ν
3247 5843 3258 5862 .;
3265 5843 3283 5856 ι·
3295 5830 3374 5862 ’νῆνλ
3381 5830 3613 5864 ἶν’(Ὲ-ιιᾳν
