3932 6212
301 320 416 382 159
1752 325 1817 386 S.
1862 324 2241 392 AMBROSII
3589 343 3708 408 160

293 457 489 525 tuerit,
520 458 591 514 de
614 475 729 530 quo
780 458 1075 549 scriptum,
1095 457 1213 515 est’:
1263 459 1526 515 Dominus
1572 468 1757 516 autem
1783 461 1941 517 caelos
1967 460 2025 528 Α
2053 463 2497 539 relinquamus:
2522 486 2630 528 nos
2651 467 3045 531 inhmreamus
3075 471 3519 549 Scripturarum
3544 476 3710 535 cale-

288 550 423 622 fecit
452 550 625 618 (Psal.
660 566 789 615 xcv,
819 552 896 617 5).
931 549 1000 604 Et
1030 548 1200 605 alibi:
1240 549 1433 605 Omnia
1472 564 1812 622 quaecunque
1852 568 1943 607 vo-
2054 555 2234 612 stium
2267 559 2625 632 magisterio.

292 637 400 737 “‘55
424 642 568 737 Ῑθξίί.
586 638 1053 737 (Ρδαί’.¹;π.[¹.¹’.³)ῖ
1079 638 1414 737 φίῖίβ-θῗῖίῗλ
1445 638 1817 737 ἳδίῖδθηθηίῗῖξ,
1844 642 1939 737 θΡί
2687 677 2921 735 CAPUT
2962 680 3056 737 III.

288 727 434 843 Ϊῗῖξῗ
466 728 833 843 Γῗῗὶδῖῗῖξῖ
845 726 1940 843 F'l’fi‘.Flauii?liiiniﬁfilti‘ilii}?
2047 763 2483 843 “mmmam
2514 783 2625 843 mm
2668 767 2811 824 idem
2839 785 2952 825 esse
2979 786 3045 825 ac
3068 770 3295 827 celum:
3326 786 3487 843 veras
3528 788 3703 843 aqua:

289 818 457 914 ταιίο,
490 834 620 914 agr};
656 817 1228 914 dgpeqqgsputant,
1254 817 1345 871 cui
1527 816 1768 872 dicitur:
1794 818 1941 882 ous
2047 814 2065 817 -
2093 814 3265 914 -έλβξίξβέιςθεέέᾱξνέῑέὴδῑιῑηπηενέῑίνῖ·
3282 814 3703 914 ;-ᾱιῑίιε“ο;ῖ¹ε;ῑ.ῑξ

288 907 651 979 impossibile
681 906 785 961 tibi
818 906 964 960 nihil
998 911 1106 961 est.
2118 906 2426 985 Scriptura,
2454 906 2738 985 exemplis,
2770 906 2835 966 αὶ
2861 906 3164 984 multiplici
3192 906 3436 970 ratione:
3468 914 3566 969 ubi
3603 918 3702 985 qui

355 1000 409 1052 δ,
443 998 643 1070 Itaque
675 1008 936 1067 nosmon
998 995 1189 1050 solum
1242 997 1590 1061 secundum,
1624 997 1725 1051 sed
1758 996 1932 1051 etiam
2114 980 2352 1034 calidam
2404 982 2510 1036 soli
2560 980 2822 1038 naturam
2849 980 3040 1039 inesse
3062 986 3279 1052 nolunt,
3312 980 3695 1042 revincuntur.

282 1086 518 1142 tertium
554 1086 763 1143 coelum
793 1103 922 1141 esse
979 1102 1191 1157 negare
1236 1102 1349 1140 non
1403 1102 1741 1157 possumus.
1800 1102 1933 1140 cum
2113 1093 2167 1149 8.
2200 1094 2572 1167 Propositum
2603 1097 2787 1171 igitur
2816 1098 2983 1155 nobis
3014 1104 3123 1168 est,
3158 1100 3297 1172 quia
3327 1101 3474 1156 dixit
3502 1102 3689 1157 Deus:

283 1175 592 1250 Apostolus
623 1181 856 1249 raptum
890 1193 951 1231 se
983 1176 1053 1230 ad
1077 1175 1314 1230 tertium
1339 1175 1549 1230 coelum
1581 1176 1931 1246 scriptorum
2043 1183 2161 1238 Fiat
2185 1185 2601 1253 ﬁrmamentum
2628 1188 2772 1243 inter
2798 1188 3040 1243 medium
3078 1204 3257 1260 aquae,
3299 1194 3351 1245 et
3374 1191 3445 1245 sit
3480 1190 3693 1246 ἀξίων-

281 1282 525 1321 suorum
582 1264 991 1320 testiﬁcatione
1051 1265 1359 1320 conﬁrmet
1412 1266 1481 1332 (Il
1532 1265 1678 1326 Con,
1710 1282 1810 1331 xu,
1850 1265 1925 1333 2).

224 1409 250 1435 ’
279 1353 459 1410 David
491 1354 665 1409 etiam
695 1353 868 1409 caelos
898 1352 1171 1407 caelorum
1207 1353 1264 1407 in
1297 1353 1395 1408 illo
1426 1352 1793 1409 laudantium
1830 1357 1931 1410 Do-

278 1443 507 1499 minum
564 1442 867 1498 constituit
924 1441 1100 1497 choro
1149 1443 1319 1509 (Psal.
1356 1460 1582 1509 cxnvIII,
1617 1445 1689 1515 4).
1743 1444 1925 1508 Quem

275 1533 573 1588 imitantes
604 1531 935 1604 philosophi
968 1532 1227 1603 quinque
1268 1531 1571 1588 stellarum
1612 1538 1668 1589 et
1698 1534 1839 1589 solis
1870 1538 1927 1589 et

273 1620 446 1685 lunae,
480 1620 787 1693 globorum
820 1637 1145 1677 consonum
1178 1625 1403 1677 motum
1453 1621 1920 1691 introduxerunt,

274 1728 525 1784 quorum
558 1711 800 1766 orbibus
845 1710 931 1766 vel
966 1710 1159 1782 potius
1189 1710 1379 1782 globis
1411 1728 1671 1767 connexa
1700 1728 1920 1768 memo-

2039 1286 2175 1326 nens
2203 1274 2347 1327 inter
2365 1289 2567 1345 aquam
2597 1278 2650 1329 et
2674 1291 2875 1345 aquam
2893 1275 3047 1344 (Gen.
3072 1293 3113 1344 ι,
3134 1278 3212 1347 6).
3236 1278 3305 1331 Et
3328 1276 3466 1332 hinc
3485 1282 3694 1333 tracta-

2037 1362 2135 1414 tur
2153 1364 2353 1416 utrum
2372 1361 2481 1417 hoc
2503 1363 2941 1420 ﬁrmamentum
2963 1364 3215 1437 appellet
3236 1366 3391 1437 quod
3413 1370 3550 1421 ante
3560 1367 3686 1436 jam

2036 1446 2189 1516 fecit,
2222 1450 2292 1505 de
2322 1466 2439 1521 quo
2471 1450 2755 1524 scriptum
2804 1456 2924 1508 est:
2955 1454 3020 1508 In
3057 1454 3336 1524 principio
3364 1455 3498 1524 fecit
3545 1455 3691 1510 Deus

2032 1538 2225 1592 ca’lum
2255 1542 2303 1593 et
2333 1546 2539 1595 terram
2569 1540 2772 1613 (Ibid.).
2806 1541 2921 1597 Nec
2950 1539 3100 1596 fallit
3128 1542 3285 1613 quod
3333 1541 3518 1614 aliqui
3549 1547 3688 1598 ante

2032 1643 2138 1682 nos
2170 1628 2251 1683 ita
2281 1629 2628 1699 acceperint,
2661 1646 2728 1685 eo
2760 1631 2915 1702 quod
2947 1646 3128 1702 supra
3157 1635 3414 1686 creatum
3449 1634 3687 1688 auctore

2030 1717 2145 1773 Deo
2177 1722 2235 1773 et
2256 1718 2557 1774 conditum
2588 1719 2800 1775 caelum
2854 1720 3159 1793 Scriptura
3188 1721 3556 1793 expresserit,
3585 1720 3687 1776 hic

270 1805 403 1856 rant
423 1800 521 1858 25
556 1801 773 1867 omnia,
807 1817 954 1871 quos
984 1799 1095 1855 sibi
1126 1800 1369 1855 innexos
1399 1804 1457 1855 et
1485 1800 1641 1856 velut
1668 1801 1920 1857 insertos
1948 1835 1997 1900 Β
2030 1805 2448 1878 expositionem
2505 1807 2697 1881 operis
2749 1808 3179 1881 creationisque
3236 1808 3569 1876 diffuderit;
3617 1813 3690 1864 ut

267 1890 485 1946 versari
518 1894 669 1944 retro
697 1894 755 1945 et
783 1890 1073 1945 contrario
1104 1889 1327 1944 czeteris
1375 1894 1538 1945 motu
1570 1890 1707 1946 ferri
1759 1891 1915 1946 arbi-

268 1983 520 2048 trantur,
571 1995 756 2050 eoque
802 1977 1062 2051 impulsu
1110 1982 1167 2033 et
1197 1983 1356 2033 motu
1392 1979 1651 2050 ipsorum
1684 1980 1916 2037 orbium

267 2068 496 2125 dulcem
531 2068 845 2141 quemdam
878 2072 935 2122 et
965 2067 1202 2139 plenum
1232 2068 1537 2123 suavitatis
1568 2073 1742 2140 atque
1774 2070 1915 2125 artis

266 2163 323 2215 et
347 2158 667 2232 gratissimi
704 2156 1122 2213 modulaminis
1152 2173 1363 2213 sonum
1417 2158 1601 2224 reddi,
1635 2157 1913 2229 quoniam

265 2248 489 2304 scissus
519 2264 618 2303 aer
647 2250 766 2302 tam
794 2246 1001 2301 artiﬁci
1041 2254 1224 2315 motu,
1275 2250 1331 2300 et
1359 2250 1531 2301 acuta
1559 2263 1691 2301 cum
1723 2248 1912 2319 gravi-

263 2338 376 2393 bus
406 2341 791 2410 temperante,
841 2336 923 2391 ita
963 2336 1153 2390 varios
1184 2334 1548 2407 aequabiliter
1595 2340 1911 2392 concentus

262 2427 497 2494 efﬁciat,
533 2430 597 2481 ut
627 2442 859 2481 omnem
884 2424 1361 2497 supergrediatur
1390 2424 1599 2480 musici
1632 2425 1910 2482 carminis

262 2516 630 2573 suavitatem.

330 2609 385 2661 7.
419 2606 607 2678 Hujus
638 2605 717 2661 rei
767 2605 941 2660 ﬁdem
976 2604 1024 2659 si
1073 2603 1337 2675 requiras
1382 2607 1908 2676 atquevexspectes

261 2712 435 2753 sensu
488 2694 657 2752 nobis
705 2699 759 2752 et
810 2694 1011 2750 auditu
1062 2693 1318 2765 probari,
1349 2693 1641 2748 haesitant.
1676 2693 1824 2749 Nam
1855 2694 1907 2748 si

259 2802 397 2842 vera
425 2785 634 2850 forent,
662 2784 953 2856 quomodo
984 2786 1146 2837 tanto
1192 2785 1356 2837 motu
1408 2782 1637 2837 orbium
1669 2798 1904 2838 concre-

258 2878 456 2946 pante,
489 2890 622 2929 cum
666 2872 765 2927 ille
799 2870 1049 2926 caelestis
1098 2871 1277 2938 orbis,
1324 2870 1417 2925 cui
1461 2871 1665 2926 afﬁxos
1710 2871 1906 2927 ferunt

257 2962 562 3019 stellarum
594 2978 823 3027 cursus,
857 2959 1103 3032 quisine
1120 2958 1552 3016 intermissione
1572 2959 1902 3027 volvuntur,

256 3050 691 3109 concitatiorem
735 3050 949 3105 habeat
995 3047 1429 3105 conversionem
1461 3052 1635 3120 atque
1664 3054 1900 3104 acutum

257 3157 471 3197 sonum
500 3139 725 3206 excitet,
750 3138 843 3194 hic
863 3142 1059 3194 autem
1082 3136 1306 3193 lunaris
1322 3137 1758 3211 gravissimum,
1784 3156 1898 3195 non

255 3230 558 3287 audiretur
588 3246 623 3285 a
668 3228 858 3296 nobis,
910 3244 1043 3283 cum
1075 3226 1290 3283 leviora
1320 3227 1524 3283 audire
1555 3226 1849 3283 soleamus
1871 3228 1899 3283 ‘I
1930 3197 1972 3264 C

256 3319 455 3376 Fidem
488 3335 624 3391 ergo
650 3319 778 3391 ejus
810 3316 1227 3389 disputationis
1253 3316 1303 3372 si
1332 3316 1670 3372 testimonio
1700 3321 1900 3374 nostro

254 3414 312 3467 et
343 3409 580 3465 auditus
610 3423 852 3463 munere
881 3407 1187 3479 exigamus
1217 3405 1472 3478 probari,
1507 3406 1769 3462 referunt
1796 3406 1896 3462 ob-

257 3497 562 3554 surduisse
591 3514 761 3553 aures
791 3500 1043 3563 nostras,
1075 3500 1131 3551 et
1176 3495 1533 3551 hebetiorem
1564 3496 1734 3551 nobis
1765 3511 1899 3551 sen-

255 3604 390 3644 sum
421 3586 697 3642 audiendi
755 3586 994 3656 factum,
1047 3588 1283 3657 propter
1338 3583 1501 3639 illam
1532 3602 1566 3640 a
1613 3584 1899 3657 principio

255 3680 468 3732 nostra:
512 3673 902 3747 generationis
932 3674 1193 3747 concepti
1247 3672 1475 3728 sonitus
1523 3675 1899 3729 consuetudi-

254 3781 411 3821 nem.
447 3765 515 3820 Et
543 3762 873 3831 exemplum
906 3762 1177 3828 afferunt,
1210 3778 1276 3818 eo
1308 3762 1467 3833 quod
1496 3761 1664 3818 Nilus
1695 3762 1899 3819 ﬂuvio-

257 3870 388 3911 rum
411 3852 723 3921 maximus,
757 3867 823 3906 eo
853 3849 1119 3907 videlicet
1147 3850 1271 3906 loco
1302 3850 1403 3905 ubi
1426 3867 1487 3906 se
1507 3867 1574 3905 ex
1594 3850 1900 3908 altissimis

254 3941 554 3998 montibus
586 3940 644 3995 in
695 3938 983 4010 catadupa
1023 3938 1132 4011 (44)
1165 3938 1265 3993 illa
1294 3937 1638 4010 praecipitat,
1670 3938 1897 4011 magni-

252 4032 455 4088 tudine
503 4029 751 4103 fragoris
803 4028 894 4083 sui
949 4044 1121 4083 aures
1158 4025 1487 4082 accolarum
1516 4026 1801 4094 obstruat,
1834 4031 1901 4083 ut

252 4119 529 4176 audiendi
578 4134 819 4174 munere
864 4133 1060 4173 carere
1108 4117 1398 4173 dicantur.
1450 4116 1563 4172 Sed
1608 4116 1775 4172 facile
1804 4116 1898 4172 his

252 4211 381 4284 ipsa
402 4208 713 4282 respondet
741 4207 976 4263 veritas.
1009 4206 1157 4261 Nam
1188 4206 1288 4277 qui
1320 4204 1579 4261 tonitrua
1620 4206 1899 4262 audimus

252 4300 499 4355 nubium
522 4297 824 4354 collisione
853 4300 1149 4369 generata,
1175 4298 1473 4351 tantorum
1504 4294 1737 4351 orbium
1766 4312 1900 4351 con-

251 4388 572 4454 versiones,
630 4386 729 4458 qui
786 4384 993 4456 majori
1052 4384 1255 4455 utique
1312 4384 1468 4439 sicut
1541 4388 1704 4439 motu
1761 4384 1899 4440 ferri

252 4476 637 4543 aestimantur,
670 4475 753 4529 ita
794 4471 1255 4529 vehementiores
1304 4473 1533 4529 sonitus
1562 4474 1895 4541 excitarent,

2028 1894 2109 1953 ibi
2141 1896 2309 1968 quasi
2340 1913 2577 1953 summa
2623 1897 2817 1970 operis
2847 1897 3099 1953 breviter
3127 1896 3548 1967 comprehensa
3578 1897 3682 1966 sit,

2025 1984 2120 2039 hic
2170 1985 2523 2057 operationis
2555 1985 2808 2059 qualitas
2839 2003 2942 2058 per
2991 1986 3154 2060 ipsas
3203 1986 3685 2042 concurrentium

2025 2089 2221 2129 rerum
2255 2075 2483 2148 digesta
2513 2075 2591 2131 sit
2619 2076 2864 2148 species.
2898 2076 3011 2131 Sed
3041 2079 3233 2131 movet
3253 2092 3380 2142 nos,
3405 2075 3543 2147 quia
3573 2076 3682 2132 20

2024 2165 2081 2217 et
2111 2179 2323 2219 nomen
2355 2162 2512 2219 aliud
2546 2164 2932 2236 signiﬁcatur,
2975 2168 3033 2220 et
3063 2164 3286 2236 species
3328 2162 3586 2230 solidior,
3621 2168 3685 2219 et

2023 2267 2201 2307 causa
2224 2252 2597 2321 discernitur,
2628 2256 2686 2308 et
2714 2269 2966 2325 persona
3013 2252 3403 2324 cooperatoris
3461 2252 3680 2323 adjun-

2021 2339 2198 2412 gitur.
2232 2340 2325 2396 Sic
2356 2340 2513 2396 enim
2545 2340 2832 2413 scriptum
2854 2346 2969 2397 est:
2994 2342 3059 2396 Et
3076 2341 3334 2397 discrevit
3355 2345 3506 2397 Deus
3525 2342 3683 2395 inter

2017 2428 2261 2484 medium
2289 2444 2450 2501 aqua?
2502 2444 2629 2502 quae
2684 2435 2803 2485 erat
2857 2432 2955 2485 sub
3014 2430 3376 2499 ﬁrmamento,
3418 2437 3469 2485 et
3522 2431 3678 2486 inter

2016 2518 2260 2574 medium
2287 2533 2445 2589 aqua:
2474 2533 2599 2591 quae
2624 2523 2742 2575 erat
2769 2535 2934 2592 super
2955 2520 3359 2589 ﬁrmamean
3387 2518 3592 2589 (Ibid).

2087 2608 2142 2663 9.
2179 2609 2247 2663 Et
2277 2607 2466 2679 primo
2492 2606 2699 2663 volunt
2726 2607 2784 2663 id
2823 2608 3123 2664 destruere
3173 2607 3329 2679 quod
3377 2606 3676 2679 frequenti

2016 2695 2245 2768 Scriptu
2254 2713 2455 2752 rarum
2472 2696 2718 2753 lectione
2729 2696 3001 2753 inclitum
3015 2696 3231 2752 nostris
3244 2701 3301 2752 et
3315 2696 3678 2768 impressum

2015 2789 2105 2840 est
2133 2785 2452 2854 mentibus,
2487 2784 2626 2856 quia
2647 2802 2812 2858 aqum
2830 2802 3008 2859 super
3027 2785 3202 2841 cmlos
3233 2801 3362 2842 esse
3391 2801 3503 2840 non
3531 2802 3678 2857 pos-

2014 2872 2153 2941 sint,
2208 2872 2470 2930 dieentes
2518 2875 2840 2930 rotundum
2883 2890 3013 2930 esse
3062 2875 3263 2930 orbem
3313 2871 3480 2929 illum
3512 2874 3675 2943 caeli,

2013 2965 2185 3036 cujus
2215 2964 2276 3018 in
2308 2962 2500 3020 medio
2528 2967 2685 3019 terra
2714 2964 2811 3032 sit,
2842 2968 2902 3020 et
2928 2963 2987 3018 in
3020 2962 3120 3018 illo
3154 2962 3400 3019 circuitu
3449 2979 3676 3035 aquam

2011 3056 2167 3108 stare
2187 3068 2302 3107 non
2325 3068 2520 3124 posse,
2544 3052 2701 3124 quod
2723 3068 2962 3108 necesse
2983 3056 3073 3107 est
3091 3051 3313 3107 deﬂuat
3331 3054 3388 3107 et
3412 3051 3675 3120 labatur,

2011 3157 2148 3197 cum
2170 3141 2241 3197 de
2263 3140 2667 3213 superioribus
2688 3141 2760 3196 ad
2782 3140 3058 3197 inferiora
3078 3141 3363 3197 decursus
3384 3144 3493 3196 est.
3518 3142 3679 3206 Quo-

2012 3231 2186 3286 modo
2215 3229 2372 3285 enim
2403 3247 2559 3302 aqua
2581 3246 2759 3303 super
2787 3230 3008 3296 orbem,
3041 3235 3107 3285 ut
3135 3230 3320 3297 aiunt,
3373 3233 3526 3286 stare
3557 3246 3673 3302 po-

2009 3323 2145 3387 test,
2179 3334 2312 3374 cum
2346 3318 2506 3375 orbis
2531 3318 2657 3391 ipse
2683 3318 2947 3375 volvatur
2963 3318 2991 3374 ?
3012 3319 3142 3374 Haec
3162 3323 3252 3375 est
3278 3318 3380 3374 illa
3406 3317 3676 3375 versutia

2011 3406 2344 3471 dialecticae.
2378 3411 2461 3463 Da
2516 3407 2663 3462 mihi
2696 3408 2853 3464 unde
2876 3406 2984 3463 tibi
3033 3406 3440 3480 respondeam.
3495 3407 3672 3473 Quod

2010 3495 2059 3551 si
2091 3513 2207 3552 non
2239 3495 2430 3564 detur,
2464 3494 2693 3551 nullum
2722 3496 2966 3552 verbum
3005 3496 3272 3552 refertur.
3307 3495 3518 3551 Petunt
3544 3493 3671 3550 sibi

2010 3585 2248 3641 concedi
2279 3601 2444 3640 axem
2477 3583 2607 3640 coeli
2636 3583 2898 3657 torqueri
2945 3588 3106 3641 motu
3160 3582 3408 3651 concito,
3457 3583 3672 3640 orbem

2010 3678 2207 3731 autem
2237 3678 2403 3730 terra
2433 3690 2562 3730 esse
2593 3672 2997 3741 immobilem;
3044 3678 3110 3729 ut
3158 3675 3425 3729 astruant
3473 3689 3673 3744 aquas

2011 3779 2188 3836 super
2217 3762 2393 3819 caelos
2423 3779 2553 3819 esse
2581 3779 2699 3819 non
2730 3779 2923 3835 posse,
2974 3762 3129 3834 quod
3179 3778 3383 3817 omnes
3412 3775 3511 3816 eas
3535 3760 3671 3816 vol-

2009 3853 2194 3909 vendo
2224 3868 2288 3908 se
2333 3850 2457 3907 axis
2501 3851 2852 3907 effunderet:
2888 3851 3055 3924 quasi
3086 3867 3219 3906 vero
3250 3854 3315 3905 ut
3344 3850 3672 3906 concedam

2008 3941 2127 3997 illis
2152 3941 2307 4014 quod
2340 3939 2664 4013 postulant,
2699 3943 2757 3996 et
2785 3941 3112 3996 secundum
3133 3955 3335 3996 eorum
3356 3938 3671 4011 opiniones

2007 4029 2127 4087 illis
2159 4030 2567 4102 respondeam,
2599 4045 2814 4103 negare
2856 4029 3087 4102 possint
3115 4029 3175 4084 in
3206 4028 3309 4083 illa
3354 4026 3672 4085 altitudine

2010 4123 2067 4175 et
2096 4119 2384 4192 profundo
2423 4122 2483 4174 et
2529 4118 2958 4192 longitudinem
2990 4134 3119 4174 esse
3166 4120 3224 4174 et
3260 4116 3669 4183 latitudinem,

2009 4224 2189 4280 quam
2221 4223 2392 4263 nemo
2422 4210 2618 4280 potest
2645 4207 3160 4279 comprehendere,
3194 4206 3309 4262 nisi
3340 4206 3390 4261 is
3415 4204 3519 4278 qui
3548 4204 3667 4261 im-

2009 4292 2205 4370 pletur
2230 4296 2292 4352 in
2341 4312 2575 4352 omnem
2624 4295 3050 4368 plenitudinem
3103 4295 3222 4365 Dei,
3255 4299 3321 4351 ut
3348 4292 3669 4367 Apostolus

2009 4384 2092 4442 ait
2121 4384 2337 4458 (Ephes.
2370 4401 2455 4453 III,
2492 4386 2578 4453 18,
2614 4384 2726 4457 19).
2760 4384 2901 4452 Quis
2924 4383 3082 4440 enim
3111 4388 3305 4457 potest
3334 4383 3501 4439 facile
3529 4398 3668 4440 esse

2009 4473 2191 4529 divini
2222 4473 2415 4546 operis
2455 4473 2821 4530 aestimator?
2866 4474 2969 4530 Est
2998 4489 3135 4546 ergo
3164 4472 3412 4529 latitudo
3442 4472 3503 4526 in
3531 4470 3667 4543 ipsa

254 4583 371 4621 non
430 4563 817 4619 audiremus?
870 4563 1112 4616 Addunt
1167 4566 1463 4633 praeterea,
1510 4562 1640 4618 ideo
1690 4580 1901 4619 sonum
1930 4570 1983 4637 υ
2011 4562 2137 4619 caeli
2170 4561 2498 4618 altitudine.
2533 4563 2684 4618 Sunt
2710 4562 2909 4632 etiam,
2943 4567 3009 4619 ut
3029 4564 3100 4619 de
3120 4562 3215 4618 his
3244 4562 3510 4617 dicamus
3532 4576 3665 4632 quae

254 4655 413 4710 hunc
458 4669 576 4707 non
630 4650 929 4724 pervenire
959 4650 1031 4705 ad
1066 4654 1270 4721 terras,
1303 4668 1375 4707 ne
1428 4653 1583 4725 capti
1632 4651 1901 4708 homines

254 4761 360 4818 per
389 4741 734 4799 suavitatem
782 4741 910 4811 ejus
954 4744 1129 4812 atque
1177 4739 1567 4809 dulcedinem,
1601 4759 1778 4814 quam
1809 4758 1899 4797 ce-

254 4832 531 4890 lerrimus
560 4830 658 4886 ille
680 4829 957 4885 ccelorum
980 4829 1165 4885 eﬁ‘ecit
1182 4834 1397 4899 motus,
1425 4831 1496 4886 ab
1518 4830 1900 4887 orientalibus

253 4922 519 4997 partibus
551 4937 736 4993 usque
762 4919 821 4975 in
854 4936 1147 4986 occasum,
1178 4921 1415 4992 propria
1451 4920 1683 4992 negotia
1724 4925 1900 4993 atque

254 5029 431 5087 opera
459 5009 951 5083 derelinquerent,
984 5012 1039 5066 et
1065 5009 1265 5065 omnia
1293 5009 1388 5064 hic
1419 5009 1606 5065 otiosa
1636 5026 1899 5066 remane-

255 5106 404 5172 rent,
438 5102 693 5175 quodam
741 5099 1012 5155 humanae
1063 5099 1137 5154 ad
1187 5098 1453 5155 caelestes
1485 5115 1658 5156 sonos
1688 5099 1902 5156 mentis

255 5208 516 5249 excessu.
550 5190 661 5247 Sed
694 5205 762 5245 ea
790 5205 918 5260 quze
950 5191 1091 5244 sunt
1134 5186 1389 5247 aliena.a
1436 5188 1631 5244 studio
1680 5192 1902 5257 nostro,

256 5281 314 5333 et
359 5294 394 5334 a
448 5276 653 5333 divinae
712 5274 978 5331 lectionis
1035 5273 1203 5344 serie,
1263 5273 1335 5330 iis
1386 5275 1485 5347 qui
1542 5275 1683 5331 foris
1740 5281 1899 5348 sunt,

331 5560 442 5629 (44)
474 5559 616 5614 Mss.
648 5559 845 5630 plures
875 5576 940 5615 ac
979 5560 1363 5685 probatiores,
1394 5561 1668 5633 catadyta,
1702 5580 1737 5618 a
1765 5564 1896 5635 qui-

331 5647 371 5685 IS
401 5629 499 5685 alii
530 5629 665 5685 licet
692 5631 947 5685 corrupti
1022 5632 1133 5685 aud
1165 5630 1334 5685 longe
1374 5632 1672 5685 recedunt.
1727 5635 1896 5685 Corb.

258 5632 371 5713 bus
401 5629 665 5713 aliinlicet
692 5631 947 5713 corrupti
979 5629 1334 5713 hauddon‘ge
1374 5629 1699 5713 recedunt._
1727 5629 1896 5713 Corb.

258 5707 445 5771 vetus,
502 5702 664 5758 Gem.
722 5716 789 5757 ac
817 5702 972 5758 Coen.
1029 5701 1429 5774 explicationis
1489 5719 1625 5774 ergo
1684 5704 1905 5764 habent

2012 4651 2160 4709 scire
2189 4668 2527 4725 possumus,
2576 4650 2855 4724 pleraque
2902 4652 3148 4708 aediﬁcia
3196 4650 3336 4707 foris
3386 4649 3664 4719 rotunda,

2011 4741 2171 4797 intus
2203 4741 2509 4813 quadrata,
2560 4743 2617 4796 et
2663 4740 2803 4797 foris
2846 4740 3150 4812 quadrata,
3196 4739 3359 4795 intus
3386 4738 3663 4808 rotunda,

2014 4830 2232 4904 quibus
2258 4829 2563 4902 superiora
2592 4833 2733 4885 sunt
2761 4829 2957 4903 plana,
2992 4829 3050 4885 in
3101 4828 3319 4901 quibus
3349 4844 3503 4900 aqua
3545 4826 3665 4882 hae-

2011 4935 2137 4976 rere
2168 4918 2368 4976 soleat.
2401 4919 2535 4983 Quae
2562 4922 2761 4976 tamen
2790 4918 2921 4975 ideo
2952 4919 3225 4985 dicimus,
3257 4921 3321 4973 ut
3359 4917 3668 4972 advertant

2012 5008 2318 5082 opiniones
2349 5024 2489 5066 suas
2512 5008 2890 5082 opinionibus
2910 5006 3418 5065 verisimilioribus
3444 5005 3662 5062 revinci

2013 5116 2206 5172 posse,
2237 5101 2295 5155 et
2323 5098 2595 5155 desinant
2626 5101 2857 5156 tantum
2884 5116 3032 5172 opus
3062 5098 3184 5166 Dei,
3216 5098 3486 5154 humanae
3517 5112 3663 5169 ope-

2012 5186 2256 5244 rationis
2313 5190 2371 5243 et
2423 5191 2632 5244 nostrae
2690 5187 3099 5261 possibilitatis
3169 5185 3665 5259 contemplatione

2013 5277 2226 5334 metiri.

2011 5562 2197 5620 abdita
2237 5561 2523 5641 progenii.
2555 5560 2680 5641 _Alii
2711 5566 2932 5641 vero_et
2961 5562 3101 5641 edit.
3138 5560 3342 5641 legunt
3368 5556 3659 5641 ωέαάιῳᾳ,

2010 5629 2311 5762 (Blaesum
2339 5629 2453 5688 Nili
2480 5637 2805 5705 cataractis,
2838 5634 2909 5691 de
2928 5632 3148 5706 quibus
3178 5629 3296 5689 Cic.
3328 5630 3388 5686 in
3418 5629 3660 5686 Somnio

2051 5722 2320 5780 prIonIs.
