3932 6212
156 329 236 389 161

1442 330 1981 391 ΗΕΧΑΕῘΗΕΒΟΝ
2032 334 2177 391 LIB.
2214 333 2293 391 ll.

3460 336 3571 394 Ilii

212 460 287 516 l0.
310 460 437 517 Nos
466 466 691 517 autem
727 462 1170 534 Scripturarum
1200 460 1413 515 seriem
1443 464 1619 532 atque
1648 461 1808 516 ordi-
1837 464 1894 529 Α
1923 463 2035 529 (ω)
2070 464 2419 535 (Phili)?me
2458 466 2537 519 13‘
2556 466 2586 519 ?
2616 465 2823 520 Dicant
2867 469 3021 519 certe
3069 464 3569 535 quemadmodum

170 567 272 608 nem
292 550 634 621 sequimur,
652 556 720 607 et
746 568 905 623 opus
933 548 1418 620 contemplatione
1446 550 1807 606 aestimamus

172 639 413 707 auctoris,
442 644 503 695 et
534 640 690 712 quid
723 640 955 695 dictum
985 639 1063 695 sit
1090 638 1432 710 quaerimus,
1459 644 1515 693 et
1552 639 1688 710 quis
1717 639 1807 694 di-

168 731 306 794 xerit,
334 734 391 784 et
419 729 519 785 cui
545 729 776 785 dixerit
804 746 822 783 :
855 730 995 793 Fiat,
1039 727 1253 799 inquit,
1295 727 1701 796 ﬁrmamentum
1748 730 1809 783 in

168 819 316 875 medio
342 835 525 890 aqua,
555 827 611 873 et
638 821 719 874 sit
747 819 1062 873 discernens
1089 819 1234 872 inter
1254 833 1443 888 aquas.
1476 816 1667 872 Audio
1706 818 1806 871 {ir-

169 912 512 964 mamentum
565 907 697 963 ﬁeri
743 924 853 979 per
898 910 1253 978 preceptum
1296 922 1415 977 quo
1452 906 1812 961 divideretur

165 1014 313 1070 aqua,
343 1002 401 1052 et
430 996 508 1051 ab
536 996 824 1052 inferiore
874 995 1141 1068 superior
1176 994 1628 1051 discerneretur.
1660 996 1809 1060 Quid

164 1086 255 1141 hoc
281 1084 707 1141 manifestius?
736 1084 846 1149 Qui
868 1084 1051 1155 jussit
1079 1083 1333 1139 discerni
1366 1100 1584 1155 aquam
1622 1083 1809 1138 inter-

160 1176 289 1247 jecto
308 1180 368 1231 et
389 1174 593 1229 medio
623 1172 1277 1246 ﬁrmamento,providit
1306 1173 1807 1245 quemadmodum

164 1264 330 1320 divisa
382 1269 569 1334 atque
624 1263 884 1319 discreta
934 1279 1169 1318 manere
1215 1262 1424 1335 possit.
1454 1263 1659 1319 Sermo
1703 1262 1807 1318 Dei

163 1354 329 1408 virtus
360 1356 592 1407 natura:
629 1356 740 1418 est,
772 1356 829 1408 et
875 1350 1279 1407 diuturnitatis
1332 1350 1665 1407 substantia
1694 1352 1807 1421 (45)

165 1442 539 1515 quoadusque
585 1440 729 1496 velit
778 1456 908 1496 eam
958 1455 1196 1495 manere
1241 1440 1344 1512 qui
1386 1440 1616 1505 statuit,
1655 1439 1809 1495 sicut

162 1532 435 1602 scriptum
466 1533 562 1585 est
594 1546 609 1584 :
643 1529 847 1585 Statuit
890 1545 956 1585 ea
996 1531 1057 1584 in
1105 1530 1377 1586 saeculum
1414 1530 1629 1594 saeculi,
1672 1546 1808 1601 pra:-

159 1624 360 1690 ceptum
399 1620 593 1689 posuit
636 1622 689 1673 et
733 1634 845 1673 non
889 1618 1201 1690 praeteribit
1228 1619 1399 1688 (Psat.
1449 1635 1682 1685 cxnviu,
1725 1619 1802 1687 6).

158 1708 217 1763 Et
241 1712 307 1763 ut
338 1708 497 1763 scias
546 1708 690 1778 quia
730 1708 803 1762 de
848 1706 982 1762 istis
1021 1707 1194 1779 aquis
1222 1706 1332 1763 hoc
1360 1707 1524 1774 dixit,
1558 1723 1709 1778 quas
1738 1712 1804 1762 tu

160 1811 326 1894 neges
356 1795 628 1900 pqsse'in
656 1795 1059 1900 superioribus
1087 1795 1219 1900 cfeli
1256 1812 1407 1863 esse,
1438 1795 1578 1851 audi
1625 1811 1805 1867 supe-
1836 1835 1885 1900 B

155 1885 300 1940 riora
340 1903 356 1940 :
390 1884 639 1940 Laudate
676 1900 822 1950 eum,
871 1886 996 1940 ειειὶ
1035 1885 1318 1952 calorum,
1362 1889 1414 1940 et
1459 1901 1635 1955 aquas,
1683 1899 1810 1957 quae

156 1988 307 2045 super
347 1974 518 2029 celos
561 1977 710 2040 sunt,
754 1972 979 2029 laudent
1028 1990 1229 2030 nomen
1274 1974 1496 2029 Domini
1541 1973 1699 2045 (Ibid.
1749 1975 1803 2040 4,

156 2064 225 2132 5).
261 2062 474 2119 Nonne
522 2062 695 2135 quasi
745 2062 1080 2119 adversanti
1129 2063 1233 2118 tibi
1282 2062 1427 2118 dixit
1478 2080 1493 2117 :
1544 2063 1811 2131 Quoniam

163 2153 269 2223 ipse
308 2151 483 2220 dixit,
536 2160 588 2206 et
636 2154 787 2221 [arta
823 2159 971 2219 sunt,
1018 2154 1135 2223 ipse
1177 2151 1482 2219 mandavit,
1533 2155 1584 2207 et
1632 2160 1816 2208 creata

164 2244 280 2295 sint
304 2259 324 2294 :
353 2242 551 2295 statuit
575 2255 641 2296 ea
669 2242 729 2294 in
757 2241 1025 2297 secutum
1063 2241 1293 2302 saeculi;
1334 2248 1672 2312 preceptum
1716 2257 1815 2312 p0-

163 2331 292 2400 suit,
322 2337 374 2384 et
403 2345 521 2386 non
550 2330 859 2400 praeteribit
906 2328 1064 2399 (Ibid.
1113 2331 1169 2397 5,
1210 2330 1288 2401 6).
1335 2334 1544 2385 Annon
1587 2330 1818 2386 videtur

165 2417 268 2471 tibi
312 2420 526 2472 auctor
570 2416 838 2486 idoneus,
873 2416 975 2488 qui
1022 2415 1213 2489 legem
1261 2433 1369 2473 suo
1419 2417 1579 2489 operi
1611 2418 1817 2473 daret?

167 2504 314 2561 Deus
342 2509 435 2560 est
464 2505 567 2577 qui
598 2504 760 2572 dicit,
794 2504 1147 2561 venerabilis
1179 2509 1409 2573 natura,
1439 2505 1818 2562 inaestimabi-

168 2591 233 2648 lis
259 2592 697 2665 magnitudine,
730 2592 1058 2649 immensus
1100 2594 1163 2649 in
1213 2594 1819 2663 remunerationibus,

168 2680 781 2754 incomprehensibilis
810 2682 907 2738 21
942 2682 1002 2737 in
1043 2682 1340 2755 operibus,
1395 2683 1567 2754 cujus
1616 2683 1815 2739 altitu-

168 2770 359 2827 dinem
389 2771 694 2844 sapientia
724 2770 860 2842 quis
884 2771 1234 2845 investigare
1263 2770 1493 2827 facilis?
1526 2772 1640 2828 Iste
1679 2772 1823 2829 dicit

171 2859 329 2927 Filio,
356 2859 417 2915 id
465 2864 582 2929 est,
610 2860 754 2917 dicit
800 2859 1037 2916 brachio
1086 2876 1219 2926 suo,
1250 2859 1394 2916 dicit
1419 2860 1623 2916 virtuti
1672 2878 1818 2930 sum,

171 2948 305 3003 dicit
335 2948 638 3020 sapientia:
661 2965 805 3016 sum,
836 2947 978 3003 dicit
1011 2949 1257 3019 justitize
1291 2966 1437 3005 suae.
1470 2949 1538 3004 Et
1568 2949 1703 3005 facit
1730 2950 1823 3005 Fi-

172 3035 281 3092 lius
331 3036 506 3109 quasi
562 3040 794 3109 potens,
847 3036 988 3092 facit
1042 3037 1213 3109 quasi
1265 3038 1458 3094 virtus
1511 3038 1635 3107 Dei,
1687 3039 1825 3095 facit

177 3124 339 3196 quasi
397 3124 691 3197 sapientia
747 3124 871 3192 Dei,
931 3125 1070 3181 facit
1117 3126 1287 3199 quasi
1338 3127 1573 3197 justitia
1603 3128 1817 3185 divina.

1917 568 2017 605 aer
2045 558 2290 623 cogatur
2314 554 2372 607 in
2402 555 2641 611 nubem.
2666 562 2864 607 utrum
2896 553 3093 625 pluvia
3114 552 3374 608 nubibus
3402 568 3575 625 gene-

1917 646 2099 705 retur,
2138 658 2214 695 an
2263 642 2398 697 sinu
2449 644 2695 697 nubium
2746 642 3077 713 colligatur.
3116 642 3395 696 Videmus
3445 640 3573 713 ple-

1914 747 2166 801 rumque
2208 732 2363 785 exire
2409 733 2596 787 nubes
2643 732 2713 787 de.
2760 732 3081 786 montibus.
3113 732 3316 794 Quaero
3366 734 3566 785 utrum

1915 819 1988 873 de
2026 818 2200 874 terris
2229 821 2509 876 ascendat
2557 838 2729 891 aqua,
2763 838 2837 875 an
2886 838 2954 875 ea
3004 837 3133 891 quae
3182 835 3361 891 super
3393 818 3572 874 ccelos

1915 914 2026 972 est,
2078 907 2238 979 largo
2288 910 2475 964 imbre
2523 910 2859 964 descendat.
2912 909 2972 964 Si
3024 909 3311 973 ascendit,
3361 908 3567 979 utique

1917 1000 2117 1052 contra
2148 1003 2418 1052 naturam
2449 1004 2558 1059 est.
2593 1008 2655 1052 ut
2685 999 2963 1053 ascendat
2991 999 3057 1052 in
3094 998 3397 1069 superiora
3443 1014 3572 1068 quae

1917 1086 2151 1157 gravior
2195 1091 2306 1151 est,
2338 1092 2395 1141 et
2444 1093 2708 1158 portetur
2754 1103 2905 1153 aere,
2946 1104 3079 1142 cum
3137 1103 3236 1141 aer
3292 1085 3567 1142 subtilior

1916 1174 2014 1229 sit.
2046 1179 2165 1229 Aut
2195 1175 2243 1230 si
2275 1175 2489 1231 conciti
2520 1178 2678 1230 orbis
2709 1176 2889 1231 trtius
2919 1182 3080 1231 metu
3123 1174 3348 1246 rapitur
3392 1191 3569 1246 aqua,

1917 1264 2069 1318 sicut
2112 1262 2231 1318 imo
2284 1264 2423 1319 orbe
2470 1265 2714 1336 rapitur,
2748 1266 2829 1318 ita
2857 1281 3090 1320 summo
3121 1264 3259 1319 orbe
3290 1262 3575 1319 diffundi-

1916 1356 2033 1407 tur.
2060 1356 2118 1406 Si
2170 1352 2357 1419 fundi,
2393 1357 2457 1406 ut
2504 1353 2729 1419 volunt,
2758 1370 2872 1408 non
2922 1352 3160 1417 desinit,
3203 1353 3407 1424 utique
3457 1368 3574 1407 non

1915 1441 2129 1497 desinit
2161 1441 2284 1512 rapi
2320 1441 2505 1513 :-quia
2535 1441 2583 1497 si
2617 1442 2741 1497 axis
2771 1441 2898 1496 coeli
2930 1458 3163 1513 semper
3191 1445 3481 1506 movetur,
3515 1446 3573 1495 et

1916 1546 2071 1601 aqua
2120 1546 2353 1601 semper
2400 1529 2672 1584 hauritur
2720 1530 2850 1599 (50).
2885 1530 2944 1585 Si
2995 1529 3344 1585 descendit:
3378 1534 3577 1584 manet

1914 1635 2051 1691 ergo
2074 1618 2299 1689 jugiter
2328 1636 2509 1690 supra
2538 1618 2711 1673 cmlos
2744 1636 2871 1690 (1033
2901 1617 3080 1673 habet
3126 1618 3283 1673 unde
3327 1618 3575 1673 descen-

1915 1708 2035 1763 dat.
2071 1707 2290 1761 Deinde
2321 1707 2463 1778 quid
2495 1707 2687 1762 obstat
2730 1707 2779 1762 si
2824 1707 3212 1762 conﬁteantur
3250 1706 3390 1779 quia
3419 1723 3579 1778 aqua

1915 1812 2095 1867 supra
2123 1794 2301 1850 cmlos
2331 1812 2621 1867 suspensa
2651 1795 2773 1851 sit?
2810 1796 2956 1850 Nam
2989 1812 3105 1867 quo
3155 1795 3331 1851 verbo
3374 1795 3579 1851 dicunt

1921 1890 2137 1940 terram
2189 1884 2249 1939 in
2302 1884 2493 1940 medio
2541 1901 2668 1939 esse
2716 1900 3090 1956 suspensam,
3123 1888 3181 1940 et
3209 1883 3573 1941 immobilem

1924 1990 2184 2037 manere,
2215 1990 2351 2028 cum
2401 1973 2605 2045 utique
2652 1974 2883 2045 gravior
2931 1974 3011 2028 sit
3057 1989 3235 2045 quam
3285 1990 3471 2046 aqua;
3512 1990 3581 2028 ea

1922 2063 2143 2118 ratione
2177 2066 2425 2134 possunt
2456 2062 2648 2118 dicere
2681 2080 2795 2118 non
2828 2061 3176 2134 praecipitari
3224 2079 3443 2134 aquam
3487 2079 3581 2117 or-

1923 2152 2017 2207 bis
2067 2151 2228 2206 illius
2277 2150 2531 2207 cmlestis
2579 2152 2961 2207 conversione
3007 2168 3135 2223 qua
3184 2168 3361 2224 super
3407 2151 3582 2207 oculos

1923 2244 2031 2295 est.
2066 2240 2229 2296 Sicut
2261 2240 2415 2295 enim
2448 2246 2605 2295 terra
2653 2242 2812 2295 inani
2863 2241 3264 2314 suspenditur,
3296 2240 3383 2296 vel
3431 2257 3581 2312 pun-

1928 2329 2066 2383 dere
2096 2328 2307 2384 librato
2338 2329 2601 2401 undique
2632 2329 2957 2385 immobilis
2988 2335 3349 2400 perseverat;
3400 2329 3484 2385 ita
3528 2334 3585 2384 et

1926 2434 2080 2489 aqua
2110 2422 2213 2473 aut
2238 2417 2605 2489 gravioribus
2638 2423 2740 2473 aut
2771 2418 2953 2489 aequis
2985 2434 3120 2473 cum
3152 2425 3309 2473 terra
3364 2418 3583 2490 ponde-

1927 2506 2089 2561 ribus
2120 2506 2508 2561 examinatur.
2544 2506 2795 2577 Ideoque
2836 2523 2950 2561 non
2998 2507 3163 2561 facile
3203 2506 3579 2579 superfundi-

1928 2601 2023 2650 tur
2053 2612 2213 2651 mare
2242 2596 2434 2660 terris,
2467 2594 2582 2650 nisi
2613 2611 2748 2650 cum
2770 2595 3017 2666 jubetur
3045 2594 3219 2651 exire.

2002 2686 2089 2739 l2.
2142 2683 2362 2739 Deinde
2413 2700 2548 2739 cum
2602 2683 2713 2755 ipsi
2764 2683 2963 2739 dicant
3008 2682 3157 2738 volvi
3202 2682 3404 2739 orbem
3452 2682 3583 2739 οωιὶ

1928 2771 2115 2829 stellis
2144 2773 2487 2829 ardentibus
2518 2771 2924 2845 refulgentem,
2976 2788 3170 2829 nonne
3214 2772 3413 2828 divina
3440 2772 3584 2827 Pro-

1928 2861 2189 2917 videntia
2237 2861 2566 2917 necessario
2593 2861 2891 2934 prospexit
2920 2866 3006 2928 ut,
3037 2861 3192 2916 intra
3219 2861 3420 2917 orbem
3452 2859 3581 2917 cmli

1929 2955 1986 3007 et
2017 2968 2197 3022 supra
2227 2950 2449 3016 orbem,
2471 2950 2826 3006 redundaret
2857 2967 3165 3023 aqua,quze
3186 2949 3288 3005 illa
3312 2950 3585 3006 ferventis

1931 3038 2055 3094 axis
2084 3039 2358 3094 incendia
2386 3038 2773 3110 temperaret?
2804 3039 3114 3111 Pmpterea
3144 3040 3282 3112 quia
3328 3040 3586 3096 exundat

1930 3128 2084 3202 ignis
2110 3131 2168 3183 et
2196 3128 2393 3198 fervet,
2425 3128 2600 3183 etiam
2651 3145 2804 3199 aqua
2848 3128 3163 3183 exundavit
3194 3128 3253 3183 in
3284 3128 3476 3194 terris,
3513 3146 3587 3185 ne

179 3211 317 3269 Cum
345 3212 471 3269 hac
501 3212 694 3279 audis,
728 3212 868 3285 quid
900 3213 1155 3281 miraris,
1199 3214 1249 3270 si
1278 3231 1460 3287 supra
1487 3214 1829 3273 ﬁrmameu-
1859 3209 1902 3276 C
1941 3234 2040 3274 eas
2068 3216 2363 3289 surgentis
2412 3216 2552 3272 solis
2597 3221 2656 3271 et
2704 3215 3005 3271 stellarum
3035 3216 3382 3271 micantium
3414 3218 3589 3274 ardor

179 3305 301 3357 tum
332 3301 463 3357 εωιὶ
489 3302 682 3374 potuit
711 3305 888 3358 tanta:
920 3304 1249 3375 majestatis
1296 3305 1633 3377 operatione
1671 3308 1832 3364 unda

182 3391 459 3463 suspendi
476 3390 507 3445 ‘I

262 3482 345 3535 11.
377 3480 460 3535 De
491 3478 624 3535 aliis
681 3479 806 3535 hac
863 3480 1091 3554 collige,
1137 3482 1207 3538 de
1256 3482 1327 3539 iis
1384 3500 1511 3555 quae
1558 3484 1833 3540 viderunt

192 3568 337 3624 oculi
368 3568 1002 3642 hominum,quomodo
1033 3571 1105 3626 ad
1132 3571 1471 3627 Judaeorum
1492 3572 1829 3629 transitum.

191 3657 240 3712 si
270 3658 555 3714 rationem
585 3657 823 3730 quieris,
874 3674 938 3714 se
984 3659 1143 3715 unda
1191 3660 1474 3717 diviserit.
1507 3661 1634 3718 Non
1683 3661 1834 3718 solet

191 3743 294 3802 hoc
322 3762 450 3804 esse
498 3750 744 3814 naturas,
775 3750 843 3802 ut
887 3764 1042 3819 aqua
1088 3765 1152 3805 se
1194 3749 1492 3806 discernat
1533 3751 1607 3806 ab
1656 3768 1829 3823 aqua,

191 3833 327 3890 etin
355 3834 649 3908 profundo
696 3835 1111 3893 interfusiones
1160 3854 1449 3910 aquarum
1504 3845 1663 3895 terra:
1710 3854 1829 3896 me-

192 3922 420 3995 dio(46)
450 3929 819 3997 separentur.
870 3924 1219 3983 Gelaverunt
1272 3927 1429 3983 enim
1482 3928 1716 3995 ﬂuctus,
1776 3933 1833 3985 et

189 4012 537 4070 ﬁrmamenti
594 4014 787 4085 specie
856 4032 1096 4071 cursum
1167 4033 1345 4072 suum
1409 4017 1647 4073 insolito
1716 4019 1831 4073 fine

190 4098 720 4158 frenarant.Nonne
748 4104 941 4175 potuit
970 4104 1145 4161 etiam
1194 4105 1363 4162 aliter
1393 4106 1698 4163 Hebraeum
1729 4123 1832 4179 po-

188 4188 388 4259 pulum
442 4190 717 4249 liberare.
744 4192 856 4248 Sed
904 4192 1008 4249 tibi
1054 4192 1239 4249 voluit
1280 4194 1606 4263 ostendere,
1656 4199 1719 4251 ut
1763 4211 1830 4252 eo

186 4270 512 4340 spectaculo
553 4272 731 4327 etiam
778 4271 880 4328 illa
926 4290 1054 4345 quae
1098 4289 1216 4330 non
1261 4274 1485 4342 vidisti,
1512 4275 1831 4332 astimares

185 4372 306 4415 esse
334 4360 647 4416 credenda.
680 4360 953 4417 Jordanis
1006 4379 1242 4434 quoque
1289 4363 1498 4419 reﬂexo
1546 4380 1737 4435 amne,
1768 4365 1829 4421 in

185 4460 351 4504 suum
381 4449 603 4505 fontem
638 4451 963 4506 revertitur.
996 4450 1225 4508 Haerere
1257 4468 1493 4524 aquam,
1523 4469 1659 4509 cum
1690 4453 1834 4511 labi-

186 4538 279 4589 tur
322 4537 709 4606 inusitatum;
742 4556 978 4596 rursum
1027 4540 1219 4597 redire
1258 4541 1370 4613 (47)
1418 4541 1480 4598 in
1529 4542 1831 4615 superiora
1857 4582 1905 4649 Β

186 4622 299 4649 -3..-
335 4625 443 4649 -Il-
496 4626 771 4649 _-_-___I-
826 4627 1181 4649 2_._-_-_'L!I-
1236 4628 1479 4649 L_L-1c,,,
1536 4631 1643 4649 n,j
1696 4648 1701 4649 ,
1769 4631 1820 4649 ιι

182 4622 303 4680 sine
333 4625 447 4682 ullo
496 4626 776 4700 repagula
826 4627 1189 4700 impossibile
1236 4628 1501 4687 habetur.
1536 4631 1645 4687 Sed
1684 4631 1824 4704 quid

181 4709 541 4785 impossibile
569 4716 621 4772 ei
654 4717 755 4789 qui
784 4716 946 4773 dedit
969 4733 1143 4789 posse
1172 4718 1426 4774 inﬁrmis
1458 4722 1524 4775 ut
1552 4719 1827 4777 infirmus

178 4799 329 4858 dicat
357 4804 471 4876 (48)
509 4822 523 4859 :
557 4805 758 4861 Omnia
793 4821 1015 4878 possum
1060 4808 1122 4862 in
1166 4822 1227 4863 eo
1275 4808 1372 4880 qui
1421 4824 1508 4864 me
1553 4810 1827 4880 confortat

194 4987 206 4997 θ
240 4919 351 4997 μβ)
381 4920 526 4977 Mss.
561 4920 733 4997 Corb.
763 4926 905 4997 ve_t.,
935 4923 1273 4978 diuturnitas
1305 4923 1663 4997 substantiae.
1715 4925 1826 4982 Re-

170 4986 315 5060 liqui
345 5009 493 5048 mss.
529 4996 587 5047 et
616 4993 779 5062 edit.,
812 4986 1200 5051 diuturnitatis
1228 4994 1556 5051 substantia.

236 5060 525 5139 (46)Tres
555 5080 729 5139 mss,
760 5060 1034 5139 aquarum
1060 5065 1276 5133 medio;
1304 5066 1441 5122 edit.
1477 5067 1824 5139 Rom.aqua-

168 5147 291 5187 rum
319 5137 440 5190 sine
465 5134 666 5192 medio.

233 5204 345 5275 (t7)
376 5206 543 5281 Edit.
564 5206 757 5281 Rom.,
788 5209 997 5281 haerere
1042 5215 1397 5281 aquamﬂcum
1427 5209 1651 5279 labitur,
1702 5226 1824 5266 sur-

166 5287 399 5356 sumque
420 5277 630 5343 redire;
659 5280 728 5356 e_d_
738 5279 800 5335 it.
835 5280 978 5347 Pet.,
1000 5277 1154 5347 Era,
1177 5280 1335 5348 Gill.,
1359 5280 1570 5356 hmrere
1601 5277 1822 5356 aquam,

167 5351 216 5425 et
246 5350 325 5403 ita
350 5365 572 5425 sursum
601 5350 824 5425 redire;
851 5368 995 5408 mss.
1028 5368 1167 5425 vero
1197 5356 1264 5425 ut
1294 5367 1401 5408 nos
1440 5351 1501 5407 in
1530 5350 1711 5420 textu,
1744 5354 1829 5409 ni-

166 5419 214 5469 si
245 5419 411 5495 quod,
428 5422 690 5493 potiores
719 5423 916 5494 prima
945 5440 1124 5480 manu
1154 5422 1374 5479 habent
1413 5424 1699 5495 usitatum,
1730 5442 1824 5482 se-

170 5491 362 5546 cunda
386 5491 746 5549 inusitatum:

233 5563 344 5631 (48)
374 5567 463 5622 Ita
493 5581 639 5622 mss.
673 5564 849 5622 Corb.
883 5569 1023 5633 vet.,
1056 5566 1220 5634 Ben.,
1253 5564 1358 5623 Th.
1390 5568 1448 5622 et
1494 5565 1665 5623 Carn.
1708 5566 1834 5626 Alii

170 5632 222 5687 et
254 5634 392 5696 edit.
426 5653 640 5698 omnes
669 5638 937 5715 (excepta
965 5632 1151 5700 Paris.
1184 5632 1279 5699 au.
1315 5638 1474 5715 1614,
1498 5637 1559 5699 in
1590 5654 1707 5718 qua
1735 5640 1824 5698 in.

1938 3311 2223 3375 exureret,
2256 3310 2313 3361 et
2342 3310 2543 3361 tenera
2586 3321 2783 3361 rerum
2831 3304 3067 3360 exordia
3107 3303 3379 3361 insolitus
3407 3322 3588 3377 vapor

1939 3394 2409 3461 laederet.Quanti
2442 3394 2652 3464 fontes,
2686 3388 2869 3464 ﬂuvii,
2902 3393 3064 3449 lacus
3087 3393 3332 3467 irrigant
3358 3398 3583 3463 terras;

1942 3486 2041 3543 28
2071 3486 2211 3557 quia
2238 3502 2336 3541 eas
2367 3485 2637 3541 internus
2667 3483 2907 3557 quidam
2937 3484 3089 3556 ignis
3109 3484 3392 3556 vaporat?
3422 3485 3587 3541 Unde

1939 3575 2097 3630 enim
2147 3578 2247 3628 aut
2298 3574 2534 3630 arbores
2573 3573 2993 3646 germinarent,
3027 3578 3129 3629 aut
3161 3573 3458 3630 frumenta
3497 3573 3588 3631 vel

1941 3669 2069 3719 sata
2093 3666 2560 3735 prorumperent,
2608 3662 2695 3718 vel
2739 3665 2864 3718 orta
2916 3666 3333 3733 coquerentur;
3369 3662 3483 3719 nisi
3524 3679 3591 3719 ea

1940 3743 2180 3799 interior
2206 3759 2437 3815 quoque
2467 3743 2621 3816 ignis
2656 3742 2977 3798 animaret?
3007 3743 3114 3808 Qui
3143 3742 3320 3799 etiam
3342 3744 3413 3800 de
3434 3743 3590 3799 saxis

1941 3832 2273 3904 frequenter
2297 3832 2608 3900 excutitur,
2641 3835 2699 3887 et
2751 3832 2821 3887 de
2871 3832 2999 3904 ipso
3029 3848 3201 3904 saepe,
3234 3833 3376 3887 dum
3415 3831 3588 3888 caedi-

1939 3924 2054 3989 tur,
2088 3919 2246 3992 ligno
2278 3919 2488 3976 exsilit.
2523 3921 2669 3992 Ergo
2701 3920 2854 3976 sicut
2883 3921 3210 3975 necessaria
3241 3920 3394 3993 ignis
3431 3936 3590 3977 crea-

1938 4014 2092 4076 tura,
2126 4014 2192 4064 ut
2220 4009 2487 4064 ordinata
2517 4013 2573 4063 et
2603 4009 2890 4080 disposita
2934 4013 3292 4080 permaneat,
3340 4008 3594 4081 ccelique

1940 4097 2251 4153 clementia
2304 4101 2590 4169 temperet
2638 4114 2921 4169 aquarum
2974 4096 3261 4169 rigorem;
3294 4096 3376 4151 ita
3414 4096 3591 4154 etiam

1939 4204 2227 4260 aquarum
2260 4186 2648 4242 redundantia
2693 4202 2808 4241 non
2858 4186 3178 4257 superflua,
3212 4202 3284 4241 ne
3331 4184 3585 4243 alterum

1941 4273 2120 4330 altero
2170 4278 2630 4340 consumeretur,
2665 4272 2803 4345 quia
2831 4272 2945 4327 nisi
2975 4273 3325 4329 conveniens
3370 4272 3588 4330 utrius-

1939 4380 2053 4436 que
2085 4379 2361 4419 mensura
2404 4362 2500 4428 sit,
2533 4361 2683 4417 sicut
2739 4360 2893 4433 ignis
2941 4377 3155 4433 aquam
3199 4362 3471 4434 exsiccet,
3505 4361 3588 4419 ita

1938 4458 1995 4509 et
2024 4469 2178 4524 aqua
2208 4451 2518 4525 restinguit
2547 4451 2764 4524 ignem.
2796 4450 3046 4522 Ideoque
3078 4451 3330 4523 pondere
3353 4456 3410 4507 et
3430 4468 3591 4508 men-

1939 4558 2080 4598 sura
2108 4540 2463 4597 examinavit
2492 4540 2796 4608 universa;
2834 4544 3138 4596 numerata
3166 4541 3324 4597 enim
3357 4546 3497 4598 sunt
3536 4541 3589 4598 ei

1936 4636 1995 4687 et
2024 4630 2323 4687 stillicidia
2344 4629 2693 4701 pluviarum,
2728 4629 2881 4685 sicut
2911 4629 2970 4685 in
3002 4628 3151 4685 libro
3180 4630 3291 4687 Job
3335 4630 3590 4704 legimus

1936 4719 2278 4791 (Job.xxv1n,
2300 4720 2391 4791 26)
2447 4718 2649 4774 Sciens
2680 4717 2767 4774 vel
2802 4734 2999 4773 rerum
3033 4718 3261 4775 facilem
3295 4720 3589 4775 defectum

1936 4809 2077 4876 fore,
2108 4807 2197 4865 vel
2228 4807 2579 4864 solutionem
2614 4806 3031 4874 universitatis,
3064 4808 3112 4862 si
3145 4807 3393 4862 alterum
3417 4821 3587 4863 exsu-

1935 4926 2135 4996 ﬁrmis)
2167 4925 2388 4997 legunt,
2422 4925 2518 4995 qui
2559 4922 2707 4997 dedit
2750 4938 2910 4997 posse
2960 4923 3156 4992 quibus
3198 4922 3411 4997 uoluit?
3438 4921 3595 4997 Dedit

1929 4991 2087 5069 posse
2115 4991 2557 5069 inﬁrmitatibus.
2594 4991 2979 5069 Quis-ultima
3006 5008 3110 5069 vox
3159 4991 3211 5069 _s_i
3239 4992 3592 5069 retineatur,

1936 5062 2053 5124 non
2087 5062 2411 5121 mutabitur
2441 5081 2677 5119 sensus.
2712 5064 2907 5120 Potest
2935 5064 3090 5118 enim
3141 5062 3254 5116 dici
3296 5063 3593 5132 inﬁrmitas

1935 5157 2040 5213 pro
2072 5138 2319 5213 inﬁrmo,
2350 5142 2418 5191 ut
2466 5152 2569 5207 per
2593 5134 3034 5213 __metonymiam
3058 5135 3274 5191 senium
3304 5149 3407 5206 pro
3444 5149 3590 5202 sene,

1937 5206 2299 5282 Sacriteg‘ium
2322 5224 2425 5279 pro
2456 5206 2739 5282 sacrilego.

2014 5276 2340 5348 (49)'CorbI
2369 5281 2427 5332 et
2452 5277 2621 5348 Carn.
2654 5277 2717 5348 In
2741 5276 2845 5331 Deo
2876 5278 2972 5346 qui
2992 5293 3085 5348 (me
3112 5279 3397 5348 con/artat.

2019 5281 2108 5348 [49
2161 5281 2333 5333 Corb.
2369 5281 2427 5332 et
2452 5281 2621 5331 Carn.
2654 5281 2717 5331 In
2741 5281 2845 5331 Deo
2876 5281 2972 5346 qui
3002 5293 3085 5331 me
3112 5281 3397 5348 con/artat.

2019 5281 2133 5424 (50;
2165 5350 2262 5424 Sic
2292 5365 2438 5424 mss.
2472 5346 2810 5424 duodecim;
2843 5352 2901 5400 at
2938 5346 3086 5417 Big.,
3138 5347 3286 5424 Vict.
3340 5364 3493 5403 unus
3538 5351 3597 5404 et

1941 5417 2131 5487 eam;
2159 5423 2301 5476 sicut
2333 5417 2604 5492 axisrwti
2630 5432 2844 5489 semper
2868 5425 3131 5486 movetur,
3167 5420 3245 5474 ita
3276 5435 3421 5492 aqua
3456 5435 3597 5475 sem-

1932 5513 2039 5571 per
2070 5494 2355 5571 hauritur,
2388 5487 2527 5546 edit.
2579 5487 2780 5571 vero._L.
2831 5504 3040 5571 semper
3078 5487 3342 5560 movetur,
3374 5499 3427 5549 et
3453 5506 3598 5565 aqua

1940 5560 2203 5636 'movetur,
2232 5568 2282 5622 et
2316 5576 2463 5637 aqua
2487 5573 2700 5635 semper
2728 5560 3006 5618 hauritur.
