3932 6212
265 347 376 407 163

1714 343 1779 401 S.
1830 340 2209 402 AMBROS"

3545 345 3656 408 164

261 480 563 551 pararetur
587 474 659 530 ab
687 473 891 541 altero,
922 473 1003 527 ita
1034 472 1341 543 utriusque
1386 472 1729 544 temperavit
1776 473 1895 526 dis-
1929 475 1987 539 Α
2018 474 2226 527 Γυὶὶέςεδ
2278 473 2332 526 In
2390 472 2642 544 speciem
2696 471 2869 544 ignis.
2898 473 2967 527 Et
2997 473 3125 528 ideo
3151 471 3317 527 aiunt
3357 474 3512 544 quod
3557 491 3653 531 nec

261 565 474 639 pendia
505 581 518 618 :
554 567 620 619 ut
675 579 862 634 neque
922 562 1056 634 plus
1108 561 1263 633 ignis
1307 566 1670 632 excoqueret,
1720 578 1907 632 neque

260 656 603 710 exuberaret
644 668 799 723 aqua
831 670 843 705 :
887 651 988 705 sed
1038 650 1369 724 imminutio
1397 650 1561 703 ﬁeret
1600 649 1907 721 utriusque

261 743 583 809 moderata,
615 758 740 811 qua:
771 744 828 793 et
854 739 1213 810 superﬂuum
1247 738 1596 804 detraheret,
1619 742 1675 791 et
1705 755 1905 793 neces-

261 831 481 886 sarium
538 832 871 883 reservaret.
929 828 1127 897 Itaque
1183 842 1317 880 cum
1377 831 1539 880 tanta
1599 826 1670 881 de
1736 827 1907 882 terris

258 922 568 990 erumpant
601 917 989 971 maximorum
1040 915 1263 970 ﬂuenta
1301 914 1590 977 amnium,
1624 914 1790 970 Nilus
1820 916 1905 970 ef-

259 1009 388 1063 fuso
418 1009 725 1078 .Egyptum
759 1009 1041 1076 stagnans
1075 1004 1337 1071 ﬂumine,
1374 1004 1675 1058 Danubius
1709 1005 1780 1058 de
1812 1022 1905 1059 oc-

258 1096 649 1151 cidentatibus
682 1093 968 1165 partibus,
1001 1093 1391 1147 Barbarorum
1416 1096 1590 1163 atque
1622 1093 1909 1148 Romano-

258 1201 389 1240 rum
426 1184 789 1238 intersecans
836 1181 1104 1253 populos,
1138 1182 1320 1236 donec
1369 1181 1549 1235 Ponto
1596 1182 1720 1252 ipse
1768 1198 1906 1237 con-

259 1274 450 1339 datur,
484 1272 722 1327 Rhenus
779 1271 850 1325 de
894 1271 1039 1342 jugo
1096 1270 1331 1340 Alpium
1385 1286 1569 1339 usque
1600 1269 1658 1324 in
1695 1270 1905 1325 Oceani

257 1361 548 1433 profunda
576 1378 710 1414 curs
736 1376 784 1413 ιε
815 1375 955 1413 suos
983 1358 1263 1428 dirigens,
1296 1357 1540 1412 Romani
1574 1374 1904 1412 memoran-

257 1451 368 1504 dus
385 1449 665 1503 adversus
689 1448 838 1501 feras
858 1453 1063 1517 gentes
1087 1463 1291 1500 murus
1316 1444 1765 1516 imperii,Padus
1789 1463 1907 1501 ma-

256 1538 589 1593 ritimorum
643 1541 1075 1590 commeatuum
1128 1534 1344 1601 Italicis
1409 1534 1693 1590 subsidiis
1752 1535 1905 1590 {idus

254 1628 533 1693 invector,
569 1624 888 1679 Rhodanus
930 1623 1135 1695 rapido
1184 1623 1447 1678 concitus
1492 1638 1664 1677 cursu
1715 1623 1903 1695 Thyr-

259 1715 420 1770 rheni
451 1713 703 1785 aequoris
733 1713 878 1767 freta
907 1712 1202 1778 scindens,
1235 1711 1293 1767 in
1327 1728 1442 1783 quo
1476 1729 1589 1767 non
1614 1713 1903 1767 mediocre

2017 563 2240 634 ignitus
2272 567 2482 617 natura
2510 562 2606 627 sit,
2640 566 2697 616 et
2726 562 2775 615 si
2810 561 2950 632 quid
2983 562 3161 616 habet
3206 561 3438 627 caloris,
3474 563 3656 619 ferunt

2015 669 2085 706 ex
2133 652 2314 706 nimio
2364 654 2525 705 motu
2572 650 2969 705 conversionis
3019 650 3301 705 accidere.
3334 650 3497 713 Quod
3536 652 3657 709 ideo

2016 741 2327 796 dicendum
2361 744 2661 811 putant,nt
2686 739 2831 793 nihil
2864 740 3131 793 videatur
3160 739 3427 793 humoris
3456 756 3658 795 consu-

2016 845 2175 884 mere
2208 845 2220 881 :
2255 828 2397 899 quia
2424 827 2672 883 calorem
2715 844 2830 898 quo
2880 827 3093 881 humor
3122 826 3207 882 vel
3238 826 3543 893 minuitur,
3573 827 3659 883 vel

2016 917 2362 987 plerumque
2391 916 2751 979 exhauritur,
2784 931 2899 969 non
2953 915 3130 969 habet
3171 915 3516 970 naturalem.
3551 917 3658 971 Sed

2016 1005 2164 1062 nihil
2198 1010 2398 1074 agunt,
2427 1021 2561 1058 cum
2584 1003 2699 1058 ista
2728 1008 3112 1073 componunt;
3152 1004 3293 1073 quia
3323 1003 3467 1057 nihil
3494 1004 3662 1058 inter-

2016 1099 2125 1159 est,
2159 1101 2355 1147 utrum
2388 1110 2455 1147 ex
2488 1097 2696 1147 natura
2734 1090 2987 1146 calorem
3029 1092 3162 1163 quis
3211 1092 3443 1159 habeat,
3472 1108 3545 1146 an
3594 1109 3660 1147 ex

2017 1184 2307 1255 passione,
2342 1188 2444 1235 aut
2473 1180 2669 1251 aliqua
2717 1197 2785 1235 ex
2828 1197 3039 1245 causa;
3088 1179 3228 1251 quia
3270 1180 3425 1251 ignis
3471 1180 3660 1235 omnis

2015 1276 2397 1341 consumptor
2426 1270 2690 1325 humoris
2730 1274 2838 1332 est,
2872 1268 2958 1322 vel
2994 1269 3338 1338 hujusmodi
3386 1270 3658 1335 materiae,

2015 1378 2192 1432 quam
2252 1359 2493 1413 ﬂamma
2549 1357 2846 1412 consuevit
2902 1374 3158 1411 exurere.
3219 1357 3365 1411 Nam
3422 1356 3541 1412 sive
3595 1374 3663 1412 ex

2014 1449 2191 1521 lignis
2238 1448 2698 1518 haudquaquam
2744 1444 3195 1511 semiustulatis,
3236 1446 3339 1499 sed
3398 1445 3549 1500 inter
3595 1462 3657 1501 se

2014 1536 2254 1602 collisis,
2316 1536 2470 1605 ignis
2529 1550 2813 1588 excussus
2869 1533 3195 1604 excipiatur
3251 1531 3426 1602 foliis,
3485 1534 3659 1588 etiam

2014 1627 2251 1681 ﬂamma
2280 1624 2487 1689 adolet,
2521 1641 2586 1678 ac
2618 1622 2667 1677 si
2696 1623 2767 1677 de
2798 1622 2930 1694 igne
2959 1622 3244 1677 accendas
3274 1622 3458 1677 facem
3494 1639 3507 1677 :
3542 1622 3661 1677 sive

2014 1717 2083 1770 de
2114 1716 2364 1769 ﬂamma:
2396 1712 2616 1767 lumine
2642 1711 2840 1767 lumen
2871 1711 3176 1778 accendas,
3209 1712 3413 1766 eadem
3439 1711 3667 1783 species

254 1804 440 1859 fertur
469 1802 869 1873 navigantium
898 1799 1248 1872 periculum,
1280 1799 1423 1853 dum
1452 1798 1605 1855 inter
1631 1816 1694 1854 se
1724 1799 1904 1855 maris
1935 1842 1983 1905 Β
2012 1809 2070 1859 et
2100 1808 2309 1859 natura
2356 1806 2444 1856 est
2496 1800 2756 1867 luminis,
2803 1816 2868 1855 ac
2918 1800 2969 1855 si
3019 1799 3164 1854 illud
3217 1816 3331 1854 non
3378 1798 3672 1854 naturalis

256 1893 469 1946 ﬂuctus
499 1894 557 1945 et
586 1889 780 1944 amnis
826 1888 1046 1943 ﬂuenta
1073 1888 1391 1951 decertant,
1424 1886 1680 1957 itemque
1710 1887 1780 1941 de
1815 1904 1905 1942 se-

255 1976 631 2051 ptentrionali
673 1980 834 2048 parte
885 1974 1090 2030 Phasis
1122 1976 1235 2044 (51)
1268 1974 1574 2029 Caucaseis
1607 1976 1907 2031 montibus

256 2068 423 2123 fusus
450 2083 582 2121 cum
614 2064 882 2137 pluribus
928 2064 1058 2118 aliis
1102 2063 1159 2117 in
1191 2063 1482 2117 Euxinum
1531 2080 1592 2118 se
1643 2065 1905 2136 praecipi-

254 2161 385 2211 tans
419 2172 599 2221 mare,
632 2154 921 2226 prolixum
954 2157 1041 2207 est
1074 2151 1443 2223 singulorum
1474 2153 1750 2224 prosequi
1790 2152 1904 2207 ﬂu-

254 2245 480 2300 viorum
508 2242 748 2298 nomina
768 2241 868 2312 qui
891 2240 975 2296 vel
998 2240 1053 2294 in
1080 2246 1346 2294 nostrum
1371 2256 1528 2295 mare
1548 2240 1902 2309 derivantur,

254 2334 341 2389 vel
374 2332 790 2389 exinaniuntur
818 2330 1079 2395 Oceano;
1114 2346 1247 2383 cum
1279 2334 1441 2383 tanta
1470 2329 1651 2401 igitur
1673 2330 1905 2384 ubertas

256 2439 542 2494 aquarum
594 2421 691 2486 sit,
727 2425 922 2474 tamen
972 2418 1318 2489 plerumque
1364 2423 1520 2473 terra
1567 2417 1903 2473 meridianae

253 2510 437 2583 plagae
470 2512 727 2564 torretur
776 2507 1107 2572 ardoribus,
1138 2511 1313 2577 atque
1370 2511 1516 2560 aestu
1573 2505 1765 2561 soluta
1820 2508 1903 2560 fa-

252 2598 409 2653 tiscit
436 2597 497 2652 in
531 2596 851 2669 pulverem,
887 2595 1203 2651 miserandi
1237 2592 1501 2666 agricola:
1532 2593 1729 2649 labore
1766 2611 1903 2649 con-

252 2691 523 2758 sumpto;
557 2691 622 2739 ut
652 2686 985 2756 frequenter
1036 2684 1108 2738 ad
1164 2688 1391 2755 potum,
1426 2682 1658 2760 siccatis
1690 2682 1902 2754 puteis,

250 2776 413 2830 arido
441 2774 671 2847 gurgite
701 2772 1039 2828 subsidium
1072 2770 1247 2825 vitale
1276 2770 1531 2825 deﬁciat.
1556 2770 1625 2824 Et
1644 2770 1754 2825 erit
1773 2771 1904 2841 qui-

251 2865 383 2929 dem
417 2862 650 2935 quando
681 2861 840 2915 dicat
886 2860 1095 2931 abysso
1148 2876 1161 2912 :
1211 2860 1427 2913 Deserta
1468 2860 1596 2926 eris,
1630 2868 1680 2913 et
1719 2875 1905 2915 omnes

249 2955 442 3023 ﬂuvios
492 2952 703 3006 siccabo
760 2951 892 3012 (lsa.
955 2965 1104 3016 χιιι,
1150 2949 1263 3015 27),
1326 2947 1477 3001 sicut
1536 2963 1647 3017 per.
1692 2946 1903 3003 Isaiam

254 3043 516 3095 futurum
549 3036 938 3093 annuntiavit.
969 3036 1079 3090 Sed
1115 3034 1290 3089 etiam
1311 3037 1626 3105 antequam
1658 3034 1757 3089 ille
1778 3036 1904 3090 dies

251 3129 541 3198 adveniat,
571 3126 764 3182 divino
796 3122 1160 3196 praestitutus
1208 3122 1447 3178 arbitrio
1477 3124 1612 3193 (52),
1644 3140 1761 3178 non
1793 3124 1903 3179 mi-

2016 1894 2171 1965 ignis
2209 1890 2544 1955 adoleverit,
2576 1890 2678 1943 sed
2736 1888 3005 1943 accidens
3053 1905 3232 1943 causa
3285 1887 3667 1958 generaverit.

2013 1981 2116 2037 Vel
2146 1981 2285 2035 hinc
2315 1978 2522 2035 saltem
2553 1976 3022 2048 contemplentur
3068 1975 3209 2031 solis
3239 1975 3523 2041 calorem,
3556 1992 3671 2047 quo

2016 2071 2244 2126 diversa
2271 2069 2322 2124 ei
2349 2074 2501 2123 Deus
2529 2066 2837 2122 constituit
2874 2082 3084 2120 cursus
3132 2065 3226 2119 sui
3273 2065 3402 2120 loca
3428 2069 3488 2120 et
3518 2069 3672 2120 tem-

2015 2176 2189 2231 pora;
2237 2175 2329 2223 ne,
2380 2157 2428 2211 si
2477 2171 2707 2227 semper
2753 2154 2811 2208 in
2856 2153 3063 2209 iisdem
3123 2158 3450 2210 moraretur
3498 2153 3667 2221 locis,

2015 2245 2355 2319 quotidiano
2391 2260 2459 2299 ea
2499 2260 2710 2314 vapore
2756 2247 3043 2298 exureret.
3101 2243 3257 2297 Mare
3305 2242 3507 2313 ipsum
3540 2242 3670 2299 ideo

2016 2338 2209 2392 ferunt
2236 2334 2349 2405 ipsi
2380 2332 2597 2388 salsam
2647 2336 2821 2403 atque
2871 2347 3135 2387 amaram
3180 2348 3393 2403 aquam
3424 2331 3669 2399 habere,

2015 2426 2169 2498 quod
2199 2441 2268 2480 ea
2298 2440 2423 2495 quae
2466 2421 2659 2476 ﬂuviis
2710 2420 2770 2475 in
2815 2421 2961 2478 freta
3006 2420 3233 2487 inﬂuat,
3262 2419 3451 2476 calore
3486 2422 3674 2476 absu-

2015 2519 2229 2580 matur,
2261 2516 2609 2581 tantumque
2648 2527 2859 2580 vapore
2905 2510 3113 2564 diurno
3154 2509 3442 2575 consumi,
3481 2526 3678 2581 quan-

2013 2609 2140 2658 tum
2169 2600 2426 2673 quotidie
2456 2616 2525 2655 ex
2553 2598 2798 2654 diversis
2829 2598 3139 2653 ﬂuviorum
3187 2597 3461 2653 cursibus
3509 2598 3678 2654 inve-

2015 2692 2210 2746 hatur.
2253 2690 2415 2755 Quod
2460 2705 2528 2743 ex
2577 2687 2719 2743 solis
2767 2687 3021 2759 quadam
3070 2686 3496 2757 dijudicatione
3548 2686 3679 2742 ﬁeri

2015 2780 2375 2852 perhibetur,
2408 2777 2508 2848 qui
2541 2777 2692 2848 quod
2729 2792 2943 2848 purum
2974 2792 3041 2830 ac
3069 2775 3191 2831 leve
3220 2779 3328 2842 est,
3343 2775 3458 2831 sibi
3496 2774 3675 2849 rapit,

2014 2869 2169 2941 quod
2201 2884 2374 2941 grave
2405 2871 2581 2937 atque
2610 2870 2928 2932 terrenum,
2962 2865 3240 2936 relinquit
3267 2882 3280 2920 :
3312 2881 3382 2920 ex
3411 2881 3540 2936 quo
3591 2881 3682 2920 re-

2014 2962 2213 3012 manet
2241 2955 2463 3011 salsum
2508 2954 2655 3009 illud
2694 2959 2870 3025 atque
2920 2954 3171 3023 aridum,
3205 2955 3365 3025 quod
3395 2954 3539 3010 sine
3566 2971 3684 3009 usu

2015 3064 2081 3101 ac
2111 3045 2394 3101 suavitate
2422 3043 2662 3115 potandi
2697 3043 2790 3097 sit.

2651 3131 2891 3187 CAPUT
2931 3133 3021 3187 IV.

252 3219 481 3273 nimum
514 3218 666 3271 inter
694 3232 756 3270 se
785 3215 914 3285 ipsa
944 3212 1367 3267 elementorum
1392 3216 1602 3266 natura
1621 3214 1869 3268 decernil

2085 3205 2240 3285 alunt,
2272 3219 2469 3259 nomen
2508 3220 2827 3285 commune;
2874 3205 3109 3285 speciale
3149 3218 3292 3285 vero,
3341 3204 3679 3285 ﬁrmamm:

250 3308 459 3363 Crebro
489 3306 686 3376 itaque
717 3307 817 3358 aut
846 3299 1333 3355 inundationibus
1368 3300 1627 3355 mundus
1650 3301 1743 3356 hic
1764 3318 1904 3373 qua-

249 3396 413 3462 titur,
448 3399 548 3450 aut
576 3392 759 3447 nimio
785 3394 928 3445 aestu
962 3394 1020 3444 et
1052 3388 1336 3443 ariditate
1355 3395 1615 3443 vexatur.

322 3484 410 3539 43.
444 3480 573 3537 Noli
632 3480 810 3552 igitur
868 3476 1273 3532 incredibilem
1332 3478 1559 3548 opinari
1616 3495 1901 3550 aquarum

251 3569 717 3634 multitudinem,
752 3567 849 3622 sed
889 3565 1109 3637 respice
1141 3566 1212 3619 ad
1242 3565 1360 3619 vim
1384 3565 1613 3629 caloris,
1638 3572 1693 3621 et
1725 3569 1904 3622 incre-

252 3660 430 3715 dulus
463 3675 579 3713 non
610 3656 745 3712 eris.
782 3654 1033 3710 Multum
1065 3659 1155 3709 est
1206 3654 1361 3725 quod
1395 3653 1547 3726 ignis
1586 3656 1899 3711 absorbet:

258 3748 413 3821 quod
461 3745 550 3801 vel
595 3761 666 3801 ex
714 3743 811 3799 illo
858 3743 1030 3798 nobis
1087 3742 1258 3797 debet
1314 3757 1441 3797 esse
1500 3743 1899 3813 manifestum,

249 3853 380 3891 cum
429 3833 637 3890 medici
686 3849 822 3887 vasa
870 3831 1141 3903 quaedam
1184 3834 1437 3902 angusta
1486 3847 1605 3896 ore,
1640 3830 1903 3903 planiora

250 3926 519 3996 desuper,
553 3923 712 3977 intus
744 3936 1017 3984 concava,
1050 3918 1158 3974 levi
1190 3919 1438 3974 lucerna
1486 3926 1763 3992 concepto
1811 3921 1900 3976 lu-

250 4014 406 4069 mine
462 4012 717 4085 afﬁgunt
766 4008 995 4080 corpori
1063 4008 1563 4079 quemadmodum
1595 4009 1695 4065 29
1745 4010 1904 4065 calor

249 4104 346 4158 ille
378 4118 610 4157 omnem
662 4101 721 4154 in
772 4116 834 4154 se
890 4098 1081 4169 rapiat
1131 4096 1484 4151 humorem?
1535 4098 1676 4161 Quis
1722 4098 1903 4171 igitur

251 4191 476 4247 dubitet
505 4190 660 4263 quod
692 4188 912 4261 ignitus
944 4186 1143 4254 aether,
1175 4192 1232 4241 et
1280 4202 1492 4259 magno
1541 4186 1766 4243 fervens
1802 4204 1901 4243 va-

251 4298 387 4353 pore
420 4280 810 4335 inﬂammaret
862 4282 1039 4347 atque
1085 4280 1348 4331 exureret
1386 4275 1601 4341 omnia,
1633 4277 1745 4332 nisi
1776 4276 1901 4349 lege

251 4370 505 4442 quadam
520 4368 611 4424 sui
635 4366 1008 4422 cohiberetur
1028 4364 1377 4430 auctoris,ut
1396 4381 1502 4420 nec
1524 4366 1901 4431 ﬂumina,nec

251 4459 547 4523 locus,nec
576 4456 705 4526 ipsa
737 4454 923 4508 maria
950 4453 1067 4507 vim
1094 4453 1224 4522 ejus
1255 4458 1495 4523 possent
1514 4454 1901 4525 restinguere?

2086 3280 2204 3329 tum
2249 3292 2268 3328 :
2316 3283 2366 3329 et
2412 3274 2554 3330 unde
2601 3291 2706 3329 vox
2752 3274 2981 3346 utraque
3026 3276 3327 3344 desumpta.
3361 3276 3509 3330 Hinc
3552 3275 3683 3330 cwli

2084 3347 2420 3416 acceptione;
2451 3347 2776 3412 nonnulla};
2808 3350 2857 3401 et
2884 3347 2953 3402 ad
2982 3357 3306 3411 extremum,
3347 3362 3475 3400 cum
3510 3347 3680 3401 αιτιο-

2084 3434 2209 3499 rum
2240 3433 2304 3471 ac
2330 3419 2690 3487 ﬁrmamenti,
2713 3422 2833 3473 tum
2853 3417 3362 3491 aquarummoralis
3389 3419 3676 3489 interpre-

2084 3496 2235 3544 latio.

2086 3579 2171 3631 15.
2204 3577 2311 3632 Sed
2348 3580 2705 3632 revertamur
2749 3578 2822 3632 ad
2865 3577 3249 3650 propositum.
3305 3578 3432 3632 Fiat
3488 3577 3689 3633 ﬁrma-

2010 3668 2256 3719 mentum
2287 3668 2431 3721 inler
2457 3666 2699 3720 medium
2744 3681 2923 3737 aquae.
2955 3667 3080 3722 Non
3131 3668 3377 3731 moveat,
3412 3666 3526 3722 ιθ
3558 3665 3679 3721 sic-

2012 3752 2097 3807 uti
2121 3754 2246 3824 jam
2279 3753 2418 3821 dixi,
2452 3754 2591 3825 quia
2637 3772 2817 3826 supra
2862 3754 3074 3810 coelum
3114 3755 3217 3819 ait,
3248 3752 3343 3808 hic
3391 3754 3552 3809 dicit
3581 3756 3683 3823 ﬁr-

2010 3850 2382 3910 mamentum;
2434 3842 2713 3913 quoniam
2758 3849 2815 3899 et
2856 3844 3030 3900 David
3081 3843 3222 3898 dicit
3272 3859 3285 3896 :
3337 3841 3483 3896 Cain
3510 3858 3681 3898 enar-

2011 3935 2137 3987 ι·αηί
2165 3933 2400 4002 gloriam
2442 3933 2559 3997 Dei,
2590 3936 2641 3988 et
2687 3950 2850 4004 opera
2890 3950 3156 3988 manuum
3199 3932 3314 4003 ejus
3360 3932 3689 3986 annuntiat

2010 4021 2419 4090 ﬁrmamentum
2447 4021 2616 4081 (Psal.
2641 4038 2799 4090 xvm,
2831 4023 2909 4093 2),
2954 4022 3063 4077 hoc
3109 4026 3217 4089 est,
3250 4021 3467 4076 mundi
3527 4036 3691 4090 opus

2011 4125 2146 4164 cum
2190 4108 2441 4171 videtur,
2495 4126 2669 4164 suum
2720 4110 2922 4166 laudat
2968 4116 3285 4166 auctorem.
3345 4106 3693 4163 Invisibilis

2010 4197 2164 4252 enim
2197 4198 2474 4268 majestas
2505 4199 2632 4267 ejus
2664 4214 2767 4271 per
2795 4216 2863 4255 ea
2896 4216 3021 4270 quas
3064 4199 3359 4261 videntur,
3392 4196 3693 4269 agnosci-

2008 4290 2124 4341 tur.
2176 4287 2245 4340 Et
2291 4286 2521 4341 videtur
2568 4287 2711 4343 mihi
2763 4304 2972 4342 nomen
3022 4285 3301 4342 caelorum
3348 4298 3696 4339 commune

2008 4390 2155 4441 esse,
2187 4374 2325 4446 quia
2373 4375 2660 4445 plurimos
2714 4375 2890 4431 caelos
2947 4375 3253 4446 Scriptura
3286 4372 3694 4435 testiﬁcatur,

2007 4480 2219 4518 nomen
2253 4468 2447 4519 autem
2493 4480 2622 4519 esse
2668 4464 2935 4536 speciale,
2969 4464 3440 4518 ﬁrmamentum.
3479 4460 3696 4533 Siqui-

252 4548 321 4601 Εἰ
349 4545 477 4599 ideo
509 4544 764 4637 d95_uPeP
793 4542 1196 4637 aqua_iU_1Petu
1229 4541 1485 4637 (Ιυοίξᾲω
1517 4542 1898 4637 άθβοίξηάθρεν
1929 4574 1977 4637 D
2009 4554 2142 4607 dem
2172 4555 2231 4607 et
2259 4551 2353 4606 hic
2385 4552 2466 4607 ita
2490 4552 2741 4609 habetur
2768 4571 2780 4608 :
2809 4554 2876 4609 Et
2912 4554 3123 4608 vocavit
3153 4552 3295 4606 Deus
3342 4549 3697 4618 ﬁrmamen—

255 4638 311 4689 in
345 4638 539 4689 tantos
569 4631 915 4703 plerumque
944 4629 1163 4683 imbres
1194 4630 1511 4701 rumpitur,
1545 4636 1607 4685 ut
1655 4630 1901 4687 ﬂumina

253 4729 311 4779 et
342 4721 504 4777 lacus
534 4724 769 4792 repente
803 4716 1157 4789 repleantur,
1193 4717 1320 4789 ipsa
1349 4718 1536 4774 maria
1581 4722 1895 4775 exundent.

254 4810 418 4867 Unde
448 4810 783 4881 frequenter
805 4810 862 4862 et
886 4805 1067 4861 solem
1116 4807 1381 4863 videmus
1404 4808 1704 4863 madidum
1727 4814 1901 4880 atque

256 4903 572 4955 rorantem.
608 4897 672 4953 In
705 4913 819 4968 quo
846 4895 1082 4951 evidens
1125 4896 1226 4950 dat
1271 4896 1575 4963 indicium,
1609 4898 1764 4969 quod
1796 4897 1900 4953 ali-

257 4993 519 5045 mentum
551 4986 661 5043 sibi
695 5001 981 5057 aquarum
1014 4986 1086 5040 ad
1118 4986 1459 5058 temperiem
1506 4986 1598 5041 sui
1631 5004 1900 5059 sumpse-

257 5081 352 5133 rit.

332 5166 415 5221 14.
446 5167 700 5222 Tantum
732 5168 927 5219 autem
960 5163 1114 5218 inest
1145 5162 1260 5218 illis
1293 5163 1705 5237 impugnanda:
1754 5165 1899 5221 veri-

260 5255 395 5310 tatis
425 5255 709 5319 studium,
736 5257 801 5308 ut
845 5251 1030 5308 solem
1078 5251 1276 5324 ipsum
1326 5258 1538 5325 negent
1567 5252 1765 5309 calida:
1798 5272 1900 5309 na-

259 5350 402 5398 tura:
433 5360 593 5411 esse;
626 5359 692 5398 eo
726 5342 881 5413 quod
915 5341 1086 5397 albus
1117 5346 1212 5408 sit,
1246 5358 1361 5398 non
1394 5341 1778 5409 rubicundus,
1802 5349 1904 5399 aut

333 5486 443 5556 (5t)
476 5485 614 5540 Mss.
646 5483 776 5539 Vat.
829 5484 977 5556 duo,
1020 5484 1251 5549 Tanais;
1301 5484 1447 5556 Big.,
1493 5485 1695 5555 Ensis;
1750 5467 1899 5544 Vict.

260 5555 439 5632 unus,
472 5555 657 5632 Gram,
688 5556 830 5632 gen.
858 5555 1469 5632 Corb._unus,Euxils...
1502 5564 1901 5632 mss.septem,

260 5628 590 5705 praecipitat,
624 5625 855 5700 reliqui,
883 5642 951 5683 ac
981 5626 1120 5683 edit.
1155 5642 1377 5698 omnes,
1405 5625 1779 5702 precipitan's.

2009 4646 2129 4695 tum
2166 4642 2360 4696 cretum
2392 4640 2540 4712 (Gen.
2574 4659 2614 4708 ι,
2647 4642 2727 4712 8),
2778 4646 2843 4696 ut
2882 4642 3149 4696 videatur
3194 4653 3375 4709 supra
3425 4652 3697 4709 genera-

2008 4730 2141 4784 liter
2170 4730 2406 4789 dixisse.
2440 4730 2499 4784 in
2530 4731 2818 4802 principio
2839 4730 3047 4785 caelum
3082 4728 3401 4791 factum,ut
3435 4741 3701 4782 omnem

2010 4816 2231 4872 caelesti
2288 4822 2564 4873 creaturae
2618 4818 2897 4873 fabricam
2938 4814 3467 4889 comprehenderet
3519 4832 3534 4870 :
3591 4814 3699 4869 hic

2010 4908 2204 4959 autem
2238 4905 2548 4976 specialem
2596 4905 2949 4962 ﬁrmamenti
2996 4906 3175 4975 hujus
3220 4902 3552 4959 exterioris
3601 4919 3705 4958 so-

2009 4992 2297 5048 liditatem
2342 4994 2496 5064 quod
2553 4994 2767 5050 dicitur
2810 4994 2939 5049 cceli
2990 4994 3475 5056 firmamentum,
3537 4991 3708 5045 sicut

2010 5081 2261 5153 legimus
2309 5080 2368 5135 in
2416 5081 2634 5152 hymno
2688 5083 3025 5155 prophetico
3080 5100 3093 5137 :
3146 5079 3496 5136 Benedictus
3529 5095 3591 5135 es
3640 5081 3710 5135 in

2010 5170 2352 5240 ﬁrmamento
2399 5171 2522 5226 ειειί
2563 5172 2722 5243 (Dan.
2772 5188 2850 5239 ιιι,
2881 5173 2991 5244 56).
3027 5171 3173 5226 Nam
3224 5166 3474 5235 cmlum,
3530 5168 3706 5239 quod

2009 5266 2209 5332 οὐρανὸς
2240 5259 2431 5315 Graece
2461 5260 2696 5328 dicitur,
2732 5260 2955 5329 Latine,
2989 5261 3130 5331 quia
3181 5259 3494 5328 impressa
3553 5256 3707 5314 stel-

2012 5347 2201 5405 larum
2233 5347 2460 5404 lumina
2488 5348 2646 5404 velut
2688 5350 2859 5421 signa
2906 5349 3137 5414 habeat,
3170 5351 3475 5416 tanquam
3513 5345 3711 5401 caela-

2013 5490 2347 5620 ανὲἵέῗὶίἔθι.
2382 5491 2518 5548 edit.
2554 5508 2619 5548 ac
2667 5507 2810 5549 mss.
2859 5491 3104 5566 aliquot,
3135 5488 3329 5546 Divina
3374 5489 3716 5563 praefectus
