3932 6212
169 358 272 418 165

1437 351 1983 416 HEXAEMERON
2026 351 2174 412 LIB.
2219 353 2298 414 II.

3458 357 3581 416 166

169 500 291 547 tum
310 488 680 563 appellatur:
727 490 891 546 sicut
920 494 1224 563 argentum
1254 488 1407 559 quod
1444 485 1625 558 signis
1658 483 1883 557 cmi-A
1982 486 2068 545 17,
2104 486 2217 544 Nec
2272 487 2525 556 praeterit
2582 485 2817 544 retuliss
2889 490 3118 562 aliquos
3188 494 3362 549 CLDIL‘S
3435 495 3578 550 calo

172 579 436 636 nantibus
466 578 750 651 refulget,
784 578 1055 635 caelatum
1082 578 1355 644 dicimus,
1388 583 1594 648 οὐρανὸς
1630 577 1826 630 autem

170 678 257 726 ἀπὸ
280 680 368 725 τοῦ
399 677 612 741 δρᾶσθαι
669 668 896 725 dicitur
963 668 1099 739 (53),
1187 667 1343 740 quod
1415 665 1702 721 videatur.
1731 705 1745 717 .
1778 704 1791 717 .
1815 704 1827 716 .

176 758 356 831 Igitur
382 762 576 826 terrae,
612 776 747 830 quas.
803 758 1110 815 obscurior
1152 761 1263 823 est,
1295 762 1499 827 οὐρανὸς
1528 768 1831 824 nuncupa-

176 854 286 912 tur,
317 847 463 919 quia
489 846 737 903 lucidus
756 852 869 912 est,
915 852 1195 919 tanquam
1218 844 1486 900 visibilis.
1507 842 1669 898 Unde
1690 846 1832 914 puto

177 941 228 991 et
258 934 408 990 illud
437 936 710 991 dictum:
769 937 1023 993 Volatilia
1063 936 1189 991 caeli
1235 934 1346 1005 (54)
1402 949 1613 1004 semper
1648 930 1835 986 vident

178 1027 372 1095 faciem
402 1027 595 1081 Patris
642 1028 775 1093 mei,
797 1028 897 1099 qui
916 1027 974 1081 in
994 1025 1138 1080 caelis
1158 1028 1237 1080 est
1260 1023 1472 1095 (Matth.
1512 1035 1677 1091 xvui,
1727 1020 1830 1089 l8).

172 1114 234 1168 Et
259 1131 273 1168 :
300 1114 561 1168 volatilia
615 1116 768 1170 circa
822 1115 1233 1184 ﬁrmamentum
1278 1112 1406 1166 caeli
1445 1110 1596 1180 (Gen.
1632 1125 1668 1175 ι,
1700 1108 1829 1178 20);

174 1218 235 1258 eo
263 1202 425 1274 quod
458 1207 806 1275 potestates,
843 1219 971 1274 quae
1003 1206 1143 1258 sunt
1194 1201 1256 1255 in
1310 1198 1408 1255 illo
1437 1197 1650 1254 visibili
1681 1196 1829 1263 loco,

176 1295 439 1363 spectent
467 1291 596 1347 haec
627 1291 847 1359 omnia,
880 1295 938 1346 et
968 1290 1229 1361 subjecta
1258 1287 1383 1345 suis
1414 1287 1669 1343 habeant
1693 1302 1830 1341 con-

177 1379 498 1451 spectibus.

252 1469 340 1523 16.
372 1468 647 1540 Denique
694 1467 964 1524 clausum
988 1469 1200 1523 ccelum
1232 1466 1455 1522 dictum
1487 1469 1579 1521 est
1607 1469 1831 1536 tempo-

183 1557 344 1612 ribus
373 1555 517 1611 Elie
550 1555 788 1628 quando
845 1558 906 1611 in
960 1556 1154 1612 Achab
1209 1559 1268 1611 et
1315 1553 1547 1610 Jezabel
1588 1552 1833 1625 perfidia

180 1647 486 1719 regnabat,
510 1662 648 1701 cum
669 1644 932 1718 populus
960 1644 1135 1718 regali
1168 1643 1471 1716 sacrilegio
1493 1642 1829 1706 deserviret,

1940 596 2070 634 rum
2104 579 2173 633 ad
2198 575 2590 649 intelligibiles
2612 579 2873 646 virtutes,
2902 579 3333 637 firmamentum
3356 584 3427 638 ad
3451 600 3582 655 0pc—

1940 667 2205 722 ratorias.
2240 667 2308 721 Et
2340 666 2467 721 ideo
2495 666 2733 722 laudare
2791 668 2982 735 ccelos,
3034 668 3121 724 vel
3158 687 3428 727 enarrare
3456 671 3579 743 glo-

1942 754 2087 810 riam
2149 756 2268 821 Dei,
2327 756 2677 809 annuntiare
2739 756 3232 814 ﬁrmamentum:
3302 760 3404 815 sed
3464 776 3579 815 non

1941 844 2107 915 quasi
2144 843 2488 915 spiritualia,
2520 844 2617 898 scd
2651 844 2817 915 quasi
2853 862 3027 916 Opera
3058 849 3261 903 mundi
3286 853 3581 913 enarrant,

1941 933 2436 1005 quemadmodum
2497 949 2675 1003 supra
2706 934 2980 987 diximus.
3019 935 3127 989 Alii
3158 954 3390 1009 quoque
3422 937 3579 1009 puri-

1942 1022 2235 1077 ﬁcatorias
2284 1021 2528 1075 virtutes
2584 1023 2944 1092 interpretati
3005 1030 3145 1079 sunt
3199 1043 3405 1098 aquas,
3457 1044 3585 1098 qua:

1942 1126 2120 1182 suptr
2176 1109 2352 1166 cmlos
2406 1114 2564 1164 sunt.
2618 1111 2953 1182 Accipimus
3014 1112 3133 1167 ha‘c
3167 1114 3334 1184 quasi
3365 1118 3437 1170 ad
3468 1120 3585 1170 tra-

1941 1203 2131 1254 ctatus
2162 1200 2466 1255 decorem:
2528 1200 2696 1253 nobis
2758 1205 2947 1255 tamen
2985 1219 3099 1257 non
3143 1202 3399 1258 alienum
3430 1205 3584 1259 vide-

1943 1290 2037 1340 tur
2087 1291 2261 1357 atque
2310 1286 2655 1351 absurdum,
2711 1286 2757 1341 si
2811 1305 2994 1358 aquas
3026 1307 3190 1344 veras
3238 1296 3471 1363 propter
3519 1291 3588 1346 il-

1939 1373 2055 1429 lam
2090 1391 2351 1441 causam,
2383 1391 2559 1446 quam
2594 1375 2872 1443 diximus,
2904 1376 3324 1451 intelligamus.
3358 1380 3502 1435 Nam
3534 1385 3593 1437 et

1941 1480 2036 1518 ros
2068 1468 2125 1518 et
2153 1463 2285 1535 gelu
2319 1468 2375 1518 et
2406 1463 2589 1535 frigus
2622 1469 2675 1519 et
2707 1469 2905 1531 :estus,
2948 1468 3277 1523 secundum
3308 1468 3593 1541 hymnum

1940 1552 2345 1624 propheticum
2405 1552 2760 1607 benedicuut
2820 1553 3160 1623 Dominum,
3218 1556 3513 1612 benedicit
3540 1564 3597 1613 et

1939 1646 2092 1696 terra
2123 1642 2283 1712 (Dan.
2317 1657 2400 1711 ni,
2454 1642 2524 1694 64
2578 1650 2629 1695 et
2680 1643 2814 1711 seq.)
2854 1659 2865 1696 :
2928 1645 2985 1697 et
3016 1642 3114 1698 illa
3168 1662 3285 1700 non
3318 1646 3390 1700 ad
3422 1646 3595 1702 intel-

179 1751 247 1790 eo
277 1735 435 1807 quod
492 1750 668 1790 nemo
724 1735 796 1789 ad
855 1733 1064 1789 caelum
1113 1734 1313 1789 oculos
1342 1732 1624 1805 erigebat,
1655 1746 1828 1785 nemo
1934 1728 2190 1802 ligibiles
2250 1733 2492 1784 naturas
2551 1730 2883 1798 referimus,
2945 1732 3045 1785 sed
3117 1733 3187 1787 ad
3269 1734 3593 1792 veritatem.

182 1824 314 1895 ejus
341 1827 647 1879 auctorem
702 1824 1108 1890 venerabatur,
1162 1823 1262 1878 sed
1310 1820 1471 1893 ligna
1516 1824 1573 1876 et
1601 1819 1825 1891 lapides
1864 1862 1915 1927 B
1945 1818 2215 1873 Laudant
2244 1817 2420 1873 etiam
2478 1818 2761 1873 dracones
2796 1819 3116 1875 Dominum
3162 1822 3332 1893 (Psal.
3365 1840 3592 1899 CXLVIII,

233 1913 251 1927 .
361 1911 385 1927 ι
489 1915 501 1927 .
565 1911 609 1927 η
675 1913 690 1927 ι
755 1911 770 1927 ι
968 1910 1087 1927 .
1246 1910 1346 1927 ειη
1397 1910 1433 1927 -,
1490 1913 1527 1927 ,.
1658 1906 1803 1927 #4.-
1944 1908 2046 1927 ηε,
2092 1907 2211 1927 μηδ,
2283 1911 2482 1927 _-.-___
2820 1912 2863 1927 _.
3382 1914 3491 1927 ..-

183 1911 532 1967 adorabant.
565 1911 729 1967 Unde
755 1911 867 1968 hoc
898 1910 1277 1984 colligimus?
1305 1910 1450 1976 Quia
1478 1913 1536 1964 et
1566 1908 1624 1963 in
1656 1906 1834 1963 male-

186 2000 549 2056 dictionibus
599 1999 801 2073 populi
870 1999 1042 2055 Israel
1090 2000 1236 2054 dixit
1281 1998 1438 2054 Deus
1484 2014 1498 2051 :
1565 1998 1684 2051 Erit
1733 1996 1840 2051 tibi

186 2089 385 2144 artum
408 2105 579 2160 super
622 2097 785 2160 caput
832 2097 988 2144 tuum
1030 2104 1262 2153 aeneum,
1311 2090 1363 2142 et
1412 2095 1556 2143 terra
1595 2093 1691 2141 tua
1734 2085 1840 2155 fer-

198 2194 295 2232 rea
350 2178 542 2250 (Deut,
588 2194 791 2243 xxvm,
846 2177 962 2248 23),
1021 2176 1257 2249 quando
1300 2175 1553 2248 pretium
1584 2172 1839 2247 perfidiae

187 2265 360 2322 luens
390 2265 647 2338 populus
675 2265 1038 2331 Iudaeorum,
1086 2262 1432 2337 intemperie
1481 2262 1608 2318 caeli
1639 2266 1696 2318 et
1724 2265 1840 2317 ter-

189 2371 263 2409 ra
315 2354 740 2410 infecunditate
787 2353 1111 2423 multatur;
1163 2354 1237 2409 de
1285 2352 1423 2408 ccelo
1462 2351 1620 2407 enim
1664 2367 1843 2406 causa

190 2441 537 2499 fertilitatis.
569 2442 832 2515 Denique
857 2447 920 2498 et
943 2442 1167 2515 Moyses
1198 2441 1633 2497 benedictiones
1666 2438 1842 2495 tribui

192 2530 413 2603 Joseph
473 2548 510 2585 a
562 2531 782 2586 ﬁnibus
839 2528 967 2586 caeli
1025 2534 1085 2585 et
1129 2544 1259 2585 rore
1328 2527 1524 2601 abyssi
1592 2524 1843 2581 fontium

194 2621 494 2690 deorsum,
525 2623 584 2675 et
633 2619 960 2675 secundum
1004 2618 1210 2675 horam
1238 2634 1272 2673 a
1319 2616 1461 2673 solis
1492 2632 1689 2682 cursu,
1722 2620 1781 2669 et
1809 2629 1844 2667 a

192 2708 674 2765 convenientibus
728 2707 1029 2763 mensibus
1081 2708 1214 2780 (55),
1270 2709 1327 2762 et
1376 2703 1645 2760 avertice
1676 2719 1841 2757 mon-

194 2798 341 2853 tium
370 2801 430 2853 et
475 2795 716 2852 collium
747 2802 1096 2852 aeternorum
1150 2795 1333 2860 dedit,
1365 2810 1431 2850 eo
1464 2791 1618 2864 quod
1652 2790 1845 2845 mode-

197 2886 422 2942 ratione
497 2884 718 2941 caelesti
794 2889 1084 2940 terrarum
1141 2882 1468 2939 fecunditas
1528 2879 1841 2935 nutriatur.

197 2976 471 3031 Ferreum
501 2990 640 3047 ergo
698 2973 931 3040 caelum,
984 2973 1141 3045 quod
1191 2971 1421 3027 nullum
1462 2970 1708 3025 exsudat
1736 2968 1844 3022 hu-

200 3080 446 3132 morem,
476 3062 714 3135 quando
744 3060 925 3117 nullis
948 3058 1714 3130 nubibusimberrumpitur
1734 3056 1846 3127 (56)

204 3152 301 3207 Est
326 3152 506 3207 etiam
552 3152 805 3207 ferreum
836 3149 1045 3205 ccelum
1088 3149 1494 3206 subobscurus
1525 3162 1643 3213 aer,
1685 3161 1845 3217 pres-

1944 1908 2048 1978 7);
2085 1907 2223 1978 quia
2283 1911 2491 1962 natura
2550 1923 2749 1962 eorum
2813 1912 2870 1962 et
2900 1909 3123 1979 species
3178 1927 3311 1966 cum
3340 1914 3593 1985 videtur,

1946 2012 2062 2052 non
2096 1996 2386 2051 mininum
2421 1995 2509 2051 vel
2560 1996 2786 2052 decoris
2837 1998 3105 2067 oll'undit,
3157 2000 3245 2055 vel
3273 2001 3287 2024 "
3352 2018 3475 2059 esse
3506 2022 3596 2060 ra-

1946 2084 2123 2141 tionis
2148 2085 2420 2141 ostendit.

2600 2201 2830 2257 CAPUT
2868 2203 2936 2257 ν.

1951 2290 2126 2357 Quam
2194 2294 2437 2361 per/ecta
2504 2292 2695 2361 Putris
2748 2308 2813 2344 ac
2861 2292 2993 2351 Filii
3039 2295 3100 2347 in
3161 2296 3413 2361 operibus
3483 2301 3598 2352 suis

2019 2360 2350 2438 cpnjurictiq.
2419 2360 2701 2438 Victorem
2730 2363 2833 2416 Deo
2885 2366 3034 2438 atem
3069 2360 3244 2438 (atque
3273 2370 3595 2438 approbare,

2024 2432 2167 2513 Opus
2200 2431 2428 2486 laudare
2450 2432 2703 2503 partibus
2750 2434 2990 2488 nondum
3022 2431 3283 2493 absolutis
3307 2431 3417 2494 Deo
3472 2431 3597 2511 pro;

2021 2520 2224 2573 prium.

2028 2620 2110 2673 18.
2150 2620 2210 2672 Et
2242 2617 2377 2673 vidit
2431 2620 2571 2674 Deus
2628 2620 2759 2690 quia
2820 2620 3020 2674 bonum
3079 2620 3303 2691 (0612.1,
3354 2626 3458 2693 10).
3493 2626 3598 2681 Fa-

1956 2709 2036 2763 cit
2091 2707 2272 2762 Filius
2326 2708 2481 2779 quod
2538 2705 2663 2762 vult
2722 2707 2928 2763 Pater:
2991 2708 3192 2765 laudat
3222 2711 3405 2780 Pater,
3441 2714 3597 2785 quod

1954 2797 2094 2852 facit
2122 2796 2323 2852 Filius.
2375 2795 2530 2850 Nihil
2581 2796 2640 2850 in
2687 2795 2786 2851 illo
2838 2801 3059 2852 natura:
3103 2799 3407 2871 degeneris
3437 2801 3601 2857 inve-

1957 2887 2140 2954 nitur,
2175 2886 2343 2956 cujus
2375 2902 2523 2957 opus
2554 2902 2588 2939 a
2617 2889 2860 2956 paterna
2891 2903 3002 2941 non
3035 2888 3346 2960 degenerat
3392 2891 3599 2946 volun-

1957 2979 2096 3029 tate.
2127 2973 2289 3027 Vidit
2337 2974 2556 3045 utique,
2593 2990 2707 3028 non
2764 2973 2949 3030 oculis
2979 2976 3379 3047 corporalibus
3410 2978 3599 3035 inten-

1957 3062 2089 3117 dit:
2127 3061 2227 3118 sed
2290 3061 2552 3115 definivit
2610 3061 2962 3133 plenitudini
3017 3064 3215 3136 gratiae
3272 3068 3598 3136 convenire,

1960 3157 2024 3207 ut
2055 3150 2200 3207 mihi
2233 3149 2666 3221 ejusjudicium
2688 3158 3135 3223 cognosceretur
3162 3171 3173 3207 :
3202 3171 3307 3208 nos
3336 3157 3490 3210 enim
3516 3174 3604 3212 so-

200 3258 303 3296 sus
349 3246 532 3313 atque
579 3240 900 3296 nebulosus
950 3238 1139 3295 colore
1198 3237 1545 3310 ferrugineo,
1612 3234 1847 3307 Quando
1878 3229 1921 3297 C
1963 3240 2153 3296 lemus
2183 3238 2357 3294 etiam
2403 3238 2474 3293 de
2526 3237 2619 3304 iis,
2676 3255 2805 3309 qua:
2836 3239 3030 3294 divina
3085 3246 3243 3309 sunt,
3279 3242 3598 3313 disputare.

200 3331 389 3403 rigore
446 3329 682 3402 frigoris
739 3329 1048 3401 stringitur
1077 3333 1252 3396 terra,
1297 3331 1436 3381 tunc
1466 3323 1643 3380 veluti
1674 3338 1850 3395 super

204 3424 373 3491 caput
403 3424 675 3475 nostrum
735 3418 947 3473 humor
1002 3432 1330 3489 suspensus
1378 3414 1630 3482 videtur,
1663 3418 1719 3468 et
1747 3429 1850 3484 per

203 3512 499 3564 momenta
530 3506 865 3562 imminere.
915 3505 1272 3577 Plerumque
1298 3503 1474 3559 etiam
1505 3501 1850 3576 glacialibus

205 3602 511 3652 ventorum
540 3595 780 3651 ﬂatibus
809 3594 1065 3668 rigentes
1126 3611 1293 3666 aqua;
1324 3592 1763 3652 consolidantur
1791 3590 1850 3644 in

213 3687 420 3751 nivem,
471 3689 531 3740 et
588 3687 760 3756 rupto
817 3700 947 3740 aere
1007 3684 1109 3739 nix
1140 3681 1423 3738 funditur.
1464 3681 1663 3751 Neque
1693 3678 1850 3735 enim

216 3774 648 3829 ﬁrmamentum
698 3773 806 3827 hoc
854 3777 1044 3844 potest
1089 3771 1215 3827 sine
1261 3769 1458 3841 aliquo
1501 3768 1697 3840 rumpi
1736 3768 1851 3822 fra-

220 3879 349 3936 gore
394 3864 531 3934 (57).
564 3862 696 3917 Ideo
724 3866 781 3917 et
811 3861 1249 3916 firmamentum
1303 3860 1398 3915 ³1
1435 3857 1665 3924 dicitur,
1698 3856 1854 3928 quod

222 3970 331 4006 non
361 3952 439 4008 sit
466 3950 811 4015 invalidum,
844 3966 949 4005 nec
1001 3950 1339 4005 remissum.
1387 3946 1550 4003 Unde
1582 3950 1638 4002 et
1668 3946 1739 4001 de
1767 3951 1855 4001 to-

223 4041 510 4109 nitrubus,
546 4056 672 4111 quae
702 4043 978 4111 concepto
1001 4037 1156 4093 intra
1184 4036 1379 4093 sinum
1403 4035 1650 4091 nubium
1683 4034 1855 4106 spiri-

223 4134 281 4183 tu
309 4146 444 4185 cum
478 4146 542 4185 se
569 4129 943 4185 vehementer
970 4133 1289 4200 erupturus
1319 4125 1539 4182 eliserit
1563 4124 1697 4196 (58),
1732 4140 1854 4179 ma-

224 4234 330 4291 gno
375 4223 726 4292 concrepant
777 4217 994 4286 sonitu,
1046 4218 1128 4272 ait
1194 4214 1539 4287 Scriptura:
1603 4215 1857 4268 Firmans

226 4310 458 4364 tonitrua
503 4309 684 4380 (Amos
739 4325 818 4373 1v,
879 4308 987 4379 13).
1035 4308 1082 4361 Α
1139 4304 1414 4360 ﬁrmitate
1464 4319 1601 4376 ergo
1661 4302 1855 4357 ﬁrma-

224 4403 476 4453 mentum
505 4405 593 4453 est
622 4402 1052 4469 nuncupatum,
1080 4395 1169 4451 vel
1204 4394 1359 4467 quod
1418 4392 1616 4449 divina
1643 4393 1857 4447 virtute

226 4485 514 4542 ﬁrmatum
546 4487 643 4556 sit,
702 4487 859 4542 sicut
913 4486 1216 4558 Scriptura
1258 4500 1367 4539 nos
1398 4482 1586 4538 docet:
1618 4481 1854 4536 dicens:

1957 3331 2027 3385 Et
2057 3328 2197 3400 quid
2230 3328 2445 3383 mirum
2479 3326 2527 3382 si
2576 3327 2647 3381 de
2677 3343 2848 3399 opere
2880 3332 3190 3385 retractare
3222 3332 3465 3401 possint,
3500 3333 3603 3404 qui

1961 3419 2030 3473 de
2064 3417 2248 3490 ipsius
2282 3414 2602 3487 operatoris
2654 3415 3024 3488 generatione
3082 3418 3301 3474 faciunt
3333 3421 3602 3491 quazstio-

1962 3523 2065 3561 nes
2087 3506 2114 3560 ?
2148 3505 2346 3577 Ipsum
2380 3505 2437 3559 in
2460 3503 2750 3575 judicium
2783 3510 3010 3573 vocant,
3038 3506 3230 3577 ipsum
3256 3507 3601 3580 inaequalem

1962 3600 2136 3667 atque
2167 3595 2514 3666 degenerem
2547 3610 2805 3649 asserere
2836 3600 3136 3649 conantur.
3172 3596 3470 3671 Idcojegis
3496 3615 3508 3652 :
3540 3600 3605 3654 Et

1963 3684 2109 3739 dixit
2141 3688 2303 3752 Deus,
2336 3686 2389 3737 et
2417 3683 2545 3752 fecit
2574 3683 2729 3738 Deus.
2755 3683 3170 3753 EodemPater
3190 3689 3246 3740 et
3267 3685 3449 3741 Filius
3482 3704 3604 3743 ma-

1958 3772 2190 3844 jestatis
2247 3771 2608 3827 honorantur
2665 3773 2921 3828 nomine.
2982 3776 3049 3828 Et
3108 3774 3240 3830 vidit
3296 3776 3434 3831 Deus
3477 3779 3608 3848 quia

1967 3863 2183 3917 bonum.
2243 3862 2401 3916 Dixit
2458 3866 2740 3932 tanquam
2795 3862 2993 3917 omnia
3048 3880 3176 3933 qua:
3235 3863 3402 3919 Pater
3438 3864 3610 3921 vellet

1965 3950 2191 4017 scienti,
2227 3954 2284 4005 et
2314 3949 2453 4003 vidit
2484 3952 2781 4019 tamquam
2816 3949 3012 4003 omnia
3045 3966 3171 4019 quae
3196 3948 3377 4005 Filius
3398 3950 3610 4007 faceret

1966 4039 2213 4095 scientia
2240 4042 2464 4103 tenens,
2497 4041 2553 4091 et
2582 4036 2841 4092 efﬁciens
2873 4037 3204 4107 Operationc
3226 4039 3497 4093 consorti.

2041 4130 2126 4183 19.
2164 4127 2313 4183 Vidit
2345 4128 2471 4197 quia
2504 4126 2721 4181 bonum.
2756 4125 2881 4180 Non
2913 4125 3115 4195 utique
3154 4126 3424 4198 cognovit
3453 4129 3609 4198 quod

1967 4218 2281 4282 nesciebat,
2312 4216 2414 4271 sed
2472 4214 2736 4286 probavit
2780 4213 2935 4285 quod
2971 4213 3250 4286 placebat.
3288 4215 3410 4271 Non
3442 4218 3611 4287 quasi

1966 4306 2328 4380 incognitum
2371 4302 2590 4376 placuit
2627 4319 2812 4374 opus;
2847 4302 2983 4374 quia
3014 4319 3117 4357 nec
3148 4304 3315 4375 quasi
3350 4304 3611 4378 incogni-

1967 4404 2064 4453 tus
2096 4396 2264 4450 Pater
2294 4394 2393 4466 qui
2428 4391 2782 4464 complacuit
2836 4390 2895 4445 in
2947 4391 3108 4457 Filio,
3143 4392 3297 4448 sicut
3326 4392 3610 4466 scriptum

1968 4486 2226 4556 est:_Hic
2252 4492 2329 4539 est
2360 4483 2534 4537 Filius
2586 4496 2739 4536 meus
2793 4480 3041 4547 dilectus,
3086 4483 3143 4535 in
3190 4482 3289 4538 32
3320 4499 3423 4555 quo
3471 4484 3615 4539 mihi

225 4576 448 4632 Laudate
515 4593 642 4632 eum
689 4578 749 4631 in
812 4575 1160 4646 ﬁrmamento
1222 4575 1444 4630 virtutis
1498 4572 1617 4643 ejus
1683 4570 1855 4642 (Psal.
1888 4596 1937 4662 Ι)
1968 4576 2273 4647 complacui
2297 4572 2509 4662 (Matth.
2537 4588 2622 4639 III,
2654 4570 2763 4662 17:).
2797 4570 2917 4625 Scit
2946 4576 3142 4625 autem
3168 4573 3613 4644 semperuFilius

234 4680 312 4733 CL,
343 4668 414 4737 1).

288 4809 397 4881 (53)
450 4808 605 4865 Edit.
668 4809 795 4863 Era.
848 4811 907 4864 et
962 4809 1318 4881 sequentes;
1349 4813 1446 4881 ἀπὸ
1491 4814 1579 4862 τοῦ
1613 4811 1733 4876 δρᾷν
1761 4812 1862 4859 ἄνω

224 4879 405 4951 (Rom.
465 4882 631 4936 addit
684 4881 770 4935 vel
825 4887 1044 4951 ὁρᾶσθαι,
1106 4879 1246 4951 quod
1306 4879 1557 4951 videatur
1609 4887 1701 4943 τῆν
1739 4883 1863 4951 δληγ

220 4948 334 5025 ὂρᾷν
388 4963 573 5010 ἄνωθεν
626 4963 739 5024 γὴν.
770 4948 912 5025 MSS.
945 4958 1040 5007 ἀπὸ
1087 4948 1174 5007 rei")
1197 4960 1406 5025 optio-rut
1442 4948 1864 5025 diciturtquod

220 5018 480 5082 videatur.
515 5018 658 5082 Mss".
685 5018 951 5095 quinque
982 5018 1415 5095 probatissimi.
1443 5062 1456 5074 .
1490 5019 1629 5095 quod
1657 5018 1861 5095 dividi-

219 5102 323 5151 tur.
355 5101 427 5154 Δὶ
456 5115 586 5170 quae
617 5092 951 5170 sequuntur
984 5092 1204 5149 'Grazca
1258 5092 1452 5157 verba,
1512 5093 1595 5144 ita
1617 5092 1863 5170 confuse

220 5160 575 5237 scribuntur,
608 5174 677 5225 ut
698 5160 742 5221 ᾖ
770 5164 1006 5221 nemine
1035 5179 1237 5221 eorum
1261 5179 1409 5235 quos
1431 5160 1859 5237 consuluimus,

217 5232 673 5314 legipotuerint.
706 5237 1147 5314 Subodoramur
1203 5232 1684 5314 tamenperhaec
1714 5248 1859 5314 non-

218 5303 456 5370 nihil-de
486 5312 778 5369 divisione
808 5307 937 5364 cceli
968 5324 1002 5363 a
1059 5305 1275 5362 circulo
1305 5303 1601 5361 horizonte
1631 5303 1862 5375 signata

218 5382 476 5440 indicari.

282 5456 390 5527 (54)
420 5456 599 5523 Edit.,
634 5449 934 5510 nonnullae
956 5449 1134 5527 Paris.
1161 5449 1414 5505 volatilia
1443 5447 1863 5527 caeli,_et_ii_qtqn-

214 5520 475 5601 semper
530 5520 761 5590 terram,
819 5538 973 5579 secus
1012 5523 1425 5594 ﬁrmamentum
1471 5520 1614 5575 caeli.
1651 5520 1857 5601 LXX...

214 5606 287 5653 ιπξ
500 5611 592 5672 γῆς
669 5622 766 5672 κατ
806 5640 809 5641 ,
849 5605 907 5652 τὸ
950 5604 1242 5672 ,στερέωμα
1308 5604 1395 5672 τοῦ
1430 5602 1696 5672 μούροινοΰ.
1758 5599 1863 5657 Hic

209 5663 763 5747 autemisig'n'iﬁcari
795 5663 1037 5747 angelos
1067 5663 1220 5747 clare
1249 5663 1576 5747 ostenditur
1614 5684 1683 5747 ex
1716 5672 1860 5747 _Am-

205 5740 393 5805 brosio
421 5736 525 5804 ι.ῑ
556 5744 632 5805 de
690 5736 1011 5820 Interp'ell.,
1071 5754 1122 5799 ο.
1152 5740 1209 5811 9,
1268 5737 1485 5796 Eadem
1517 5741 1862 5816 metaphora

1968 4664 2326 4720 voluntatem
2358 4660 2569 4727 Patris,
2620 4663 2678 4715 et
2704 4659 2874 4715 Pater
2922 4660 3073 4729 Filii,
3106 4664 3161 4716 et
3188 4662 3351 4717 audit
3379 4666 3613 4718 Patrem

1972 4824 2146 4865 usum
2178 4805 2433 4878 reperias
2451 4804 2690 4878 beatum
2705 4803 2826 4858 'Job
2856 4820 3074 4871 xxvmi,
3105 4807 3140 4857 2
3164 4804 3425 4871 ;jvidesis
3455 4802 3611 4874 glos-

1972 4896 2098 4937 sam
2132 4874 2323 4933 interl.
2358 4875 2429 4929 ad
2462 4876 2643 4930 istum
2675 4874 2891 4929 locum.

2042 4953 2154 5022 (55)
2189 4951 2273 5003 Ita
2302 4946 2499 5019 plures
2527 4963 2595 5022 ac
2648 4946 2899 5022 potiores
2953 4960 3136 5022 mss“;
3180 4952 3238 4998 at
3265 4945 3650 5022 recentiores.

1972 5016 2193 5095 aliquot
2236 5016 2424 5095 gat—que
2477 5017 2639 5083 edit.,
2670 5033 2704 5069 a
2757 5016 2955 5095 finibus
3009 5016 3148 5095 cati,
3182 5019 3420 5095 ’νονεκιυι
3450 5017 3610 5095 ab”-

1968 5084 2347 5164 sis'fontium'
2382 5088 2633 5164 deorsum
2678 5088 3058 5164 venientibus;
3089 5084 3284 5164 Vulg,
3325 5084 3611 5164 tienpoinis

1969 5156 2110 5221 ca’li'
2142 5172 2192 5218 ct
2240 5176 2361 5215 rore
2435 5161 2621 5229 atque
2665 5157 2856 5229 abysso
2921 5156 3274 5229 subiaeeute;
3325 5156 3485 5223 LXX,
3515 5165 3612 5215 ἀπὸ

1969 5236 2095 5301 ὁρῶν
2164 5231 2392 5296 οὐρανοῦ,
2466 5225 2549 5275 uel
2601 5225 2797 5289 δρόσόυ,
2854 5228 2937 5275 καὶ
2990 5225 3086 5275 ἀπὸ
3149 5228 3381 5280 ἀϐύσσων
3439 5232 3611 5293 πηγῶν

1968 5305 2201 5357 κάτωθεν.

2044 5381 2160 5447 (56)
2193 5377 2359 5431 Rom.
2419 5371 2579 5437 edit.,
2620 5370 2812 5447 nullus
2855 5371 3093 5427 nubibus
3134 5373 3306 5447 imber
3353 5374 3609 5447 erumpit.

2039 5443 2154 5523 (57)
2185 5450 2323 5503 Post
2353 5458 2519 5523 voces
2548 5443 2736 5511 rumpi
2780 5444 3055 5523 frangam,
3103 5446 3341 5523 additur
3373 5443 3609 5523 incdit.

1968 5514 2067 5584 aut
2088 5514 2386 5599 penetrari.
2449 5514 2549 5599 Et.
2576 5529 2740 5567 num.
2802 5514 2888 5577 17,
2923 5521 3051 5586 post
3102 5517 3352 5599 gloriaris
3369 5517 3483 5588 Dei,
3511 5516 3611 5571 ad-

1942 5588 2471 5677 .qitu'r‘infeisdem
2502 5589 2553 5642 et
2591 5599 2753 5658 opera
2794 5601 3061 5643 manuum
3104 5588 3242 5663 ejus.
3288 5588 3610 5661 Utrumque

1971 5650 2394 5742 deestfin’mss.
2481 5730 2520 5742 υ

2041 5733 2157 5816 (58)
2184 5738 2401 5794 Omnes
2431 5732 2597 5803 edit.,
2629 5736 2890 5808 eruptura
2916 5733 3178 5793 eliserint.
