3932 6212
284 349 397 407 167

1741 338 1809 398 S.
1856 339 2230 399 AMBllUSll

3570 337 3696 395 168

280 479 461 536 Filius
492 493 741 550 semper,
802 479 859 531 et
916 475 1083 530 Pater
1127 472 1336 529 Filium
1368 488 1471 543 per
1500 470 1785 526 unitatem
1820 488 1921 525 na-
1953 472 2008 539 Α
2036 487 2279 543 corpora
2335 471 2632 525 excudunt
2687 470 2756 523 de
2790 483 3100 534 marmore,
3163 468 3249 523 vel
3293 483 3402 524 aere
3431 470 3687 540 fingunt,

280 572 446 636 turis,
476 564 794 622 voluntatis
824 567 1001 635 atque
1031 559 1391 617 substantiae.
1449 557 1708 629 Denique
1747 562 1922 613 testa-

278 662 377 711 tur
395 656 505 711 hoc
528 654 588 710 in
609 651 921 725 Evangelio
951 667 1057 707 suo
1091 649 1291 714 Filius,
1320 648 1519 702 dicens
1552 647 1624 701 ad
1648 647 1876 700 Patrem
1908 663 1921 700 :

278 745 524 800 Sciebam
566 745 697 815 quia
739 757 952 812 semper
998 756 1085 793 me
1129 738 1288 792 audis
1319 739 1493 809 (Joan.
1528 752 1606 800 x1,
1641 736 1749 807 42).
1786 736 1933 790 Ima-

277 850 351 907 go
381 838 471 889 est
526 832 682 888 enim
741 827 1054 884 invisibilis
1112 827 1215 882 Dei
1260 825 1464 881 Filius.
1499 824 1708 879 Omnia
1740 824 1927 879 Patris

277 923 447 994 quasi
468 920 660 992 imago
704 916 993 989 exprimit,
1019 916 1218 971 omnia
1263 914 1393 985 ejus
1441 913 1609 985 quasi
1656 912 1930 984 splendor

276 1009 472 1083 gloriae
504 1008 818 1072 illuminat,
854 1010 1030 1077 atque
1080 1003 1250 1059 nobis
1284 1003 1639 1058 manifestat.
1672 1002 1844 1057 Videt
1871 1007 1928 1057 et

273 1097 453 1154 Filius
499 1096 688 1151 Patris
741 1112 909 1167 opus,
967 1094 1120 1149 sicut
1171 1098 1229 1148 et
1257 1093 1427 1148 Pater
1463 1090 1633 1158 Filii;
1667 1092 1821 1146 sicut
1870 1096 1928 1147 et

274 1187 401 1260 ipse
442 1186 730 1242 Dominus
762 1182 1111 1239 declaravit:
1144 1184 1259 1238 Non
1302 1184 1478 1253 potest
1527 1181 1701 1236 Filius
1742 1182 1925 1251 facere

272 1293 306 1331 a
329 1292 388 1331 se
442 1275 741 1348 quidquam
785 1274 900 1327 nisi
944 1271 1083 1344 quod
1128 1271 1327 1325 viderit
1370 1272 1662 1340 facientem
1708 1271 1926 1325 Patrem

273 1366 451 1436 (Joan.
507 1382 562 1431 v,
624 1362 733 1433 19).
789 1361 962 1416 Videt
1020 1376 1157 1432 ergo
1224 1359 1532 1414 facientem
1583 1358 1833 1424 Patrem,
1867 1362 1925 1413 et

270 1454 428 1509 videt
456 1470 562 1526 per
589 1454 878 1507 secretum
929 1448 1241 1504 invisibilis
1274 1452 1516 1515 natura),
1564 1452 1621 1503 et
1651 1446 1815 1502 audit
1843 1446 1921 1502 si-

272 1541 507 1597 militer.
557 1540 817 1611 Denique
848 1538 965 1594 ait:
1003 1538 1155 1593 Sicut
1196 1537 1383 1603 audio,
1433 1536 1644 1607 judico,
1677 1538 1729 1591 et
1765 1534 1920 1606 judi-

270 1632 420 1686 cium
463 1645 645 1685 meum
688 1644 880 1683 verum
926 1635 1051 1693 est;
1115 1627 1247 1697 quia
1296 1642 1406 1680 non
1454 1641 1575 1679 sum
1613 1624 1780 1692 solus,
1830 1622 1923 1680 sed

270 1734 387 1788 ego,
426 1727 478 1775 et
506 1719 603 1789 qui
624 1718 779 1772 misit
813 1732 903 1771 me
930 1717 1097 1770 Pater
1127 1716 1303 1785 (Joan.
1338 1728 1461 1781 vm,
1499 1714 1607 1783 16).

339 1809 429 1863 20.
463 1806 581 1861 Hoc
612 1805 925 1877 mysticum
957 1808 1068 1868 est,
1100 1801 1247 1857 illud
1288 1801 1526 1858 morale.
1560 1800 1720 1857 Vidit
1750 1800 1918 1869 mihi,

270 1895 538 1968 probavit
569 1892 734 1949 mihi.
770 1892 933 1957 Quod
988 1890 1142 1947 Deus
1190 1890 1474 1963 probavit,
1507 1893 1571 1945 tu
1603 1889 1921 1961 reprehen-

271 1983 443 2040 sibile
472 1999 546 2039 ne
575 1981 790 2037 dixeris
815 1999 829 2049 ;
864 1980 1144 2052 quoniam
1186 1979 1328 2050 quod
1355 1980 1492 2034 Deus
1518 1978 1828 2047 mandavit,
1860 1988 1922 2033 tu

269 2088 555 2130 commune
579 2088 651 2127 ne
679 2070 888 2126 dixeris
918 2069 1052 2141 (Act.
1085 2086 1142 2135 x,
1176 2068 1287 2139 15),
1330 2067 1619 2139 scriptum
1652 2067 1759 2122 tibi
1792 2084 1920 2123 esse

271 2160 628 2228 meministi;
661 2176 798 2231 ergo
829 2160 1048 2214 bonum
1079 2157 1181 2213 Dei
1209 2173 1381 2213 nemo
1403 2156 1915 2229 blasphemet(59).

270 2252 328 2307 Si
362 2252 798 2306 ﬁrmamentum
831 2249 1075 2311 bonum,
1102 2250 1319 2318 quanto
1349 2246 1538 2317 magis
1570 2245 1760 2301 bonus
1792 2246 1919 2315 ejus

270 2343 532 2406 creator;
567 2337 801 2394 etiamsi
833 2336 1029 2392 Ariani
1092 2335 1302 2406 nolint,
1360 2335 1708 2392 Eunomiani
1738 2335 1917 2392 recla-

270 2432 453 2494 ment,
485 2425 699 2482 radicis
730 2425 1036 2498 degeneris
1066 2425 1292 2479 fructus
1331 2422 1601 2480 deterior.

338 2517 428 2571 21.
469 2515 628 2581 Vidit,
690 2514 884 2586 inquit
939 2515 1080 2569 Deus
1139 2514 1271 2584 quia
1329 2514 1547 2568 bonum.
1595 2512 1793 2569 Solent
1824 2529 1915 2568 ar-

268 2606 455 2661 tifices
484 2602 721 2678 singula
750 2603 914 2676 prius
942 2604 1151 2671 facere,
1205 2606 1262 2658 et
1290 2605 1492 2673 postea
1533 2600 1715 2657 habili
1756 2618 1915 2657 com-

270 2694 548 2750 missione
595 2697 969 2749 connectere:
1023 2697 1089 2746 ut
1117 2690 1218 2764 qui
1248 2688 1448 2746 vultus
1479 2689 1788 2745 hominum
1819 2688 1911 2745 vel

340 2859 450 2930 (59)
481 2858 669 2914 Codex
695 2858 821 2930 Big.
853 2858 1130 2930 etGem.,
1191 2858 1387 2913 bonum
1442 2872 1641 2930 nomen
1694 2858 1787 2930 Dei
1827 2874 1917 2913 ne-

270 2928 357 2985 mo
415 2928 792 3002 btasphemet."
825 2928 938 2983 Alii
988 2933 1256 3000 quatuor.
1287 2972 1299 2985 .
1328 2970 1381 2983 ..
1435 2944 1506 2983 ne
1562 2928 1913 2999 biasphemes.

2040 558 2129 615 vel
2161 559 2307 615 ceris
2349 559 2704 631 exprimunt,
2765 574 2881 613 non
2940 562 3135 613 tamen
3184 557 3381 613 sciunt
3408 560 3691 630 quemad-

2040 649 2281 703 modum
2312 648 2421 703 sibi
2456 648 2683 720 possiut
2713 647 2977 702 membra
3005 646 3237 718 singula
3267 646 3592 715 convenire,
3626 652 3693 703 et

2040 738 2180 810 quid
2210 737 2412 810 gratiae
2460 738 2661 792 atterat
2710 736 2907 791 futura
2963 737 3278 802 connexio;
3313 740 3372 791 et
3423 736 3550 792 ideo
3581 741 3690 792 aut

2039 826 2279 882 laudare
2309 844 2424 881 non
2456 826 2694 891 audent,
2749 830 2852 880 aut
2901 842 3004 896 pro
3038 831 3201 896 parte
3231 824 3494 880 laudant.
3529 830 3689 881 Deus

2036 933 2169 971 vero
2200 921 2483 987 tanquam
2534 916 2857 970 aestimator
2902 914 3324 981 universitatis,
3356 913 3689 985 praevidens

2037 1023 2163 1077 quae
2196 1006 2392 1060 futura
2421 1009 2578 1070 sunt,
2638 1003 2807 1075 quasi
2864 1003 3119 1075 perfecta
3139 1003 3265 1072 jam
3299 1001 3520 1069 laudat,
3551 1020 3686 1075 quae

2037 1094 2228 1149 adhuc
2258 1094 2317 1149 in
2350 1093 2523 1165 primi
2555 1093 2747 1165 operis
2803 1092 3038 1147 exordio
3086 1096 3243 1158 sunt,
3279 1091 3454 1147 ﬁnem
3486 1091 3684 1163 operis

2036 1182 2363 1256 cognitione
2415 1182 2791 1254 praeveniens.
2818 1181 2933 1236 Nec
2962 1181 3202 1248 mirum,
3234 1180 3283 1236 si
3315 1180 3469 1251 apud
3500 1196 3685 1252 quem

2034 1290 2231 1329 rerum
2292 1272 2587 1344 perfectio,
2649 1288 2765 1327 non
2824 1271 2883 1325 in
2928 1270 3433 1325 consummatione
3461 1270 3682 1342 operis,

2033 1363 2136 1417 sed
2161 1360 2219 1415 in
2267 1377 2385 1416 sua:
2442 1358 2949 1431 praedestinatione
2977 1363 3065 1413 est
3106 1357 3443 1424 voluntatis,
3476 1357 3686 1414 laudat

2033 1449 2287 1523 singula,
2321 1450 2491 1521 quasi
2536 1447 2937 1503 convenientia
2965 1447 3219 1503 futuris:
3253 1446 3457 1503 laudat
3485 1446 3683 1519 pleni-

2031 1539 2295 1594 tudinem
2327 1536 2696 1609 singulorum
2750 1539 3054 1591 venustate
3113 1536 3515 1608 compositam.
3570 1534 3685 1592 Illa

2031 1632 2121 1683 est
2146 1627 2301 1683 enim
2330 1642 2467 1682 vera
2496 1625 2889 1697 pulchritudo,
2923 1628 2980 1680 et
3007 1623 3068 1679 in
3098 1623 3353 1697 singulis
3395 1622 3685 1680 membris

2030 1734 2160 1774 esse
2191 1716 2345 1788 quod
2375 1716 2594 1782 deccat,
2629 1719 2686 1770 et
2715 1714 2774 1768 in
2801 1718 2919 1769 toto
2944 1739 2959 1782 ;
2991 1719 3057 1768 ut
3086 1715 3147 1769 in
3180 1712 3437 1786 singulis
3464 1712 3685 1785 gratia,

2027 1807 2089 1861 in
2114 1804 2389 1861 omnibus
2420 1804 2616 1860 formae
2638 1803 3035 1859 convenientis
3055 1802 3357 1874 plenitudo
3380 1801 3680 1857 laudetur.

2098 1898 2189 1949 22.
2222 1894 2332 1950 Sed
2383 1894 2510 1964 jam
2567 1892 2744 1948 etiam
2802 1893 3099 1949 secundus
3157 1891 3328 1947 nobis
3370 1889 3685 1946 claudatur

2026 1984 2174 2052 dies,
2208 2000 2280 2039 ne
2312 1983 2454 2037 dum
2513 1998 2661 2053 opus
2717 1981 3039 2037 astruimus
3098 1978 3474 2044 ﬁrmamenti,
3505 1978 3680 2034 inﬁr-

2028 2073 2242 2128 miores
2272 2088 2392 2141 eos,
2425 2071 2526 2143 qui
2558 2070 2828 2137 audiunt,
2881 2069 3111 2125 dicendi
3140 2067 3466 2141 prolixitate
3493 2067 3682 2123 facia-

2028 2178 2201 2231 mus;
2262 2161 2403 2216 dum
2459 2159 2520 2214 in
2575 2162 2805 2215 noctem
2859 2174 3049 2213 sermo
3121 2157 3482 2230 producitur,
3540 2172 3678 2227 quae

2026 2250 2218 2306 adhuc
2249 2265 2455 2305 carens
2481 2247 2633 2304 luna
2664 2247 3084 2318 stellarumque
3113 2246 3358 2317 lumine,
3405 2246 3679 2302 nondum

2027 2340 2184 2395 enim
2234 2332 2551 2394 luminaria
2604 2342 2799 2394 creata
2827 2341 2967 2393 sunt
3022 2336 3151 2393 coeli
3180 2336 3315 2407 (60),
3347 2335 3679 2391 obscurita-

2024 2434 2143 2484 tem
2201 2428 2388 2500 possit
2445 2428 2651 2483 aﬂ‘erre
2707 2427 3162 2483 remeantibus:
3223 2424 3402 2480 simul
3445 2428 3510 2479 ut
3539 2423 3678 2479 cibo

2026 2522 2284 2590 potaque
2314 2521 2595 2573 curentur
2622 2532 2884 2588 corpora,
2916 2532 3010 2582 ne,
3034 2514 3249 2571 animis
3268 2512 3676 2586 epulantibus,

2027 2605 2313 2679 fragilitas
2344 2606 2537 2663 carnis
2567 2606 2638 2662 de
2670 2609 2952 2662 nocturno
2994 2619 3227 2676 quoque
3271 2602 3498 2674 jejunio
3527 2617 3678 2656 con-

2027 2699 2326 2767 queratur.

2095 2856 2205 2923 (60)
2240 2854 2380 2910 Mss.
2414 2858 2683 2925 quatuor,
2744 2868 2868 2925 quae
2895 2854 3019 2908 coeli
3046 2853 3427 2907 obscuritatem
3451 2850 3677 2921 possint

2022 2928 2244 2998 auferre
2271 2927 2658 2983 remeantibus.

1499 3307 1840 3397 LIBER
1898 3304 2429 3394 TERTIUS.

1376 3515 1492 3575 DE
1553 3514 1866 3575 OPERE
1926 3511 2254 3574 TERTII
2318 3511 2540 3572 DIE].

1758 3721 2179 3732 —-————-—-—--———

656 3904 759 3961 u
789 3888 1023 3960 CAPUT
1062 3904 1103 3958 ι.
1146 3903 1369 3975 (Sermo
1403 3902 1537 3972 1v.)-

269 3994 404 4050 Cum
428 4007 589 4067 aqua:
630 3992 817 4049 divino
850 3992 1136 4067 robediant_
1167 3993 1416 4063 imperio,
1464 3992 1709 4047 homines
1739 3989 1913 4067 eidem

336 4082 448 4122 non
468 4063 675 4137 ‘parere
720 4066 1079 4137 ﬂagitiosum.
1108 4065 1168 4118 In
1200 4079 1470 4134 aquarum
1498 4063 1914 4137 congregatione

335 4133 585 4192 Ecclesiae
626 4133 865 4207 ﬁguram
921 4133 1391 4207 exprimizo’uam
1427 4133 1762 4205 praeclarum
1798 4149 1914 4207 spe-

335 4208 609 4264 ctaculum
627 4205 897 4263 exhibeat
947 4205 1135 4262 eadem
1181 4206 1419 4261 Ecclesia
1462 4227 1482 4273 ;
1545 4213 1596 4261 et
1653 4205 1913 4276 quomodo

333 4296 496 4351 super
521 4282 758 4351 ﬂumina
801 4278 1033 4351 fundata
1056 4279 1148 4332 sit.

334 4368 386 4422 1.
420 4368 554 4423 Dies
580 4348 987 4424 tertiu‘sinobis
1017 4366 1193 4421 hodie
1220 4365 1283 4420 in
1315 4381 1583 4420 sermone
1614 4367 1910 4428 nascatur,

263 4454 365 4526 qui
425 4459 590 4510 ortus
644 4460 734 4510 est
787 4455 847 4510 in
903 4454 1172 4510 lectione.
1231 4452 1552 4509 Praeclarus
1611 4453 1757 4521 dies,
1810 4452 1910 4524 qui

263 4550 480 4598 terram
512 4560 547 4597 a
576 4543 881 4615 naufragio
909 4542 1197 4611 liberavit,
1230 4542 1457 4597 dicente
1489 4542 1643 4598 Deo:
1681 4541 1911 4613 Congre-

262 4636 421 4701 getur
447 4648 591 4702 aqua
640 4647 767 4703 quae
822 4641 900 4686 est
928 4633 1027 4686 sub
1083 4632 1215 4687 οωιο
1257 4632 1318 4686 in
1356 4632 1767 4703 congregatione
1796 4648 1910 4687 una

264 4720 416 4790 (Gen.
454 4720 504 4788 1,
536 4720 611 4792 9).
671 4719 751 4775 De
809 4736 926 4792 quo
982 4720 1380 4791 praefationem
1439 4720 1653 4775 adoriri
1694 4719 1905 4793 placet.

260 4812 636 4878 congregetur
663 4825 807 4881 aqua
863 4809 1084 4864 dictum
1144 4813 1251 4875 est,
1282 4813 1339 4865 et
1394 4814 1742 4880 congregata
1778 4814 1905 4877 est;

262 4905 320 4952 et
348 4898 686 4971 frequenter
716 4899 949 4965 dicitur,
981 4900 1380 4971 Congregetur
1408 4897 1682 4971 populus,
1714 4902 1771 4953 et
1791 4915 1905 4953 non

246 4984 667 5058 'congregatur.
702 4987 827 5043 Non
859 4985 1171 5042 mediocris
1202 4986 1389 5059 pudor
1418 4991 1507 5042 est
1536 4986 1780 5058 imperio
1803 4986 1903 5042 Dei

260 5072 628 5129 insensibilia
658 5073 946 5131 elementa
975 5092 1194 5147 parere,
1228 5079 1285 5130 et
1325 5073 1592 5130 homines
1624 5091 1738 5129 non
1768 5074 1903 5130 obe-

260 5160 404 5230 dire,
437 5162 653 5234 quibus
710 5179 920 5219 sensus
952 5164 1023 5218 ab
1053 5163 1182 5234 ipso
1234 5162 1494 5219 tributus
1524 5167 1616 5218 est
1644 5167 1899 5219 auctore.

261 5251 326 5304 Et
357 5249 604 5307 fortasse
634 5250 727 5307 hic
753 5252 939 5323 pudor
968 5251 1184 5318 fecerit,
1217 5256 1284 5307 ut
1313 5251 1487 5308 hodie
1520 5251 1717 5325 plures
1766 5269 1906 5308 con—

260 5337 534 5394 veniretis
559 5356 574 5406 ;
608 5356 678 5395 ne
709 5356 826 5411 quo
856 5340 948 5395 die
1005 5344 1357 5413 congregata
1380 5348 1466 5395 est
1496 5357 1649 5413 aqua
1678 5341 1739 5396 iu
1770 5358 1905 5397 con-

260 5425 656 5496 gregationem
716 5444 915 5494 unam,
976 5444 1043 5484 eo
1101 5428 1194 5484 die
1244 5428 1496 5502 populus
1526 5446 1903 5502 nequaquam

261 5518 652 5587 congregatus
681 5516 739 5572 in
771 5515 1076 5573 ecclesiam
1103 5516 1331 5573 Domini
1370 5517 1687 5576 videretur.
1754 5566 1765 5577 .

330 5603 383 5661 2.
416 5601 531 5663 Nec
563 5601 672 5663 hoc
728 5603 920 5665 solum
978 5604 1306 5667 obedientis
1362 5622 1526 5685 aqum
1567 5606 1900 5685 exemplum

1942 3902 1984 3968 C
2025 3900 2342 3967 habemus;
2377 3916 2514 3955 nam
2546 3904 2603 3954 et
2634 3897 2770 3954 alibi
2801 3898 3085 3971 scriptum
3131 3902 3257 3954 est:
3323 3897 3579 3954 Viderunt
3623 3903 3682 3957 te

2020 4004 2201 4060 aquae,
2250 3983 2413 4057 Deus,
2474 3987 2730 4043 viderunt
2757 3989 2809 4044 te
2864 4003 3043 4058 aquse,
3087 3991 3137 4042 et
3162 3989 3463 4043 timuerunt
3492 3987 3673 4059 (Psal.

2022 4095 2208 4147 LXXVI,
2244 4078 2351 4149 17).
2386 4077 2584 4149 Neque
2618 4077 2774 4133 enim
2805 4076 3121 4133 verisimile
3179 4094 3291 4132 non
3337 4076 3567 4132 videtur
3596 4077 3677 4134 de

2022 4167 2190 4238 aquis
2221 4166 2464 4234 dictum,
2498 4166 2729 4238 quando
2760 4164 2899 4221 alibi
2930 4182 3159 4238 quoque
3197 4165 3351 4221 idem
3383 4165 3677 4239 prOpheta

2022 4256 2103 4311 ait
2136 4272 2149 4310 :
2182 4255 2327 4311 Mare
2348 4255 2483 4311 vidit
2505 4262 2557 4310 et
2575 4257 2721 4326 fugit
2738 4272 2760 4318 ;
2779 4255 3044 4311 Iordanis
3056 4270 3343 4311 conversus
3363 4258 3441 4311 est
3464 4259 3677 4310 retror-

2019 4361 2139 4399 sum
2162 4345 2333 4417 (Psat.
2358 4361 2515 4412 cxm,
2538 4344 2615 4416 3).
2635 4344 2752 4400 Hoc
2773 4344 2928 4399 enim
2951 4360 3080 4400 vere
3102 4344 3322 4400 factum
3346 4343 3477 4416 quis
3495 4342 3671 4415 igno-

2019 4437 2129 4499 rat,
2164 4433 2317 4505 quod
2350 4434 2420 4488 ad
2452 4433 2824 4489 Hebraeorum
2868 4433 3184 4488 transitum
3236 4448 3395 4488 mare
3427 4432 3670 4504 fugerit,

2019 4523 2254 4594 quando
2286 4538 2348 4577 se
2382 4522 2539 4577 unda
2596 4522 2821 4588 divisit;
2855 4521 3125 4577 transivit
3182 4519 3433 4594 populus
3464 4519 3670 4593 pulve-

2020 4611 2246 4667 rulento
2272 4611 2532 4683 vestigio,
2570 4611 2793 4683 perisse
2821 4626 2981 4666 mare
3007 4611 3271 4677 credens,
3299 4610 3519 4683 fugisse
3551 4609 3668 4665 ilu-

2016 4700 2195 4756 ctus?
2225 4699 2487 4771 Denique
2517 4700 2764 4755 credidit
2779 4699 2887 4756 hoc
2916 4700 3240 4773 Egyptius,
3272 4703 3331 4755 et
3360 4699 3670 4772 ingressus

2015 4792 2104 4844 est
2132 4804 2144 4842 :
2179 4789 2280 4844 sed
2310 4787 2397 4843 illi
2454 4788 2626 4844 rediit
2655 4788 2833 4855 unda,
2866 4805 2992 4860 quae
3032 4790 3277 4861 fugerat.
3327 4787 3495 4844 Novit
3526 4804 3670 4860 ergo

2016 4893 2171 4949 aqua
2198 4880 2255 4933 et
2283 4877 2643 4950 congregari,
2706 4882 2765 4933 et
2797 4877 3023 4945 timere,
3082 4882 3140 4932 et
3177 4878 3391 4949 fugere,
3425 4876 3669 4947 quando

2014 4967 2168 5023 Deus
2200 4965 2644 5039 praacipitlianc
2676 4966 2937 5022 imitetur
2967 4982 3181 5039 aquam
3209 4970 3268 5023 et
3302 4982 3480 5021 unam
3521 4980 3668 5019 con-

2012 5055 2412 5129 gregationem
2444 5055 2699 5121 Domini,
2733 5073 2911 5111 unam
2943 5054 3261 5112 Ecclesium
3300 5054 3665 5112 noverimus.

2082 5163 2136 5218 3.
2169 5163 2533 5234 Congregata
2585 5167 2676 5218 est
2728 5161 2821 5217 hic
2877 5162 3174 5234 quondam
3216 5177 3371 5233 aqua
3399 5177 3469 5216 ex
3496 5161 3668 5217 omni

2007 5252 2175 5321 valle,
2230 5268 2300 5307 ex
2356 5252 2515 5308 omni
2573 5251 2805 5324 palude,
2854 5268 2923 5306 ex
2951 5250 3112 5307 omni
3169 5248 3320 5306 lacu.
3356 5248 3538 5305 Vallis
3567 5255 3667 5306 est

2016 5341 2277 5410 haeresis,
2309 5339 2477 5395 vallis
2511 5344 2599 5396 est
2628 5339 2965 5413 gentilitas;
3012 5339 3151 5411 quia
3179 5338 3333 5394 Deus
3365 5337 3666 5395 montium

2017 5434 2127 5500 est,
2180 5446 2297 5486 non
2343 5428 2602 5485 vallium.
2663 5429 2927 5501 Denique
2973 5429 3033 5484 in
3064 5426 3320 5484 Ecclesia
3348 5425 3667 5484 exsultatio

2010 5524 2122 5589 est,
2152 5518 2211 5573 in
2242 5516 2464 5573 haeresi
2495 5522 2553 5574 et
2582 5515 2912 5591 gentilitate
2944 5516 3114 5573 ﬂetus
3146 5519 3202 5572 et
3232 5531 3462 5572 maeror.
3498 5513 3674 5573 Unde

2011 5606 2094 5668 ait
2135 5622 2151 5669 :
2208 5606 2488 5684 Disposuit
2561 5608 2621 5667 in
2669 5606 2920 5667 convalle
2970 5605 3131 5683 ﬂetus
3193 5604 3377 5681 (Ρεαιυ
3422 5619 3674 5678 mam,
