3910 6210
134 338 243 408 169

1388 330 1939 412 HEXAEMERON
1985 347 2132 410 LIB.
2179 349 2286 410 ΠΙ.

3427 316 3569 412 us

131 480 262 555 6-7).
293 480 379 539 Ex
407 482 570 540 omni
613 482 795 558 igitur
821 483 972 541 valle
1000 487 1390 560 congregatus
1419 487 1509 540 est
1531 481 1781 557 populus
1812 482 1867 548 Α
1897 499 2032 555 ergo
2065 482 2268 551 aulaea,
2304 453 2520 554 quibus
2552 481 2762 539 attollit
2788 483 2966 540 vitam
3008 483 3248 554 bonam,
3306 486 3543 556 peccata

131 568 471 628 catholicus.
503 571 637 628 Jam
679 590 795 629 non
825 571 1024 629 multae
1087 573 1570 647 congregationes
1623 575 1781 639 sunt,

130 658 222 715 sed
249 676 372 717 una
403 665 493 718 est
526 662 913 737 congregatio,
948 679 1067 719 una
1094 660 1372 719 Ecclesia.
1424 660 1651 717 Dictum
1696 664 1787 716 est

128 752 180 804 et
209 748 343 806 hic:
384 757 774 826 congregetur
803 769 958 825 aqua
989 770 1057 809 ex
1088 751 1247 809 omni
1295 750 1464 817 valle,
1523 753 1580 806 et
1637 750 1786 805 facta

130 840 211 893 est
239 840 617 913 congregatio
649 839 956 913 spiritalis,
999 845 1057 897 et
1112 840 1303 896 factus
1334 842 1423 896 est
1475 854 1631 895 unus
1679 855 1785 911 po-

134 922 309 997 pulus
329 945 343 995 ;
367 945 437 984 ex
451 928 747 985 haereticis
770 931 827 985 et
856 930 1132 1003 gentibus
1154 928 1376 1002 repleta
1396 927 1654 984 Ecclesia
1674 931 1781 983 est.

124 1013 304 1072 Vallis
333 1020 425 1073 est
445 1034 641 1087 scena,
663 1018 833 1073 vallis
851 1022 940 1073 est
969 1018 1182 1084 circus,
1208 1016 1308 1072 ubi
1331 1018 1509 1072 currit
1534 1017 1786 1073 mendax

121 1116 307 1175 equus
362 1108 434 1162 ad
494 1106 769 1173 salutem,
832 1107 931 1162 ubi
963 1106 1096 1162 vilis
1128 1108 1230 1163 ³4
1260 1109 1317 1163 θῖ
1366 1107 1591 1177 abjecta
1647 1123 1782 1161 con-

120 1193 323 1263 tentia,
366 1194 467 1250 ubi
500 1194 697 1251 litium
738 1195 892 1251 fceda
936 1196 1298 1251 deformitas.
1332 1196 1415 1249 Ex
1458 1195 1551 1251 bis
1607 1194 1787 1267 igitur

121 1282 217 1355 qui
253 1283 413 1340 circo
444 1284 730 1341 inhaerere
773 1289 1216 1352 consueverant,
1269 1284 1414 1340 ﬁdes
1447 1284 1628 1340 crevit
1679 1284 1783 1339 Ec-

118 1370 332 1441 clesiae,
370 1374 756 1446 quotidianus
787 1379 970 1430 cintus
1005 1380 1271 1446 augetur.

183 1481 235 1536 4.
271 1480 459 1536 Palus
508 1485 600 1537 est
631 1481 879 1549 luxuria,
913 1480 1085 1553 palus
1142 1483 1233 1536 est
1288 1480 1781 1551 imtemperantia,

116 1564 290 1640 palus
307 1572 405 1625 est
426 1567 851 1626 incontinentis
873 1587 893 1625 :
921 1569 980 1624 in
1004 1586 1122 1641 qua
1140 1568 1446 1624 volutabra
1469 1568 1782 1624 libidinum

113 1661 277 1725 sunt,
302 1656 639 1714 bestiarum
661 1675 986 1725 murmura,
1014 1656 1261 1713 latibula
1281 1658 1653 1730 passionum:
1681 1658 1781 1713 ubi

110 1750 458 1802 mereantur
487 1745 748 1819 quinque
778 1746 1109 1815 inciderint,
1168 1750 1227 1802 et
1256 1763 1372 1827 non
1430 1750 1776 1819 emergunt:

109 1833 216 1890 ubi
243 1834 531 1891 labuntur
563 1836 779 1908 pedum
829 1835 1094 1908 vestigia,
1127 1835 1363 1891 ﬂuitant
1410 1835 1777 1908 singulorum
1809 1851 1855 1916 Β

107 1920 424 1979 incessus:
460 1921 560 1977 ubi
592 1921 778 1977 fulicae
810 1940 873 1980 se
902 1923 1043 1979 dum
1081 1922 1299 1991 lavant,
1335 1922 1641 1997 polluunt:
1677 1924 1777 1980 ubi

109 2008 341 2067 ﬂebiles
371 2011 625 2083 desuper
652 2011 908 2083 gemitus
964 2010 1411 2068 columbarum:
1468 2011 1567 2066 ubi
1613 2013 1779 2085 pigra

108 2098 352 2155 testudo
381 2115 614 2155 ccenoso
646 2099 828 2156 haaret
858 2101 916 2155 in
948 2100 1219 2173 gurgite;
1254 2100 1504 2172 denique
1537 2117 1687 2174 aper
1716 2102 1774 2157 in

110 2186 571 2259 palude,cervus
592 2189 665 2245 ad
683 2190 989 2246 fontes.Ex
1010 2190 1170 2245 omni
1202 2189 1381 2262 igitur
1418 2189 1650 2262 palude,
1667 2190 1772 2245 ubi

111 2276 286 2347 quasi
314 2294 471 2333 rane
500 2280 752 2334 veterem
774 2278 1073 2350 querelam
1096 2279 1403 2348 canebant,
1429 2284 1779 2353 congregata

111 2370 200 2421 est
231 2365 407 2435 ﬁdes,
440 2371 790 2440 congregata
820 2372 910 2424 est
947 2367 1175 2440 puritas
1205 2367 1409 2436 animi,
1446 2369 1778 2441 mentisque

111 2453 485 2527 simplicitas.
1084 2530 1087 2533 Δ
1456 2480 1457 2483 η

176 2546 233 2600 5.
270 2543 636 2617 Congregata
690 2548 783 2601 est
841 2561 994 2617 aqua
1051 2562 1120 2602 ex
1171 2546 1330 2600 omni
1389 2546 1540 2613 lacu,
1596 2551 1654 2602 ct
1709 2564 1777 2602 ex

111 2633 271 2689 omni
301 2633 488 2702 fovea,
523 2637 587 2689 ut
618 2650 787 2690 nemo
818 2633 1000 2690 fodiat
1032 2635 1251 2690 foveam
1302 2635 1465 2690 fratri
1524 2652 1651 2705 suo,
1714 2635 1774 2691 in

114 2738 294 2794 quam
321 2721 452 2794 ipse
485 2721 742 2778 incidat:
773 2723 875 2779 sed
906 2738 1113 2780 omnes
1134 2740 1197 2780 se
1226 2722 1473 2779 invicem
1504 2723 1770 2796 diligant,

112 2828 318 2868 omnes
348 2827 413 2868 εθ
451 2810 697 2868 invicem
730 2812 982 2879 foveant,
1007 2815 1065 2867 et
1094 2812 1265 2885 quasi
1322 2830 1505 2868 unum
1562 2830 1773 2886 corpus

112 2900 345 2957 diversa
374 2916 439 2956 se
482 2901 752 2957 membra
781 2904 1153 2963 sustentant;
1213 2918 1359 2973 quos
1419 2919 1534 2957 non
1565 2902 1772 2958 morti-

112 2989 214 3045 feri
260 2992 473 3046 cantus
532 2989 665 3061 (61),
724 2993 781 3046 θῖ
829 2993 1166 3046 acroamata
1221 2991 1584 3047 scenicorum
1644 3008 1771 3063 quae

113 3083 376 3135 mentem
406 3076 730 3134 emolliamt
758 3079 831 3134 ad
870 3094 1123 3146 amores,
1157 3080 1257 3135 sed
1291 3085 1608 3135 consentus
1666 3081 1771 3136 Ec-

112 3166 325 3235 clesia,
361 3172 423 3224 et
448 3183 707 3223 consona
735 3167 892 3223 circa
921 3167 1022 3223 Dei
1053 3166 1258 3224 laudes
1312 3168 1511 3241 populi
1551 3185 1658 3225 vox
1713 3172 1771 3224 et

1891 571 2056 643 tegit,
2089 570 2322 643 culpam
2354 572 2684 627 obumbrat.

1962 661 2015 715 6.
2066 660 2194 715 Haec
2242 664 2332 715 est
2374 660 2619 716 ecclesia
2666 678 2791 733 quas
2841 679 3015 734 super
3061 662 3248 718 maria
3299 662 3541 718 fandata

1892 752 2001 815 est,
2034 754 2090 803 et
2118 765 2294 822 super
2326 750 2571 805 ﬂumina
2609 755 2952 822 praeparata.
3006 752 3195 823 Supra
3234 766 3341 808 vos
3382 750 3539 807 enim

1894 838 2235 893 conﬁrmata
2264 844 2352 894 est
2373 842 2428 894 et
2457 842 2799 910 praeparata,
2834 839 2932 911 qui
2958 840 3108 894 sicut
3130 840 3375 895 ﬂumina
3393 857 3538 912 puro

1891 926 1952 980 in
1984 943 2112 982 eam
2145 927 2350 983 mundi
2383 928 2539 982 fonte
2570 927 2878 983 decurritis
2909 929 3022 999 (63)
3057 969 3070 994 ,
3106 928 3175 983 de
3205 928 3420 1000 quibus
3446 928 3541 983 di-

1894 1019 2051 1070 ctum
2082 1019 2205 1071 est:
2239 1017 2605 1073 Elevaverunt
2646 1019 2904 1088 ﬂumina,
2929 1018 3175 1082 Domine,
3198 1018 3544 1073 elevaverunt

1892 1106 2125 1173 ﬂumina
2176 1122 2355 1161 vocem
2417 1123 2577 1161 suam
2606 1124 2639 1160 a
2696 1123 2819 1161 voce
2892 1123 3164 1179 aquarum
3239 1107 3538 1161 multarum

1893 1192 2064 1263 (Psal.
2115 1211 2249 1261 xcn,
2298 1196 2353 1262 3,
2399 1195 2471 1265 4).
2506 1198 2571 1249 Εῖ
2623 1194 2884 1250 addidit:
2942 1195 3226 1252 Mirabiles
3279 1195 3541 1250 elationes

1892 1284 2085 1349 maris,
2117 1284 2393 1338 mirabilis
2422 1286 2482 1338 in
2511 1283 2738 1338 excelsis
2765 1284 3030 1339 Dominus
3061 1282 3216 1355 (Ibid.
3252 1284 3328 1352 4).
3380 1281 3541 1338 Bona

1893 1370 2175 1439 ﬂumina;
2208 1371 2490 1427 hausistis
2541 1372 2697 1426 enim
2728 1389 2797 1427 ex
2826 1371 2925 1426 illo
2984 1371 3224 1444 perenni
3255 1374 3311 1426 et
3358 1370 3529 1443 pleno

1895 1458 2050 1514 fonte
2084 1461 2215 1531 (64),
2252 1477 2367 1533 quo
2393 1460 2493 1516 35
2528 1460 2742 1516 ﬂuistis
2773 1460 2871 1531 qui
2903 1460 2983 1515 ait
3011 1459 3213 1515 vobis:
3273 1460 3378 1527 Qui
3426 1474 3541 1515 cre-

1892 1548 1972 1603 dit
2002 1550 2057 1603 in
2107 1565 2213 1617 me,
2245 1550 2386 1604 sicut
2420 1549 2553 1605 dicit
2601 1543 2912 1621 Scriptura,
2970 1550 3205 1619 ﬂumina
3264 1547 3328 1602 de
3358 1550 3545 1603 ventre

1891 1638 2007 1707 ejus
2035 1639 2209 1707 ﬂuent
2265 1656 2421 1709 aquae
2478 1641 2618 1695 vivae
2648 1639 2826 1711 (Joan.
2858 1654 2958 1703 vn,
3008 1636 3120 1708 38).
3173 1636 3291 1692 Hoc
3347 1639 3543 1692 autem

1890 1724 2119 1782 dicebat
2156 1728 2226 1783 de
2258 1727 2490 1800 spiritu,
2523 1714 3088 1800 qucm‘incipiebant
3116 1725 3399 1797 accipere,
3441 1724 3543 1797 qui

1888 1816 2167 1871 credituri
2198 1826 2364 1872 erant
2391 1816 2451 1871 in
2486 1833 2640 1872 eum.
2676 1815 2786 1872 Sed
2812 1816 2938 1887 jam
2971 1813 3140 1887 quasi
3170 1814 3307 1869 boni
3336 1814 3540 1870 Jorda-

1886 1904 1977 1960 nis
2009 1904 2226 1961 ﬂuenta
2254 1906 2609 1962 revertimini
2642 1921 2870 1960 mecum
2902 1903 2962 1958 in
3008 1903 3314 1977 originem.

1890 2103 2103 2156 Terram
2151 2103 2455 2174 superfusis
2508 2103 2667 2174 aquis
2719 2102 2880 2174 prius
2929 2100 3283 2174 inuisibilem,
3320 2098 3538 2174 iisdem

1956 2190 2128 2228 unum
2179 2169 2237 2227 in
2293 2169 2471 2227 locum
2499 2169 2895 2242 conﬂuentibus
2938 2172 3275 2243 apparuisse.
3311 2169 3537 2243 stabili-

1957 2253 2119 2299 tatem
2149 2261 2210 2298 ac
2256 2246 2436 2315 postea
2492 2241 2825 2313 ﬂuiditatem
2854 2241 3019 2315 aquis
3066 2241 3304 2297 inditam
3342 2242 3537 2299 divina

1951 2319 2231 2387 potestate,
2247 2329 2372 2385 quae
2383 2317 2553 2370 variis
2564 2316 2830 2384 exemplis
2841 2316 3128 2370 astruitur.
3147 2315 3320 2383 Quam
3332 2316 3538 2387 mirum

1957 2386 2129 2457 aquas
2161 2402 2347 2441 omnes
2360 2403 2468 2442 uno
2480 2387 2593 2442 loco
2622 2388 2913 2455 contineri,
2946 2387 3165 2458 illisque
3188 2401 3314 2443 suos
3335 2386 3537 2443 limites

1955 2475 1990 2513 a
2020 2459 2123 2513 Deo
2149 2459 2371 2529 prwi'igi
2395 2459 2653 2530 potuisse.

1954 2548 2007 2601 7.
2046 2546 2429 2617 Congregetur,
2462 2545 2674 2616 inquit,
2720 2563 2865 2617 aqua
2893 2561 3018 2617 quae
3041 2548 3139 2601 sub
3168 2547 3302 2603 caelo
3349 2549 3429 2602 est
3475 2546 3537 2601 in

1882 2637 2360 2706 congregationem
2385 2651 2572 2701 unam,
2600 2642 2653 2689 et
2680 2642 2946 2706 appareat
2980 2634 3139 2690 arida
3170 2634 3325 2705 (Gen.
3384 2651 3424 2705 ι,
3457 2634 3534 2706 9).

1883 2725 1947 2780 Et
1974 2726 2181 2795 factum
2222 2726 2300 2779 est
2346 2726 2442 2779 sic.
2478 2724 2747 2779 Fortasse
2806 2740 3014 2796 parum
3063 2723 3375 2779 crediderit
3430 2722 3536 2779 ali-

1883 2813 2015 2885 quis
2042 2812 2444 2885 superioribus
2478 2812 2852 2867 sermonibus
2884 2812 3120 2879 nostris,
3154 2813 3373 2885 quibus
3416 2816 3534 2869 tra-

1882 2902 2167 2958 ctavimus
2224 2900 2577 2957 invisibilem
2635 2901 2762 2957 ideo
2821 2901 3004 2958 fuisse
3058 2905 3298 2971 terram,
3377 2902 3534 2976 quod

1881 2991 2051 3064 aquis
2081 2994 2284 3063 operta
2315 2995 2629 3063 tegeretur,
2662 2994 2727 3045 ut
2761 2990 3053 3062 corporeis
3111 2990 3296 3047 oculis
3350 2990 3534 3047 videri

1881 3097 1997 3136 non
2028 3082 2244 3152 posset.
2274 3079 2359 3133 Ad
2392 3095 2454 3134 se
2483 3078 2639 3134 enim
2666 3078 2951 3150 propheta
2994 3080 3211 3147 retulit,
3255 3080 3365 3135 hoc
3422 3083 3537 3147 est,

1882 3170 1952 3225 ad
1979 3173 2239 3225 nostram
2259 3167 2676 3231 conditionem,
2699 3185 2814 3223 non
2839 3168 2910 3223 ad
2933 3168 3140 3223 divinae
3163 3168 3533 3239 majestatem

113 3220 849 3329 ai‘.ia'aa;a.;i"¢sizi;
865 3220 1254 3328 satsat;
1292 3220 1768 3330 ιζιὶιῗρᾙὲεέιᾟειηῖξ
1799 3220 1841 3286 C
1880 3220 3533 3330 semissis.satagissisagittatis.

112 3348 462 3416 petasmata,
498 3360 614 3400 non
672 3344 857 3402 aulaza
888 3344 1144 3417 pretiosa
1191 3335 1455 3418 spectare
1486 3345 1770 3419 voluptati

111 3433 203 3503 sit,
237 3434 343 3490 sed
376 3432 528 3490 hanc
560 3431 1015 3505 pulcherrimam
1048 3435 1255 3490 mundi
1285 3434 1590 3504 fabricam,
1622 3434 1772 3490 hanc

111 3521 464 3578 distantium
495 3520 649 3577 inter
680 3539 744 3577 se
770 3520 1193 3579 elementorum
1232 3522 1525 3596 copulam,
1562 3522 1773 3579 coelum

110 3611 263 3667 sicut
292 3626 593 3668 cameram
624 3614 952 3680 extensum,
987 3615 1052 3668 ut
1102 3611 1500 3669 inhabitantes
1557 3614 1615 3668 in
1667 3613 1777 3669 hoc

114 3700 336 3756 mundo
369 3703 547 3773 tegat,
598 3703 815 3756 terram
851 3700 923 3755 ad
956 3700 1322 3773 operandum
1355 3701 1577 3768 datam,
1610 3700 1779 3755 ditiu-

114 3804 246 3845 sum
277 3804 501 3856 aerem,
537 3786 738 3845 clausa
768 3789 979 3857 maria,
1044 3787 1326 3861 pOpulum
1385 3788 1542 3845 hunc
1573 3788 1777 3844 divinae

118 3876 479 3950 operationis
519 3893 826 3951 organum,
887 3876 947 3932 in
1007 3893 1123 3949 quo
1165 3873 1344 3932 divini
1402 3877 1776 3933 modulamen

119 3967 367 4023 resultet
428 3964 670 4033 oraculi,
731 3969 787 4021 et
831 3965 930 4021 Dei
972 3965 1218 4038 spiritus
1275 3966 1431 4021 intus
1480 3969 1773 4038 operetur,

122 4055 417 4129 templum
466 4054 623 4110 istud
681 4054 1009 4111 sacrarium
1070 4053 1395 4126 Trinitatis,
1454 4054 1781 4111 sanctitatis

125 4143 518 4214 domicilium,
550 4142 868 4200 Ecclesium
911 4147 1197 4214 sanctam,
1232 4143 1292 4198 in
1323 4160 1440 4217 qua
1495 4143 1784 4216 refulgent

126 4232 310 4289 anima
340 4231 619 4301 ccelestia,
651 4233 723 4289 de
743 4232 959 4304 quibus
990 4232 1215 4288 dictum
1232 4238 1357 4288 est:
1395 4233 1577 4289 Dilata
1607 4233 1785 4289 locum

126 4322 610 4379 tabernaculorum
658 4328 877 4378 tuorum
906 4329 959 4378 et
1000 4321 1309 4378 aulmorum
1362 4328 1606 4378 tuorum:
1657 4322 1781 4393 ﬁge,

125 4425 194 4465 ne
235 4426 475 4482 parcas;
534 4410 809 4481 longiores
863 4412 954 4481 [ac
1008 4410 1286 4483 funiculos
1340 4414 1478 4477 tuos,
1530 4414 1583 4466 et
1632 4412 1785 4483 palos

126 4502 245 4555 tuos
273 4498 584 4571 conﬁrma:
618 4499 797 4556 adhuc
826 4501 888 4555 in
927 4499 1213 4556 dexteram
1249 4504 1302 4554 et
1349 4501 1635 4556 sinistram
1689 4516 1786 4557 ea:-

1882 3347 2020 3419 quia
2050 3363 2164 3402 non
2190 3344 2359 3417 quasi
2390 3343 2573 3400 nostri
2606 3343 2824 3415 ingenii
2856 3343 3142 3415 probandi
3174 3342 3381 3416 gratia,
3431 3343 3534 3400 sed

1879 3440 2081 3491 vestrae
2108 3450 2286 3489 causa
2325 3432 2729 3489 instructionis
2784 3433 3153 3505 suscepimus
3205 3432 3363 3488 hunc
3418 3437 3537 3489 tra-

1884 3525 2077 3580 ctandi
2118 3523 2378 3579 laborem
2409 3521 2825 3594 astipulantem
2852 3521 3021 3578 nobis
3042 3520 3305 3579 lectionis
3327 3521 3538 3579 seriem

1886 3613 2285 3680 testiﬁcamur,
2321 3629 2445 3684 quae
2479 3612 2590 3683 (65)
2623 3614 2821 3683 aperte
2852 3611 3061 3684 probat
3112 3616 3248 3684 post
3299 3627 3540 3686 congre-

1887 3703 2183 3777 gationem
2219 3718 2381 3774 aqua:
2441 3716 2568 3773 quis
2600 3704 2725 3756 erat
2782 3716 2960 3773 super
3010 3705 3247 3769 terram,
3306 3704 3363 3757 et
3412 3704 3546 3774 post

1897 3791 2314 3847 derivationem
2346 3790 2496 3861 ejus,
2528 3789 2587 3845 in
2628 3789 2832 3857 maria,
2896 3789 3238 3863 apparuisse
3295 3790 3542 3846 aridam.

1898 3881 2183 3938 Desinant
2239 3896 2374 3951 ergo
2430 3878 2597 3933 nobis
2667 3877 2988 3934 dialecticis
3046 3878 3581 3953 disputationibus.
3644 3906 3649 3911 ο

1890 3985 2121 4025 movere
2152 3967 2386 4039 negotia
2419 3966 2676 4022 dicentes
2707 3967 2818 4038 (66)
2844 3984 2856 4021 :
2907 3967 3207 4033 Quomodo
3264 3971 3422 4023 terra
3451 3966 3546 4021 in-

1889 4057 2158 4122 visibilis,
2193 4072 2327 4111 cum
2358 4054 2518 4110 omni
2551 4055 2779 4126 corpori
2832 4054 3176 4110 naturaliter
3232 4058 3289 4110 et
3320 4054 3545 4126 species

1891 4151 1947 4203 et
1978 4145 2136 4202 color
2155 4144 2297 4199 insit
2327 4142 2519 4199 omnis
2550 4145 2745 4197 autem
2770 4143 2927 4197 color
2948 4144 3027 4199 sit
3058 4143 3362 4214 subjectus
3387 4158 3549 4215 θερε-

1893 4236 2009 4293 ctui
2032 4236 2059 4289 ‘I
2087 4233 2313 4290 Clamat
2340 4232 2440 4288 Dei
2472 4247 2615 4287 vox:
2651 4230 3020 4302 Congregetur
3074 4247 3220 4303 aqua
3274 4238 3328 4287 et
3372 4246 3549 4303 appa-

1892 4329 2013 4382 reat
2040 4322 2219 4379 arida.
2253 4323 2320 4377 Et
2364 4321 2579 4376 iterum
2624 4320 2925 4406 Sgriptura
2979 4319 3149 4376 dicit:
3213 4320 3551 4392 Congregata

1892 4424 1974 4471 est
1998 4430 2141 4486 aqua
2172 4414 2232 4467 in
2255 4413 2729 4481 congregationem
2758 4426 2949 4476 unam,
2983 4413 3038 4465 et
3076 4413 3337 4483 apparuit
3389 4408 3551 4467 arida

1893 4503 2052 4573 (Ibid.
2088 4501 2197 4572 10).
2234 4499 2383 4565 Quid
2435 4515 2580 4571 opus
2640 4499 2753 4554 fuit
2812 4498 3037 4568 iterare,
3068 4499 3183 4557 nisi
3241 4515 3550 4557 occurren-

130 4587 310 4657 tende,
333 4592 391 4644 et
417 4604 609 4644 semen.
637 4592 796 4643 tuum
823 4596 1020 4662 gentes
1052 4587 1379 4645 hmreditate
1399 4588 1716 4661 possidebit,
1739 4595 1791 4645 et
1818 4594 1865 4659 Ι)
1898 4592 2040 4648 dum
2073 4588 2496 4663 questionibus
2518 4589 2847 4660 judicasset
2877 4589 3161 4663 propheta
3183 4590 3211 4645 ?
3239 4590 3443 4648 Nonne
3470 4589 3551 4646 vi-

128 4678 374 4734 civitates
405 4677 650 4734 desertas
681 4676 1017 4733 inhabitabit
1066 4678 1193 4749 (Isa.
1248 4694 1354 4734 LIV.
1390 4680 1445 4748 2,
1477 4678 1554 4750 3).
1603 4677 1788 4734 Habet

198 4820 317 4891 (6i)
376 4818 817 4893 Messaliquot;
891 4820 1173 4893 mortiferi
1228 4823 1423 4875 cantus
1492 4824 1795 4877 cromatum

125 4890 499 4948 micorum.
532 4890 670 4964 Non
690 4890 844 4964 male
874 4895 966 4946 est
994 4890 1151 4946 enim
1200 4907 1405 4960 croma,
1465 4909 1568 4949 seu
1598 4893 1793 4964 potius

127 4980 347 5032 cruma,
398 4962 763 5019 musicorum
793 4963 1324 5019 instrumentorum
1349 4980 1554 5032 sonus,
1585 4962 1681 5020 ἆπὸ
1707 4975 1794 5021 τοῦ

128 5044 347 5107 ιρούειν,
379 5033 491 5090 hoc
520 5039 611 5090 est
638 5036 878 5108 pulsare.
903 5033 1047 5108 _g\l_i_i
1103 5048 1318 5108 magno
1378 5052 1687 5091 numero...
1746 5044 1796 5090 et

126 5104 479 5163 acromatum
506 5104 866 5164 scenicorum.
902 5104 1112 5161 Melius
1166 5104 1355 5161 edit...
1403 5109 1451 5162 et
1481 5109 1798 5163 acroamata

126 5178 497 5233 scenicorum.
552 5178 644 5232 Fit
700 5182 896 5233 autem
974 5192 1041 5231 ea
1105 5193 1213 5232 vox
1268 5184 1365 5232 ἀπὸ
1392 5187 1478 5233 τοῦ
1508 5185 1795 5248 ἀκροᾶσθαι,

128 5248 185 5304 id
221 5253 316 5305 est
345 5248 567 5316 audire,
620 5264 688 5304 ac
727 5264 1154 5319 nonnunquam
1214 5264 1316 5318 pro
1347 5248 1684 5303 recitatione
1742 5253 1799 5304 et

126 5324 309 5377 cantu
340 5319 620 5375 sumitur.
646 5320 761 5375 Sed
790 5319 915 5375 ﬁeri
971 5319 1162 5391 potuit
1216 5324 1279 5391 ut
1308 5336 1418 5375 vox
1463 5327 1800 5375 acromatum

128 5391 435 5464 Ambrosii
466 5396 731 5464 tempore
764 5391 919 5464 apud
951 5389 1242 5464 populum
1269 5390 1327 5446 in
1352 5408 1459 5447 usu
1484 5394 1653 5464 esset.

198 5462 321 5536 (62)
358 5460 703 5536 Sic‘omnes
724 5460 893 5531 mss.,
928 5460 1166 5536 excepto
1215 5461 1379 5536 _Reg.,
1427 5462 1527 5533 qui
1560 5462 1713 5517 sicut
1741 5464 1800 5516 et

130 5532 525 5604 omnesedit.
563 5533 791 5604 praefert
835 5536 888 5588 et
914 5534 1011 5604 pia
1042 5532 1161 5589 vota
1195 5532 1477 5589 delectent.

197 5606 321 5684 (ϐξ)
353 5602 515 5684 ﬁdit.
550 5602 718 5659 Rom.
751 5607 810 5684 et
841 5602 1010 5684 pauci
1056 5603 1218 5684 (iique
1246 5620 1393 5684 non
1424 5618 1649 5684 magna:
1693 5619 1798 5684 au-

130 5672 431 5734 ctoritatis
462 5691 637 5748 mss.,
666 5672 913 5748 undique
932 5672 1416 5748 fontegdecurritis
1449 5672 1637 5748 aliiet
1660 5673 1799 5731 edit.

131 5753 270 5819 vet.,
302 5746 511 5808 mundi
536 5748 689 5824 fonte
717 5744 1031 5819 decum'lis,
1062 5745 1123 5805 id
1152 5745 1501 5825 est,purgati
1521 5745 1593 5808 ab
1622 5744 1802 5807 heare-

464 5874 744 5941 Ρληοι.
788 5873 951 5942 XIV.

1896 4682 2066 4738 detur
2093 4680 2284 4736 dicere
2309 4696 2321 4735 :
2355 4678 2480 4735 Non
2513 4677 2630 4735 dixi
2660 4677 3014 4735 invisibilem
3032 4681 3358 4737 secundum
3380 4682 3546 4738 natu-

1901 4836 2032 4894 seos
2063 4838 2128 4877 ac
2157 4821 2500 4894 gentilitatis
2530 4821 2847 4878 erroribus.

1973 4893 2084 4965 (64)
2136 4893 2224 4948 Ita
2254 4910 2396 4950 mss.
2453 4910 2569 4949 non
2618 4894 2807 4965 pauci.
2841 4893 2995 4965 Aliii
3024 4893 3312 4963 nonnulli,
3371 4910 3406 4947 a

1973 4908 2084 4965 (oe)
2136 4908 2224 4948 lta
2254 4910 2396 4950 mss.
2453 4910 2569 4949 non
2618 4910 2807 4965 pauci.
2841 4908 2955 4948 Alll
3024 4908 3312 4963 nonnum,
3371 4910 3406 4947 a

1903 4966 2097 5035 fluitis,
2131 4966 2244 5036 qui,
2306 4969 2439 5036 etc.,
2472 4969 2573 5019 aut
2603 4982 2739 5020 cum
2798 4965 2936 5020 edit.
2971 4964 3163 5032 Rom.,
3210 4981 3245 5018 a
3277 4978 3380 5033 quo

1905 5034 1952 5090 is
1985 5038 2102 5105 qui,
2136 5034 2244 5107 etc.
2282 5035 2521 5107 Aliquot
2549 5037 2747 5103 etiam,
2779 5042 2838 5091 et
2865 5040 2976 5091 vet.
3033 5036 3195 5101 edit.,
3227 5050 3261 5088 a
3300 5049 3401 5104 quo
3429 5034 3556 5104 ﬂui-

1905 5109 1995 5173 tis,
2030 5106 2167 5177 quod
2190 5108 2383 5175 fluztis,
2419 5108 2532 5177 qui,
2556 5112 2664 5161 etc.

1981 5176 2091 5249 (65)
2126 5178 2309 5244 Paris,
2343 5176 2565 5249 aliquot
2593 5177 2756 5249 edit.,
2788 5178 3126 5249 astipulatur
3156 5176 3320 5249 nobis,
3367 5176 3554 5231 lectio-

1906 5247 1997 5302 nis
2028 5249 2221 5315 series,
2251 5263 2395 5319 quae,
2442 5247 2557 5302 etc.
2612 5248 2753 5302 Aliae
2786 5247 2990 5304 omnes
3048 5253 3105 5305 et
3154 5247 3327 5304 multi
3384 5264 3553 5316 mss.,

1907 5319 2243 5392 astipulante
2283 5319 2437 5373 nobis
2466 5320 2731 5392 (lectionis
2783 5321 2928 5375 serie
2983 5322 3558 5392 testimoniumque;

1906 5391 2073 5446 Rom.
2109 5389 2325 5465 edi_t.,._._
2352 5390 2711 5465 testiﬁcantur
2730 5406 2793 5444 ea
2819 5406 2962 5461 quae,
2994 5389 3117 5446 etc;
3138 5389 3556 5465 Reliquiivero

1908 5478 2053 5517 mss.
2086 5458 2428 5538 auctoritate
2457 5460 2784 5529 superiores
2826 5458 2931 5516 nec
2962 5479 3206 5520 numero
3236 5458 3558 5538 pauciores,

1909 5538 1975 5587 ut
1997 5546 2104 5586 nos
2124 5530 2183 5584 in
2208 5533 2386 5583 textu.

1984 5603 2097 5675 (66)
2155 5600 2372 5675 Omnes
2426 5599 2563 5675 edit.
2615 5616 2748 5675 cum
2805 5601 3007 5675 paucis
3064 5620 3234 5675 mss.,
3299 5606 3563 5663 Desinant

1914 5670 2037 5751 ergo
2066 5670 2241 5745 nobis,
2275 5672 2372 5749 qui
2426 5670 2742 5732 dialectis...
2802 5670 3025 5745 negotia
3078 5670 3273 5752 solent,
3307 5676 3560 5744 dicentes,

3210 5874 3252 5954 ἃ
