3932 6212
352 298 464 357 171

350 448 497 501 ram,
572 432 672 489 sed
730 433 1053 488 secundum
1112 432 1595 505 superfusionem
1662 435 2065 506 aquarum?A

350 524 613 595 Denique
642 523 867 578 addidit
924 522 1153 578 sublato
1182 522 1467 578 velamine
1504 523 1846 594 apparuisse
1878 524 1990 578 ari—

351 615 508 683 dam,
543 630 671 685 quae
702 617 837 668 ante
859 629 973 668 non
998 612 1317 667 videbatur.

419 705 472 757 8.
502 706 722 758 Iterum
775 718 1005 773 quoque
1034 701 1385 773 quaestiones
1442 699 1587 756 alias
1616 705 1821 756 serunt
1876 698 1991 770 (07)

349 792 644 847 dicentes:
704 790 764 844 Si
822 790 882 844 in
942 788 1489 861 congregationibus
1545 789 1788 845 diversis
1841 806 1994 860 aqua

349 883 493 951 erat,
523 879 814 951 quomodo
845 877 895 932 si
927 876 1039 932 illm
1069 878 1547 949 congregationes
1585 878 1645 932 in
1678 877 1993 947 superiori-

349 970 460 1024 bus
490 973 675 1032 erant,
708 983 823 1021 non
855 967 1148 1021 deﬂuebat
1177 983 1330 1037 aqua
1361 967 1420 1020 in
1450 983 1583 1022 eum
1644 965 1858 1030 locum,
1920 966 1991 1020 ad

347 1073 521 1128 quem
537 1060 668 1128 post
680 1054 1237 1126 Dominiimperium
1250 1055 1508 1109 derivata
1519 1056 1762 1123 est(o‘8)?
1776 1055 1921 1110 Natu
1933 1072 1993 1108 ra

348 1145 504 1200 enim
535 1161 821 1215 aquarum
854 1148 1058 1215 sponte
1091 1144 1150 1197 in
1178 1142 1452 1198 inferiora
1489 1142 1828 1214 prolabitur.
1891 1144 1990 1197 Sin

346 1249 481 1288 vero
540 1233 602 1287 in
650 1232 1023 1287 inferioribus
1092 1234 1258 1286 erant
1314 1231 1426 1285 illae
1494 1232 1991 1303 congregationes,

349 1322 642 1393 quomodo
674 1326 874 1376 contra
904 1323 1175 1375 naturam
1207 1336 1377 1375 suam
1409 1337 1563 1391 aqua
1592 1321 1663 1374 ad
1696 1318 1997 1390 superiora

348 1410 734 1466 conscendit?
766 1409 963 1479 Itaque
1002 1412 1105 1463 aut
1135 1407 1427 1463 naturalis
1460 1425 1669 1462 cursus
1726 1408 1836 1477 (69)
1885 1408 1993 1462 im-

344 1499 505 1570 perio
536 1515 651 1553 non
681 1498 863 1568 equit,
895 1500 995 1551 aut
1023 1500 1223 1551 contra
1251 1501 1524 1551 naturam
1552 1496 1790 1567 imperis
1822 1497 1997 1569 proti-

346 1603 473 1643 rere
499 1602 616 1643 non
667 1588 872 1659 potuit.
908 1585 1011 1640 Cui
1043 1584 1350 1656 quaestioni
1391 1584 1558 1641 facile
1611 1585 1995 1657 respondebo,

345 1678 394 1732 si
427 1676 571 1731 mihi
594 1676 706 1747 ipsi
738 1678 871 1730 ante
921 1674 1308 1745 respondeant
1345 1677 1479 1729 ante
1512 1680 1862 1745 prazceptum
1887 1674 1994 1728 Do-

1809 302 1875 363 S.
1918 302 2298 366 AMBROSII

3640 308 3748 373 172

2102 436 2377 502 derivata,
2436 440 2722 508 quantum
2796 438 3177 507 descenderit,
3256 443 3488 497 tantum
3548 459 3748 501 rursus

2103 525 2381 579 ascendat
2411 524 2437 578 ?
2470 525 2670 597 Itaque
2701 526 2749 580 si
2776 525 2864 581 vel
2898 525 3117 598 impetu
3140 544 3246 583 suo
3278 528 3479 597 fertur,
3500 529 3588 585 vel
3618 531 3748 586 arti-

2103 614 2228 667 ﬂcis
2260 612 2493 685 ingenio
2520 619 2725 669 contra
2756 618 3029 671 naturam
3062 633 3231 672 suam
3263 617 3499 672 ducitur
3535 623 3593 674 et
3636 620 3748 675 ele-

2098 706 2286 767 vatur,
2320 701 2613 756 miramini
2646 703 2696 757 si
2729 702 2910 757 divini
2942 704 3275 774 operatione
3312 706 3585 778 prrscepti
3635 707 3741 761 ali-

2101 789 2241 860 quid
2269 790 2340 843 ad
2375 807 2549 845 usum
2592 794 2812 846 natura)
2842 792 2970 863 ejus
3000 792 3269 859 accessit,
3302 795 3456 865 quod
3517 794 3577 848 in
3637 812 3745 850 usu

2100 884 2233 932 aute
2264 895 2379 933 non
2414 879 2629 935 fuerit?
2658 880 2865 935 Dicant
2896 896 3051 935 nunc
3089 879 3235 935 mihi
3293 882 3584 951 quomodo
3618 886 3749 938 tan-

2101 982 2274 1036 quam
2306 966 2365 1020 in
2397 970 2585 1022 utrem
2630 968 3066 1040 congregaverit
3095 984 3279 1038 aquas
3340 969 3521 1024 maris
3577 971 3747 1040 (Psal.

2100 1071 2272 1120 χχχιι,
2306 1054 2389 1123 7),
2447 1060 2511 1109 ut
2567 1054 2854 1127 scriptum
2904 1060 2993 1110 est
3043 1057 3336 1126 quomodo
3393 1058 3657 1114 eduxerit
3683 1059 3750 1115 de

2103 1148 2265 1213 petra
2293 1160 2506 1214 aquam
2529 1146 2701 1213 (Psal.
2738 1161 2945 1211 Lxxvu,
2980 1143 3067 1215 46)
3091 1144 3117 1198 ?
3149 1145 3257 1208 Qui
3288 1146 3477 1216 potuit
3497 1146 3569 1202 de
3591 1152 3750 1219 petra

2103 1230 2346 1285 educere
2377 1247 2590 1302 aquam
2641 1249 2753 1303 que
2784 1249 2900 1287 non
2940 1236 3083 1298 erat,
3118 1247 3233 1286 non
3291 1233 3482 1305 potuit
3536 1250 3749 1305 aquam

2102 1319 2347 1373 educere
2378 1336 2505 1391 qua:
2536 1321 2713 1375 erat?
2754 1322 3029 1376 Percussit
3078 1312 3315 1394 petram,
3365 1326 3416 1378 et
3469 1324 3751 1392 ﬂuxerunt

2105 1422 2283 1477 aqum,
2345 1408 2557 1463 c':amat
2608 1409 2810 1476 David,
2878 1417 2931 1465 et
3001 1415 3262 1467 torrentes
3346 1411 3755 1467 inundaverant

2106 1496 2276 1563 (I’sal.
2338 1514 2542 1551 Lxxvn.
2602 1498 2715 1567 2U).
2777 1497 2846 1551 Et
2904 1497 3077 1553 alibi:
3134 1499 3308 1570 Super
3358 1508 3564 1556 montes
3642 1504 3751 1556 sta-

2107 1585 2236 1637 bunt
2266 1600 2427 1654 aqua?
2454 1585 2626 1655 (Psal.
2661 1598 2780 1649 cm,
2809 1585 2884 1650 6).
2918 1584 3109 1641 Habes
3140 1586 3199 1641 in
3233 1586 3537 1660 Evangelio
3594 1589 3751 1659 quod

2107 1689 2239 1726 cum
2273 1674 2464 1744 gravis
2524 1676 2679 1728 esset
2728 1672 2979 1744 procella
3011 1715 3025 1740 ,
3070 1679 3128 1730 et
3185 1690 3436 1747 magnus
3485 1676 3545 1730 in
3604 1677 3754 1732 mari

344 1762 489 1818 mini
513 1762 663 1817 hanc
681 1777 969 1832 aquarum
1005 1761 1186 1815 fuisse
1204 1766 1473 1816 naturam
1502 1766 1568 1816 ut
1598 1757 1909 1831 laberetur,
1934 1764 1999 1815 ut
2025 1804 2073 1868 B
2108 1766 2324 1825 motus,
2356 1761 2436 1816 ita
2493 1765 2556 1815 ut
2586 1761 2947 1833 trepidarent
2976 1762 3224 1834 apostoli
3254 1765 3544 1837 naufragii
3602 1766 3757 1838 peri-

345 1852 570 1907 ﬂueret.
602 1850 727 1906 Non
758 1850 915 1905 enim
975 1866 1043 1904 ex
1100 1867 1209 1905 usu
1264 1850 1371 1905 hoc
1425 1850 1599 1906 habet
1656 1854 1994 1905 caztcrorum

342 1940 785 2005 elementorum,
840 1938 941 1993 sed
974 1937 1225 2009 speciale
1269 1943 1324 1992 et
1373 1937 1698 2010 proprium:
1761 1955 1877 1993 non
1927 1955 1994 1993 ex

342 2029 599 2101 quodam
631 2028 854 2093 ordine,
887 2027 989 2081 sed
1022 2026 1211 2098 magis
1259 2043 1327 2081 ex
1373 2031 1669 2081 voluntate
1698 2030 1754 2081 et
1795 2042 1995 2097 opera-

341 2120 499 2175 tione
531 2117 646 2187 Dei,
680 2116 922 2172 summi.
958 2116 1105 2179 Quid
1129 2115 1380 2185 jusserit
1412 2114 1567 2171 Deus
1589 2116 1857 2170 audiunt.
1892 2116 1992 2170 36

339 2208 465 2264 Vox
494 2212 688 2263 autem
720 2205 843 2272 Dei,
895 2205 1152 2259 efﬁciens
1210 2206 1427 2258 natura:
1486 2208 1574 2258 est
1631 2205 1762 2275 (70).
1850 2204 1989 2258 Eam

339 2312 541 2352 vocem
588 2296 828 2350 effectus
884 2292 1238 2365 operationis
1295 2292 1575 2364 implevit.
1635 2293 1818 2363 Coepit
1873 2292 1989 2347 labi

340 2401 518 2456 aqua,
539 2388 598 2439 et
626 2383 689 2437 in
721 2398 902 2437 unam
930 2380 1219 2436 conﬂuere
1268 2381 1800 2452 congregationem,
1863 2397 1989 2451 qua:

339 2478 474 2529 ante
504 2476 629 2528 erat
658 2472 870 2526 diffusa
902 2487 1003 2541 per
1034 2474 1237 2534 terras,
1269 2473 1326 2524 et
1350 2468 1621 2540 plurimis
1662 2474 1990 2541 receptacu-

339 2562 413 2617 lis
444 2561 784 2616 inbaerebat.
819 2559 1067 2614 Cursum
1100 2559 1227 2628 ejus
1282 2563 1416 2613 ante
1447 2575 1562 2613 non
1593 2557 1726 2630 legi,
1763 2562 1989 2613 motum

335 2652 465 2723 ejus
494 2654 630 2705 ante
660 2666 776 2704 non
810 2647 1006 2714 didici,
1041 2663 1144 2702 nec
1174 2646 1379 2700 oculus
1437 2663 1605 2701 meus
1664 2647 1824 2715 vidit,
1885 2664 1989 2702 nec

337 2739 497 2795 auris
528 2737 769 2794 audivit.
804 2736 1007 2791 Stabat
1036 2752 1190 2807 aqua
1220 2734 1463 2789 diversis
1493 2733 1656 2800 locis,
1686 2735 1759 2789 ad
1790 2751 1987 2791 vocem

335 2828 440 2885 Dei
497 2832 656 2882 mota
711 2829 818 2881 est.
877 2825 1080 2878 Nonne
1136 2822 1365 2877 videtur
1419 2822 1560 2894 quia
1608 2827 1878 2879 naturam
1936 2824 1987 2879 ei

335 2915 676 2986 hujusmodi
706 2930 816 2969 vox
846 2913 940 2967 Dei
972 2912 1152 2967 fecit?
1180 2911 1389 2967 Secuta
1420 2915 1508 2966 est
1539 2917 1802 2968 creatura
1846 2930 1986 2985 prae-

337 3009 596 3076 ceptum,
627 3006 685 3058 et
713 3017 887 3057 usum
918 2998 1051 3055 fecit
1082 3016 1149 3055 ex
1187 2998 1332 3071 lege.
1366 3000 1570 3054 Primae
1629 3000 1786 3054 enim
1846 3017 1987 3055 con-

337 3090 658 3151 stitutionis
723 3090 813 3145 lex
866 3089 1114 3144 formam
1169 3087 1228 3142 in
1288 3092 1587 3160 posterum
1652 3087 1984 3161 dereliquit.

337 3181 593 3253 Denique
621 3179 801 3236 semel
833 3178 987 3234 diem
1018 3177 1153 3233 fecit
1183 3181 1240 3232 et
1271 3181 1498 3232 noctem
1533 3194 1545 3232 :
1575 3193 1644 3232 ex
1666 3175 1764 3232 illo
1788 3184 1985 3232 manet
2015 3172 2055 3238 C

336 3270 645 3341 utriusque
674 3267 952 3322 diuturna
981 3266 1653 3335 successio,etdiuturna
1674 3268 1980 3337 reparatio-

332 3360 512 3415 Jussa
539 3361 628 3413 est
653 3356 830 3412 etiam
856 3372 1008 3426 aqua
1038 3371 1267 3409 currere
1305 3355 1364 3409 in
1424 3356 1936 3428 congregationem
1968 3372 1979 3409 :

334 3466 403 3505 ex
432 3446 531 3502 illo
563 3445 763 3511 currit,
797 3444 984 3499 fontes
1033 3442 1311 3497 labuntur
1366 3443 1425 3497 in
1460 3444 1683 3512 ﬂuvios,
1718 3445 1777 3499 in
1838 3445 1984 3500 freta

334 3537 583 3592 currunt
610 3532 876 3601 ﬂumina,
909 3531 1076 3587 lacus
1106 3532 1442 3587 derivautur
1498 3533 1558 3586 in
1602 3533 1808 3599 maria,
1855 3534 1984 3605 ipsa

332 3640 394 3681 se
425 3639 579 3695 aqua
625 3621 916 3694 praecedit,
976 3625 1162 3692 urget,
1221 3625 1278 3676 et
1328 3620 1609 3693 sequitur.
1670 3621 1833 3677 Unus
1892 3626 1981 3677 est

333 3714 566 3778 ductus,
596 3727 780 3766 unum
812 3726 1039 3782 corpus.
1078 3710 1141 3763 Et
1174 3726 1306 3764 cum
1331 3709 1407 3765 sit
1438 3709 1685 3765 altitudo
1717 3710 1975 3777 diversa;

331 3802 648 3857 indiscreta
687 3804 882 3855 tamen
926 3800 1083 3855 dorsi
1139 3800 1267 3870 ejus
1323 3798 1645 3870 aequalitas.
1711 3800 1868 3855 Unde
1923 3805 1980 3854 et

332 3904 532 3960 aequor
559 3885 915 3959 appellatum
947 3885 1214 3950 arbitror,
1248 3887 1401 3957 quod
1454 3886 1793 3958 superﬁcies
1850 3888 1976 3957 ejus

330 3976 572 4049 aequalis
602 3976 677 4032 sit
708 3976 839 4047 (71).

397 4104 452 4159 9.
486 4102 781 4175 Respondi
812 4101 1137 4157 secundum
1186 4099 1421 4155 illorum
1450 4101 1852 4173 propositum;
1889 4100 1973 4156 illi

328 4209 484 4249 nunc
541 4191 930 4265 respondeant
985 4189 1150 4257 mihi,
1213 4190 1262 4244 si
1339 4207 1641 4261 nunquam
1723 4191 1975 4246 viderint

326 4283 516 4338 fontes
573 4297 639 4337 ex
698 4279 1074 4335 inferioribus
1131 4278 1432 4345 scaturire,
1494 4280 1565 4334 de
1638 4279 1969 4350 pavimento

326 4386 540 4443 aquam
572 4384 834 4439 surgere.
863 4366 1002 4431 Quis
1035 4383 1161 4423 eam
1193 4367 1345 4441 cdgit
1365 4369 1392 4422 ?
1423 4367 1584 4422 Unde
1605 4367 1971 4438 prorumpit?

325 4456 829 4523 Quemadmodum
874 4472 989 4509 non
1022 4454 1216 4511 deﬁcit
1240 4456 1267 4509 ἱ)
1324 4456 1623 4521 Quomodo
1668 4454 1734 4509 tit
1760 4459 1824 4509 ut
1855 4455 1973 4510 ima

326 4545 435 4603 soli
466 4562 568 4601 ora
598 4546 718 4617 (72)
746 4544 961 4599 undam
991 4544 1276 4600 vomant?
1314 4544 1441 4599 Haec
1497 4544 1821 4599 secundum
1876 4560 1971 4599 oc-
2001 4539 2048 4602 D

326 4636 493 4690 cultis
525 4637 745 4689 secreta
774 4638 1014 4689 natura}.
1047 4633 1330 4689 Caeterum
1360 4632 1491 4704 quis
1529 4633 1759 4704 ignorat
1815 4633 1971 4704 quod

325 4723 527 4796 rapido
557 4722 902 4796 plerumque
955 4724 1175 4795 impetu
1232 4721 1293 4776 in
1324 4720 1443 4775 ima
1472 4721 1853 4788 descendens,
1914 4721 1970 4775 in

323 4813 626 4887 superiora
653 4829 714 4869 se
744 4811 1027 4884 subrigat,
1060 4815 1235 4883 atque
1265 4810 1323 4863 in
1355 4808 1733 4880 supercilium
1756 4809 1974 4866 montis

322 4901 586 4970 attollat;
618 4900 965 4974 plerumque
995 4900 1173 4955 etiam
1203 4898 1504 4954 canalibus
1538 4915 1711 4953 manu
1732 4899 1972 4956 artiﬁcis

391 5055 509 5126 (67)
538 5055 771 5109 Amerb.
805 5057 861 5109 et
890 5055 1051 5109 Eras.
1086 5068 1219 5107 cum
1254 5068 1396 5106 mss.
1456 5050 1774 5117 nonnullis,
1818 5067 1968 5125 921.23-

318 5130 525 5183 stiones
555 5127 699 5181 alias
718 5127 973 5196 aﬂerunt.

392 5198 505 5268 (68)
537 5197 687 5252 Edit.
714 5194 917 5251 omnes
948 5202 1004 5249 et
1034 5211 1176 5250 mss.
1210 5194 1451 5266 aliquot,
1483 5196 1552 5249 ad
1584 5210 1741 5266 quem
1782 5202 1969 5267 postea

320 5270 799 5339 Dominiimperz‘o
828 5268 1077 5323 derivata
1107 5274 1200 5339 est.

392 5340 505 5411 (69)
533 5337 753 5411 Omnes
784 5339 920 5395 edit.
957 5343 1013 5394 et
1043 5338 1283 5411 quidam
1316 5355 1483 5407 mss.,
1527 5345 1624 5392 aut
1672 5337 1968 5393 secundum

318 5409 601 5466 naturales
629 5427 835 5465 cursus.

391 5480 505 5551 (70)
540 5481 655 5537 Vet.
687 5482 826 5536 edit.
862 5497 1086 5550 omnes,
1148 5497 1209 5536 ac
1269 5480 1449 5535 Paris.
1484 5478 1774 5535 nonnulla:
1832 5494 1964 5534 cum

319 5551 554 5623 duobus
584 5556 685 5607 aut
712 5552 902 5608 tribus
933 5569 1099 5616 mss.,
1129 5553 1373 5623 efﬁciens
1428 5554 1784 5623 naturqﬂest.
1846 5551 1966 5605 Mss

319 5621 544 5696 aliquot
574 5625 818 5696 optimae
832 5621 1234 5696 notae,‘_efﬁgies
1260 5630 1484 5696 natura:
1504 5630 1598 5677 est.
1621 5621 1721 5677 His
1747 5625 1965 5696 tamam

317 5691 710 5771 anteponendi
746 5693 847 5751 alii
878 5697 935 5750 et
969 5691 1175 5766 aliquis
1208 5691 1349 5750 edit.
1384 5692 1635 5750 Sanctus
1683 5691 1841 5749 enim
1870 5709 1964 5751 ex-

2104 1848 2323 1915 culum,
2357 1851 2748 1904 excitaverunt
2780 1851 3165 1907 dormientem
3216 1852 3275 1907 in
3322 1852 3503 1925 puppi
3557 1853 3758 1910 Domi-

2103 1956 2241 1992 num
2275 1940 2500 2005 Jesum,
2534 1943 2591 1993 et
2620 1955 2868 2010 surgens
2898 1939 3207 2011 imperavit
3248 1945 3418 1997 vento
3466 1946 3523 1996 et
3580 1943 3755 2011 mari,

2102 2028 2302 2081 sedata
2331 2032 2419 2082 est
2468 2032 2806 2098 tempestas,
2841 2030 3036 2084 refusa
3086 2028 3484 2100 tranquillitas
3543 2031 3756 2103 (Matth.

2100 2130 2220 2180 vni,
2248 2116 2451 2186 2426).
2482 2115 2588 2180 Qui
2622 2116 2813 2188 potuit
2843 2116 3087 2189 imperio
3119 2134 3280 2173 mare
3311 2122 3503 2174 totum
3525 2121 3755 2190 sedare,

2100 2222 2213 2259 non
2248 2206 2434 2277 potuit
2463 2222 2646 2276 aquas
2673 2206 2914 2277 imperio
2946 2208 3215 2262 movere?
3247 2208 3420 2277 Atqui
3448 2209 3508 2263 in
3532 2209 3760 2266 diluvio

2100 2295 2184 2349 sic
2243 2294 2597 2365 accepimus,
2635 2294 2790 2367 quod
2823 2296 3123 2367 eruperint
3154 2296 3349 2368 abyssi
3376 2296 3567 2353 fontes
3599 2298 3760 2369 (Gen.

2098 2398 2197 2448 v11,
2236 2384 2339 2451 tl),
2372 2386 2428 2437 et
2458 2382 2614 2453 quod
2638 2382 2931 2438 induxerit
2976 2388 3176 2455 postea
3222 2383 3517 2455 spiritum,
3552 2390 3613 2441 et
3645 2387 3765 2442 sic-

2098 2471 2313 2525 caverit
2350 2487 2561 2542 aquam
2616 2470 2767 2539 (Gen.
2830 2487 2952 2537 vm,
2987 2473 3077 2543 1);
3114 2472 3163 2526 si
3222 2471 3431 2527 nolunt
3485 2474 3767 2530 obedisse

2100 2564 2391 2624 naturam,
2429 2576 2719 2631 usumque
2752 2559 3022 2615 elementi
3048 2560 3291 2632 imperio
3324 2561 3424 2616 Dei
3456 2578 3590 2617 esse
3623 2578 3768 2619 con—

2095 2665 2329 2703 versum
2360 2666 2372 2716 ;
2405 2650 2493 2703 vel
2527 2650 2633 2704 hoc
2666 2650 2985 2704 concedant
3011 2649 3271 2720 potuisse
3295 2650 3568 2706 immisso
3585 2656 3770 2707 vento

2097 2752 2279 2806 aquas
2319 2752 2571 2804 currere,
2607 2738 2762 2807 quod
2817 2736 3077 2808 quotidie
3132 2736 3399 2793 videmus
3456 2739 3517 2794 in
3580 2741 3772 2809 mari,

2097 2831 2160 2879 ut
2201 2824 2335 2879 inde
2366 2841 2530 2895 aquae
2590 2829 2847 2891 currant,
2909 2825 3061 2879 unde
3119 2824 3341 2880 ﬂaverit
3396 2832 3644 2883 ventus.
3709 2828 3774 2884 Si

2096 2918 2355 2984 tempore
2386 2913 2569 2984 Moysi
2598 2913 2846 2969 excitato
2877 2914 3089 2968 Austro
3120 2912 3309 2968 valido
3341 2914 3647 2971 siccatum
3679 2921 3777 2973 est

2098 3016 2278 3066 mare,
2312 3000 2515 3056 eodem
2548 3002 2723 3056 modo
2757 3000 2965 3056 siccari
2996 3018 3112 3057 non
3144 3001 3334 3073 potuit
3373 3005 3777 3077 congregatio

2097 3104 2409 3159 aquarum,
2443 3093 2501 3144 et
2548 3090 2642 3144 87
2708 3089 2769 3143 in
2828 3105 2988 3145 mare
3037 3090 3324 3160 proﬂuere
3382 3108 3565 3163 aqua,
3634 3111 3777 3166 qua:

2096 3183 2293 3248 postea
2313 3176 2498 3233 divisa
2519 3183 2609 3233 est
2630 3194 2663 3232 a
2694 3177 2980 3249 profundo
3002 3178 3112 3249 (73)
3145 3180 3331 3249 (Exod.
3364 3181 3612 3254 x1v.21).
3655 3184 3780 3239 Sed

2093 3266 2326 3321 discant
2371 3271 2645 3321 naturam
2730 3282 2901 3339 posse
2955 3268 3232 3336 converti,
3289 3270 3530 3339 quando
3599 3276 3785 3343 petra

2094 3372 2277 3426 aquas
2308 3354 2495 3423 ﬂuxit,
2527 3360 2585 3411 et
2621 3354 2840 3410 ferrum
2900 3371 3063 3426 aquaa
3113 3357 3539 3428 supernatavit,
3607 3361 3785 3432 quod

2092 3444 2295 3516 utique
2342 3444 2585 3499 Elisaeus
2616 3444 2834 3499 orando
2883 3443 3070 3500 facere
3102 3445 3335 3512 meruit,
3398 3463 3518 3502 non
3571 3449 3783 3522 impe-

2090 3533 2271 3587 rando
2325 3532 2419 3599 (1V
2473 3534 2592 3600 Reg.
2629 3550 2706 3600 vi,
2765 3534 2840 3603 6).
2899 3532 2958 3589 Si
3016 3532 3195 3605 igitur
3237 3533 3476 3589 Elisaaus
3529 3536 3785 3594 ferrum

2086 3620 2296 3676 levavit
2324 3626 2523 3676 contra
2547 3627 2836 3676 naturam.
2860 3621 3128 3678 Christus
3168 3639 3351 3693 aquas
3377 3640 3634 3681 movere
3654 3644 3784 3683 non

2088 3710 2275 3780 potuit
2302 3709 2329 3764 ?
2386 3710 2495 3764 Sed
2533 3711 2730 3777 movit,
2759 3709 2859 3782 qui
2881 3711 3071 3782 potuit
3096 3711 3323 3766 dicere:
3355 3712 3611 3780 Lazare,
3646 3718 3788 3771 veni

2083 3801 2234 3867 foras
2264 3798 2438 3868 (Joan.
2475 3814 2553 3865 xu,
2581 3798 2691 3868 43),
2743 3803 2800 3853 et
2831 3805 3129 3853 mortuum
3187 3798 3491 3855 suscitavit
3524 3820 3541 3871 ;
3612 3802 3787 3860 Deus

2086 3886 2243 3941 enim
2276 3886 2429 3957 quod
2453 3886 2645 3956 jubet,
2672 3887 2825 3941 facit.
2850 3889 3054 3958 Itaque
3076 3886 3200 3959 pari
3222 3887 3488 3959 exemplo
3524 3890 3785 3948 dictum

2085 3974 2312 4046 accipe:
2359 3974 2723 4045 Congregetur
2776 3991 2939 4046 aqua,
2999 3983 3051 4031 et
3112 3985 3438 4047 congregata
3486 3988 3607 4036 est.
3678 3982 3789 4036 Di-

2084 4064 2266 4118 cendo
2300 4067 2496 4118 autem
2526 4072 2899 4135 congregetur,
2937 4080 3053 4119 non
3087 4064 3279 4120 solum
3311 4066 3499 4122 movit
3516 4084 3677 4125 eam
3711 4071 3792 4127 de

2082 4151 2244 4208 loco:
2279 4153 2379 4207 sed
2412 4152 2589 4207 etiam
2621 4154 2828 4208 statuit
2856 4153 2915 4207 in
2947 4151 3094 4219 loco,
3129 4157 3194 4209 ut
3251 4170 3367 4209 non
3418 4160 3792 4227 praeterﬂu-

2081 4246 2221 4305 eret,
2255 4241 2357 4296 sed
2384 4245 2667 4296 maneret.

2153 4331 2236 4384 10.
2272 4330 2389 4385 Hoc
2418 4328 2615 4401 itaque
2646 4330 2887 4400 majoris
2945 4330 3214 4386 miraculi
3272 4336 3379 4400 est,
3443 4339 3796 4405 quomodo

2080 4434 2283 4474 omnes
2329 4418 2809 4491 congregationes
2866 4418 2925 4473 in
2984 4436 3165 4475 unam
3224 4424 3795 4493 congregationem

2079 4507 2445 4574 defluxerint,
2487 4512 2544 4562 et
2575 4523 2693 4562 una
2722 4508 3095 4580 congregatio
3126 4525 3241 4564 non
3272 4509 3628 4582 adimpleta
3678 4515 3795 4572 sit.

2082 4595 2207 4651 Nan
2238 4586 2294 4650 et
2334 4595 2627 4667 scriptura
2685 4594 2793 4651 hoc
2844 4594 2998 4651 inter
3054 4596 3350 4652 mirabilia
3406 4604 3799 4675 constituit,

2083 4684 2359 4739 dicendo:
2423 4684 2618 4740 Omnes
2677 4688 2942 4739 torrentes
2986 4692 3117 4740 eunt
3170 4687 3232 4740 in
3279 4702 3454 4753 mare,
3519 4695 3587 4746 et
3620 4710 3802 4751 mare

2081 4789 2189 4829 non
2222 4773 2554 4845 adimpletur
2583 4774 2778 4844 (Eccte.
2814 4790 2855 4844 ι,
2910 4773 2989 4845 7).
3051 4773 3377 4845 Utrumque
3436 4774 3668 4849 igitur
3721 4799 3803 4839 ex

2079 4866 2365 4935 praecepto
2395 4862 2518 4928 Dei,
2547 4866 2612 4917 ut
2672 4863 2815 4918 ﬂuat
2874 4879 3047 4934 aqua,
3106 4867 3165 4919 et
3216 4880 3334 4919 non
3385 4869 3801 4939 superﬂuat.

2081 5068 2351 5129 pris-5.3131
2382 5049 2593 5129 _Yoluit
2647 5048 2791 5105 illud
2842 5048 3063 5129 Basilii,
3107 5059 3300 5129 ςρύςηεῴςΔ
3338 5059 3445 5129 ἐστᾼι
3501 5069 3806 5129 ποιητική.

2153 5122 2538 5204 (Ἰωρυὶἀαπι
2571 5136 2739 5191 mss.,
2771 5123 2915 5195 quod
2956 5124 3019 5177 in
3046 5124 3331 5195 superﬁcie
3376 5123 3515 5195 ejus
3586 5122 3809 5204 aliqua;

2027 5224 2034 5230 ο
2080 5195 2209 5249 litus
2238 5195 2329 5248 sit.

2148 5266 2264 5333 (72)
2297 5265 2434 5320 Mss.
2469 5262 2712 5336 aliquot,
2758 5267 2819 5318 ut
2874 5266 2988 5319 ima
3039 5282 3103 5319 ac
3156 5264 3446 5321 solidiore.
3527 5271 3669 5329 Alii
3734 5293 3812 5333 ac

2078 5337 2228 5411 edit.
2251 5352 2492 5411 omnes:
2527 5335 2587 5390 ut
2613 5338 2727 5411 inm
2752 5335 3033 5411 solidiore.
3077 5336 3267 5411 Corb.,
3328 5336 3563 5411 Carm,
3640 5345 3809 5404 Ben.

2078 5412 2134 5462 et
2166 5407 2298 5475 Th.,
2333 5409 2391 5461 ut
2422 5408 2535 5462 ima
2564 5408 2669 5462 soli
2696 5423 2811 5463 ora.
2846 5409 3063 5475 Germ.,
3092 5415 3151 5463 ut
3177 5408 3291 5462 ima
3317 5407 3456 5465 soli.

2149 5480 2261 5563 (733)
2294 5478 2448 5563 Edit.
2489 5494 2636 5563 cum.
2656 5478 2857 5563 paucis
2917 5495 3085 5547 mss.,
3136 5477 3317 5563 dipisq
3351 5484 3444 5561 est
3478 5487 3589 5563 ‘z'n
3658 5507 3812 5563 ρνο-

2073 5547 2284 5633 [unici
2315 5549 2526 5606 melius
2558 5547 2793 5623 reliquit
2821 5566 2989 5621 mss.,
3022 5566 3055 5606 a
3078 5549 3368 5625 profundo,
3426 5551 3504 5611 id
3544 5547 3677 5619 est'
3728 5564 3813 5621 ab

2075 5621 2193 5681 imo
2208 5621 2279 5679 ad
2297 5637 2619 5682 summum.
