3932 6212
185 268 271 331 1Ἰ3
1425 272 1580 335 HEX
1592 270 1817 334 AEMET

2015 270 2165 333 LIB.
2210 271 2317 332 ΙΙΙ.

3451 278 3567 340 174

188 402 617 475 Circumscripta
648 403 842 478 igitur
869 403 1142 476 imposito
1174 403 1289 458 ﬁne
1317 403 1497 458 maria
1534 403 1817 459 claudun-
1847 403 1901 469 Α
1931 402 2223 458 Oceanum
2257 419 2415 458 mare
2445 403 2714 470 dicimus,
2747 407 2803 459 et
2831 405 3288 476 Tyrrhenum,et
3314 409 3568 466 Adriati-

184 497 278 555 tur.
304 508 372 547 ne
401 492 733 564 superfusa
754 490 930 548 terris
956 492 1285 547 innundent
1309 492 1525 559 omnia,
1549 497 1605 547 et
1634 490 1816 547 desti-

183 585 288 635 tuto
317 596 590 635 arvorum
642 580 837 645 cultu,
890 597 1108 636 munus
1159 584 1400 635 terrena:
1445 579 1820 635 fecunditatis

182 668 513 739 impediant;
549 673 924 741 cognoscant
952 668 1131 741 igitur
1157 667 1336 722 divini
1366 684 1493 723 esse
1524 668 1816 740 prmcepti,

180 755 637 829 Operationisque
697 757 973 813 ccelestis.
1023 756 1118 811 Ait
1174 756 1329 811 enim
1387 756 1670 811 Dominus
1718 772 1821 827 per

179 846 373 900 nubem
400 845 476 900 ad
505 845 621 901 Job
650 845 810 901 inter
840 844 954 899 alia
982 844 1158 899 etiam
1200 844 1269 898 de
1319 844 1497 899 maris
1527 844 1817 899 claustro:

181 935 326 989 Posui
343 935 396 990 ei
424 935 878 1005 ﬁnes,apponens
926 934 1167 988 claustra
1197 941 1247 987 et
1268 936 1471 1004 portas.
1526 935 1691 987 Dixit
1719 950 1819 987 au-

175 1025 267 1076 tem
295 1024 386 1076 ei:
418 1023 597 1093 Usque
625 1022 734 1076 huc
782 1023 984 1085 venies,
1028 1037 1126 1075 nec
1173 1022 1611 1091 transgredieris,
1639 1021 1731 1076 sed
1760 1022 1821 1075 in

177 1116 221 1166 te
256 1113 368 1182 ipso
415 1115 775 1166 conterentur
815 1112 1014 1179 ﬂuctus
1062 1112 1146 1164 tui
1174 1110 1290 1180 (Job
1322 1126 1553 1176 xxxvm,
1584 1111 1671 1176 10,
1707 1110 1816 1180 11).

178 1199 363 1254 Nonne
393 1197 509 1270 ipsi
540 1198 812 1253 videmus
839 1214 998 1252 mare
1029 1197 1364 1268 frequenter
1394 1197 1706 1265 undosum,
1740 1198 1821 1252 ita

178 1287 315 1342 utin
352 1286 544 1343 altum
578 1286 793 1341 ﬂuctus
823 1287 952 1357 ejus
980 1290 1259 1357 tanquam
1293 1303 1460 1341 mons
1491 1303 1653 1357 aqua?
1677 1303 1820 1358 prae-

178 1380 374 1447 ruptus
408 1376 700 1447 insurgat,
740 1375 838 1430 ubi
885 1375 1172 1445 impetum
1206 1390 1379 1428 suum
1413 1375 1484 1429 ad
1515 1374 1680 1429 littus
1708 1373 1820 1428 illi-

176 1464 320 1532 serit,
382 1464 445 1518 in
500 1479 747 1535 spumas
821 1461 1052 1528 resolvi,
1112 1460 1407 1534 repagulis
1464 1462 1821 1533 quibusdam

182 1568 355 1607 arena
388 1551 638 1606 humilis
672 1566 1103 1622 repercussum,
1136 1552 1459 1605 secundum
1491 1551 1644 1621 quod
1676 1550 1819 1605 scri-

175 1646 329 1712 ptum
360 1644 489 1696 est:
524 1645 629 1695 Aut
667 1655 779 1693 non
807 1641 1073 1694 timebitis
1104 1654 1209 1706 me,
1249 1638 1384 1693 dicit
1410 1640 1696 1705 Dominus,
1727 1641 1822 1710 qui

1926 508 2082 557 cum,
2114 496 2169 546 et
2217 491 2503 557 Indicum,
2556 495 2614 546 et
2658 493 3013 564 Egyptium,
3046 498 3104 548 et
3155 494 3481 564 Ponticum,
3511 504 3568 555 et

1928 578 2359 648 Propontidem,
2450 584 2507 632 et
2591 577 3048 649 Hellespontum,
3137 584 3195 635 et
3254 583 3564 652 Euxinum,

1926 666 2204 737 IEgamm,
2240 666 2484 733 Ionium,
2533 666 2908 732 Atlanticum,
2949 667 3218 741 Plerique
3239 669 3414 726 etiam
3445 672 3571 728 Cre-

1926 753 2126 815 ticum,
2184 760 2239 808 et
2288 754 2749 826 Septentrionale
2796 756 3069 828 Caspium
3116 759 3228 829 (77)
3275 760 3572 832 appellant

1929 858 2108 896 mare.
2146 842 2303 897 Unde
2360 842 2797 899 consideremus
2845 845 3153 916 Scriptura:
3196 848 3391 916 verba,
3443 866 3569 920 quae

1928 928 2137 984 librato
2170 934 2309 984 sunt
2338 930 2621 985 trutinata
2643 931 2924 987 examine.

2003 1036 2085 1089 13.
2120 1037 2443 1105 Coltz'gatur,
2476 1035 2684 1107 inquit,
2717 1055 2860 1108 aqua
2892 1040 2947 1092 in
2978 1041 3343 1097 collectimiem
3379 1060 3570 1099 unam.

1928 1122 2053 1177 Una
2083 1140 2367 1194 aquarum
2381 1124 2672 1196 ,jugisque
2694 1129 2749 1179 et
2770 1125 3047 1181 continua
3076 1131 3444 1203 congregatio
3463 1135 3571 1201 cst,

1929 1212 2028 1266 scd
2060 1211 2270 1266 diversi
2306 1212 2473 1267 sinus
2504 1213 2702 1281 maris,
2736 1217 2800 1268 ut
2828 1215 3066 1285 quidam
3100 1218 3169 1272 de
3190 1218 3575 1290 scriptoribus

1930 1300 2258 1355 forensibus
2307 1300 2390 1355 ait
2437 1300 2604 1371 (Plat.
2662 1302 2720 1356 in
2768 1304 3003 1374 Timazo).
3056 1306 3317 1378 Namque
3358 1312 3573 1380 pontus

1930 1388 2110 1443 maris
2141 1389 2322 1443 nostri
2356 1390 2467 1458 (78)
2495 1389 2659 1445 sinus
2684 1391 3111 1462 amplissimus,
3163 1396 3486 1468 meritoque
3513 1398 3573 1453 in

1931 1477 2176 1531 diversis
2209 1475 2353 1530 locis
2397 1476 2623 1532 diversa
2668 1483 2808 1533 sunt
2839 1481 3095 1545 nomina,
3131 1484 3267 1553 quia
3294 1486 3575 1543 vocabula

1931 1566 2098 1635 aquis
2130 1581 2197 1619 ex
2227 1564 2528 1636 regionum
2559 1566 2856 1622 vocabulis
2887 1568 3271 1627 adhaeserunt.
3321 1572 3448 1629 Una
3475 1591 3576 1629 au-

1930 1658 2043 1707 tem
2079 1654 2452 1725 congregatio
2484 1670 2792 1725 aquarum,
2825 1673 2890 1711 eo
2920 1659 3074 1728 quod
3100 1660 3263 1731 jugis
3295 1663 3453 1718 unda
3480 1667 3574 1719 at-

173 1732 316 1799 posui
346 1746 581 1784 arenam
611 1729 747 1798 ﬁnes
774 1730 924 1783 mari
954 1730 1085 1798 (Jer.
1118 1745 1174 1794 v,
1223 1728 1359 1797 22)?
1410 1726 1817 1783 Infirmissimo

2000 1758 2042 1796 le
2067 1742 2344 1797 continua
2372 1742 2443 1797 ab
2477 1742 2673 1798 Indico
2724 1744 2871 1799 mari
2906 1726 3018 1816 (79)
3067 1726 3252 1820 usque
3296 1751 3368 1805 ad
3399 1750 3573 1807 Gadi-

173 1819 359 1890 itaque
389 1817 661 1873 omnium
691 1815 823 1872 vilis
863 1815 1165 1871 sabulonis
1220 1816 1455 1887 pulvere
1506 1815 1592 1871 vis
1639 1816 1818 1872 maris

172 1908 523 1978 intempesta
552 1903 858 1960 cohibetur
887 1905 1021 1975 (74),
1054 1909 1110 1960 et
1128 1902 1287 1959 velut
1304 1903 1548 1959 habenis
1578 1904 1820 1975 quibus-

173 1996 296 2051 dam
327 1993 586 2049 caelestis
634 1992 868 2066 imperii
919 1993 1256 2064 praescripto
1306 1992 1416 2046 sibi
1450 1993 1563 2047 line
1596 2009 1853 2048 revoca-°

172 2088 277 2151 tur,
305 2082 667 2154 violentique
713 2082 964 2153 aequoris
1020 2087 1215 2136 motus
1260 2081 1318 2135 in
1351 2097 1478 2136 sese
1508 2080 1815 2153 frangitur,

172 2177 335 2245 atque
365 2172 427 2227 in
458 2171 737 2226 reductos
767 2171 935 2227 sinus
967 2187 1105 2225 suos
1134 2170 1421 2224 scinditur
1450 2170 1584 2241 (75).

234 2262 321 2316 ll.
352 2260 646 2315 Caeterum
678 2259 791 2314 nisi
821 2259 909 2314 vis
958 2259 1161 2314 statuti
1211 2258 1462 2314 caelestis
1505 2258 1814 2325 inhiberet,

173 2349 300 2422 quid
330 2350 596 2405 obstaret
626 2347 768 2419 quin
799 2364 905 2419 per
931 2346 1106 2419 plana
1125 2348 1372 2419 Egypti,
1406 2363 1535 2417 quae
1566 2347 1817 2402 maxime

174 2437 582 2494 humilioribus
604 2438 813 2507 jacens
843 2434 1094 2491 vallibus
1121 2436 1467 2507 campestris
1508 2434 1814 2502 asseritur,

176 2544 322 2582 mare
355 2526 625 2581 Rubrum
654 2523 921 2597 [Egyptio
970 2523 1173 2596 pelago
1223 2523 1606 2578 misceretur?
1654 2523 1820 2578 Deni-

175 2632 275 2688 que
303 2616 519 2671 docent
548 2613 661 2668 hoc
691 2613 788 2684 qui
828 2611 1140 2667 voluerunt
1169 2611 1288 2666 haec
1340 2613 1456 2666 duo
1487 2611 1599 2666 sibi
1632 2611 1819 2666 maria

176 2708 528 2768 connectere,
588 2706 767 2773 atque
815 2700 876 2755 in
930 2717 991 2756 se
1058 2700 1484 2755 transfundere.
1538 2699 1815 2755 Sesostris

176 2792 489 2865 Egyptius,
523 2789 625 2862 qui
655 2789 952 2860 antiquior
982 2789 1112 2854 fuit,
1144 2792 1202 2843 et
1231 2788 1441 2843 Darius
1463 2788 1685 2852 Medus,
1716 2787 1817 2859 qui

178 2881 407 2952 majoris
435 2879 706 2935 contuitu
739 2876 1007 2949 potentiae
1038 2877 1098 2931 in
1129 2876 1397 2931 eﬂ‘ectum
1431 2876 1609 2931 voluit
1642 2877 1819 2931 addu-

178 2986 312 3037 cere,
343 2969 505 3041 quod
537 2969 611 3022 ab
641 2965 920 3038 indigena
952 2966 1143 3020 fuerat
1175 2969 1308 3020 ante
1339 2968 1647 3019 tentatum.
1681 2967 1817 3029 Quae

180 3073 261 3114 res
302 3055 524 3112 indicio
573 3059 683 3123 est,
735 3053 890 3126 quod
921 3052 1191 3124 superius
1218 3058 1307 3107 est
1336 3068 1495 3106 mare
1525 3052 1811 3119 Indicum,

180 3147 230 3201 in
272 3162 385 3218 quo
436 3159 600 3200 mare
667 3142 957 3208 Rubrum,
1006 3157 1182 3213 quam
1233 3156 1432 3211 aequor
1478 3140 1810 3212 {Egyptium
1843 3125 1885 3191 C

180 3236 317 3306 quod
344 3233 593 3289 inferius
625 3230 814 3286 alluit.
847 3231 916 3285 Et
944 3230 1190 3285 fortasse
1223 3244 1295 3283 ne
1322 3227 1500 3283 latius
1545 3232 1617 3284 se
1656 3245 1815 3284 mare

178 3321 588 3389 ell'underet,de
602 3319 1010 3390 superioribus
1031 3318 1103 3373 ad
1130 3318 1405 3372 inferiora
1426 3317 1813 3388 praecipitans,

176 3411 292 3467 ideo
322 3408 630 3467 molimina
660 3425 764 3463 sua
795 3424 894 3462 rex
926 3412 1172 3478 uterque
1212 3404 1514 3461 revocavit.

747 3505 847 3561 88
878 3504 1116 3560 CAPUT
1158 3504 1232 3559 IIl

182 3600 551 3654 Collecth
597 3611 871 3666 aquarum
909 3610 1079 3648 unam
1119 3594 1168 3647 et
1214 3594 1529 3666 continuam
1558 3609 1688 3655 esse,
1720 3608 1815 3647 no-

240 3673 389 3725 mina
419 3684 545 3725 vero
590 3664 691 3738 pro
737 3665 1055 3720 diversitate
1096 3664 1645 3738 regionumtliversa.
1682 3667 1819 3731 Quo-

246 3742 393 3796 modo
439 3734 621 3794 locum
669 3738 847 3808 aquis,
895 3739 999 3791 toto
1041 3737 1169 3805 orbe
1213 3734 1448 3808 diffusis,
1490 3736 1627 3789 Deus
1652 3751 1819 3805 para-

246 3814 391 3866 verit.
438 3813 572 3866 Item
619 3808 686 3863 de
713 3806 966 3863 ‘lacubus
993 3809 1043 3863 et
1083 3809 1292 3877 stagnis
1320 3806 1419 3861 sub
1452 3822 1563 3860 una
1592 3821 1820 3874 congre-

246 3885 458 3951 gatione
483 3878 904 3951 comprehensis.

249 3971 331 4025 l2.
390 3972 593 4036 Quaero
639 3983 959 4034 nunc,cum
1036 3965 1291 4020 dixerit:
1354 3965 1655 4036 Colligatur
1713 3964 1822 4035 (76)

1927 1829 2047 1885 tani
2078 1846 2241 1884 oram
2272 1829 2566 1896 littoris,et
2588 1832 2724 1887 inde
2755 1832 2812 1886 in
2845 1850 3004 1889 mare
3023 1835 3285 1891 Rubrum
3317 1842 3573 1896 extremo

1927 1918 2282 1972 circumfusa
2308 1919 2507 1973 orbem
2552 1920 2665 1989 (80)
2691 1924 2981 1977 terrarum
3030 1922 3278 1980 includit
3306 1926 3531 1983 Oceano
3556 1945 3571 1984 :

1926 2005 2172 2061 interius
2204 2023 2436 2078 quoque
2468 2008 2764 2079 Tyrrheno
2780 2010 3195 2078 Adrias,Adriae
3225 2018 3431 2071 caetera
3455 2032 3576 2072 ma-

1929 2095 2015 2149 ria
2046 2095 2390 2163 miscentur,
2424 2097 2760 2152 nominibus
2792 2098 3089 2165 distincta,
3121 2118 3236 2155 non
3275 2102 3572 2161 ﬂuctibus.

1929 2183 2088 2243 Unde
2144 2184 2385 2255 pulchre
2446 2184 2647 2250 habes,
2684 2187 2825 2256 quia
2881 2187 3038 2243 Deus
3094 2191 3574 2263 congregationes

1928 2288 2216 2343 aquarum
2243 2273 2464 2327 vocavit
2495 2273 2679 2328 maria
2709 2274 2861 2345 (Gen.
2913 2291 2954 2342 ι,
2989 2278 3094 2347 10).
3145 2278 3229 2333 Ita
3258 2282 3314 2333 et
3342 2296 3460 2335 una
3488 2283 3578 2335 est

1927 2359 2216 2429 generalis
2266 2359 2546 2423 collectio,
2601 2378 2727 2432 quae
2778 2364 2993 2419 dicitur
3048 2382 3227 2436 mare,
3283 2372 3341 2423 et
3377 2367 3576 2424 multas

1928 2448 2294 2503 collectiones
2312 2465 2438 2517 quae
2461 2449 2648 2504 maria
2669 2467 2770 2521 pro
2786 2454 3124 2522 regionibus
3138 2461 3572 2528 nuncupantur.

1927 2535 2090 2589 Sicut
2118 2535 2270 2589 enim
2306 2534 2501 2590 multae
2524 2542 2712 2604 terrae,
2744 2543 2809 2592 ut
2837 2539 3050 2608 Africa,
3086 2542 3575 2613 Hispania,Thra-

1927 2624 2034 2690 cia,
2070 2624 2427 2692 Macedonia,
2463 2625 2647 2696 Syria,
2679 2626 2977 2698 ngyptus,
3013 2628 3218 2695 Gallia,
3263 2635 3438 2703 atque
3467 2631 3578 2687 Ita-

1927 2712 2024 2775 lia,
2060 2729 2161 2783 pro
2192 2714 2494 2785 regionum
2526 2713 2894 2785 appellantur
2921 2717 3312 2784 vocabulis,et
3339 2737 3459 2775 una
3487 2724 3578 2776 est

1925 2805 2109 2856 terra:
2142 2800 2223 2854 ita
2251 2800 2436 2856 multa
2465 2802 2739 2857 dicuntur
2784 2820 2886 2874 pro
2934 2803 3191 2861 locorum
3233 2807 3574 2881 appellatio-

1927 2889 2101 2944 nibus
2131 2889 2335 2955 maria,
2369 2896 2425 2944 et
2455 2908 2636 2945 unum
2661 2896 2749 2946 est
2780 2908 2958 2959 mare,
2994 2895 3146 2949 sicut
3176 2894 3259 2950 ait
3287 2895 3578 2968 Propheta

1926 2979 2158 3033 (licens:
2210 2979 2307 3032 Tui
2348 2987 2475 3033 sunt
2514 2980 2656 3045 arti,
2698 2984 2750 3034 et
2796 2989 2890 3035 tua
2930 2989 3008 3037 est
3048 2986 3218 3053 terra,
3250 2986 3435 3039 orbem
3466 2993 3574 3041 ter-

1925 3083 2117 3121 rarum
2164 3074 2214 3120 et
2260 3067 2663 3136 plenitudinem
2709 3070 2828 3137 eius
2856 3073 2915 3124 tu
2953 3071 3221 3139 fundasti,
3254 3072 3577 3144 Aquilonem

1924 3160 1974 3211 et
2001 3172 2155 3210 mare
2182 3159 2243 3209 tu
2269 3157 2469 3210 creasti
2506 3156 2674 3225 (Psal.
2698 3174 2961 3223 Lxxxvm,
2997 3160 3084 3224 12,
3117 3160 3227 3229 l3).
3261 3162 3331 3214 Et
3358 3162 3433 3215 ad
3459 3162 3571 3217 Job

1925 3244 2050 3316 ipse
2080 3243 2363 3299 Dominus
2393 3244 2475 3297 ait
2508 3260 2518 3298 :
2557 3244 2809 3299 Conclusi
2836 3250 3019 3300 autem
3048 3263 3198 3301 mare
3236 3250 3410 3317 portis
3457 3249 3572 3318 (Job

1924 3351 2157 3397 xxxvm,
2190 3335 2266 3393 8).

1998 3430 2085 3484 44.
2124 3430 2286 3484 Nunc
2317 3430 2456 3500 quia
2484 3446 2601 3484 una
2629 3429 2965 3486 collectione
2995 3432 3271 3503 diximus,
3300 3434 3446 3492 illud
3478 3452 3581 3493 oc-

1929 3518 2146 3584 currit;
2180 3521 2378 3575 utrum
2410 3535 2541 3573 cum
2575 3536 2677 3590 per
2717 3536 2951 3576 omnem
3002 3522 3118 3579 fere
3149 3527 3362 3580 terram
3390 3529 3447 3580 et
3476 3543 3575 3583 su-

1929 3625 2031 3681 per
2062 3612 2272 3662 terram
2308 3607 2524 3662 fuerint
2554 3608 2776 3663 dill‘usaa
2807 3626 2969 3682 aqua:
3007 3629 3110 3683 per
3140 3611 3435 3670 vallestria
3465 3615 3578 3687 (81)

1930 3712 2228 3768 agrorum,
2261 3712 2514 3749 concava
2557 3694 2843 3764 nontium,
2902 3696 3321 3772 planitiemque
3349 3718 3582 3774 campo-

1930 3802 2085 3851 rum,
2119 3785 2291 3839 modo
2323 3784 2574 3855 aequoris
2607 3786 2737 3839 fusa
2777 3789 3146 3859 congregatio
3177 3807 3295 3844 una
3325 3789 3583 3862 potuerit

1931 3889 2136 3928 omnes
2165 3872 2299 3927 illas
2329 3889 2514 3943 aquas
2544 3873 2797 3945 recipere
2830 3879 3005 3946 atque
3043 3875 3339 3932 exinanire
3371 3882 3578 3945 terras,

1934 3979 2061 4032 quze
2090 3965 2222 4016 ante
2255 3961 2381 4015 fuso
2404 3977 2505 4031 per
2519 3961 2854 4017 universum
2872 3962 3112 4019 flumine
3133 3966 3581 4037 stagnabantur.

188 4075 319 4129 aqua
357 4061 418 4112 in
470 4058 843 4113 collectionem
890 4070 1061 4109 unam
1089 4054 1239 4125 (Gen.
1298 4072 1334 4120 ι,
1385 4054 1478 4122 9);
1532 4052 1823 4124 quomodo
1932 4055 2079 4105 Nam
2112 4050 2160 4104 si
2192 4049 2273 4102 ita
2303 4051 2503 4119 operta
2531 4053 2695 4102 erant
2725 4050 2958 4118 omnia;
3007 4068 3121 4107 non
3153 4053 3308 4107 enim
3342 4053 3579 4122 diceret,

191 4147 416 4209 diﬂ'usas
441 4162 548 4218 per
575 4145 761 4208 lacus,
794 4143 1058 4216 paludes,
1093 4146 1320 4215 stagna,
1368 4157 1576 4213 aquas,
1624 4145 1683 4195 et
1720 4158 1825 4196 su-
1931 4139 2058 4194 visa
2087 4141 2174 4192 est
2206 4137 2487 4200 terra,39
2519 4136 2630 4191 nisi
2665 4141 2942 4192 retectam
2984 4139 3155 4195 vellet
3198 4139 3340 4196 locis
3388 4142 3581 4197 omni-

193 4234 442 4304 perfusas
466 4232 720 4289 vallibus
750 4236 808 4287 et
824 4232 1048 4304 campis
1060 4231 1453 4301 omnibusque
1465 4228 1826 4301 planioribus
1936 4228 2047 4282 bus
2078 4227 2497 4281 demonstrare.
2534 4225 2592 4279 Si
2613 4225 2898 4280 diluvium
2921 4227 3038 4283 Noe
3060 4233 3319 4302 tempore
3342 4230 3583 4286 abscon-

195 4320 343 4387 locis,
388 4325 690 4378 currentes
741 4320 1006 4376 fontibus
1050 4323 1227 4390 atque
1284 4318 1650 4385 ﬂuminibus,
1710 4335 1828 4373 una
1864 4314 1867 4317 ’
1935 4316 2019 4370 dit
2048 4321 2103 4369 et
2133 4318 2382 4381 montes,
2416 4315 2649 4385 quando
2672 4317 3096 4388 aquarumjam
3115 4322 3172 4373 et
3203 4336 3379 4392 super
3405 4319 3581 4376 caelos

198 4411 431 4480 potuerit
460 4410 721 4482 recipere
748 4407 1047 4465 collectio:
1079 4411 1181 4463 aut
1228 4407 1520 4478 quomodo
1552 4424 1669 4461 una
1708 4405 1825 4462 col-
1936 4408 1997 4473 et
2024 4404 2176 4458 infra
2207 4403 2640 4458 ﬁrmamentum
2674 4404 2862 4459 fuerat
2885 4406 3036 4461 facta
3067 4407 3585 4482 discretio;quanto

199 4496 351 4555 lectio
396 4516 529 4556 cum
568 4498 862 4571 hodieque
910 4497 1138 4554 diversa
1179 4495 1298 4552 sint
1338 4494 1567 4550 maria?
1596 4495 1744 4551 Nam
1775 4499 1833 4552 et
1860 4491 1907 4556 D
1938 4492 2127 4565 magis
2158 4491 2414 4547 dubitari
2443 4509 2557 4547 non
2590 4496 2781 4564 potest
2809 4493 2985 4550 etiam
3025 4497 3317 4554 montium
3345 4498 3588 4556 vertices

262 4659 364 4730 (74)
392 4659 543 4714 Edit.
590 4673 815 4732 omnes,
866 4655 1223 4732 vilis_sabuli
1266 4646 1619 4732 pulverenvis
1659 4654 1832 4732 maris
1938 4653 2135 4732 nostri,
2160 4651 2709 4732 _etc.__Corb.,tamcn
2741 4658 2797 4708 et
2828 4653 3206 4732 aliiquinque
3236 4661 3468 4732 optimas
3488 4677 3589 4717 no-

202 4724 592 4803 inlevitpestate
623 4728 920 4803 coltibctur.
940 4726 1111 4803 _Mss.
1167 4724 1832 4803 gmhestilissablonis
1942 4729 2013 4780 tte
2035 4728 2256 4803 pontus.
2290 4724 2360 4777 Et
2389 4724 2542 4803 forte,
2568 4726 2769 4803 eodem
2802 4724 2980 4782 modo
3003 4724 3128 4785 dici
3154 4724 3362 4803 possit,
3392 4735 3588 4803 pontus

199 4804 289 4854 aut
314 4796 660 4857 sabulonis...
694 4801 886 4866 Carm,
930 4798 1122 4864 C0rb.,
1168 4797 1330 4865 Ben.,
1384 4796 1517 4861 Th.,
1551 4799 1742 4850 Germ.
1777 4799 1834 4850 et
1939 4797 2134 4863 maris,
2159 4811 2274 4865 quo
2305 4800 2626 4866 usurpatur
2652 4798 2828 4851 solum
2865 4803 3054 4859 terrm.
3086 4796 3408 4857 et'similia'.

197 4870 326 4944 Reg.
360 4874 683 4944 intempesta
710 4890 723 4927 :
757 4869 852 4926 alii
885 4886 1017 4925 vero
1049 4874 1112 4944 ut
1140 4868 1303 4944 edit.,
1336 4870 1405 4944 in
1426 4869 1766 4944 tempestate.
2012 4867 2121 4944 (ῖῼ)
2153 4866 2318 4944 Boni.
2354 4866 2516 4944 edit.,
2537 4869 2806 4944 (continuo
2837 4885 2871 4922 a
2907 4871 3130 4925 Pontico
3157 4873 3321 4944 mari,
3354 4876 3462 4926 etc.

257 4937 366 5015 (7'5)
396 4937 565 5001 Dion.
601 4944 752 5009 cod.,
787 4946 952 5012 atque
979 4940 1227 4997 reductus
1259 4942 1318 4994 in
1354 4940 1508 4994 sinus
1535 4937 1658 4993 suos
1686 4939 1831 4993 scin-
1983 4938 2126 5015 Δ(80)
2158 4937 2298 5015 Mss.
2329 4937 2552 5015 aliquot
2582 4942 2647 5015 et_
2666 4938 2802 5015 edit.
2835 4945 3157 5015 Am.atque
3188 4942 3313 4994 Era.
3347 4950 3590 5015 apti-emo

191 5008 360 5071 ἀίων-ί
740 5008 745 5009 ν
856 5008 873 5012 ”
1749 5078 1755 5079 γ
1941 5010 2268 5079 circumfuso
2297 5009 2478 5062 orbem
2505 5026 2518 5074 ;
2553 5008 2788 5079 quidam
2822 5026 2991 5074 mss.,
3020 5008 3164 5075 orbe,
3197 5016 3307 5065 etc.
3333 5010 3446 5066 Alii
3478 5012 3590 5069 ali-

256 5087 361 5158 (76)
396 5087 478 5142 Ita
503 5083 848 5158 vet._ed_it.et
879 5081 1075 5158 cuncti
1107 5082 1223 5136 fere
1255 5097 1397 5136 mss.
1423 5096 1528 5135 nec
1572 5096 1684 5134 non
1745 5078 1832 5158 inf
1943 5078 2169 5158 quotet
2199 5079 2335 5158 edit.
2370 5078 2830 5158 Itom.‘"e.lz_'t_remo
2856 5083 3206 5158 circumfuso
3236 5082 3445 5158 orbem,
3472 5088 3584 5158 etc.

190 5149 274 5213 ira
304 5149 461 5213 num.
496 5157 584 5212 13.
617 5155 771 5211 Edit.
806 5159 1002 5209 autem
1040 5153 1204 5208 Rom.
1242 5168 1374 5206 cum
1411 5167 1551 5206 mss.
1587 5166 1702 5205 uno
1735 5153 1837 5204 aut
1940 5149 2051 5206 ᾹΙὶἰ
2084 5150 2334 5221 denique
2365 5153 2421 5203 et
2449 5149 2754 5221 edithill.
2778 5220 2787 5221 ί
2809 5154 2872 5204 ut
2919 5167 3025 5205 nos
3066 5149 3122 5204 in
3156 5157 3334 5207 textu.
3366 5149 3589 5210 Ibidem

191 5228 382 5296 altero,
412 5230 801 5299 congregetur,
843 5228 978 5299 etc.,
1016 5230 1098 5299 ut
1137 5223 1302 5278 initio
1353 5239 1479 5295 cap,
1511 5225 1565 5290 2,
1599 5226 1655 5277 et
1683 5220 1837 5299 infra
1945 5218 2269 5299 mssLVhict.
2308 5237 2477 5299 unus.
2504 5218 2674 5299 Colb...
2695 5223 2749 5273 et
2776 5220 2923 5299 Big.,
2961 5222 3193 5276 includit
3233 5224 3494 5299 Oceanus.

188 5315 308 5383 cap.
333 5289 385 5369 4,
420 5301 475 5356 in
497 5289 741 5383 .quibus
776 5289 936 5353 locis
967 5289 1166 5351 eidem
1216 5289 1440 5350 omnes'
1468 5289 1610 5349 mss.
1662 5297 1835 5364 atque
1945 5364 1968 5383 Ἀ
2275 5289 3017 5383 antiquqzhedit.‘abplures
3059 5309 3200 5383 mss.
3254 5295 3452 5367 Aliqui
3483 5296 3590 5383 ha-

187 5363 323 5428 edit.
352 5363 688 5429 concidunt.
1729 5363 1755 5439 ί
1945 5363 2080 5418 bent
2110 5365 2235 5439 [asa
2263 5363 2675 5439 congregatione
2704 5377 2835 5439 una.
2870 5363 3034 5439 flag,
3074 5365 3226 5439 fusas
3250 5363 3593 5439 congregatio

250 5446 355 5517 (77)
384 5444 561 5517 Rom.
602 5442 741 5517 edit.
791 5439 1048 5517 plerique
1084 5439 1250 5494 etiam
1298 5437 1573 5491 Balticum
1625 5437 1835 5505 septen-
1945 5451 2076 5517 una.
2103 5430 2233 5517 ‘Non
2265 5430 2633 5517 aspernanda
2662 5431 2845 5517 lectio.
2884 5430 3097 5488 Verum
3129 5436 3268 5517 edit.
3303 5430 3468 5517 Ριὸωῖ
3510 5446 3594 5496 ιο.

184 5503 494 5591 trienting
529 5503 810 5591 Caspium,
847 5503 969 5591 etcf
1170 5579 1185 5591 ‘
1262 5580 1272 5591 .
1556 5581 1567 5591 Ι
1679 5503 1692 5505 “
1802 5577 1812 5589 ο
1944 5510 2072 5591 tum
2103 5504 2305 5591 locum.
2328 5503 2408 5591 ita
2431 5503 2841 5587 lconsarcinat:
2862 5520 2963 5579 per
2983 5519 3197 5565 omnem
3214 5510 3360 5582 ferre
3389 5516 3593 5575 terram

256 5590 363 5668 (78)
390 5588 543 5649 Edit.
575 5576 805 5648 οὑπιθέ
832 5586 894 5641 et
938 5596 1079 5645 mea.
1131 5579 1415 5657 plerique,
1441 5581 1636 5655 portus
1664 5577 1837 5636 maris
1941 5580 2166 5653 fuerunt
2193 5576 2493 5645 vallestria.
