3932 6212
340 347 454 410 175

1791 350 1862 411 S.
1912 345 2285 410 AMBROSII

3622 314 3734 412 iis

337 480 439 538 illa
467 480 875 554 superfusione
903 481 1147 538 latuisse
1170 482 1198 536 ?
1246 482 1368 546 Quo
1412 481 1591 553 igitur
1638 480 1739 536 illa
1789 479 1980 537 omnis
2007 479 2063 547 Α
2095 480 2315 552 species
2338 479 2665 553 superfusis
2686 479 2854 553 aquis
2879 497 2994 537 non
3020 485 3315 555 appareat.
3338 478 3516 537 Arida
3536 464 3733 538 autem

337 585 627 642 aquarum
645 569 1036 627 redundantia
1048 570 1305 627 derivata
1323 574 1411 625 est
1429 570 1593 636 ‘tQuze
1618 568 1981 642 receptacula

338 646 466 714 eam
496 663 618 715 tam
650 659 927 715 continua
956 662 1125 731 atque
1155 676 1413 715 connexa
1438 659 1748 715 absorbere
1777 661 1979 731 potue-

338 747 526 804 runt?
556 748 637 805 De
668 765 782 821 quo
833 748 1054 804 multus
1098 748 1265 803 nobis
1315 752 1507 820 potest
1549 764 1741 805 sermo
1774 763 1981 819 suppe-

336 839 479 893 tere.

416 925 498 980 15.
531 923 791 979 Primum
823 925 965 995 quia
988 925 1178 996 potuit
1200 926 1434 981 Creator
1459 926 1724 982 omnium
1747 928 1805 980 et
1833 924 1984 996 ipsa-

340 1028 470 1068 rum
501 1016 789 1068 terrarum
821 1014 1011 1085 spatia
1035 1013 1396 1082 diffundere;
1451 1015 1605 1087 quod
1637 1014 1818 1085 aliqui
1850 1017 1981 1068 ante

340 1114 446 1157 nos
476 1101 1152 1174 confirmantes,pr0pria
1181 1107 1505 1175 posuerunt
1534 1102 1825 1158 sententia
1847 1101 1979 1172 (82).

338 1188 457 1262 Ego
490 1189 630 1260 quid
685 1190 870 1245 facere
921 1190 1193 1262 potuerit,
1241 1208 1356 1247 non
1390 1191 1802 1263 prmtermitto:
1840 1189 1980 1261 quid

339 1276 540 1332 fecerit
584 1278 739 1349 quod
788 1282 984 1350 aperte
1033 1278 1466 1351 Scripturarum
1499 1279 1839 1335 auctoritate
1866 1295 1980 1333 non

339 1363 537 1432 didici,
592 1366 759 1438 quasi
800 1371 1087 1422 secretum
1141 1372 1435 1440 praetereo,
1486 1386 1557 1424 ne
1610 1369 1755 1423 forte
1805 1367 1978 1422 etiam

336 1452 473 1509 hinc
503 1453 649 1510 alias
677 1454 791 1510 sibi
822 1454 1177 1526 quastiones
1191 1457 1510 1529 requirant.
1538 1464 1752 1513 Assero
1781 1460 1979 1512 tamen

338 1543 1170 1616 secundumScripturas,quia
1200 1546 1391 1617 patuit
1417 1546 1677 1601 locorum
1708 1544 1979 1613 humilia,

337 1634 394 1685 et
421 1647 762 1703 camporum
794 1637 994 1707 aperta
1024 1634 1368 1701 diffundere,
1403 1635 1696 1707 sicutipse
1727 1633 1805 1690 ait
1830 1651 1843 1688 :
1872 1636 1982 1702 Ego

336 1723 464 1774 ante
517 1728 566 1775 te
613 1722 922 1789 ambulabo,
983 1730 1033 1778 et
1084 1727 1293 1781 montes
1344 1725 1542 1795 planos
1598 1725 1803 1794 faciam
1852 1724 1978 1791 (Isa.

2092 586 2208 624 non
2240 568 2430 624 solum
2457 569 2528 623 ad
2556 585 2764 642 genus,
2795 570 2897 626 sed
2928 570 3103 626 etiam
3135 571 3207 627 ad
3250 570 3502 643 speciem
3551 574 3738 627 terra-

2091 675 2220 713 rum
2253 660 2354 714 40
2385 659 2737 728 refertur,ut
2791 660 2869 715 sit
2914 658 3077 715 utilis
3133 660 3266 732 (84),
3317 660 3496 727 sicca,
3524 658 3738 718 habilis

2091 751 2147 802 et
2178 750 2314 818 apta
2344 746 2609 802 culturis.
2644 746 2831 803 Simul
2860 752 3236 821 prospectum
3264 750 3451 817 est,ne
3479 749 3741 805 videatur

2092 834 2210 891 sole
2242 834 2429 909 magis
2460 852 2636 908 quam
2685 835 2785 891 Dei
2829 840 3112 910 praecepto
3162 853 3290 893 esse
3339 837 3574 905 siccata,
3606 837 3741 910 quia

2092 924 2256 980 arida
2303 924 2452 980 facta
2498 928 2587 981 est
2634 928 2946 998 antequam
2994 925 3081 981 sol
3131 930 3440 982 crearetur.
3492 925 3656 982 Unde
3686 928 3741 993 et

2090 1012 2268 1068 David
2318 1013 2657 1069 discernens
2707 1029 2868 1069 mare
2897 1017 2955 1069 et
2995 1019 3234 1081 terram,
3268 1014 3350 1070 ait
3393 1015 3464 1071 de
3495 1006 3737 1072 Domino

2090 1098 2243 1154 Deo:
2298 1099 2566 1166 Quoniam
2612 1100 2783 1171 ipsius
2822 1104 2899 1155 est
2945 1117 3119 1171 mare,
3161 1104 3211 1156 et
3258 1102 3373 1173 ipse
3417 1104 3546 1172 fecit
3577 1098 3736 1171 illud,

2090 1195 2141 1242 et
2186 1187 2401 1241 aridam
2445 1204 2642 1242 manus
2693 1190 2811 1260 ejus
2856 1188 3229 1260 fundaverant
3277 1190 3447 1262 (Psal.
3480 1207 3629 1257 xcuv,
3660 1190 3737 1263 5),

2089 1276 2264 1330 Arida
2293 1276 2448 1329 enim
2481 1276 2774 1348 expressio
2806 1281 3025 1333 naturae
3074 1283 3182 1345 est,
3230 1281 3383 1334 terra
3431 1277 3737 1351 appellatio

2092 1364 2356 1435 quaedam
2392 1363 2637 1436 simplex
2668 1365 3041 1438 negotii,quae
3073 1366 3132 1422 in
3164 1384 3225 1423 se
3255 1367 3467 1422 habeat
3487 1366 3739 1440 proprie-

2089 1456 2291 1508 tatem.
2326 1452 2489 1507 Sicut
2520 1453 2677 1508 cnim
2704 1454 2921 1509 animal
2966 1455 3199 1527 generis
3246 1454 3595 1528 signiﬁcatio
3629 1458 3734 1524 est,

2091 1540 2183 1595 cui
2215 1539 2367 1595 inest
2398 1542 2696 1613 proprium
2730 1541 2951 1615 aliquid
2981 1548 3039 1598 et
3068 1542 3389 1600 excellens:
3423 1543 3739 1600 rationabi-

2090 1628 2142 1683 le
2177 1634 2371 1685 autem
2406 1632 2709 1703 proprium
2741 1636 2829 1687 est
2858 1631 3151 1688 hominis:
3177 1633 3259 1688 ita
3290 1636 3347 1689 et
3366 1636 3523 1689 terra
3549 1638 3740 1706 potest

2092 1718 2483 1774 communiter
2512 1718 2625 1773 dici
2654 1719 2741 1775 vel
2785 1723 3016 1777 scatens
3068 1721 3259 1793 aquis,
3308 1722 3395 1777 vel
3426 1723 3656 1779 deserta
3686 1725 3740 1779 et

336 1824 464 1874 XLV,
494 1810 570 1877 2).
605 1809 799 1864 Potuit
828 1811 1005 1866 etiam
1038 1812 1166 1883 ipsa
1184 1829 1470 1885 aquarum
1494 1813 1583 1868 vis
1604 1812 1983 1885 profundiore
2011 1846 2059 1912 B
2094 1805 2269 1912 ξῐινίξὶ,
2303 1811 2359 1912 (ξι
2389 1806 2515 1912 ξίηίθ
2548 1824 2733 1912 ἃξῐυεο.
2758 1807 2917 1912 Ergo
2962 1813 3018 1865 et
3055 1806 3143 1912 illi
3176 1826 3302 1912 quae
3334 1814 3519 1910 sca-tet
3548 1809 3738 1882 αςυὶε,

337 1913 405 1952 ea
455 1896 662 1967 facere,
713 1914 839 1969 quas
888 1900 1215 1956 insederat:
1270 1906 1427 1957 tanto
1477 1902 1761 1957 fluctuum
1795 1904 1977 1968 motu,

336 1988 615 2057 tantoque
645 1989 790 2042 aestu
821 1988 1215 2046 concitatioris
1264 1990 1558 2057 elementi,
1590 1991 1689 2062 qui
1723 1989 1983 2061 quotidie

335 2074 456 2129 ima
484 2074 674 2148 pelagi
703 2079 994 2149 torquere,
1042 2082 1098 2133 et
1145 2096 1379 2147 arcnus,
1428 2084 1649 2135 vertere
1698 2079 1881 2134 soleat
1910 2078 1982 2133 de

332 2163 644 2236 profundo.
700 2165 840 2228 Quis
890 2166 1101 2222 deinde
1144 2168 1291 2223 sciat
1341 2169 1473 2239 (83),
1508 2169 1568 2223 in
1602 2171 1886 2240 quantum
1921 2183 1982 2221 se

334 2249 481 2305 illud
512 2267 795 2323 magnum
827 2258 886 2309 et
915 2254 1192 2310 inausum
1245 2256 1655 2327 navigantibus
1686 2260 1857 2327 atque
1890 2254 1978 2310 in-

334 2341 623 2396 tentatum
654 2342 851 2397 nautis
881 2342 1088 2399 fundat
1112 2360 1292 2413 mare,
1325 2345 1479 2415 quod
1513 2344 1841 2400 Britannias
1874 2344 1980 2399 fre-

334 2428 516 2482 menti
545 2427 790 2484 includit
832 2447 1064 2503 zequore
1106 2436 1278 2503 atque
1327 2431 1385 2487 in
1426 2432 1702 2489 ulteriora
1749 2436 1805 2488 et
1834 2432 1980 2505 ipsis

334 2514 549 2573 fabulis
573 2516 872 2574 inaccessa
900 2524 1123 2576 secreta
1171 2537 1232 2576 se
1280 2521 1562 2595 porrigit!
1599 2520 1738 2587 Quis
1770 2521 1980 2577 deinde

332 2620 448 2660 non
480 2605 713 2680 colligat
740 2612 1023 2680 quantum
1056 2610 1305 2665 Lucrina
1351 2615 1408 2666 et
1436 2613 1658 2667 Averno
1691 2612 1749 2664 in
1792 2610 1976 2680 Italia,

331 2694 626 2751 Tiberiadi
676 2713 913 2768 quoque
962 2697 1023 2751 in
1071 2697 1398 2765 Palaestina,
1456 2702 1512 2754 et
1576 2698 1627 2753 ei
1675 2699 1828 2754 Iacui
1877 2700 1977 2771 qui

330 2781 484 2838 inter
506 2783 876 2839 Palaestinam
906 2790 961 2839 et
991 2789 1299 2857 [Egyptum
1330 2786 1555 2841 Arabiae
1586 2787 1815 2843 deserta
1845 2806 1977 2861 pro-

331 2871 542 2941 tendit,
580 2873 984 2944 portubusque
1035 2873 1280 2928 diversis
1317 2875 1565 2946 Augusti
1611 2880 1783 2948 atque
1836 2878 1975 2934 Tra-

325 2958 475 3028 jani,
508 2960 850 3032 ceterisque
874 2978 978 3033 per
1008 2962 1347 3017 universum
1378 2963 1577 3020 orbem
1597 2964 1859 3022 infusum
1882 2968 1981 3023 ad-

332 3046 547 3103 diderit
577 3052 779 3105 mare?

403 3134 493 3190 46.
526 3135 637 3192 Sed
671 3140 810 3193 sunt
838 3138 1014 3195 etiam
1046 3156 1160 3195 non
1210 3141 1436 3197 confusi
1468 3142 1648 3210 lacus,
1682 3147 1739 3199 et
1770 3149 1977 3219 stagna

2090 1893 2242 1949 inest
2280 1898 2344 1948 ut
2393 1895 2604 1950 habeat
2653 1895 3007 1954 ariditatem.
3061 1897 3305 1955 Remota
3354 1899 3510 1955 enim
3565 1916 3738 1972 aqua,

2089 1979 2296 2053 incipit
2342 1999 2469 2037 esse
2523 1982 2707 2052 arida,
2766 1984 2919 2040 sicut
2965 1985 3146 2041 babes
3194 1986 3518 2058 scriptum:
3550 1988 3742 2044 Posuit

2088 2072 2323 2139 ﬂumina
2376 2072 2433 2125 in
2491 2071 2781 2140 desertum,
2824 2082 2875 2129 ct
2921 2076 3101 2129 exitus
3152 2091 3425 2147 aquarum
3474 2077 3535 2131 in
3585 2078 3739 2132 sitim

2090 2160 2258 2229 (Psat.
2294 2176 2403 2225 ενι,
2435 2161 2547 2229 33),
2582 2160 2689 2215 hoc
2721 2166 2827 2229 est,
2861 2161 2931 2217 de
2958 2167 3114 2218 terra
3144 2179 3366 2235 aquosa
3390 2163 3617 2221 aridam
3652 2162 3734 2221 fe-

2089 2247 2184 2302 cit.

2164 2338 2246 2390 18.
2271 2336 2454 2392 Habet
2482 2355 2617 2411 ergo
2646 2341 2802 2393 terra
2832 2339 3128 2411 propriam
3169 2340 3511 2412 qualitatem
3544 2359 3738 2410 suam,

2090 2424 2242 2480 sicut
2274 2429 2331 2480 et
2363 2424 2599 2498 singula
2627 2424 2918 2482 elementa
2964 2427 3204 2498 habent,
3251 2445 3387 2486 nam
3420 2434 3476 2488 et
3504 2447 3605 2487 aer
3635 2430 3743 2487 hu-

2090 2512 2311 2569 midam
2343 2512 2707 2585 qualitatem,
2741 2518 2799 2570 et
2830 2532 2981 2587 aqua
3002 2515 3296 2589 frigidam,
3332 2521 3388 2573 et
3417 2518 3573 2591 ignis
3610 2519 3744 2575 cali-

2088 2603 2243 2657 dam.
2291 2603 2360 2657 Et
2408 2601 2517 2658 hoc
2567 2608 2656 2658 est
2706 2603 3026 2676 principale
3070 2606 3375 2678 proprium
3432 2606 3744 2664 elementis

2089 2689 2362 2762 singulis,
2396 2690 2549 2761 quod
2585 2691 2807 2747 ratione
2837 2691 3191 2766 colligimus.
3236 2695 3746 2767 Comprehendere

2088 2783 2281 2833 autem
2315 2779 2669 2835 sensibiliter
2698 2785 2753 2836 et
2782 2781 3159 2854 corporaliter
3188 2783 3239 2838 si
3277 2782 3552 2854 velimus,
3586 2784 3751 2842 velut

2087 2884 2345 2923 connexa
2374 2872 2431 2923 et
2478 2870 2801 2941 composita
2848 2872 2956 2941 (85)
3002 2870 3365 2943 reperimus;
3413 2876 3477 2928 ut
3506 2872 3556 2929 si
3590 2877 3751 2931 terra

2086 2956 2249 3011 arida
2279 2960 2334 3012 et
2365 2956 2595 3029 frigida,
2632 2975 2785 3029 aqua
2827 2958 3039 3032 frigida
3085 2963 3141 3015 et
3181 2960 3446 3030 humida,
3472 2979 3575 3019 aer
3604 2962 3747 3018 cali-

2086 3045 2198 3099 dus
2228 3048 2284 3101 et
2314 3044 2615 3114 humidus,
2650 3046 2802 3120 ignis
2824 3046 3048 3105 calidus
3074 3052 3131 3105 et
3162 3049 3353 3107 siccus
3380 3069 3392 3117 ;
3437 3054 3494 3107 et
3511 3050 3604 3108 sic
3636 3050 3749 3109 sibi

2085 3149 2188 3205 per
2218 3133 2327 3188 has
2363 3134 2597 3207 jugales
2645 3134 2957 3207 qualitates
3005 3137 3241 3211 singula
3269 3139 3604 3196 miscentur
3634 3140 3749 3197 ele-

335 3238 462 3298 quae
492 3240 607 3281 non
639 3225 962 3282 miscentur
982 3228 1350 3297 ﬂuctibus,ut
1370 3230 1576 3287 Larius
1604 3236 1661 3287 et
1691 3213 1972 3290 Benacus.
2007 3213 2049 3280 C
2090 3226 2305 3278 menta.
2339 3222 2485 3277 Nam
2515 3227 2668 3279 terra
2698 3240 2830 3280 cum
2862 3225 2941 3281 sit
2981 3226 3157 3281 aridae
3206 3232 3263 3283 et
3303 3226 3522 3301 frigidae
3557 3229 3751 3303 quali-

330 3311 594 3371 Albanus
625 3331 857 3387 quoque
886 3315 1101 3389 aliique
1134 3316 1353 3390 plures,
1377 3322 1668 3391 quomodo
1699 3339 1817 3377 una
1846 3340 1979 3379 con-

328 3403 587 3476 gregatio
620 3405 1051 3475 aquarum?Sed
1067 3408 1565 3477 quemadmodum
1596 3409 1978 3484 dicitur,quia

324 3490 462 3545 fecit
490 3495 643 3546 Deus
671 3492 787 3546 duo
819 3491 1152 3563 luminaria,
1205 3495 1263 3549 id
1312 3500 1403 3551 est
1439 3496 1619 3552 solem
1662 3502 1715 3554 et
1748 3498 1969 3567 lunam,

322 3594 455 3633 cum
489 3579 610 3635 sint
637 3579 841 3651 utique
892 3584 949 3635 et
1003 3582 1305 3639 stellarum
1357 3584 1623 3642 lumina:
1656 3586 1739 3642 ita
1768 3592 1824 3642 et
1856 3606 1972 3644 una

318 3669 687 3740 congregatio
708 3669 941 3741 dicitur,
970 3686 1103 3727 cum
1134 3672 1252 3728 sint
1282 3672 1785 3749 plurimae.Neque
1810 3677 1968 3734 enim

318 3761 799 3827 annumerantur,
834 3775 961 3831 quas
993 3777 1107 3815 non
1135 3763 1533 3820 conferuntur.

955 3923 1186 3980 CAPUT
1228 3924 1321 3980 IV.

317 4026 487 4110 Terrae
523 4029 873 4110 praecipuam
920 4031 1260 4110 qualitatem,
1310 4049 1435 4087 cum
1498 4033 1661 4110 arida
1716 4045 1959 4110 vocatur,

382 4100 710 4169 signiﬁcari.
741 4101 869 4168 Quae
896 4100 1017 4176 sint
1038 4103 1449 4172 elementorum,
1501 4106 1698 4176 quibus
1730 4100 1962 4163 invicem

383 4179 799 4247 connectuntur,
829 4174 1223 4244 proprietates;
1253 4176 1414 4247 idque
1440 4174 1724 4247 speciatim
1751 4178 1818 4233 de
1847 4187 1959 4235 ter-

382 4259 449 4298 ra
476 4242 824 4315 disquiritur.

383 4382 471 4437 17.
502 4383 611 4438 Sed
650 4388 716 4438 ut
756 4383 1003 4454 videtur,
1051 4388 1328 4459 quoniam
1372 4391 1443 4445 de
1482 4391 1629 4445 mari
1679 4390 1953 4464 loqueba-

308 4486 464 4536 mur,
496 4469 927 4542 aliquantulum
980 4477 1438 4545 exundavimus;
1486 4479 1557 4534 ad
1591 4481 1952 4553 propositum

2085 3312 2245 3378 tatis,
2307 3311 2669 3367 connectitur
2717 3330 2879 3385 aqua:
2939 3331 3043 3386 per
3097 3316 3502 3388 cognationem
3558 3316 3753 3391 quali-

2084 3399 2221 3455 tatis
2253 3400 2497 3473 frigidze,
2528 3405 2586 3456 et
2615 3418 2716 3473 per
2745 3418 2958 3473 aquam
2991 3403 3107 3458 aeri
3140 3404 3251 3477 (86)
3283 3405 3421 3476 quia
3450 3405 3748 3464 humidus

2083 3492 2172 3544 est
2203 3505 2317 3544 aer.
2352 3490 2500 3562 Ergo
2556 3506 2707 3562 aqua
2758 3493 3040 3563 tanquam
3088 3492 3347 3549 brachiis
3377 3494 3747 3565 quibusdam

2082 3578 2312 3634 duobus
2343 3578 2577 3651 frigoris
2629 3584 2685 3635 et
2731 3580 3019 3649 humoris,
3064 3581 3247 3638 altero
3279 3587 3516 3652 terram,
3561 3584 3747 3643 altero

2079 3682 2271 3723 aerem
2301 3665 2531 3723 videtur
2555 3667 2850 3741 amplecti,
2885 3668 3092 3742 frigido
3124 3674 3362 3739 terram,
3397 3687 3603 3729 aerem
3635 3674 3747 3731 bu-

2078 3755 2258 3811 mido.
2292 3760 2407 3811 Aer
2436 3772 2669 3828 quoque
2701 3757 2930 3813 medius
2961 3758 3113 3813 inter
3143 3759 3256 3816 duo
3271 3762 3746 3833 compugnantia

2076 3861 2180 3917 per
2209 3846 2619 3911 naturam,hoc
2650 3851 2740 3901 est
2767 3847 2919 3901 inter
2949 3863 3161 3919 aquam
3192 3852 3250 3903 et
3276 3848 3743 3920 ignem,utrum-

2074 3950 2186 4005 que
2216 3933 2361 3989 illud
2392 3933 2745 3991 elementum
2778 3935 3048 3992 conciliat
3086 3936 3237 4005 sibi;
3291 3937 3428 4009 quia
3477 3944 3537 3995 et
3563 3940 3743 4015 aquis

2072 4020 2337 4088 humore,
2387 4022 2628 4095 etjigni
2676 4023 2864 4080 calore
2925 4024 3320 4097 conjungitur.
3369 4025 3530 4097 Ignis
3583 4045 3737 4101 quo-

2070 4126 2183 4181 que
2213 4127 2345 4165 cum
2377 4110 2454 4166 sit
2505 4111 2729 4167 calidus
2782 4115 2838 4168 et
2867 4112 3058 4169 siccus
3106 4118 3337 4183 natura,
3368 4114 3567 4173 calore
3610 4117 3735 4174 aeri

2068 4199 2418 4267 annectitur,
2461 4199 2723 4256 siccitate
2772 4204 2966 4257 autem
2998 4202 3057 4256 in
3101 4202 3587 4262 communionem
3620 4210 3741 4262 ter-

2066 4306 2139 4343 ra:
2185 4306 2251 4344 ac
2300 4288 2636 4345 societatem
2686 4289 3054 4360 refunditur;
3106 4295 3280 4364 atque
3328 4292 3409 4348 ita
3452 4293 3574 4350 sibi
3630 4311 3738 4369 per

2064 4376 2221 4432 hunc
2250 4377 2560 4433 circuitum
2594 4378 2705 4449 (87)
2735 4381 2793 4435 et
2833 4378 3078 4435 chorum
3128 4381 3443 4452 quemdam
3477 4398 3731 4440 concor-

2063 4466 2171 4521 diae
2200 4466 2631 4538 societatisque,
2667 4469 3039 4524 conveniunt.
3084 4468 3247 4526 Unde
3275 4475 3333 4527 et
3362 4471 3564 4529 Graece
3598 4496 3737 4533 στοι-

306 4562 685 4631 revertamur,
718 4565 774 4617 et
802 4564 1238 4621 consideremus
1270 4566 1408 4637 quid
1445 4566 1703 4638 sit,quod
1730 4569 1809 4625 ait
1837 4570 1951 4626 Do-
1983 4584 2028 4648 D
2063 4565 2175 4648 1533f
2204 4555 2497 4648 dicunt?!"
2531 4573 2658 4627 (Ιυίε
2691 4557 2892 4648 Latine
2922 4558 3208 4615 elementa
3239 4560 3517 4629 ἀίοίωυεν
3565 4562 3732 4635 quo”!

304 4648 543 4704 minus:
580 4649 938 4723 Congregetur
962 4670 1104 4725 aqua
1136 4657 1192 4709 in
1224 4671 1395 4710 unam
1452 4660 1948 4728 congregationem,

300 4741 352 4792 et
372 4743 634 4811 appareat
662 4741 819 4795 arida
855 4741 1006 4813 (Gen.
1070 4760 1108 4810 ι,
1158 4744 1235 4814 9),
1287 4747 1344 4798 et
1373 4760 1485 4799 non
1514 4745 1741 4811 dixerit,
1773 4752 1946 4807 terra.

298 4827 461 4891 Quod
474 4824 1015 4903 praeclare'positum
1030 4830 1161 4902 quis
1175 4848 1290 4887 non
1308 4833 1779 4892 advertat?Terra
1791 4838 1946 4896 enim

296 4920 489 4989 potest
516 4921 574 4974 et
601 4916 723 4975 luto
753 4936 883 4975 esse
930 4920 1230 4991 permista,
1285 4922 1454 4993 aquis
1487 4924 1741 4994 madida,
1776 4929 1947 5000 cujus

367 5087 480 5166 (82)
513 5087 703 5166 godex
730 5091 936 5166 _Be_n_.et
966 5087 1146 5156 Ccen.,
1194 5094 1448 5164 proprias
1489 5101 1788 5166 posuerunt
1816 5114 1944 5153 sen-

526 5159 655 5214 Vat.
690 5164 747 5236 et
776 5157 935 5236 C_o_lb_.
972 5177 1145 5236 unus,
1172 5157 1620 5236 propriamfetc.
1656 5168 1758 5223 His
1787 5186 1943 5225 acce-

296 5230 383 5310 dit
410 5229 580 5284 Dion.
615 5230 714 5300 qui
737 5230 985 5310 adjicit:
1021 5235 1138 5302 Ego
1172 5229 1317 5306 “quid
1359 5229 1543 5307 facere
1569 5243 1805 5310 potuerit
1840 5259 1939 5296 ne-

294 5301 439 5364 scio;
467 5318 581 5356 non
605 5303 986 5373 praetermitto,
1021 5309 1129 5359 etc.

366 5372 484 5452 (83)
529 5373 746 5452 Omnes
793 5372 979 5452 edit,
1010 5376 1379 5452 Quisrtlcz'nde
1424 5382 1666 5452 colligat.
1727 5382 1837 5438 Sed
1879 5383 1939 5439 in

294 5442 695 5518 cunctismss.
713 5442 979 5518 habetur
1000 5442 1251 5518 negatio.

358 5512 477 5638 ἐφ’)
505 5513 632 5569 Vet.
660 5514 798 5571 edit.
828 5532 961 5571 cum
990 5512 1197 5638 paucis
1218 5536 1386 5589 mss.,
1420 5530 1479 5577 ut
1521 5524 1592 5579 sit
1622 5526 1798 5592 utilis,
1828 5527 1939 5581 sic-

390 5583 505 5638 tlzs.
539 5585 753 5638 Rom...
785 5587 995 5638 sulcabz
1024 5603 1087 5638 is.

289 5583 505 5651 cabilis,
539 5585 753 5641 Rom...
785 5583 1087 5642 sulcabiiis.

360 5653 472 5739 (85)
506 5654 647 5717 Mss.
692 5656 914 5730 aliquot
962 5656 1222 5719 melioris
1271 5664 1440 5733 notae,
1498 5665 1650 5723 velut
1700 5682 1941 5728 connexe

2059 4643 2172 4700 sibi
2199 4644 2541 4700 conveniant
2566 4649 2622 4700 et
2651 4645 2979 4703 concinant.

2129 4732 2217 4789 49.
2250 4732 2372 4788 Huc
2404 4739 2598 4788 autem
2629 4736 2921 4807 progressi
2967 4753 3194 4807 sumus,
3242 4736 3381 4809 quia
3408 4737 3733 4813 Scriptura

2059 4821 2156 4890 ait,
2193 4821 2345 4893 quod
2379 4820 2534 4877 Deus
2563 4823 2853 4880 vocaverit
2896 4824 3121 4883 aridam
3169 4830 3407 4892 terram,
3457 4826 3580 4884 hoc
3610 4831 3729 4897 est,

2056 4910 2195 4980 quia
2225 4909 2379 4980 quod
2411 4907 2734 4981 principale
2764 4914 2854 4969 est
2882 4912 3032 4983 ejus,
3057 4913 3417 4986 nuncupavit
3442 4914 3730 4988 proprie-

2053 5088 2363 5150 composita.

2072 5227 2077 5229 Α
2106 5152 2250 5229 (86)
2284 5151 2499 5207 Omnes
2546 5152 2685 5229 edit.
2719 5160 2775 5229 et
2809 5170 2953 5212 mss.
3006 5154 3259 5229 aliquot:
3313 5164 3364 5213 et
3388 5173 3543 5229 aqua
3574 5161 3727 5227 aeri,

2051 5222 2171 5305 Alii.
2198 5222 2393 5295 plures
2423 5228 2478 5279 et
2507 5225 2867 5296 probatiores
2899 5243 3033 5284 cum
3064 5222 3223 5297 B'as.,
3269 5236 3322 5284 et
3343 5222 3444 5301 per
3506 5222 3726 5302 aquam

2050 5310 2189 5349 aeri.

2121 5385 2231 5459 (87)
2263 5382 2348 5438 Ita
2384 5387 2611 5459 cunctae
2654 5385 2790 5459 edit.
2829 5386 3201 5459 aciplerique
3238 5403 3393 5459 mss.
3436 5387 3523 5444 At
3566 5406 3724 5445 non-

2051 5453 2217 5531 nulli,
2250 5469 2349 5522 pcr
2376 5455 2521 5531 hunc
2549 5458 2843 5511 circuitum
2871 5453 3151 5531 elementa.
3186 5458 3333 5531 Big.,
3366 5457 3573 5528 Gem.,
3609 5461 3726 5518 cie-

2047 5528 2372 5607 mcntorum,
2405 5528 2665 5607 inuitam
2701 5528 3003 5588 concordiae
3060 5528 3431 5603 societatiqu
3482 5548 3726 5607 compa-

2045 5598 2231 5670 ginem
2258 5599 2609 5658 conveniunt.
