3932 6212
166 393 262 479 ru

1429 400 1968 467 HEXAEMERON
2011 404 2163 469 LIB.
2205 405 2313 472 ῙῙῙ.

3453 413 3569 501 17s

172 536 273 591 tate
299 535 554 592 natura.
593 532 898 608 Naturalis
927 535 1082 594 enim
1111 538 1435 612 proprietas
1464 538 1697 596 siccitas
1728 543 1817 596 est
1844 537 1901 605 Α
1921 539 2169 612 junctio,
2201 540 2430 601 itineris
2449 544 3285 623 compendium,transfugium
3304 544 3571 611 laboran-

176 627 323 681 terrre
351 641 366 679 :
397 624 531 682 haec
561 625 617 681 ei
648 623 1035 701 praerogativa
1063 632 1290 684 servata
1331 631 1437 685 est.
1472 628 1816 702 Principalis

174 728 293 787 ergo
322 712 579 772 siccitas.
607 716 829 772 Subest
874 717 1048 773 etiam
1080 722 1146 773 ut
1177 718 1254 773 sit
1281 718 1494 791 frigida
1525 720 1663 774 :sed
1698 736 1813 774 non

176 803 553 875 praeferuntur
613 805 876 861 secunda
928 805 1155 877 primis.
1204 807 1274 862 Ut
1322 810 1517 862 autem
1568 806 1816 863 humida

173 891 260 960 sit,
289 909 581 965 aquarum
613 893 675 948 id
699 894 981 950 afﬁnitate
1003 895 1263 950 sortitur.
1279 896 1426 968 Ergo
1446 895 1591 951 illud
1614 913 1810 964 suum,

171 981 316 1037 istud
350 980 610 1038 alienum
647 1000 661 1038 :
694 1000 891 1049 suum,
924 985 1080 1056 quod
1112 983 1312 1049 arida;
1346 982 1623 1048 alienum,
1656 984 1810 1057 quod

171 1070 651 1127 humida.Auctor
682 1072 878 1144 itaque
908 1076 1127 1129 naturae
1150 1073 1524 1145 quoderimo
1554 1073 1808 1143 donavit,

170 1159 269 1216 hoc
296 1159 529 1228 tenuit;
562 1161 705 1232 quia
732 1161 886 1217 istud
921 1178 989 1217 ex
1034 1165 1264 1229 natura,
1296 1161 1443 1217 illud
1496 1179 1565 1217 ex
1611 1179 1808 1219 causa.

169 1249 240 1304 Ex
266 1248 698 1321 principalibus
726 1249 925 1322 igitur,
958 1267 1074 1306 non
1103 1267 1172 1306 ex
1218 1250 1615 1307 accidentibus
1645 1255 1809 1307 terra:

169 1337 363 1393 debuit
410 1339 740 1410 proprietas
796 1339 1054 1406 deﬁniri;
1094 1341 1161 1394 ut
1216 1339 1542 1396 secundum
1596 1357 1808 1412 praero-

167 1427 418 1501 gativam
448 1426 755 1500 qualitatis
784 1428 911 1499 ejus
956 1428 1374 1490 informaretur
1422 1433 1625 1485 nostra
1672 1446 1810 1502 cog-

164 1516 321 1573 nitio.

758 1608 849 1661 41
890 1605 1119 1662 CAPUT
1147 1606 1214 1661 V.

162 1696 423 1766 Quaedam
463 1697 562 1753 hoc
599 1696 906 1768 Scriptura
960 1696 1070 1768 loco
1113 1695 1301 1751 addita
1346 1711 1460 1752 esse
1512 1696 1809 1752 nonnullo:

225 1768 521 1823 arbitrari.
554 1768 722 1822 Mari:
766 1767 1161 1839 commendatio
1210 1784 1246 1823 a
1290 1768 1706 1839 pulchritudine
1746 1784 1810 1823 ac

222 1840 530 1910 multiplici
567 1840 828 1907 utilitate,
871 1838 963 1895 :ed
997 1838 1299 1910 praecipue
1325 1839 1468 1910 quod
1515 1840 1805 1895 imulano:

223 1909 594 1966 anachoreta:
618 1910 782 1965 undi:
823 1909 1204 1982 amplectatur,
1228 1981 1231 1982 ν
1254 1918 1306 1965 et
1339 1909 1521 1967 casta:
1557 1912 1806 1966 ecclesia-
1835 1909 1885 1975 B

225 1984 350 2037 :tici
378 1982 620 2052 ﬁguram
648 1982 852 2051 referat
882 1980 1047 2052 {quae
1074 1980 1281 2036 claudit
1305 1983 1663 2054 pia:auctori:
1685 1998 1807 2054 pre-

220 2054 561 2109 catiuncula.

219 2144 312 2196 20.
344 2142 415 2196 Et
459 2140 601 2196 vidit
649 2141 787 2195 Deu:
838 2142 969 2211 quia
1010 2140 1211 2197 bonum
1250 2139 1406 2211 (Gen.
1441 2159 1478 2208 ι,
1514 2141 1623 2211 10).
1677 2140 1804 2197 Non

152 2231 526 2304 praeterimus
556 2230 696 2302 quia
723 2227 905 2301 aliqui
928 2245 1032 2285 nec
1056 2229 1115 2283 in
1148 2228 1386 2284 Hebraao
1414 2234 1624 2302 putant
1651 2247 1800 2298 esse,

152 2336 256 2376 nec
285 2320 348 2375 in
381 2318 611 2375 ceteris
641 2317 1219 2390 interpretationibus
1251 2334 1265 2374 :
1301 2319 1453 2390 Quia
1480 2327 1807 2391 congregata

151 2412 229 2465 est
253 2425 403 2480 aqua
434 2408 496 2462 in
552 2407 893 2463 collectione:
933 2423 1080 2473 :uas,
1125 2411 1178 2462 et
1223 2411 1481 2478 apparuit
1525 2408 1711 2474 arida,
1757 2416 1807 2465 et

154 2500 359 2554 vocavit
391 2498 534 2552 Deus
561 2497 782 2551 aridam
808 2502 1033 2565 terram,
1066 2504 1117 2552 et
1162 2497 1500 2553 collectione:
1530 2514 1805 2569 aquarum

150 2589 354 2642 vocavit
384 2586 575 2641 maria
603 2584 787 2655 (Ibid).
830 2584 972 2640 Cum
1020 2585 1179 2640 enim
1224 2585 1433 2642 dixerit
1477 2586 1632 2642 Deus
1671 2587 1807 2659 quia

153 2678 353 2747 factum
385 2684 469 2731 est
496 2676 598 2743 sic,
633 2674 777 2729 satis
816 2690 942 2729 esse
987 2677 1197 2747 putant
1241 2691 1440 2730 vocem
1485 2675 1805 2747 operatoris

153 2766 218 2821 ad
280 2764 595 2821 celebrata:
626 2762 984 2835 operationis
1035 2762 1339 2819 indicium.
1385 2765 1494 2819 Sed
1548 2764 1686 2836 quia
1743 2765 1803 2821 in

156 2854 279 2911 aliis
309 2869 555 2926 quoque
585 2852 870 2908 creaturis
917 2851 1094 2908 habet
1122 2856 1178 2907 et
1221 2852 1621 2909 definitionem
1651 2870 1801 2925 pra:-

154 2942 456 3016 ceptionis,
490 2947 550 2997 et
592 2940 905 3012 repetitum
959 2940 1314 3012 operationis
1349 2940 1437 2996 vel
1492 2941 1799 3011 indicium,

152 3032 232 3089 vel
262 3032 566 3098 effectum,
599 3029 729 3085 ideo
763 3046 869 3084 nos
918 3045 1033 3084 non
1076 3033 1355 3102 putamus
1386 3030 1799 3102 absurdumjd

152 3122 298 3193 quod
334 3117 683 3193 perhibetur
713 3117 1236 3185 additum,etiamsi
1265 3119 1487 3174 caeteris
1518 3119 1800 3191 interpre-

151 3210 303 3265 tibus
330 3208 423 3265 vel
453 3206 671 3263 veritas
702 3206 978 3262 doceatur
1006 3206 1432 3279 suppetere,vel
1464 3207 1798 3264 auctoritas.

1924 628 2093 697 tium,
2128 631 2461 689 subsidium
2508 635 2903 709 vectigalium,
2953 638 3278 695 sterilitatis
3317 641 3567 700 alimen-

1922 720 2160 775 tum.Ex
2180 720 2289 776 hoc
2313 722 2510 794 pluvia
2530 724 2588 779 in
2610 730 2793 781 terras
2818 728 3566 803 transfunditur;siquidem

1922 807 1994 863 de
2025 810 2169 864 mari
2204 826 2356 882 aqua
2386 812 2565 868 radiis
2593 814 2733 870 solis
2763 814 3051 886 hauritur,
3079 821 3135 873 et
3164 820 3319 889 quod
3352 820 3568 877 subtile

1922 898 2051 967 ejus
2081 902 2186 965 est,
2208 899 2434 970 rapitur
2466 918 2479 956 :
2514 902 2724 958 deinde
2778 910 2996 976 quanto
3052 906 3230 963 altius
3286 908 3562 979 elevatur,

1920 987 2082 1040 tanto
2114 988 2303 1059 magis
2333 989 2505 1045 etiam
2525 991 2773 1047 nubium
2805 994 3256 1051 obumbratione
3281 996 3562 1069 frigescit,

1920 1077 1977 1129 et
2004 1073 2193 1130 imber
2221 1076 2285 1131 fit
2314 1077 2413 1148 qui
2436 1095 2551 1133 non
2583 1079 2774 1135 solum
2813 1086 3105 1139 terrenam
3133 1087 3423 1157 temperat
3453 1087 3564 1143 sic-

1920 1160 2173 1231 citatem,
2208 1165 2310 1220 sed
2339 1166 2515 1222 etiam
2537 1168 2745 1238 jejuna
2774 1186 2908 1225 arva
2938 1172 3228 1228 fecundat.

1988 1253 2077 1306 23.
2112 1252 2261 1319 Quid
2294 1271 2630 1312 enumerem
2662 1257 2908 1325 insulas,
2943 1277 3091 1331 quas
3127 1260 3287 1317 velut
3323 1262 3564 1321 monilia

1919 1339 2268 1413 plerumque
2298 1344 2577 1414 praetexit,
2607 1345 2667 1400 in
2708 1347 2924 1418 quibus
2961 1347 3002 1403 ii
3048 1350 3148 1421 qui
3199 1368 3260 1406 se
3290 1351 3566 1410 abdicant

1917 1427 2380 1501 intemperantia:
2412 1433 2706 1489 saecularis
2736 1434 3046 1508 illecebris,
3098 1439 3213 1494 ﬁde
3245 1441 3347 1497 41
3380 1442 3563 1498 conti-

1919 1517 2127 1572 nentiae
2177 1519 2472 1592 proposito
2520 1520 2743 1594 eligunt
2793 1526 3016 1580 mundo
3073 1525 3273 1596 latere,
3324 1533 3382 1585 et
3435 1530 3563 1591 vita)

1917 1602 2097 1676 hujus
2128 1607 2418 1664 declinare
2472 1610 2681 1666 dubios
2731 1612 3029 1669 anfractus
3053 1614 3081 1669 Ἰ
3110 1614 3269 1672 Mare
3308 1621 3399 1673 est
3427 1633 3564 1691 ergo

1918 1699 2207 1753 secretum
2278 1700 2696 1770 temperantiae,
2762 1702 3100 1758 exercitium
3169 1706 3556 1775 continentiae,

1916 1784 2220 1855 gravitatis
2250 1803 2537 1855 secessus,
2562 1792 2765 1859 portus
2782 1791 3136 1858 securitatis,
3160 1793 3560 1865 tranquillitas

1916 1872 2134 1943 saeculi,
2164 1875 2371 1930 mundi
2418 1876 2598 1946 hujus
2629 1877 2932 1947 sobrietas,
2961 1882 3087 1935 tum
3120 1881 3390 1938 fidelibus
3418 1884 3562 1942 viris

1915 1966 2089 2035 atque
2136 1962 2357 2019 devotis
2401 1963 2757 2021 incentivum
2798 1967 3140 2037 devotionis,
3179 1973 3245 2025 ut
3292 1987 3427 2028 cum
3458 1989 3560 2029 un-

1916 2052 2123 2107 darum
2155 2051 2365 2108 leniter
2393 2053 2741 2110 alluentium
2761 2073 2903 2112 sono
2926 2061 3148 2114 certent
3176 2063 3384 2116 cantus
3400 2062 3559 2133 psal-

1913 2138 2182 2208 lentium,
2210 2141 2494 2214 plaudant
2522 2142 2727 2199 insula
2758 2145 3073 2217 tranquillo
3104 2146 3390 2204 fluctuum
3420 2165 3555 2206 san-

1914 2232 2140 2284 ctorum
2172 2229 2370 2299 choro,
2403 2231 2642 2303 hymnis
2691 2236 3028 2289 sanctorum
3075 2239 3389 2306 personent
3418 2238 3555 2310 (88).

1912 2319 2078 2372 Unde
2108 2317 2253 2372 mihi
2284 2322 2349 2373 ut
2376 2336 2609 2375 omnem
2640 2320 2829 2394 pelagi
2859 2321 3357 2393 pulchritudinem
3398 2341 3555 2382 com-

1913 2405 2270 2478 prehendam
2304 2423 2481 2477 quam
2519 2408 2664 2463 vidit
2700 2411 3008 2481 operator?
3038 2411 3107 2467 Et
3152 2412 3291 2483 quid
3339 2412 3558 2484 plura?

1913 2492 2060 2557 Quid
2093 2493 2251 2549 aliud
2293 2493 2392 2550 ille
2440 2501 2759 2553 concentus
2800 2498 3115 2567 undarum,
3157 2500 3271 2556 nisi
3316 2500 3557 2572 quidam

1914 2586 2230 2639 concentus
2259 2587 2347 2639 est
2377 2582 2607 2654 plebis?
2635 2585 2800 2640 Unde
2845 2585 2992 2642 bene
3023 2588 3170 2643 mari
3211 2589 3558 2662 plerumque

1914 2676 2285 2744 comparatur
2313 2672 2591 2739 Ecclesia,
2644 2691 2770 2745 quae
2821 2674 3010 2747 primo
3042 2676 3425 2748 ingredientis
3454 2695 3555 2750 po-

1912 2760 2034 2833 puli
2064 2762 2299 2834 agmine
2329 2761 2467 2818 totis
2494 2761 2800 2821 vestibulis
2844 2764 3035 2820 undas
3084 2764 3266 2821 vomit
3298 2783 3311 2821 :
3347 2765 3556 2824 deinde

1911 2850 1970 2904 in
2001 2850 2261 2906 oratione
2290 2852 2471 2907 totius
2501 2851 2688 2924 plebis
2718 2856 3000 2925 tanquam
3054 2853 3227 2908 undis
3259 2854 3553 2913 refluenti-

1911 2938 2022 2994 bus
2053 2939 2279 3006 stridet,
2316 2957 2449 2995 cum
2482 2942 2867 3013 responsoriis
2911 2942 3297 3014 psalmorum,
3347 2947 3555 3003 cantus

1907 3027 2187 3095 virorum,
2218 3029 2557 3095 mulierum,
2589 3030 2906 3103 virginum,
2964 3031 3363 3103 parvulorum,
3414 3049 3551 3090 con-

1910 3131 2092 3172 sonus
2132 3118 2425 3173 undarum
2466 3118 2662 3191 fragor
2708 3118 2973 3174 resultat.
3023 3119 3169 3175 Nam
3217 3119 3363 3176 illud
3409 3123 3549 3194 quid

1907 3205 2116 3274 dicam,
2151 3206 2305 3278 quod
2338 3206 2497 3261 unda
2520 3210 2826 3278 peccatum
2852 3206 3057 3273 abluit,
3090 3210 3148 3264 et
3195 3209 3381 3264 sancti
3421 3210 3550 3282 Spi-

151 3298 327 3354 Multa
354 3297 518 3353 enim
552 3312 671 3351 non
701 3294 884 3350 otiose
914 3312 948 3351 a
983 3273 1364 3368 Septuaginta
1390 3295 1531 3351 viris
1559 3295 1797 3353 Hebrai-
1827 3273 1870 3341 C
1907 3294 2057 3351 ritus
2086 3273 2228 3351 aura
2257 3273 2540 3350 salutaris
2561 3295 2824 3365 aspirat?

150 3403 222 3441 cae
249 3384 493 3442 lectioni
526 3382 728 3439 addita
756 3387 811 3438 et
841 3383 1117 3454 adjuncta
1145 3384 1557 3456 comperimus.

209 3476 301 3530 21.
330 3472 498 3528 Vidit
525 3487 665 3545 ergo
692 3471 847 3527 Deus
879 3470 1018 3544 quia
1044 3472 1265 3528 bonum
1298 3489 1475 3529 mare.
1507 3473 1629 3528 Etsi
1675 3474 1801 3546 pul-

145 3563 280 3619 chra
311 3562 391 3618 sit
423 3560 657 3633 species
685 3559 866 3631 hujus
896 3558 1188 3627 elementi,
1221 3560 1309 3617 vel
1339 3578 1472 3617 cum
1504 3563 1799 3635 surgenti-

145 3652 253 3707 bus
284 3650 537 3707 albescit
586 3647 843 3704 cumulis
896 3665 963 3704 ac
1011 3650 1327 3706 verticibus
1377 3652 1693 3719 undarum,
1744 3656 1802 3708 et

147 3746 343 3797 cantes
392 3740 569 3796 nivea
616 3740 818 3793 rorant
874 3738 1201 3810 aspergine,
1247 3738 1335 3795 vel
1388 3756 1522 3795 cum
1571 3757 1801 3813 equore

148 3829 453 3903 crispanti,
488 3825 968 3883 clementioribus
1017 3828 1197 3895 auris,
1241 3831 1298 3883 et
1336 3827 1552 3884 blando
1584 3845 1798 3885 serenae

146 3915 602 3990 tranquillitatis
656 3911 1181 3987 purpurascentem
1242 3917 1473 3988 praefert
1526 3917 1797 3986 colorem,

149 4006 245 4077 qui
305 4006 544 4062 eminus
604 4003 1011 4076 spectantibus
1067 4005 1402 4078 frequenter
1448 3999 1798 4077 ’otl'unditur,

148 4096 381 4166 quando
413 4111 534 4150 non
564 4091 836 4149 violentis
863 4093 1139 4149 ﬂuctibus
1159 4094 1349 4150 vicina
1368 4096 1565 4152 tundit
1585 4095 1799 4165 littora,

148 4185 247 4238 sed
293 4184 460 4240 velut
505 4182 770 4255 pacificis
819 4182 1005 4238 ambit
1050 4187 1107 4240 et
1153 4183 1371 4239 salutat
1417 4184 1803 4256 amplexibus,

152 4288 327 4344 quam
358 4271 556 4327 dulcis
588 4287 791 4339 sonus,
826 4287 1004 4343 quam
1048 4271 1350 4343 jucundus
1380 4273 1593 4345 fragor,
1626 4291 1805 4346 quam

154 4364 317 4432 grata
344 4365 405 4416 et
436 4376 699 4416 consona
727 4358 1052 4428 resultatio,
1086 4377 1191 4433 ego
1240 4365 1438 4417 tamen
1472 4379 1588 4417 non
1621 4362 1806 4419 oculis

156 4450 514 4505 aestimatum
546 4452 826 4505 creaturas
858 4448 1125 4505 decorem
1149 4450 1402 4507 arbitror
1432 4468 1445 4506 :
1480 4452 1582 4507 sed
1606 4467 1809 4507 secun-

158 4535 295 4592 dum
324 4537 618 4593 rationem
652 4537 1007 4609 operationis
1040 4537 1264 4609 judicio
1311 4540 1631 4612 operatoris
1669 4557 1804 4597 con-

157 4626 369 4695 venire,
402 4631 463 4681 et
486 4641 808 4699 congruere
837 4625 1164 4682 deﬁnitum.

225 4711 313 4768 2‘2.
346 4714 580 4770 Bonum
612 4714 795 4786 igitur
820 4731 1003 4781 mare,
1036 4716 1297 4787 primum
1330 4718 1468 4790 quia
1497 4723 1681 4775 terras
1711 4735 1809 4774 ne-

160 4806 409 4863 cessario
440 4804 708 4862 sutl‘ulcit
736 4804 1003 4873 humore,
1037 4805 1254 4877 quibus
1288 4823 1391 4878 per
1429 4824 1607 4863 venas
1638 4825 1810 4881 quas-

161 4892 293 4949 dam
326 4892 559 4949 occulte
592 4909 836 4948 succum
865 4894 1180 4965 quemdam
1211 4894 1368 4950 haud
1390 4894 1659 4951 inutilem
1683 4896 1815 4951 sub-

162 4980 716 5038 ministrat.Bonum
750 4997 931 5049 mare,
956 4984 1238 5053 tanquam
1265 4981 1587 5055 hospitium
1611 4983 1812 5039 ﬂuvio-

164 5085 313 5138 rum,
345 5071 479 5128 fons
508 5070 813 5138 imbrium,
868 5069 1147 5126 derivatio
1193 5069 1574 5140 alluvionum,
1624 5072 1812 5127 invec-

166 5156 243 5213 tio
271 5164 731 5228 commeatuum,
792 5175 907 5231 quo
966 5158 1076 5214 sibi
1135 5158 1420 5215 distantes
1477 5160 1676 5233 populi
1721 5178 1815 5217 co-

170 5247 461 5317 pulantur,
521 5265 640 5321 quo
702 5246 1037 5319 praeliorum
1104 5252 1475 5304 removentur
1535 5250 1813 5321 pericula,

172 5350 279 5406 quo
302 5338 645 5395 barbaricus
694 5338 859 5393 furor
906 5334 1218 5401 clauditur,
1265 5337 1599 5393 subsidium
1631 5339 1690 5393 in
1727 5357 1819 5395 ne-

175 5426 558 5496 cessitatibus,
593 5425 892 5498 refugium
924 5423 984 5480 in
1018 5424 1314 5497 periculis,
1346 5426 1537 5497 gratia
1567 5426 1626 5481 in
1656 5428 1816 5483 volu-

176 5516 443 5586 ptatibus,
475 5515 803 5574 salubritas
831 5513 1203 5581 valetudinis,
1248 5518 1650 5586 separatorum
1683 5533 1818 5572 con-

236 5648 341 5723 (88)
399 5651 545 5710 Mss.
584 5647 868 5723 aliquot,
933 5648 1234 5723 tranquillo
1303 5648 1572 5717 ﬂuctuum
1637 5652 1819 5723 choro,

167 5719 372 5795 tyrant}:
409 5744 438 5794 ;
487 5719 770 5797 quidam,
836 5720 1029 5791 hymni
1072 5719 1417 5787 :anctorum,
1480 5724 1590 5776 etc.
1652 5721 1818 5781 Rom.

1974 3383 2065 3438 24.
2099 3383 2206 3438 Det
2236 3383 2404 3438 nobis
2452 3382 2737 3439 Dominus
2782 3381 2885 3439 illa
2928 3399 3266 3440 successum
3304 3383 3552 3442 ﬂumina

1908 3487 2182 3543 prospero
2212 3470 2371 3544 ligno
2404 3487 2654 3540 currere,
2688 3475 2811 3527 tuto
2860 3475 3029 3544 portu
3080 3472 3421 3542 consistere,
3450 3489 3550 3530 ne-

1909 3559 2105 3632 quitiae
2154 3559 2434 3632 spiritalis
2481 3559 2747 3632 graviora
2794 3576 2970 3633 quam
3019 3562 3168 3618 ferre
3212 3578 3550 3634 possumus,

1907 3653 2269 3705 tentamenta
2298 3649 2543 3717 nescire,
2576 3649 2709 3705 fidei
2762 3650 3029 3723 ignorare
3081 3651 3405 3724 naufragia,
3449 3651 3553 3708 ha-

1907 3738 2053 3794 bere.
2074 3755 2275 3811 pacem
2324 3738 2712 3810 profundam:
2747 3743 2804 3795 et
2833 3740 2882 3795 si
2929 3740 3163 3811 quando
3203 3740 3424 3813 aliquid
3457 3740 3554 3806 sit,

1909 3828 2066 3900 quod
2118 3845 2320 3901 graves
2368 3828 2536 3883 nobis
2585 3827 2781 3883 saeculi
2838 3828 3017 3900 hujus
3059 3829 3267 3884 excitet
3320 3829 3554 3899 fluctus,

1911 3916 2279 3989 evigilantem
2312 3932 2415 3986 pro
2446 3916 2615 3971 nobis
2644 3916 2859 3972 habere
2890 3917 3339 3990 gubernatorem
3369 3915 3559 3973 Domi-

1912 4022 2055 4062 num
2087 4008 2314 4072 Jesum,
2348 4005 2450 4074 qui
2479 4004 2653 4059 verbo
2683 4004 2947 4076 imperet,
2980 4008 3389 4077 tempestatem
3410 4003 3561 4058 miti-

1914 4098 2030 4168 get,
2064 4092 2526 4164 tranquilitatem
2560 4093 2741 4147 maris
2785 4093 3074 4161 refundat,
3118 4092 3213 4148 cui
3255 4095 3344 4148 est
3372 4090 3562 4147 honor

1913 4188 1970 4239 et
2000 4181 2205 4255 gloria,
2248 4179 2398 4248 laus,
2450 4180 2812 4253 perpetuitas
2860 4197 2893 4235 a
2934 4179 3163 4236 saeculis
3211 4184 3269 4235 et
3316 4195 3471 4235 nunc
3500 4183 3560 4236 et

1914 4286 2165 4343 semper,
2198 4269 2260 4324 in
2298 4269 2497 4324 omnia
2522 4267 2732 4324 saecula
2761 4268 3130 4325 saeculorum.
3157 4271 3362 4325 Amen.

2336 4377 2338 4380 ’
2365 4384 2597 4441 CAPUT
2625 4384 2720 4440 VI.
2755 4385 2977 4456 (Sermo
3007 4384 3101 4456 V.)

1877 4504 1883 4510 -
1917 4479 2095 4534 Terrae
2122 4492 2281 4531 suam
2308 4477 2558 4547 speciem,
2592 4489 2718 4545 quae
2744 4476 2802 4529 in
2834 4475 3239 4547 germinatione
3274 4492 3339 4532 ac
3365 4476 3563 4532 viridi-

1986 4552 2098 4603 tate
2141 4548 2323 4618 posita
2361 4550 2462 4610 est,
2504 4546 2877 4618 percommode
2911 4546 3156 4602 additam
3199 4562 3354 4610 esse;
3383 4563 3568 4603 vocem

1838 4643 1886 4708 D
1987 4620 2102 4708 De'i.
2126 4617 2476 4708 fecunditatis
2534 4633 2757 4672 causam
2794 4618 3047 4708 przbcre
3091 4635 3104 4672 :
3152 4619 3298 4708 Quod
3344 4618 3568 4690 quidam

1990 4689 2127 4746 soli:
2154 4690 2328 4745 colori
2350 4704 2641 4760 perperam
2669 4696 2949 4761 acceptum
2976 4689 3183 4761 ferunt.

1990 4807 2083 4860 25.
2118 4803 2462 4861 Discedente
2489 4820 2662 4875 aqua,
2699 4805 3075 4861 conveniebat
3104 4808 3169 4859 ut
3197 4803 3421 4875 species
3451 4806 3573 4858 ter-

1926 4912 1999 4949 rze
2042 4894 2278 4949 daretur
2309 4896 2365 4948 et
2388 4892 2595 4965 gratia,
2629 4896 2694 4948 ut
2728 4891 3039 4948 invisibilis
3088 4896 3146 4947 et
3186 4890 3575 4962 incomposita

1927 4983 2223 5039 desineret
2252 4982 2548 5037 esse.Nam
2582 4980 2841 5053 plerique
2873 4981 3047 5037 etiam
3079 4979 3188 5035 hoc
3219 4979 3422 5034 dicunt
3446 4995 3576 5035 esse

1926 5069 2219 5136 invisible,
2251 5070 2405 5140 quod
2450 5070 2703 5140 speciem
2749 5086 2863 5125 non
2895 5068 3110 5137 habet;
3144 5071 3200 5123 et
3244 5066 3376 5122 ideo
3425 5066 3574 5121 acci-

1926 5160 2099 5232 piunt
2137 5163 2353 5213 terram
2402 5156 2755 5212 invisibilem
2792 5157 2993 5228 fuisse,
3039 5173 3155 5213 non
3202 5154 3341 5227 quia
3392 5154 3576 5210 videri

1930 5265 2046 5304 non
2077 5250 2275 5318 posset
2315 5262 2349 5299 a
2397 5261 2630 5299 summo
2676 5245 2792 5300 Deo
2839 5246 2928 5301 vel
2968 5245 3190 5319 angelis
3239 5245 3392 5316 ejus,
3437 5260 3574 5299 nam

1929 5337 2121 5394 adhuc
2168 5333 2439 5388 homines
2488 5333 2665 5387 creati
2726 5351 2840 5389 non
2890 5340 3076 5405 erant,
3120 5334 3209 5391 vel
3258 5336 3434 5390 etiam
3481 5348 3577 5405 pe-

1929 5426 2127 5491 cudes,
2163 5421 2262 5477 sed
2296 5419 2435 5491 quia
2459 5421 2586 5476 sine
2604 5438 2710 5476 sua
2740 5421 2932 5493 specie
2962 5427 3104 5478 erat.
3129 5424 3364 5495 Species
3378 5426 3576 5479 autem

1929 5522 2093 5572 terrae
2125 5516 2209 5568 est
2237 5508 2586 5583 germinatio
2617 5515 2675 5565 et
2716 5509 2982 5565 viriditas
3024 5510 3170 5582 agri.
3211 5510 3375 5567 Und'e
3424 5515 3491 5567 ut
3520 5512 3577 5565 et

1932 5650 2093 5718 edit.,
2148 5643 2450 5716 tranquillo
2502 5649 2655 5702 motu
2709 5647 2996 5719 ﬂuctuum,
3055 5652 3371 5703 sanctorum
3424 5642 3577 5702 chori

1933 5721 2149 5795 hymni:
2172 5719 2484 5791 personent.
