3932 6212
348 467 463 537 179

1796 467 1863 531 S.
1909 459 2286 529 AMBROSII

3628 448 3748 526 £86

343 604 635 664 visibilem
667 622 793 663 eam
838 610 896 663 et
940 605 1323 679 compositam
1371 604 1581 660 faceret
1630 604 1803 668 Deus,
1857 603 1939 657 ait
1974 619 1984 656 :
2018 601 2073 666 Α
2103 601 2245 654 Cum
2279 598 2435 675 enim
2468 595 2566 654 illa
2596 598 2918 670 pascuntur
2945 591 3048 654 Dei
3078 594 3286 671 gratia,
3309 610 3482 654 nemo
3533 593 3745 654 sibide-

349 697 624 753 Germinet
655 699 801 751 terra
830 697 1053 751 herbam
1075 698 1213 767 feni,
1261 697 1540 749 seminans
1586 709 1761 747 semen
1792 707 1985 745 secun-

346 783 484 840 dum
513 801 703 854 genus,
745 789 794 840 et
836 787 1047 855 lignum
1087 786 1434 855 fructi/erum
1484 784 1693 854 faciens
1746 783 1988 850 fructum

343 874 641 930 secundum
668 889 857 942 genus,
888 873 1045 943 cujus
1073 888 1255 927 semen
1280 889 1441 927 suum
1473 874 1528 925 in
1553 872 1663 941 ipso
1695 870 1805 940 (89)
1837 867 1983 937 (Gen.

344 978 386 1033 ι,
421 963 529 1031 11).

415 1051 505 1104 26.
537 1051 861 1106 Audiamus
890 1051 1068 1105 verba
1095 1048 1377 1114 veritatis,
1411 1064 1659 1119 quorum
1693 1046 1870 1102 series
1904 1061 1989 1100 sa-

346 1136 443 1193 lus
474 1144 562 1194 est
586 1140 970 1194 audientium.
1008 1139 1201 1193 Prima
1242 1138 1397 1193 enim
1448 1136 1547 1191 illa
1587 1153 1695 1191 vox
1737 1135 1837 1189 Dei
1868 1134 1987 1188 sin-

348 1227 504 1299 gulis
535 1228 819 1283 creaturis
847 1226 1142 1299 impertita
1171 1225 1500 1299 gignendis,
1534 1225 1622 1280 lex
1643 1229 1862 1279 natura:
1881 1228 1987 1291 est,

350 1331 476 1387 quae
506 1315 677 1371 terris
725 1316 783 1370 in
830 1332 1003 1370 omne
1049 1332 1232 1369 aevum
1287 1313 1585 1379 remansit,
1620 1313 1825 1367 futura;
1858 1329 1989 1367 suc-

349 1404 634 1459 cessionis
664 1405 867 1459 datura
899 1403 1326 1475 praescriptum,
1358 1402 1858 1473 quemadmodum
1903 1401 1989 1457 vel

345 1493 663 1563 generandi
690 1492 775 1546 vel
838 1492 1165 1546 t'ructuandi
1226 1491 1283 1545 in
1339 1490 1628 1561 reliquum
1680 1507 1821 1545 usus
1854 1492 1989 1545 ado-

344 1577 605 1635 lesceret.
641 1580 834 1635 Prima
864 1581 1059 1651 itaque
1112 1580 1458 1653 germinatio
1488 1581 1590 1635 43
1620 1583 1726 1645 est,
1760 1580 1993 1650 quando

344 1669 649 1724 nascentia
676 1669 948 1724 videntur
976 1685 1279 1740 erumpere
1306 1669 1550 1723 :deinde
1581 1684 1713 1722 cum
1739 1667 1995 1739 eruperit

344 1760 403 1812 et
430 1756 738 1828 profecerit
758 1773 1018 1828 germen,
1054 1758 1116 1811 fit
1146 1757 1325 1812 herba
1358 1773 1371 1811 :
1406 1757 1586 1812 herba
1614 1773 1844 1827 quoque
1894 1756 1995 1812 ubi

345 1843 656 1916 paululum
714 1846 1082 1916 processerit,
1147 1847 1210 1899 ﬁt
1281 1847 1499 1900 fenum.
1559 1847 1742 1909 Quam
1812 1847 1992 1915 utilis,

2096 690 2192 743 bet
2221 689 2290 743 de
2320 704 2428 744 sua
2468 686 2760 742 industria
2817 691 2874 743 et
2929 686 3138 743 virtute
3192 685 3466 742 blandiri.
3526 686 3747 744 Deinde

2096 776 2234 848 quia
2262 776 2587 848 simplicem
2611 776 2831 830 victum
2852 780 2907 831 et
2929 775 3258 831 naturalem
3283 775 3477 831 cibum
3500 775 3747 848 reliquis

2096 865 2242 921 cibis
2283 865 2483 921 debuit
2537 866 2840 920 anteferre.
2894 863 2995 919 Hic
3053 864 3209 919 enim
3269 863 3600 920 sobrietatis
3658 875 3747 920 est

2096 953 2283 1013 cibus.
2315 952 2523 1025 reliqui
2555 952 2896 1007 deliciarum
2928 957 3105 1024 atque
3135 952 3379 1008 luxuriae
3413 970 3426 1008 :
3460 953 3555 1009 hic
3581 970 3745 1009 com-

2098 1042 2294 1097 munis
2326 1043 2599 1097 omnibus
2630 1040 3027 1097 animantibus
3052 1041 3238 1112 cibus,
3270 1041 3368 1097 ille
3398 1057 3744 1115 paucorum.

2099 1130 2441 1203 Exemplum
2474 1131 2673 1201 itaque
2703 1129 3079 1203 frugalitatis,
3115 1131 3522 1203 magisterium
3567 1131 3749 1203 parci-

2101 1219 2310 1275 moniae
2341 1223 2450 1286 est,
2499 1219 2690 1274 herbae
2748 1217 3034 1290 simplicis
3090 1218 3245 1273 victu
3294 1217 3584 1291 olerisque
3614 1218 3746 1275 vilis

2101 1313 2202 1363 aut
2233 1308 2389 1380 pomi
2420 1311 2723 1363 contentos
2753 1323 2882 1362 esse
2912 1323 3115 1363 omnes
3146 1310 3409 1378 oportere
3440 1324 3615 1379 quem
3639 1325 3744 1363 na—

2099 1400 2232 1451 tura
2264 1395 2497 1465 obtulit,
2549 1412 2721 1468 quem
2770 1394 3092 1451 liberalitas
3122 1395 3225 1450 Dei
3268 1397 3459 1467 prima
3488 1396 3743 1452 donavit.

2102 1485 2202 1540 Ille
2233 1484 2504 1553 salubris,
2535 1484 2632 1540 ille
2663 1483 2824 1539 utilis
2854 1484 3041 1553 cibus,
3076 1483 3175 1555 qui
3207 1484 3442 1539 morbos
3482 1483 3745 1557 repellat,

2103 1574 2199 1646 qui
2229 1577 2447 1629 resecet
2473 1573 2810 1638 cruditates,
2845 1571 3005 1627 nullo
3054 1572 3364 1628 hominum
3411 1577 3614 1645 partus
3660 1572 3745 1627 la-

2102 1662 2261 1729 bore,
2295 1662 2393 1717 sed
2426 1661 2619 1717 divino
2649 1662 2871 1717 effusus
2902 1677 3163 1727 munere,
3196 1660 3322 1716 sine
3364 1661 3588 1717 satione
3625 1660 3748 1717 fru-

2103 1766 2225 1822 ges,
2257 1751 2484 1806 fructus
2515 1750 2640 1805 sine
2671 1749 2914 1814 semine,
2965 1754 3086 1804 tam
3137 1747 3348 1818 dulcis,
3368 1753 3488 1805 tam
3518 1753 3747 1822 gratus,

2104 1842 2170 1893 ut
2199 1839 2373 1894 etiam
2402 1837 2635 1909 repletis
2664 1837 2946 1909 voluptati
2977 1842 3152 1909 atque
3182 1838 3316 1892 usui
3356 1837 3449 1892 sit.
3486 1838 3750 1910 Denique

347 1947 527 2003 quam
556 1931 873 1987 vehemens
916 1949 1042 1987 vox.
1078 1932 1347 1988 Germinet
1394 1937 1545 1987 terra
1586 1933 1811 1989 herbam
1857 1937 1995 2008 feni,
2028 1967 2075 2031 Β
2106 1927 2177 1982 ad
2209 1928 2430 1998 primas
2459 1927 2634 1981 datus
2666 1941 2920 1992 mensas,
2955 1926 3025 1981 ad
3055 1926 3345 1981 secundas
3370 1926 3672 1981 remansit.

346 2019 458 2076 hoc
486 2026 592 2091 est,
625 2020 756 2093 ipsa
784 2038 887 2094 per
911 2038 973 2076 se
1017 2021 1303 2094 germinet
1349 2026 1522 2089 terra,
1575 2022 1804 2078 nullum
1843 2023 1987 2079 alte-

346 2109 472 2166 rius
518 2116 743 2182 quzerat
800 2110 1108 2179 auxilium,
1156 2127 1270 2165 non
1330 2112 1680 2181 cujusquam
1730 2111 1991 2185 indigeat

346 2200 690 2256 ministerio.

417 2291 505 2344 27.
542 2289 742 2344 Solent
769 2288 924 2344 enirn
952 2288 1213 2360 plerique
1244 2288 1434 2343 dicere
1468 2288 1617 2342 :Nisi
1652 2286 1991 2344 clementior

347 2377 489 2434 solis
520 2379 678 2434 calor
706 2377 1034 2449 tepefecerit
1061 2382 1264 2441 terras,
1297 2380 1353 2431 et
1400 2377 1650 2448 quodam
1693 2378 1864 2432 modo
1899 2395 1989 2431 ra-

347 2466 461 2522 diis
492 2466 615 2522 suis
647 2466 868 2533 foverit,
924 2483 1037 2520 non
1085 2465 1298 2537 poterit
1343 2465 1670 2537 germinare
1720 2471 1903 2527 terra;
1934 2470 1990 2521 et

344 2559 649 2628 propterea
669 2559 870 2627 gentes
923 2555 1182 2610 divinum
1217 2554 1496 2608 honorem
1528 2554 1809 2625 deputant
1839 2554 1943 2609 soli
1973 2572 1986 2622 ;

346 2645 498 2715 quod
528 2644 742 2700 virtute
772 2644 981 2698 caloris
1031 2644 1121 2697 sui
1171 2647 1459 2698 terrarum
1506 2647 1765 2713 penetret
1799 2643 1985 2709 sinus,

343 2748 665 2805 sparsaque
695 2737 883 2789 foveat
931 2733 1175 2799 semina,
1207 2731 1296 2786 vel
1344 2731 1595 2802 rigentes
1639 2730 1771 2801 gelu
1813 2748 1988 2787 venas

344 2821 620 2877 arborum
652 2820 884 2875 relaxet.
918 2819 1065 2874 Audi
1119 2835 1253 2891 ergo
1300 2819 1485 2873 Deum
1525 2818 1682 2873 velut
1711 2819 1861 2874 hanc
1890 2836 1985 2875 vo-

344 2924 469 2965 cem
501 2908 861 2963 emittentem
896 2924 908 2960 :
944 2907 1553 2977 Conticescatineptus
1576 2924 1766 2961 sermo
1799 2906 1986 2962 homi-

343 3014 486 3052 num
518 2997 615 3068 qui
663 2996 896 3051 futurus
945 2999 1053 3059 est,
1088 2995 1337 3049 facessat
1364 3012 1511 3049 vana
1557 2995 1773 3066 opinio.
1814 2997 1986 3050 Ante-

346 3101 523 3157 quam
572 3084 716 3140 solis
774 3084 874 3138 ﬁat
905 3083 1212 3145 luminare,
1263 3082 1443 3136 herba
1491 3088 1804 3149 nascatur;
1838 3084 1985 3136 anti-

346 3173 518 3246 quior
545 3175 673 3244 ejus
704 3173 781 3227 sit
820 3171 1223 3244 praerogativa,
1272 3187 1450 3242 quam
1503 3170 1663 3225 solis.
1698 3171 1779 3226 Ne
1829 3188 1989 3226 error

343 3262 653 3318 hominum
680 3260 1063 3323 convalescat,
1094 3259 1381 3331 germinet
1407 3259 1570 3331 prius
1598 3263 1772 3324 terra,
1807 3276 1982 3330 quam

346 3351 501 3407 fotus
527 3349 669 3405 solis
699 3348 962 3420 accipiat.
988 3347 1188 3403 Sciant
1226 3364 1429 3402 omnes
1473 3346 1656 3401 solem
1688 3351 1983 3403 auctorem
2018 3328 2061 3395 C

346 3456 463 3495 non
494 3453 622 3494 esse
673 3437 1061 3504 nascentium,
1110 3436 1208 3490 Dei
1266 3435 1575 3491 clementia
1629 3440 1847 3491 terram
1907 3454 1991 3492 re-

344 3527 522 3593 laxat,
564 3527 666 3582 Dei
713 3525 1079 3596 indulgentia
1124 3540 1503 3595 prorumpere
1550 3523 1688 3579 facit
1741 3525 1986 3581 fructus.

344 3615 645 3679 Quomodo
698 3613 783 3669 sol
837 3614 1063 3668 vivendi
1123 3629 1299 3667 usum
1358 3612 1654 3667 ministrat
1700 3613 1987 3681 oriundis,

346 3703 581 3776 quando
614 3701 712 3757 illa
743 3702 907 3773 prius
944 3701 1151 3755 divinae
1201 3699 1553 3771 operationis
1606 3701 1990 3757 viviﬁcatione

345 3795 488 3849 sunt
516 3790 690 3855 edita,
724 3806 901 3861 quam
936 3788 1023 3844 sol
1052 3788 1112 3842 in
1142 3788 1250 3843 hos
1294 3788 1520 3842 vivendi
1555 3805 1698 3843 usus
1727 3789 1990 3846 veniret?

342 3879 553 3938 Junior
581 3882 672 3935 est
698 3878 915 3943 herbis,
941 3877 1146 3948 junior
1178 3877 1326 3931 feno.

988 3972 1220 4029 CAPUT
1251 3973 1319 4029 VI
1327 3977 1347 4025 Ι

344 4067 454 4124 Cur
494 4065 760 4138 pabulum
790 4065 975 4136 pecori
1015 4065 1174 4134 prius
1208 4066 1470 4138 creatum,
1510 4079 1675 4138 quam
1696 4064 1849 4138 cibus
1889 4063 1984 4119 ho-

412 4135 576 4193 mini.
610 4135 845 4192 Herbum
901 4138 1162 4191 virentem
1212 4135 1474 4191 humanae
1529 4136 1826 4202 imaginem
1875 4152 1989 4190 esse

413 4192 760 4276 conditionis,
806 4208 960 4279 cujus
1004 4206 1280 4279 fragilitas
1336 4207 1573 4279 eleganti
1627 4192 1989 4276 descriptione

414 4282 727 4352 exponitur.
786 4276 1041 4348 Ejusdem
1099 4276 1307 4352 herbe
1336 4278 1662 4352 imitatores
1690 4279 1749 4352 i_n
1800 4279 1987 4352 fructu

412 4347 636 4424 ferendo
664 4366 761 4405 nos
792 4347 907 4424 esse
936 4356 1215 4419 oportere,-
1248 4348 1344 4401 ubi
1374 4347 1662 4402 Manichazi
1690 4349 1984 4402 Eunomia-

413 4422 580 4494 nique
606 4422 1070 4492 perstringuntur.

411 4511 505 4564 28.
558 4510 626 4563 Et
655 4509 799 4563 forte
843 4507 1087 4561 miretur
1129 4505 1341 4576 aliquis
1394 4505 1547 4575 quod
1604 4504 1768 4574 prius
1798 4504 1987 4574 pecori

344 4596 651 4671 pabulum,
685 4611 863 4666 quam
895 4595 1062 4649 cibus
1091 4592 1313 4647 homini
1364 4593 1440 4646 sit
1488 4597 1736 4646 creatus.
1778 4592 1839 4646 In
1873 4609 1988 4663 quo

2174 2026 2263 2079 29.
2297 2024 2444 2087 Quid
2477 2027 2669 2079 autem
2700 2027 2975 2080 creaturae
3007 2023 3188 2095 hujus
3218 2026 3471 2079 attexam
3499 2023 3751 2080 miracu-

2098 2111 2243 2180 lum,
2279 2118 2382 2169 44
2411 2117 2468 2168 et
2496 2113 2796 2185 sapientiae
2829 2113 3172 2184 operatricis
3203 2117 3619 2186 argumentum
3647 2130 3751 2169 ex-

2098 2201 2400 2274 primam?
2430 2202 2493 2256 In
2546 2201 2654 2256 hac
2702 2200 2859 2257 enim
2898 2201 3232 2274 germinum
3281 2200 3493 2273 specie,
3544 2206 3600 2257 et
3645 2200 3749 2257 illo

2096 2291 2337 2347 virentis
2369 2290 2562 2346 herbae
2593 2305 2837 2345 munere
2866 2290 3059 2361 imago
3090 2294 3179 2345 est
3207 2289 3336 2344 vitae
3366 2289 3658 2357 humanis,
3692 2294 3755 2345 et

2097 2385 2318 2435 natura;
2376 2378 2847 2450 conditionisque
2905 2383 3117 2433 nostra
3170 2377 3397 2450 insigne
3446 2378 3750 2449 quoddam

2099 2472 2416 2539 spectatur,
2449 2473 2507 2521 et
2535 2466 2838 2538 speculum
2897 2466 3104 2522 elucet.
3161 2465 3265 2522 Illa
3321 2466 3502 2523 herba
3550 2472 3608 2522 et
3638 2467 3752 2524 ﬂos

2098 2556 2213 2611 feni
2243 2556 2431 2627 figura
2459 2559 2548 2610 est
2578 2556 2772 2611 carnis
2803 2554 3096 2622 humanae,
3124 2555 3280 2611 sicut
3310 2555 3499 2611 bonus
3529 2555 3753 2610 divini-

2095 2644 2233 2700 tatis
2259 2645 2545 2715 interpres
2574 2660 2790 2717 organo
2822 2660 2939 2699 sua;
2970 2643 3125 2699 vocis
3155 2643 3461 2716 expressit,
3493 2644 3698 2701 dicens
3734 2662 3749 2701 :

2099 2733 2287 2788 Clama
2317 2762 2383 2772 --
2416 2733 2556 2800 Quid
2583 2732 2869 2787 clamabo?
2889 2732 3077 2787 Omnis
3118 2748 3245 2787 caro
3286 2735 3493 2803 fenum,
3541 2737 3593 2788 et
3622 2749 3751 2789 om-

2095 2823 2185 2876 nis
2215 2822 2658 2892 gloriaﬁominis
2700 2824 2760 2876 ut
2806 2822 2905 2890 ﬂos
2939 2822 3076 2891 leni.
3129 2822 3289 2875 Aruit
3312 2823 3520 2891 fenum,
3564 2826 3616 2877 et
3642 2825 3754 2893 ﬂos

2095 2910 2293 2966 decidit
2327 2927 2339 2964 :
2377 2911 2600 2965 verbum
2629 2918 2811 2965 autem
2855 2911 3081 2966 Domini
3127 2913 3311 2965 manet
3366 2912 3425 2965 in
3472 2918 3755 2968 aeternum

2098 3000 2227 3069 (lsa.
2251 3016 2340 3067 XL,
2370 3000 2426 3063 6,
2458 3001 2531 3069 8).
2569 2998 2667 3053 Dei
2700 2999 2989 3077 sententia
3012 3015 3121 3053 vox
3162 2998 3420 3054 humana
3449 3004 3558 3054 est.
3593 2999 3758 3056 Dicit

2096 3086 2272 3152 Deus,
2306 3086 2497 3142 Clama
2528 3106 2547 3142 :
2579 3087 2679 3142 sed
2711 3086 2769 3141 in
2800 3086 2927 3159 ipso
2968 3088 3116 3142 Isaia
3162 3086 3442 3159 loquitur.
3493 3086 3594 3143 Ille
3628 3105 3756 3146 res-

2097 3176 2302 3247 pondit
2331 3192 2343 3229 :
2382 3177 2523 3244 Quid
2562 3175 2847 3230 clamabo?
2877 3176 2945 3230 Et
2990 3180 3271 3246 tanquam
3303 3175 3443 3246 quid
3474 3175 3756 3248 loquere-

2099 3269 2196 3318 tur
2252 3265 2531 3331 audisset,
2590 3264 2858 3334 adjunxit
2907 3281 2919 3319 :
2973 3264 3161 3318 Omnis
3213 3279 3340 3319 caro
3402 3263 3620 3337 fenum.
3685 3268 3758 3323 Et

2098 3368 2259 3419 vere;
2292 3352 2440 3407 viret
2483 3352 2641 3407 enim
2686 3351 2870 3424 gloria
2917 3350 3172 3407 hominis
3224 3351 3281 3405 in
3345 3368 3517 3408 carne
3576 3356 3757 3424 quasi

2101 3442 2296 3496 fenum
2330 3457 2343 3495 :
2378 3446 2435 3497 et
2464 3458 2590 3513 quae
2622 3444 2864 3512 putatur
2884 3455 3012 3496 esse
3042 3439 3554 3512 sublimis,exigua
3574 3444 3754 3513 quasi

2098 3529 2281 3585 herba
2308 3535 2416 3593 est,
2450 3533 2802 3600 prazmatura
2834 3533 2899 3584 ut
2928 3529 3054 3595 ﬂos,
3089 3528 3310 3583 caduca
3339 3529 3509 3599 quasi
3542 3529 3750 3587 fenum

2098 3617 2388 3690 germinat
2415 3618 2541 3672 vita).
2571 3617 2925 3672 viriditatem
2958 3617 3017 3672 in
3049 3617 3262 3688 specie,
3294 3634 3411 3672 non
3454 3616 3515 3672 in
3548 3618 3751 3675 fructu

2098 3705 2474 3771 soliditatem,
2509 3704 2797 3760 bilatioris
2844 3705 2973 3760 vitae
3026 3705 3194 3777 quasi
3237 3705 3345 3759 ﬂos
3376 3706 3753 3776 praetendens

2088 3794 2545 3865 jucunditatem,
2574 3793 2823 3849 breviori
2855 3792 3042 3865 spatio
3085 3809 3380 3859 occasura,
3425 3793 3581 3849 sicut
3612 3794 3748 3850 her-

2097 3883 2171 3938 ba
2201 3883 2337 3945 feni,
2388 3884 2541 3954 quod
2595 3882 2944 3954 priusquam
2987 3880 3285 3949 avellatur,
3333 3882 3564 3938 arescit.
3611 3885 3750 3948 Quae

2096 3971 2253 4027 enim
2302 3970 2601 4026 firmitudo
2650 3970 2709 4025 in
2756 3985 2951 4037 carne,
2993 3986 3119 4042 quae
3168 3968 3485 4027 salubritas
3556 3977 3753 4044 potest

2095 4075 2223 4114 esse
2254 4058 2571 4114 diuturna?

2166 4148 2254 4202 30.
2286 4146 2464 4202 Hodie
2496 4147 2691 4203 videas
2740 4146 3164 4203 adolescentem
3205 4147 3484 4211 validum,
3527 4150 3747 4221 pubes-

2095 4242 2343 4300 centem,
2377 4236 2562 4291 aetatis
2595 4235 2889 4291 viriditate
2938 4236 3261 4303 ﬂorentem,
3320 4239 3487 4302 grata
3528 4239 3747 4308 specie,

2095 4326 2258 4381 suavi
2291 4325 2516 4391 colore;
2551 4325 2806 4380 crastina
2835 4324 2928 4379 die
2958 4323 3062 4379 tibi
3095 4323 3239 4380 facie
3268 4328 3324 4379 et
3352 4339 3451 4379 ore
3481 4330 3751 4380 mutatus

2095 4413 2389 4470 occurrit:
2423 4420 2480 4468 et
2526 4414 2627 4484 qui
2677 4413 2863 4485 pridie
2911 4412 3018 4468 tibi
3070 4410 3437 4467 lautissimus
3484 4412 3601 4482 (91)
3644 4413 3750 4468 de-

2096 4517 2239 4556 cora:
2268 4502 2463 4555 forma:
2494 4503 2656 4557 visus
2706 4508 2794 4557 est
2839 4501 3048 4573 gratia,
3083 4500 3196 4556 alio
3228 4501 3321 4556 die
3371 4500 3749 4558 miserandus

2096 4593 2336 4660 apparet
2361 4589 2725 4660 aegritudinis
2765 4589 3018 4661 alicujus
3057 4589 3397 4644 infirmitate
3427 4587 3746 4645 resolutus.

344 4685 603 4759 primum
654 4682 1007 4753 profundum
1048 4681 1147 4735 Dei
1180 4681 1291 4749 (90)
1340 4680 1620 4735 debemus
1670 4679 1985 4746 advertere,
2022 4688 2064 4751 Ι)
2099 4676 2411 4749 Plerosque
2466 4684 2568 4733 aut
2623 4677 2787 4733 labor
2842 4678 3079 4750 frangit,
3134 4683 3237 4733 aut
3295 4677 3494 4749 inopia
3551 4694 3748 4734 mace-

341 4773 498 4848 quod
529 4771 705 4827 etiam
738 4770 983 4825 minima
1012 4785 1255 4840 quaeque
1286 4785 1400 4824 non
1431 4767 1709 4839 negligat,
1743 4768 1896 4823 sicut
1924 4768 1981 4822 in

338 4859 649 4935 Evangelia
711 4857 1009 4931 Sapientia
1059 4858 1158 4912 Dei
1211 4856 1395 4911 dicit:
1438 4858 1701 4929 Respicite
1742 4857 1982 4912 volatilia

337 4953 482 5019 cceli,
503 4952 760 5022 quoniam
787 4964 899 5003 non
927 4950 1134 5015 serunt,
1164 4962 1338 5015 neque
1366 4949 1595 5009 metunt,
1645 4962 1816 5015 neque
1854 4962 1980 5000 con-

336 5049 566 5112 gregant
609 5041 671 5094 in
718 5040 936 5099 horrea.
994 5044 1043 5091 et
1102 5041 1268 5090 Pater
1304 5039 1477 5089 vester
1529 5035 1758 5089 caelestis
1806 5036 1983 5105 pascit

336 5131 479 5186 illa:
510 5144 693 5184 nonne
737 5143 829 5183 vos
873 5126 1053 5197 pluris
1099 5125 1226 5178 estis
1270 5123 1385 5178 illis
1436 5122 1641 5195 (Matth.
1702 5140 1782 5189 v1,
1840 5123 1982 5193 26)?

408 5280 521 5353 (89)
551 5279 701 5353 Edit.
735 5279 988 5353 Retinet
1005 5276 1143 5353 LXX
1177 5273 1737 5353 lnterp.,_sccundum
1786 5290 1976 5353 genus,

336 5357 386 5407 et
414 5346 1384 5410 secundumsimilitudinemsuam,el
1416 5347 1623 5414 lignum
1653 5346 1982 5415 pomi/erum

335 5424 544 5494 faciens
571 5424 808 5494 fructum
839 5418 1136 5474 secundum
1177 5434 1346 5487 genus
1386 5433 1566 5494 suum,
1600 5421 1769 5494 cuius
1796 5430 1979 5494 semen

333 5486 497 5547 suum
546 5486 617 5545 sit
666 5494 723 5545 in
775 5492 909 5560 ipso.
970 5494 1151 5551 Deest,
1180 5486 1504 5560 secundum
1558 5486 1979 5560 similitudinem

335 5562 620 5627 suam;in
649 5558 820 5630 Vulg.
855 5566 911 5615 et
954 5562 1010 5612 in
1060 5566 1168 5621 vet,
1210 5559 1344 5613 edit.
1387 5560 1585 5612 Ambr.
1623 5559 1774 5612 sicut
1821 5560 1877 5610 et
1918 5558 1978 5609 in

335 5649 480 5689 mss.
499 5647 647 5703 quos
688 5632 869 5685 secuti
900 5645 1124 5703 sumus.

406 5697 692 5774 (90)'Edi_t.
726 5717 857 5755 cum
893 5699 1094 5774 paucis
1125 5714 1293 5764 mss.,
1313 5697 1649 5774 profundum
1677 5699 1774 5752 Dei
1800 5698 1975 5774 consi-

337 5767 510 5831 Πάθη(
556 5772 693 5829 Cod.
755 5767 911 5825 vero'
942 5768 1142 5841 plures
1172 5773 1227 5823 et
1274 5767 1527 5839 potiores
1572 5784 1769 5823 vocem
1799 5768 1976 5822 consi-

2096 4771 2203 4833 rat,
2265 4770 2366 4821 aut
2423 4766 2682 4820 cruditas
2738 4771 2922 4833 vexat,
2984 4769 3083 4821 aut
3137 4766 3274 4821 vina
3333 4772 3747 4838 corrumpunt,

2093 4858 2195 4909 aut
2223 4858 2493 4910 senectus
2531 4854 2818 4924 debilitat,
2873 4858 2974 4909 aut
3029 4854 3281 4909 eviratos
3333 4852 3553 4908 deliciae
3614 4855 3744 4909 red-

2092 4944 2260 5005 dunt,
2308 4942 2539 4997 luxuria
2568 4942 2879 4999 decolorat.
2931 4943 3133 4997 Nonne
3186 4958 3391 4997 verum
3440 4946 3551 5008 et,
3606 4943 3746 5015 quia

2091 5031 2248 5087 aruit
2301 5031 2522 5099 fenum,
2573 5037 2630 5086 et
2689 5031 2795 5086 ﬂos
2842 5030 3103 5086 decidit?
3134 5030 3298 5086 Alius
3353 5030 3476 5086 avis
3533 5031 3744 5087 atavis-

2090 5135 2203 5191 que
2232 5117 2465 5184 nobilis,
2514 5123 2570 5174 et
2617 5121 2907 5189 majorum
2954 5118 3295 5175 honestatus
3348 5117 3572 5185 infulis,
3609 5135 3745 5191 pro-

2090 5272 2227 5325 lium
2258 5286 2372 5324 non
2405 5272 2748 5340 agnoscunt.

2161 5343 2273 5411 (9|)
2306 5338 2601 5396 Vetfedit.
2651 5347 2708 5395 et
2745 5338 3011 5396 nonnulli
3054 5356 3222 5407 mss.,
3268 5338 3454 5410 pridie
3482 5339 3588 5411 tibi
3617 5341 3738 5396 lau-

2088 5409 2355 5467 tissimus.
2410 5411 2572 5483 Reg.,
2608 5411 3037 5467 laudntissimus.
3086 5409 3416 5483 Utrumque
3462 5409 3628 5483 deest
3679 5411 3739 5465 in

2088 5481 2523 5554 probatissimis
2565 5499 2730 5548 mss.,
2765 5498 3014 5553 quorum
3050 5482 3145 5554 alii
3177 5481 3379 5553 legunt
3402 5481 3589 5552 pridie
3634 5483 3741 5536 tibi

2088 5553 2293 5609 decore.
2326 5554 2495 5608 Corb.
2556 5554 2811 5609 secunda
2860 5570 3058 5621 manu,
3093 5553 3313 5608 decorus
3348 5561 3550 5622 formae
3587 5555 3739 5608 visus

2086 5632 2164 5680 est
2196 5626 2410 5695 gratia;
2440 5623 2537 5680 alii
2569 5628 2786 5692 autem,
2814 5625 3001 5696 pridie
3027 5624 3132 5680 tibi
3158 5624 3345 5679 decore
3360 5625 3562 5694 forma?
3586 5626 3738 5679 visus

2088 5700 2168 5751 est
2184 5698 2410 5767 gratior.
