3932 6212
180 404 270 477 {Si

1434 388 1970 460 HEXAEMERON
2016 386 2167 454 LIB.
2213 387 2319 452 ῙῙῙ.

3462 375 3579 440 182

194 548 335 625 sapia
364 539 593 603 veteris
656 536 852 600 clarus
880 528 1456 612 insignibus,amicis
1486 531 1815 595 abundans,
1845 527 1899 593 Α
1930 525 2168 595 tiniane,
2201 523 2348 579 dicis
2378 519 2516 595 quia
2561 517 2621 577 in
2665 516 3083 577 constitutione
3130 514 3335 573 mundi
3386 515 3575 572 adhuc

193 623 414 713 stipatus
445 631 776 691 clientibus
805 633 863 688 et
890 632 1205 699 utrumque
1249 623 1427 713 latus,
1451 625 1660 686 tectus,
1694 635 1824 692 pro-

193 711 389 787 ducens
418 724 751 782 maximam
800 736 866 776 ac
912 717 1197 774 reducens
1249 711 1552 777 familiam,
1588 711 1824 780 repente

193 820 369 892 aliqua
396 812 722 871 accidentis
757 806 998 882 periculi
1033 804 1186 860 mole
1215 802 1515 867 turbatus,
1550 796 1824 854 destitui-

191 887 369 966 tur-ab
401 903 706 965 omnibus,
740 917 775 954 a
804 895 1102 954 sodalibus
1156 888 1600 961 derelinquitur,
1632 887 1823 956 impu-

189 1000 390 1071 gnatur
419 1010 453 1048 a
482 989 787 1062 proximis.
822 986 964 1041 Ecce
992 997 1193 1038 verum
1229 982 1334 1047 est,
1370 977 1508 1049 quia
1551 975 1705 1031 sicut
1743 973 1828 1071 fe-

190 1060 318 1143 num
376 1060 502 1136 vita
549 1076 835 1139 hominis,
878 1072 1217 1146 priusquam
1250 1066 1546 1133 evellatur,
1597 1060 1827 1119 arescit.

190 1176 281 1232 Bst
308 1171 491 1228 etiam
522 1167 624 1240 qui
657 1164 882 1221 dudum
910 1152 1175 1217 ubertate
1206 1156 1454 1212 affluens
1504 1151 1826 1224 copiarum,

191 1257 552 1319 liberalitatis
600 1256 759 1311 fama
805 1268 908 1325 per
963 1266 1064 1305 ora
1128 1245 1379 1302 volitans
1439 1241 1829 1315 singulorum,

190 1353 372 1409 clarus
402 1345 754 1409 honoribus,
786 1338 1171 1414 praeminens
1202 1333 1612 1407 potestatibus,
1645 1329 1829 1384 tribu-

191 1440 420 1498 nalibus
476 1434 695 1499 celsus,
765 1428 911 1484 solio
977 1422 1272 1487 sublimis,
1330 1422 1536 1475 beatus
1603 1414 1833 1488 p0pulis

191 1529 535 1589 aestimatus,
594 1522 735 1576 dum
806 1529 1139 1589 praeconum
1197 1511 1449 1565 clamore
1504 1505 1831 1565 deducitur,

190 1615 380 1674 subita
410 1626 612 1668 rerum
660 1604 1033 1664 conversione
1080 1601 1139 1655 in
1189 1615 1322 1655 eum
1363 1610 1651 1652 carcerem
1682 1591 1834 1663 rapi-

188 1713 297 1774 tur,
329 1719 449 1777 quo
480 1699 628 1757 alios
673 1698 799 1769 ipse
843 1693 1187 1756 detruserat,
1219 1692 1276 1744 et
1318 1688 1469 1741 inter
1520 1701 1647 1739 reos
1697 1697 1836 1777 suos

189 1768 558 1852 imminentis
590 1768 772 1860 paenae
804 1782 978 1839 deﬂet
1001 1794 1345 1835 erumnam.
1365 1776 1623 1840 Quantos
1651 1768 1837 1843 pridie

189 1890 418 1941 caterva
465 1873 898 1951 plaudentium,
936 1874 992 1925 et
1033 1867 1324 1923 invidiosa
1382 1861 1697 1934 frequentis
1739 1876 1838 1951 po-

190 1972 305 2048 puli
337 1948 589 2025 domum
623 1964 735 2036 (92)
770 1977 983 2035 pompa
1013 1955 1268 2022 deduxit,
1302 1958 1373 2048 et-
1405 1970 1518 2048 non
1561 1967 1679 2048 una
1710 1948 1838 2021 glo-

188 2038 350 2119 riosae
403 2057 576 2113 illum
629 2051 998 2125 splendorem
1044 2042 1410 2101 deductionis
1455 2038 1726 2106 abolevit,
1774 2053 1839 2092 ac

192 2147 537 2223 repentinus
565 2140 766 2198 lateris
800 2134 1196 2200 dolor,e[1‘usis
1229 2131 1484 2205 gaudiis,
1510 2129 1840 2184 luctuosam

192 2217 379 2315 gravis
430 2229 868 2291 successionem
916 2223 1179 2281 mmroris
1224 2218 1573 2276 admiscuit!
1624 2217 1841 2287 Hujus-

193 2305 346 2384 modi
396 2325 584 2396 igitur
627 2322 717 2374 est
762 2314 949 2389 gloria
999 2310 1257 2368 hominis
1305 2309 1457 2364 sicut
1504 2307 1610 2361 ﬂos
1658 2305 1773 2361 feni
1825 2320 1837 2359 :

196 2432 318 2489 quae
372 2394 560 2468 etiam
608 2424 744 2463 cum
805 2403 1060 2459 defertur
1104 2398 1251 2453 nihil
1301 2396 1575 2468 operibus
1634 2394 1842 2465 adjun-

197 2486 275 2578 git
302 2502 442 2574 (93),
475 2500 537 2553 in
569 2513 688 2568 qua
711 2492 911 2548 nullus
952 2491 1177 2544 fruetus
1223 2486 1580 2558 acquiritur;
1612 2488 1669 2538 et
1711 2499 1842 2537 cum

198 2572 508 2659 amittitur,
556 2583 868 2650 evanescit,
922 2594 1154 2635 omnem
1204 2591 1436 2631 scenam
1478 2572 1756 2639 hominis,
1791 2576 1849 2627 et

198 2698 370 2754 quam
404 2680 664 2747 desuper
711 2669 1099 2727 ohumbrabat
1128 2669 1363 2737 repente
1415 2662 1759 2731 destituens,
1792 2665 1849 2715 et

200 2787 370 2843 quam
405 2768 573 2823 intus
605 2760 924 2818 animabat.

265 2859 365 2915 45
398 2858 492 2911 31.
528 2855 713 2923 Atque
742 2848 968 2904 utinam
997 2844 1366 2900 imitaremur
1395 2841 1544 2895 hanc
1584 2839 1847 2899 herbam,

202 2951 267 3004 de
295 2964 418 3019 qua
452 2943 537 2999 ait
563 2939 850 2997 Dominus
883 2952 896 2989 :
933 2935 1204 2992 Geminei
1252 2939 1400 2985 terra
1448 2930 1672 2984 herbam
1709 2929 1848 2999 feni,
1890 2958 1901 2976 ι

202 3018 480 3094 seminans
528 3046 715 3086 semen
756 3025 1051 3081 secundum
1094 3038 1285 3093 genus,
1331 3023 1381 3075 et
1426 3018 1721 3074 secundum
1768 3019 1843 3070 si-

203 3123 578 3181 militudinem
605 3118 757 3191 (Gen.
793 3132 831 3181 ι,
864 3114 975 3179 li).
1008 3110 1375 3167 Seminemus
1426 3108 1606 3178 igitur
1652 3122 1848 3161 semen

1931 632 2047 671 non
2075 618 2200 671 erat
2230 613 2531 679 Christus;
2576 614 2632 667 et
2672 615 2757 677 tu,
2810 609 3193 677 Eunomianc,
3244 606 3389 662 dicis
3439 606 3611 679 quia

1933 701 2239 759 dissimilis
2272 704 2360 756 est
2390 700 2543 755 Patri
2576 698 2776 754 Filius.
2810 699 2954 755 Nam
2988 698 3035 753 si
3067 698 3281 769 imago,
3308 712 3421 751 non
3456 694 3577 749 dis-

1935 791 2146 848 similis
2177 790 2379 861 utique
2414 806 2425 843 :
2462 789 2560 843 sed
2595 792 2786 843 totum
2836 805 2903 843 ex
2947 790 3067 843 toto
3105 786 3437 858 exprimens
3470 784 3579 855 (95)

1934 882 2186 944 Patrem,
2219 895 2393 951 quem
2425 881 2594 932 Pater
2624 877 2963 932 substantiae
2986 894 3103 932 suae
3134 878 3358 932 unitate
3389 878 3581 951 signa-

1934 971 2033 1025 vit.
2067 970 2237 1025 Pater
2268 967 2410 1022 dicit
2443 986 2454 1022 :
2488 968 2801 1027 Faciamus;
2826 970 2883 1022 et
2912 971 2972 1021 tu
3005 969 3437 1039 cooperatorem
3482 984 3581 1022 ne-

1938 1059 2089 1132 gas?
2119 1057 2280 1123 Quod
2312 1055 2457 1111 dixit
2486 1056 2673 1120 Pater,
2709 1054 2889 1109 Filius
2926 1055 3087 1110 fecit:
3122 1061 3177 1111 et
3206 1059 3268 1111 tu
3301 1057 3581 1129 requalem

1940 1164 2138 1220 negas,
2170 1147 2229 1201 in
2262 1162 2376 1217 quo
2407 1144 2761 1216 complacuit
2793 1144 2976 1198 Pater.

2546 1261 2786 1315 CAPUT
2826 1260 2975 1315 VIII.

1941 1357 2016 1411 De
2047 1357 2244 1409 virtute
2288 1354 2623 1425 seminaria;
2651 1352 2818 1425 deque
2856 1354 3209 1425 germinandi
3247 1371 3312 1409 ac
3350 1356 3585 1425 fructiﬁ-

2013 1426 2178 1481 candi
2205 1425 2359 1479 modo
2387 1424 2550 1495 plane
2571 1424 2870 1496 mirabili:
2902 1426 2982 1478 ita
3009 1424 3073 1479 de
3102 1430 3259 1480 terra:
3277 1424 3583 1496 feracitate,

2013 1500 2139 1567 agri
2160 1498 2331 1622 dpleni
2355 1494 2786 1566 pulchritudine,
2819 1495 3111 1551 herbarum
3160 1494 3483 1554 salubritate
3524 1494 3589 1555 ac

2014 1585 2159 1624 reme
2199 1585 2287 1623 us.

2016 1685 2102 1740 33.
2140 1684 2435 1750 Germinet,
2467 1681 2679 1753 inquit,
2712 1689 2856 1737 terra
2885 1682 3110 1739 herbam
3137 1687 3258 1756 feni
3296 1686 3590 1742 secundum

1944 1791 2114 1845 genus
2144 1772 2294 1844 (Gen.
2330 1789 2369 1838 ι,
2405 1771 2513 1842 ll).
2548 1771 2608 1826 In
2642 1771 2917 1827 omnibus
2966 1790 3092 1844 quae
3138 1774 3412 1830 dicuntur
3455 1793 3591 1832 nas-

1949 1862 2137 1919 centia
2168 1859 2613 1932 terras,primum
2645 1876 2883 1931 germen
2915 1865 3029 1929 cst;
3062 1863 3161 1918 ubi
3193 1881 3255 1919 se
3284 1864 3590 1937 paululum

1949 1950 2274 2015 sustulerit,
2309 1950 2373 2004 ﬁt
2401 1949 2809 2020 herba,postca
2846 1950 3061 2020 fenum,
3088 1952 3220 2007 inde
3250 1953 3314 2008 fit
3344 1953 3589 2009 fructus.

1949 2042 2098 2098 Sunt
2130 2037 2429 2095 nascentia
2457 2054 2584 2109 qua:
2616 2038 2686 2092 de
2718 2038 2910 2093 radice
2940 2040 3291 2110 germinant,
3327 2046 3391 2096 ut
3425 2043 3593 2099 arbo-

1950 2147 2041 2185 res
2072 2146 2198 2201 qnze
2230 2145 2345 2183 non
2380 2131 2520 2182 sunt
2550 2131 2705 2193 satas,
2731 2143 2800 2181 ex
2829 2127 3077 2183 aliarum
3104 2130 3376 2186 arborum
3403 2131 3594 2187 radice

1952 2221 2295 2274 nascuntur.
2330 2217 2391 2271 In
2426 2216 2713 2271 arundine
2760 2216 3027 2272 videmus
3071 2220 3364 2290 quomodo
3404 2220 3462 2275 in
3507 2238 3597 2276 ex-

1950 2312 2136 2362 tremo
2168 2307 2296 2376 ejus
2324 2304 2481 2359 velut
2507 2305 2745 2375 quidam
2781 2306 2845 2359 fit
2875 2307 3063 2362 nodus
3093 2323 3123 2363 e
3152 2307 3433 2375 latere,.et
3462 2308 3599 2365 inde

1953 2396 2067 2452 alia
2098 2395 2320 2449 arundo
2350 2394 2659 2465 germinat.
2696 2394 2795 2449 Est
2824 2411 2958 2467 ergo
2990 2395 3049 2451 in
3082 2398 3272 2453 radice
3309 2398 3397 2454 vis
3440 2416 3597 2471 qua:-

1954 2486 2089 2540 dam
2149 2482 2469 2537 seminarii.
2523 2481 2759 2536 lnsitiva
2807 2498 3040 2554 quoque
3092 2485 3150 2538 in
3200 2487 3600 2557 superioribus

1954 2573 2306 2646 germinant.
2340 2569 2486 2624 Aliis
2536 2587 2670 2641 ergo
2719 2587 2751 2624 a
2805 2571 2996 2626 radice
3028 2572 3159 2644 (96),
3192 2573 3324 2629 aliis
3374 2575 3601 2630 diverso

1956 2678 2199 2719 munere
2230 2660 2409 2717 series
2438 2658 2827 2715 successionis
2858 2661 3196 2731 acquiritur.
3240 2663 3401 2718 Inest
3443 2664 3599 2718 enim

1956 2751 2332 2808 nascentibus
2366 2748 2616 2821 singulis
2667 2753 2767 2803 aut
2815 2765 3035 2815 semen,
3060 2754 3161 2805 aut
3189 2752 3373 2807 virtus
3404 2751 3604 2824 aliqua

1959 2841 2294 2907 seminaria,
2328 2843 2385 2895 et
2415 2855 2482 2895 ea
2512 2839 2835 2893 secundum
2867 2855 3084 2911 genus;
3121 2845 3183 2895 ut
3215 2841 3369 2912 quod
3412 2840 3601 2896 nasci-

1957 2937 2055 2987 tur
2083 2948 2149 2986 ex
2179 2947 2265 2995 ea,
2291 2927 2483 2983 simile
2514 2945 2715 2982 eorum
2748 2944 2874 2998 qua:
2907 2932 3033 2983 sata
3064 2928 3319 2996 sunt,vcl
3352 2947 3603 3002 quorum

1960 3021 2030 3075 de
2062 3018 2252 3074 radice
2284 3017 2380 3084 sit,
2414 3015 2806 3088 germinet.De
2834 3015 3024 3072 tritico
3058 3018 3314 3073 triticum
3347 3020 3418 3074 de
3445 3018 3605 3075 milio

1960 3108 2290 3175 milium,de
2307 3123 2442 3177 pyro
2458 3123 2633 3177 pyrus
2652 3104 2780 3160 albo
2800 3105 2937 3160 flore
2957 3108 3604 3179 prorumpit:castanea,

204 3212 529 3271 secundum
567 3221 774 3279 genus.
808 3201 970 3266 Quod
1017 3200 1093 3255 Sit
1140 3213 1346 3270 gentm.
1378 3195 1515 3251 andi
1565 3194 1853 3249 dicentem
1892 3270 1923 3279 Α
1963 3212 2195 3270 quoque
2228 3195 2416 3265 surgit
2449 3194 2517 3249 de
2544 3194 2737 3247 radice
2768 3198 3069 3249 castaneae.

206 3306 469 3376 oportere
514 3270 623 3351 n55
665 3307 923 3365 quaerere
973 3287 1117 3343 illud
1162 3286 1448 3351 divinum,
1483 3283 1532 3339 si
1562 3283 1854 3355 quomodo
1885 3270 1926 3336 C

2035 3287 2122 3340 3t.
2159 3284 2451 3347 Germinet,
2485 3282 2695 3354 inquit,
2730 3286 2878 3336 terra
2910 3282 3135 3337 herbam
3161 3284 3282 3354 feni
3316 3285 3609 3339 secundum

206 3371 348 3447 illud
408 3390 665 3443 tractare
717 3379 1015 3452 possimus
1058 3378 1159 3430 aut
1206 3373 1462 3429 invenire
1527 3390 1539 3426 :
1602 3373 1860 3441 Quamvis
1966 3391 2150 3447 genus.
2186 3373 2255 3427 Et
2287 3372 2563 3426 continuo
2602 3371 2935 3443 parturiens
2968 3376 3123 3427 terra
3152 3389 3330 3428 novos
3364 3389 3426 3428 se
3466 3372 3617 3428 fudit

204 3497 314 3537 non
342 3481 504 3547 longe
552 3476 626 3529 sit
671 3472 739 3526 ab
788 3481 1104 3540 unoquoque
1150 3472 1413 3518 nostrum.
1448 3464 1510 3516 In
1558 3463 1672 3532 ipso
1714 3461 1864 3515 enim
1970 3464 2030 3518 in
2063 3465 2285 3534 partus,
2316 3466 2374 3515 et
2432 3460 2622 3515 induit
2679 3476 2739 3514 se
2799 3460 3077 3514 amictum
3136 3460 3463 3528 viriditatis,
3515 3463 3617 3518 46

206 3570 465 3630 vivimus,
496 3567 549 3619 et
576 3575 789 3623 sumus,
832 3565 883 3611 et
928 3570 1211 3610 movemur
1253 3570 1270 3605 :
1315 3553 1456 3606 sicut
1500 3549 1727 3621 quidam
1774 3564 1862 3603 ve-

205 3665 401 3722 strum,
473 3650 691 3723 inquit,
771 3647 1035 3701 dixerunt
1100 3643 1256 3712 cujus
1331 3648 1382 3694 et
1448 3654 1615 3709 genus
1679 3652 1866 3692 sumus

210 3746 341 3817 (Act.
374 3737 749 3806 xvn.27,28).
783 3731 1118 3789 Secundum
1151 3730 1259 3783 hoc
1289 3743 1477 3799 genus
1508 3725 1868 3780 seminemus

209 3814 410 3890 semen
442 3844 564 3884 non
595 3825 656 3879 in
689 3838 885 3887 carne,
905 3819 1083 3875 sedin
1107 3815 1469 3889 spiritu.Non
1493 3814 1651 3869 enim
1673 3830 1871 3867 carna-

1973 3543 2220 3624 gratia'm
2256 3548 2626 3604 fecunditatis
2651 3549 3364 3622 assumpsit,diversisque
3386 3555 3622 3624 compta

1976 3638 2359 3713 germinibus,
2403 3639 2667 3710 proprios
2718 3638 2975 3710 suscepit
3026 3644 3287 3695 ornatus.
3340 3640 3624 3695 Miramur

1978 3730 2130 3803 quod
2176 3733 2298 3783 tam
2354 3728 2466 3783 cito
2514 3728 2951 3800 germinaverit;
2987 3733 3205 3799 quanto
3247 3729 3472 3800 majora
3515 3729 3625 3784 mi-

1979 3818 2176 3874 racula
2208 3820 2364 3883 sunt,
2394 3816 2440 3869 si
2471 3821 2693 3888 spectes
2724 3816 2977 3889 singula,
3008 3818 3508 3888 quemadmodum
3537 3818 3625 3874 vel

211 3922 310 3987 lia,
325 3919 433 3976 sed
464 3911 801 3989 spiritualia
832 3908 1123 3965 seminare
1153 3903 1563 3974 debemus.qui
1595 3902 1666 3957 ad
1692 3902 1852 3955 vitan

2034 3911 2132 3961 ,cta
2164 3906 2220 3959 in
2254 3910 2464 3959 terram
2502 3904 2725 3959 semina
2759 3905 3219 3974 resolvantur,ac
3250 3906 3363 3961 nisi
3397 3910 3631 3962 mortua

211 4008 518 4083 pervenire
550 4002 824 4059 volumus
853 4001 1146 4053 aeternam.
1180 3996 1314 4059 Quae
1364 3993 1441 4047 sit
1485 3995 1678 4046 autem
1710 3990 1872 4045 simi-

215 4079 427 4163 litudo,
462 4111 580 4149 non
613 4093 871 4163 ignoras,
906 4086 1006 4158 qui
1037 4085 1107 4140 ad
1139 4082 1455 4155 imaginem
1496 4086 1553 4135 et
1600 4079 1873 4134 similitu-

217 4187 419 4242 dinem
452 4182 556 4238 Dei
590 4181 781 4234 factus
810 4193 891 4231 es.
927 4173 1116 4229 Herba
1165 4169 1361 4244 generi
1404 4168 1718 4239 respondet
1748 4184 1877 4232 suo,

216 4281 281 4330 tu
316 4290 433 4329 non
463 4267 790 4341 respondes
820 4268 921 4318 tuo
952 4261 1167 4334 generi.
1204 4257 1404 4314 Tritici
1435 4273 1683 4329 granum
1716 4272 1877 4327 spar-

221 4379 357 4419 sum
387 4367 559 4416 terra:
589 4354 821 4429 generis
860 4352 951 4407 sui
983 4349 1229 4423 gratiam
1259 4347 1471 4414 reddit,
1503 4350 1563 4401 et
1606 4349 1663 4399 tu
1710 4345 1879 4416 dege-

225 4468 418 4507 neras.
455 4449 680 4517 Fruges
708 4458 831 4498 non
862 4440 1198 4509 adulterant
1227 4435 1318 4491 sui
1352 4434 1749 4490 sinceritatem
1796 4449 1883 4487 se-

229 4539 503 4603 minis,tu
534 4532 834 4591 adulteras
862 4528 1176 4601 puritatem
1209 4523 1700 4594 animaa,vigorem
1725 4538 1884 4575 men-

234 4629 330 4693 tis,
360 4624 629 4697 corporis
658 4619 1015 4676 castitatem.

302 4716 392 4770 32.
418 4713 548 4769 Non
583 4706 858 4781 agnoscis
890 4720 1042 4777 opus
1072 4718 1201 4758 esse
1250 4705 1307 4756 te
1356 4698 1591 4755 Christi.
1625 4698 1892 4752 Manibus

1984 3994 2220 4057 fuerint,
2253 3991 2481 4047 nullum
2516 3992 2767 4047 fructum
2801 3994 3045 4048 afferant
3092 4012 3104 4048 :
3156 3993 3207 4048 si
3252 4009 3386 4048 vero
3419 3993 3635 4048 fuerint

1988 4082 2238 4155 quadam
2276 4080 2363 4135 sui
2396 4085 2580 4134 morte
2612 4080 2951 4147 resoluta,in
2985 4080 3280 4136 uberiores
3309 4081 3531 4136 fructus
3552 4100 3637 4138 re-

1988 4174 2252 4242 surgant.
2316 4168 2570 4240 Suscipit
2629 4168 2807 4239 igitur
2877 4185 3127 4240 granum
3200 4169 3377 4223 tritici
3449 4170 3638 4241 putris

1990 4260 2159 4333 gleba
2186 4259 2319 4329 (U7),
2353 4262 2407 4312 et
2459 4274 2728 4328 sparsum
2776 4257 3006 4313 cohibet
3052 4258 3273 4313 occatio
3306 4258 3416 4330 (98)
3450 4275 3516 4314 ac
3547 4276 3639 4314 ve-

1992 4348 2081 4403 lut
2111 4352 2375 4401 materno
2408 4351 2559 4401 terra
2603 4345 2823 4418 grcmio
2872 4346 3019 4401 fovet
3059 4350 3116 4401 et
3160 4347 3515 4420 comprimit.
3550 4349 3641 4404 In-

1997 4438 2066 4491 de
2098 4452 2233 4492 cum
2265 4452 2325 4491 se
2350 4452 2599 4508 granum
2634 4434 2772 4489 illud
2811 4434 3381 4504 resolverit,herbam
3429 4435 3644 4509 germi-

1999 4528 2291 4596 nat,grata
2323 4523 2448 4596 ipsa
2470 4525 2596 4594 jam
2630 4524 2853 4595 species
2883 4524 3283 4581 herbescentis
3313 4524 3646 4591 viriditatis,

1924 4643 1971 4706 Β
2003 4631 2129 4685 qua:
2162 4613 2360 4668 statim
2392 4629 2575 4685 genus
2606 4613 2772 4667 sativi
2827 4612 3233 4699 similitudinis
3282 4614 3373 4669 sui
3422 4613 3648 4687 prodit;

2006 4706 2072 4758 ut
2100 4702 2159 4756 in
2194 4702 2319 4773 ipso
2352 4718 2469 4756 sum
2500 4701 2698 4773 stirpis
2731 4702 2963 4758 exordio
2996 4692 3167 4773 cujus
3211 4703 3441 4776 generis
3473 4703 3654 4758 herba

237 4804 455 4869 suis,ut
484 4798 760 4872 legimus,
783 4799 841 4849 et
867 4793 968 4847 ille
1000 4791 1266 4847 formavit
1296 4793 1434 4857 te,et
1463 4787 1891 4854 tu,Manichzee,

240 4892 494 4949 alterum
538 4888 650 4958 (94)
700 4884 807 4939 tibi
865 4881 1105 4937 asciscis
1152 4882 1467 4935 auctorem.
1520 4877 1689 4931 Pater
1745 4876 1898 4930 Deus

242 4980 384 5037 dicit
413 4979 487 5035 ad
519 4974 731 5032 Filium
781 4990 793 5027 :
845 4971 1131 5026 Faciamus
1161 4968 1437 5027 hominem
1485 4965 1556 5020 ad
1604 4965 1899 5034 imaginem

247 5074 299 5125 et
328 5064 757 5124 similitudinem
784 5063 1050 5116 nostram.
1086 5057 1237 5128 (Gen.
1274 5073 1312 5124 ι,
1344 5056 1470 5125 26);
1521 5059 1578 5109 et
1624 5057 1707 5117 tu,
1754 5052 1903 5106 Pho-

2005 4791 2079 4847 sit
2109 4807 2513 4863 recognoscas,
2549 4795 2721 4864 atque
2752 4792 2812 4846 in
2845 4791 3043 4848 herbis
3078 4792 3305 4847 fructus
3336 4794 3654 4863 appareat;

2009 4879 2407 4953 paulatimque
2440 4880 2720 4936 adolescit
2771 4885 2834 4936 ut
2884 4881 3102 4948 fenum,
3136 4879 3446 4951 culmoque
3478 4878 3657 4950 pube-

2011 4986 2181 5025 scens
2214 4969 2457 5041 erigitur
2486 4973 2542 5024 et
2585 4970 2863 5040 assurgit.
2914 4973 3022 5023 Ast
3070 4968 3169 5022 ubi
3219 4984 3281 5022 se
3331 4966 3662 5039 geniculata

2007 5059 2132 5130 jam
2167 5058 2328 5129 spica
2357 5056 2678 5124 sustulerit,
2710 5057 2928 5129 vagina:
2971 5050 3236 5128 quaedam
3272 5055 3476 5110 futura:
3509 5055 3663 5127 frugi

2019 5189 2131 5246 que
2166 5172 2581 5246 mss._optiman
2614 5177 2781 5246 notia,
2813 5190 2883 5228 ex
2913 5177 3039 5229 toto.

2090 5246 2202 5323 (99)
2238 5242 2549 5323 EditIGill.
2586 5260 2650 5297 ac
2683 5244 2872 5309 Βοιη.⁷
2904 5246 3041 5323 Aliis
3071 5259 3194 5323 ergo
3225 5261 3259 5298 a
3287 5243 3514 5323 semine.

2094 5315 2207 5383 (97)
2239 5313 2504 5385 Quinque
2537 5330 2677 5369 mss.
2715 5330 2826 5368 non
2861 5316 3026 5371 malae
3057 5313 3225 5383 notae,
3255 5314 3457 5385 nutris;
3490 5313 3666 5385 gleba.

2028 5384 2234 5441 Melius
2266 5384 2361 5439 alii
2395 5391 2451 5438 et
2481 5384 2617 5438 edit.
2656 5387 2874 5455 :putris
2919 5387 3094 5456 gleba,
3136 5387 3193 5441 id
3243 5390 3332 5442 est
3378 5384 3671 5449 solubilis,

2030 5463 2095 5512 ut
2127 5457 2301 5528 Virg.,
2336 5455 2584 5527 IGcorg.
2622 5472 2636 5509 :

2331 5563 2391 5613 Et
2421 5561 2652 5626 zephyro
2686 5560 2855 5623 putris
2885 5575 2941 5613 se
2964 5561 3115 5626 gleba
3145 5562 3377 5614 resolvit.

323 5194 436 5265 (9'2)
469 5190 622 5246 Edit.
656 5202 885 5253 omnes,
917 5184 1152 5257 [aventis
1172 5181 1366 5253 populi
1394 5181 1649 5250 frequens
1667 5177 1904 5244 domum,

258 5270 437 5407 eu(9.3)
472 5331 624 5407 Edit.
672 5326 970 5407 nonnullis
1022 5324 1223 5407 Paris?
1274 5322 1424 5407 nihil
1471 5323 1595 5407 opis.
1639 5320 1908 5407 (ιμίίλιιηρμἸ

260 5390 447 5491 Gddei
475 5404 649 5491 Dion.
683 5409 740 5457 et
789 5402 1013 5461 Germ.,
1060 5390 1215 5450 nihil
1251 5390 1512 5466 apibus..I
1557 5394 1738 5457 Ceam,
1771 5390 1913 5445 nihil

262 5480 627 5635 ﬁxit-ﬁsci,
676 5546 907 5635 septem
934 5556 969 5635 Δε
1015 5544 1067 5593 et
1102 5535 1542 5635 ιιζζιΜανξὶςΙιεεξί
1589 5533 1916 5635 aditlteru'i’n.

260 5604 371 5681 Alii
394 5604 665 5679 melioris
716 5604 863 5670 n‘otae
898 5614 1074 5681 atque
1102 5608 1265 5676 edit.,
1295 5616 1345 5663 et
1377 5610 1459 5673 tu,
1491 5605 1755 5671 Maniche,
1788 5604 1921 5658 alte-

260 5715 408 5766 rum,
444 5696 560 5766 etc.

326 5669 789 5843 -ἆηωη
817 5772 891 5813 ex
916 5669 1026 5811 tot;
1054 5669 1363 5824 “prin?”
1431 5669 1605 5806 beast
1643 5747 1704 5803 in
1744 5669 1928 5818 'quin-
2108 5672 2220 5743 (98)
2250 5671 2368 5729 Hoc
2398 5676 2503 5740 est,
2538 5669 2919 5729 comminutio
2951 5669 3273 5744 glebarum.
