3932 6212
387 364 503 441 183

1847 367 1910 435 S-
1955 366 2331 447 ΑΜΒΙὶρδΙι

3620 381 3771 473 484

382 502 687 572 parantur,
720 499 778 555 in
812 500 1026 573 quibus
1051 517 1299 575 granum
1333 502 1615 558 formatur
1650 499 1924 567 interius;
1957 516 2029 556 ne
2058 501 2114 568 Α
2143 504 2357 570 sumat,
2386 500 2478 557 cui
2509 501 2790 560 Dominus
2821 506 3051 573 tantum
3080 504 3482 567 testimonium
3527 509 3679 579 tulit,
3710 519 3773 572 ut

380 593 584 645 tenera
626 590 754 661 ejus
805 590 1125 662 primordia
1176 596 1276 647 aut
1324 591 1507 663 frigus
1537 591 1727 659 lazdat,
1761 594 1862 645 aut
1890 589 2028 646 solis

381 683 559 734 estus
589 684 811 746 exurat,
846 685 946 735 aut
992 687 1299 736 ventorum
1348 680 1741 749 inclementia,
1775 679 1863 734 vel
1915 679 2025 734 im-

380 767 573 823 brium
603 768 692 823 vis
725 786 874 823 szeva
905 770 1175 825 decutiat.
1210 770 1540 825 Succedunt
1578 769 1816 840 quidam
1870 769 2025 823 ordi-

381 872 484 911 nes
513 856 704 929 spicaz,
739 858 989 913 mirabili
1051 864 1175 914 arte
1224 859 1478 925 formati,
1509 858 1595 913 vel
1647 858 1717 913 ad
1769 857 2023 929 speciem

378 946 549 1018 grati,
579 946 665 1001 vel
697 947 767 1001 ad
799 952 1042 1003 tutatem
1076 965 1225 1004 nexu
1260 946 1698 1020 quodamzinter
1744 964 1806 1001 sc
1855 952 2023 1018 natu-

379 1034 517 1089 ralis
547 1034 933 1109 colligationis
962 1035 1204 1106 astricti,
1229 1054 1377 1107 quos
1420 1035 1783 1108 providentia
1828 1036 2025 1091 divina

376 1125 666 1180 formavit.
700 1126 770 1180 Et
800 1143 872 1181 ne
904 1127 1089 1197 frugis
1119 1125 1539 1181 numerosioris
1571 1126 1824 1197 pondere
1866 1125 2023 1181 velut

378 1215 643 1287 quaedam
676 1216 841 1271 cedat
888 1214 1109 1270 fultura
1138 1215 1488 1282 culmorum,
1521 1214 1746 1287 vaginis
1777 1215 2019 1286 quibus-

374 1304 510 1359 dam
541 1305 668 1377 ipse
698 1304 930 1359 culmus
961 1304 1298 1371 includitur,
1335 1308 1399 1358 ut
1436 1302 1747 1375 geminatis
1796 1303 2019 1359 viribus

372 1395 601 1467 frugem
650 1381 838 1466 possit
895 1394 1281 1465 multiplicem
1334 1394 1641 1459 sustinere,
1702 1409 1773 1447 ne
1830 1392 2019 1464 impar

370 1483 534 1539 oneri
565 1488 837 1539 curvetur
860 1483 919 1537 in
949 1483 1342 1538 terram.Tum
1372 1498 1553 1553 supra
1571 1480 1761 1552 ipsam
1792 1481 2015 1553 spicam

366 1569 585 1627 vallum
618 1572 865 1628 struitur
894 1572 1302 1639 aristarum,ut
1332 1570 1501 1643 quasi
1524 1571 1778 1642 quadam
1804 1569 1860 1625 in
1887 1587 2018 1627 arce

369 1662 712 1733 praetendat,
747 1677 819 1716 ne
849 1661 1042 1716 avium
1071 1660 1367 1715 minorum
1401 1659 1697 1714 morsibus
1729 1657 1889 1728 spica
1921 1657 2015 1712 la:-

369 1750 563 1816 datur,
597 1754 699 1805 aut
729 1748 853 1805 suis
883 1753 1127 1805 exuatur
1156 1748 1572 1817 fructibus,aut
1598 1746 1861 1819 vestigiis
1883 1763 2014 1818 pro-

368 1843 612 1896 teratur.

440 1930 529 1985 35.
571 1930 717 1994 Quid
770 1930 959 1985 dicam
1012 1928 1511 2001 quemadmodum
1555 1924 1863 1982 clementia
1910 1924 2015 1980 Dei

364 2018 638 2075 humanis
713 2019 1074 2092 prospexerit
1121 2017 1394 2074 utilitati?
1442 2016 1791 2072 Feneratum
1859 2018 2016 2069 terra

366 2108 625 2165 restituit
670 2109 825 2181 quod
871 2109 1112 2181 accepit,
1147 2112 1203 2163 et
1234 2122 1549 2163 usurarum
1596 2104 1829 2161 cumulo
1858 2102 2012 2159 mul-

362 2197 713 2271 tiplicatum.
747 2198 1023 2255 Homines
1054 2213 1205 2269 saepe
1237 2195 1554 2267 decipiunt,
1587 2194 1644 2249 et
1672 2194 1800 2266 ipsa
1834 2194 2009 2249 frene-

363 2291 616 2343 ratorem
647 2305 819 2343 suum
853 2292 1008 2343 sorte
1039 2287 1386 2343 defraudant
1417 2302 1429 2339 :
1464 2289 1618 2340 terra
1664 2283 1853 2339 fidelis
1885 2299 2010 2338 ma-

363 2381 479 2433 net.
513 2379 582 2433 Et
611 2376 660 2432 si
690 2358 924 2449 quando
976 2394 1090 2432 non
1140 2375 1391 2442 solverit,
1422 2376 1471 2430 si
1521 2375 1667 2429 forte
1707 2374 2010 2428 adversata

362 2467 538 2523 fuerit
579 2466 811 2540 frigoris
850 2466 1240 2531 inclementia,
1276 2470 1377 2521 aut
1408 2466 1589 2520 nimia
1620 2464 1872 2530 siccitas,
1905 2466 2007 2517 aut

359 2556 650 2613 immensa
676 2557 764 2613 vis
796 2556 1097 2624 imbrium,
1140 2554 1252 2611 alio
1300 2572 1453 2611 anno
1501 2553 1817 2624 superioris
1866 2552 2004 2607 anni

356 2647 576 2703 damna
606 2651 974 2718 compensat;
1008 2646 1087 2701 ita
1126 2650 1182 2702 et
1212 2646 1446 2718 quando
1477 2647 1789 2716 proventus
1838 2658 2003 2713 spem

357 2735 622 2793 destituit
652 2735 1098 2809 agricolm,nihil
1131 2740 1283 2791 terra
1312 2733 1603 2805 delinquit
1636 2748 1648 2787 :
1682 2737 1738 2788 et
1769 2732 2001 2803 quando

357 2826 597 2895 arridet,
626 2827 861 2882 ubertas
894 2827 1151 2881 fecundae
1184 2824 1389 2879 matris
1420 2840 1481 2877 se
1510 2822 1567 2876 id
1592 2827 1794 2894 partus
1815 2821 1999 2876 effun-

356 2916 464 2983 dit,
496 2920 561 2971 ut
610 2932 914 2987 nunquam
972 2914 1160 2970 ullum
1215 2911 1590 2984 dispendium
1642 2928 1747 2966 suo
1792 2910 2002 2966 inferat

356 3004 648 3061 creditori.

425 3093 515 3149 36.
548 3095 682 3158 Qua:
709 3111 844 3150 vero
895 3094 1119 3165 species
1150 3091 1305 3163 pleni
1337 3089 1489 3161 agri!
1525 3088 1632 3154 Qui
1662 3086 1829 3144 odori
1864 3089 1997 3153 Quae

353 3184 638 3241 suavitas!
672 3184 806 3249 Quae
860 3183 1127 3254 voluptas
1176 3178 1600 3251 agricolarum!
1636 3178 1782 3244 Quid
1824 3177 1997 3248 digne

360 3276 646 3349 explicare
704 3290 1042 3348 possumus,
1084 3270 1134 3326 si
1178 3273 1373 3325 nostro
1423 3272 1659 3323 utamur
1706 3266 2002 3339 alloquio?

357 3366 469 3422 Sed
518 3366 804 3421 habemus
854 3364 1166 3434 Scriptura:
1213 3358 1567 3423 testimonia,
1618 3358 1833 3429 quibus
1878 3356 2001 3429 agri

355 3455 706 3511 suavitatem
737 3449 1127 3508 benedictioni
1174 3452 1229 3503 et
1276 3449 1472 3521 gratia:
1521 3451 1856 3502 sanctorum
1899 3446 1999 3502 ad-

352 3543 638 3599 vertimus
664 3546 1081 3612 comparatam,
1115 3539 1340 3594 dicente
1370 3541 1572 3592 sancto
1606 3537 1765 3591 Isaac
1799 3554 1811 3591 :
1862 3536 2003 3592 Odor

355 3632 463 3689 ﬁlii
488 3632 600 3686 moi
625 3632 763 3685 sicut
793 3630 923 3685 odor
950 3631 1073 3701 agri
1095 3629 1252 3702 pleni
1280 3628 1431 3700 (Gen.
1467 3643 1661 3691 Μίνω,
1692 3628 1804 3698 27).
1850 3625 1998 3692 Quid

349 3719 532 3793 igitur
574 3719 904 3774 describam
955 3722 1445 3791 purpurascentes
1501 3714 1704 3782 violas,
1751 3715 1999 3769 candida

348 3809 495 3878 lilia,
525 3808 830 3864 rutilantes
881 3825 1064 3875 rosas,
1107 3806 1336 3878 depicta
1387 3822 1524 3860 rura
1572 3821 1727 3859 nunc
1779 3803 1993 3869 aurels,

343 3915 501 3955 nunc
531 3897 727 3963 variis,
762 3916 917 3953 nunc
946 3897 1118 3953 luteis
1149 3896 1413 3964 ﬂoribus,
1436 3895 1494 3949 in
1526 3894 1741 3966 quibus
1768 3893 1996 3949 nescias

343 3992 543 4044 utrum
574 3988 797 4061 species
828 3986 1082 4060 amplius
1113 3987 1322 4041 florum
1376 4002 1449 4041 an
1501 3983 1586 4039 vis
1618 3983 1796 4038 odora
1838 3983 1993 4039 dele-

342 4078 505 4133 ctet?
546 4081 875 4133 Pascuntur
914 4076 1065 4133 oculi
1115 4079 1279 4149 grato
1312 4072 1659 4147 spectaculo,
1693 4072 1862 4144 longe
1909 4072 1991 4128 la-

343 4170 517 4239 teque
546 4167 691 4223 odor
718 4167 1034 4240 spargitur,
1068 4167 1237 4238 cujus
1287 4165 1573 4220 suavitate
1602 4162 1986 4235 complemur.

340 4254 504 4311 Unde
534 4257 724 4312 divine
755 4256 1039 4312 Dominus
1072 4255 1153 4310 ait
1185 4271 1197 4310 :
1232 4258 1303 4309 Et
1332 4256 1531 4326 Species
1570 4254 1666 4307 47
1722 4254 1846 4323 agri
1874 4268 1986 4307 me-

337 4362 463 4401 cum
492 4354 568 4400 est
597 4346 767 4415 (Psal.
802 4363 951 4413 xux,
984 4346 1103 4415 ll);
1137 4361 1272 4399 cum
1303 4343 1429 4414 ipso
1460 4347 1551 4397 est
1598 4340 1755 4395 enim
1807 4358 1984 4413 quam

334 4432 464 4505 ipse
516 4433 803 4488 formavit.
838 4433 980 4497 Quis
1009 4433 1164 4487 enim
1195 4431 1345 4486 alius
1396 4430 1600 4485 artifex
1641 4428 1825 4501 possit
1855 4434 1982 4484 tan-

2135 590 2353 646 diceret
2383 608 2396 646 :
2432 595 2541 647 Nec
2567 593 2817 650 Salomon
2852 595 2913 651 in
2941 598 3093 652 omni
3119 597 3299 668 gloria
3344 614 3447 654 sua
3483 602 3562 655 sic
3588 605 3768 660 vestie-

2136 678 2316 746 batur,
2348 682 2489 735 sicut
2518 698 2690 736 unum
2732 700 2802 738 ex
2852 686 2972 739 istis
3019 685 3178 753 (Ibid.
3231 685 3364 755 29)?
3393 687 3509 743 Rex
3538 690 3767 761 opulen-

2132 767 2401 824 tissimus
2431 774 2488 825 et
2516 771 2990 842 sapientissimus
3019 773 3764 850 inferiorjudicatur,quam

2132 855 2312 927 hujus
2345 858 2503 914 ﬂoris
2534 858 2926 930 pulchritudo.

2202 946 2290 1001 37.
2320 947 2465 1011 Quid
2500 964 2836 1004 enumerem
2869 967 3073 1006 succos
3105 950 3421 1009 herbarum
3466 954 3766 1013 salubres?

2131 1033 2270 1105 quid
2302 1033 2658 1107 vigultorum
2682 1052 2746 1091 ac
2769 1036 3040 1094 taliorum
3067 1040 3365 1095 remedia?
3394 1041 3606 1099 Cervus
3626 1062 3768 1117 aeger

2131 1124 2497 1179 ramusculos
2544 1124 2681 1179 oleae
2742 1127 2985 1194 mandit,
3021 1133 3078 1183 et
3136 1146 3318 1184 sanus
3366 1130 3449 1186 ﬁt.
3500 1131 3764 1190 Locustae

2128 1227 2362 1283 quoque
2408 1212 2545 1268 folia
2593 1213 2729 1270 oleae
2775 1231 2978 1271 arrosa
3010 1216 3120 1289 (99)
3147 1216 3400 1274 liberant
3430 1218 3504 1275 ab
3540 1222 3762 1294 aegritu-

2128 1299 2284 1355 dine.
2334 1301 2484 1357 Rubi
2534 1302 2671 1357 folia
2718 1305 3050 1376 superjacta
3096 1308 3375 1378 serpenti,
3432 1307 3762 1367 interimunt

2130 1404 2285 1444 eum.
2319 1389 2544 1446 Culices
2583 1408 2697 1447 non
2744 1396 2989 1465 tangent
3018 1398 3091 1461 te,
3124 1394 3175 1449 si
3223 1394 3504 1453 absinthii
3534 1396 3757 1455 herbam

2127 1494 2261 1535 cum
2294 1479 2418 1535 oleo
2449 1497 2687 1552 coquas,
2721 1484 2778 1536 ct
2806 1498 2873 1537 eo
2904 1485 2959 1538 te
2989 1482 3353 1554 perunxeris.
3706 1480 3709 1483 ’

2771 1586 3001 1643 CAPUT
3041 1588 3131 1644 IX.

2124 1676 2462 1749 Noxiarum
2489 1676 2717 1730 utilibus
2750 1692 2859 1749 non
2903 1680 3022 1734 sine
3074 1679 3290 1734 ratione
3315 1682 3573 1749 generari
3604 1699 3616 1738 :
3648 1699 3760 1745 own

2196 1746 2335 1824 quod
2364 1748 2465 1824 uni
2489 1749 2744 1824 nomium,
2773 1748 2963 1824 alteri
2984 1751 3058 1824 sit
3106 1752 3276 1824 utile;
3316 1746 3481 1824 atque
3506 1753 3576 1808 ad
3601 1757 3761 1809 noxia

2193 1817 2447 1872 evitanda
2478 1820 2796 1873 instinctum
2813 1821 2987 1874 brutis
3008 1819 3325 1878 hominibus
3344 1817 3615 1880 rhtionem
3633 1827 3759 1882 Deus

2045 1873 2093 1938 B
2193 1888 2474 1945 indideris.
2496 1890 2669 1958 Quam
2688 1889 2878 1946 decens
2901 1873 3037 1947 Cordo
3052 1873 3128 1947 ei

2195 1969 2456 2016 servatus.

2194 2047 2281 2102 38.
2317 2049 2426 2104 Sed
2450 2050 2597 2104 forte
2628 2048 2826 2106 dicant
2846 2049 3029 2123 aliqui
3064 2070 3077 2108 :
3110 2051 3259 2119 Quid
3306 2055 3466 2125 quod
3495 2072 3625 2112 cum
3655 2058 3755 2113 uti-

2120 2135 2277 2193 libus
2296 2138 2471 2194 etiam
2502 2137 2743 2196 lethalia
2769 2143 2828 2195 et
2855 2139 3185 2212 perniciosa
3213 2144 3605 2215 generantur?
3624 2146 3754 2202 Cum

2118 2226 2312 2281 tritico
2360 2227 2596 2282 conium
2646 2227 2721 2298 (1)
2755 2229 2910 2300 quod
2958 2228 3112 2285 inter
3159 2229 3441 2289 alimenta
3487 2233 3614 2290 vitae
3660 2250 3751 2291 no-

2117 2315 2277 2370 xium
2310 2316 2612 2388 reperitur,
2647 2320 2704 2371 et
2734 2317 2845 2373 nisi
2877 2318 3186 2390 praevisum
3234 2320 3433 2389 fuerit,
3476 2322 3755 2379 consuevit

2117 2404 2293 2460 saluti
2327 2421 2551 2461 nocere.
2590 2406 2743 2461 Inter
2790 2405 2908 2462 alia
2952 2423 3188 2479 quoque
3233 2410 3594 2469 nutrimenta
3635 2411 3752 2467 vita:

2114 2492 2475 2550 helleborum
2507 2494 2981 2565 deprehenditur.
3014 2496 3262 2554 Acouita
3291 2514 3531 2571 quoque
3560 2498 3755 2556 fallunt

2114 2582 2470 2655 frequenter,
2501 2587 2559 2638 et
2606 2582 2905 2655 decipiunt
2955 2584 3347 2658 colligentem.
3382 2588 3497 2644 Sed
3542 2588 3644 2645 hoc
3682 2589 3754 2645 ita

2113 2676 2220 2741 est,
2255 2690 2321 2728 ac
2370 2673 2418 2727 si
2472 2673 2862 2744 reprehendas
2918 2677 3159 2745 terram,
3205 2677 3345 2746 quia
3400 2694 3514 2734 non
3562 2693 3750 2737 omnes

2112 2760 2378 2817 homines
2410 2762 2567 2816 boni.
2602 2762 2711 2816 Sed
2746 2763 2900 2833 quod
2935 2762 3068 2834 plus
3098 2768 3190 2820 est
3216 2764 3438 2837 accipe,
3473 2766 3609 2839 quia
3646 2783 3750 2822 non

2111 2865 2315 2905 omnes
2342 2850 2479 2905 boni
2509 2848 2701 2923 angeli
2730 2850 2790 2905 in
2821 2850 2986 2906 cmlo.
3020 2851 3117 2908 Sol
3150 2853 3274 2924 ipse
3303 2870 3426 2926 prie
3453 2854 3630 2913 nimio
3666 2872 3750 2911 ca-

2108 2936 2229 2994 lore
2260 2939 2453 3010 spicas
2483 2943 2682 3008 torret,
2716 2940 2914 2995 adurit
2943 2945 3139 2997 autem
3169 2941 3545 3015 gignentium
3576 2944 3754 3017 prima

2107 3027 2362 3083 exordia.
2398 3028 2563 3083 Luna
2615 3045 2849 3101 quoque
2898 3029 3196 3085 viantibus
3240 3031 3353 3087 iter
3404 3033 3752 3090 demonstrat

2108 3115 2402 3172 latronum
2433 3117 2628 3188 prodit
2656 3116 2925 3174 insidias.
2957 3117 3108 3173 Num
3140 3118 3323 3192 igitur
3376 3121 3618 3195 dignum
3670 3126 3750 3179 est

2113 3208 2179 3260 ut
2209 3205 2268 3260 in
2298 3205 2393 3260 his
2422 3222 2548 3277 quae
2579 3205 2747 3261 utilia
2776 3210 2934 3273 sunt,
2963 3206 3386 3280 posthabentes
3436 3210 3747 3267 Conditoris

2113 3293 2361 3366 gratiam
2393 3294 2676 3362 confiteri,
2711 3300 2947 3368 propter
2976 3295 3173 3369 aliqua
3201 3296 3618 3356 alimentorum
3649 3315 3744 3355 no—

2109 3381 2204 3437 xia
2233 3383 2522 3439 Creatoris
2568 3383 2993 3455 prospicientia:
3026 3385 3397 3457 derogemus,
3429 3389 3595 3461 quasi
3623 3404 3744 3455 vero

2109 3471 2310 3527 omnia
2337 3471 2484 3545 gula:
2538 3488 2716 3527 causa
2760 3472 3071 3529 debuerint
3103 3476 3398 3546 procreari
3426 3480 3528 3534 aut
3555 3476 3747 3550 exigua

2108 3560 2228 3616 sint
2255 3577 2382 3633 qua:
2411 3560 2598 3617 ventri
2623 3569 2818 3617 nostro
2843 3562 3039 3619 divina
3070 3562 3441 3637 indulgentia
3469 3567 3745 3623 ministra-

2106 3649 2287 3705 verit?
2318 3649 2576 3706 Deﬁnitm
2608 3650 2778 3706 nobis
2805 3667 2950 3709 escas
2995 3656 3153 3720 sunt,
3185 3658 3244 3708 et
3273 3659 3426 3711 notas
3456 3655 3742 3720 omnibus,

2107 3754 2235 3810 quae
2286 3742 2343 3794 et
2388 3738 2743 3811 voluptatem
2791 3744 3092 3812 generant,
3133 3743 3398 3815 corporis
3445 3743 3738 3801 salubrita-

2104 3830 2243 3882 tem.

2173 3916 2262 3970 39.
2314 3916 2555 3989 Singula
2611 3920 2808 3973 autem
2867 3933 3071 3974 eorum
3123 3933 3249 3989 quae
3308 3924 3659 3993 generantur
3706 3935 3734 3974 e

2102 4003 2293 4071 terris,
2324 4004 2633 4076 specialem
2667 4006 2987 4077 quamdam
3019 4007 3308 4063 rationem
3350 4009 3585 4080 habent,
3615 4024 3728 4080 qua:

2100 4109 2205 4164 pro
2244 4092 2391 4147 virili
2438 4093 2705 4164 portione
2750 4094 3044 4166 complent
3092 4096 3377 4153 universas
3434 4092 3729 4170 plenitudi-

2098 4198 2232 4236 nem
2266 4186 2565 4237 creaturze.
2597 4181 2727 4237 Alia
2765 4198 2901 4255 ergo
2946 4184 3094 4252 esui,
3141 4184 3255 4241 alia
3286 4186 3389 4242 alii
3428 4190 3733 4243 nascuntur

2096 4271 2228 4326 usui
2263 4272 2360 4341 (2).
2394 4270 2550 4326 Nihil
2600 4276 2785 4339 vacat,
2834 4272 2979 4328 nihil
3026 4272 3200 4330 inane
3245 4276 3540 4347 germinat
3567 4279 3727 4331 terra.

2093 4359 2255 4422 Quod
2304 4358 2408 4414 tibi
2458 4363 2629 4431 putas
2677 4360 2905 4429 inutile,
2937 4361 3069 4418 aliis
3118 4362 3261 4419 utile
3310 4365 3412 4422 48
3458 4369 3580 4431 est;
3620 4363 3725 4418 imo

2092 4447 2204 4519 ipsi
2235 4447 2341 4503 tibi
2372 4448 2705 4520 frequenter
2746 4449 2860 4507 alio
2891 4455 2981 4508 est
3011 4468 3123 4507 usu
3155 4451 3319 4509 utile.
3353 4454 3515 4518 Quod
3543 4465 3723 4509 escam

336 4524 459 4615 tam
490 4538 712 4615 ferum
770 4520 1143 4615 singulares}
1193 4518 1513 4615 asperner};
1568 4517 1983 4615 venustatem}
2091 4517 2205 4592 non
2234 4517 2494 4608 adjuvat,
2524 4538 2877 4594 medicinam
2907 4541 3218 4613 suggerit:
3252 4545 3310 4597 et
3339 4559 3492 4615 saepe
3537 4540 3720 4597 eadem

336 4609 681 4665 σοηδίάθναίϐ
729 4611 845 4664 alia
893 4611 1017 4679 αθνί
1071 4609 1382 4697 (Malui-V1,
1426 4610 1541 4697 28),
1583 4612 1863 4697 quivult“?
1902 4607 1980 4697 ἓίι
2010 4616 2054 4680 Ι)
2087 4641 2214 4697 quae
2254 4626 2359 4680 tibi
2413 4625 2583 4682 noxia
2630 4632 2787 4696 sunt,
2843 4607 3050 4685 avibus
3097 4633 3200 4686 aut
3243 4630 3384 4687 feris
3422 4607 3717 4688 innoxium

333 4698 554 4790 caedor
581 4697 641 4790 i1}
673 4697 846 4763 Γοιίίεν
881 4696 1378 4790 (ἰυθτημθᾴάωοάυῐη
1412 4695 1625 4767 stipata
1668 4695 1796 4790 ipsa
1842 4695 1979 4790 folii}
2088 4695 2427 4770 ministrant
2455 4695 3040 4790 pabulum.7Denique
3071 4719 3259 4775 sturni
3291 4724 3608 4779 vescuntur
3633 4732 3718 4772 co-

330 4789 403 4844 ab
436 4786 553 4881 ίφο
576 4788 645 4843 ad
678 4803 978 4881 S_Ummllm
1010 4787 1319 4881 νίάοίιῐξῐιπ
1348 4789 1746 4881 δεξειινεθνθνξιι
1775 4785 1976 4881 εςγριιί
2084 4802 2270 4869 nium,
2304 4819 2408 4859 nec
2438 4785 2625 4859 fraudi
2657 4809 2745 4860 est
2771 4805 2875 4874 eis,
2906 4785 3185 4879 quoniam
3235 4825 3335 4881 per
3382 4807 3713 4880 qualitatem

260 4910 269 4919 ·
328 4877 658 4950 exprimant
689 4878 958 4945 formam:
993 4881 1057 4931 ut
1087 4876 1211 4931 θυτί
1244 4876 1509 4949 quaedam
1543 4875 1765 4946 ερθοίοε
1814 4875 1973 4930 intus
2083 4892 2175 4947 sui
2207 4893 2465 4964 corporis
2496 4910 2783 4950 venenum
2815 4875 2974 4952 succi
3022 4875 3259 4953 lethalis
3302 4875 3576 4955 evadunt.
3603 4894 3714 4952 Fri-

325 4966 752 5057 eﬂl’lBeatyqum
784 4971 976 5057 ίαωθη
1009 4965 1160 5022 νθυο
1180 4966 1527 5057 νίηίυίνουξιυ
1552 4965 1711 5057 ﬂori?
1732 4965 1975 5037 οδεθρῖθι
2079 4980 2216 5052 gida
2245 4980 2400 5036 enim
2432 4980 2520 5037 vis
2548 4982 2676 5052 ejus
2706 4988 2796 5041 est
2826 4985 3006 5055 succi,
3035 5002 3212 5057 quam
3261 4985 3581 5045 subtilibus
3616 4998 3712 5057 po-

325 5055 472 5112 nulli
503 5060 697 5129 pateat
728 5056 972 5128 injuriae.
999 5056 1056 5111 Si
1090 5056 1223 5127 quis
1255 5056 1411 5110 hunc
1443 5055 1641 5109 ﬂorem
1676 5056 1970 5125 decerpat,

2140 5086 2161 5125 3
2192 5070 2249 5123 in
2281 5070 2473 5125 cordis
2519 5071 2610 5126 sui
2663 5073 2859 5130 sedem
2890 5055 3263 5143 ducentibus,
3295 5074 3542 5147 praecoci
3569 5055 3714 5145 dige-

322 5151 382 5202 θῐ
408 5163 515 5202 8118
547 5145 733 5201 1-301vat
758 5146 1009 5237 inAleia.
1044 5163 1169 5237 (19³³
1217 5146 1361 5237 milli
1414 5148 1502 5197 (ξεί
1550 5142 1788 5237 ξινξίίῖμοίδ
1841 5161 1968 5199 ῐηίι·
2077 5158 2264 5214 stionc
2295 5158 2670 5231 prazveniunt,
2702 5163 3048 5236 priusquam
3096 5142 3315 5220 vitalia-
3335 5164 3467 5237 ipsa
3493 5142 3709 5237 perten-

322 5253 434 5292 nus
462 5253 591 5308 quas
612 5235 799 5307 possit
819 5233 925 5289 lilii
948 5235 1201 5307 speciem
1221 5233 1573 5289 reformare?
1604 5232 1746 5295 Quis
1768 5237 1967 5288 tantus

2140 5247 2551 5304 t.Helleborum
2583 5232 2778 5307 autem
2810 5232 2980 5324 periti
3012 5251 3338 5325 loquuntur
3357 5232 3562 5309 escam
3591 5262 3707 5306 esse

319 5326 578 5382 imitator
607 5329 847 5395 natura?»
884 5329 949 5381 ut
979 5326 1180 5381 Ποτθῐῒι
1210 5325 1367 5380 hunc
1396 5324 1790 5395 τθάίῐιιθενατθ
1819 5339 1963 5393 Ρνέθ·
2070 5335 2486 5394 etalimoniam
2512 5340 2975 5409 coturnicum,eo
2998 5324 3153 5414 quod
3177 5340 3433 5400 naturali
3463 5338 3701 5413 quodam

388 5494 501 5565 (99)
530 5494 667 5549 Mss.
702 5493 852 5565 Big.,
885 5494 1044 5550 Colb.
1078 5498 1136 5550 et
1164 5495 1357 5561 Corb.,
1390 5497 1527 5553 oleae
1555 5513 1619 5551 ac
1642 5511 1786 5553 rosae
1815 5497 1957 5555 Mss.

313 5564 478 5620 Gem.
512 5569 567 5619 et
600 5564 793 5631 Rem,
822 5566 955 5621 oleae
987 5583 1050 5620 ac
1080 5582 1219 5620 rosa.

382 5636 460 5706 (1)
513 5637 771 5700 Quatuor
818 5653 984 5704 mss.,
1037 5638 1246 5691 lolium.
1292 5636 1400 5691 Alii
1460 5637 1670 5692 melius
1715 5640 1954 5695 conium.

307 5707 577 5779 Namque
625 5707 707 5764 ita
754 5706 929 5763 Basil.
984 5725 996 5763 :

2067 5509 2345 5576 frumento
2375 5511 2572 5564 cicuta.

2139 5579 2215 5649 (2)
2246 5577 2513 5651 Quinque
2573 5597 2738 5650 mss.,
2785 5586 2843 5638 et
2891 5582 3056 5641 Rom.
3106 5584 3240 5640 edit.
3294 5576 3699 5651 adduntgalia

1259 5650 1400 5730 “Al,”
1460 5650 1670 5733 m‘ellfls
1715 5654 1954 5733 εοηλξῇξς
2061 5652 2237 5733 potui,
2268 5650 2433 5722 quod
2462 5652 2520 5733 in
2570 5651 2706 5733 mel,
2742 5659 2887 5709 notas
2936 5671 3077 5711 mss.
3124 5653 3508 5733 desideratur.
3543 5650 3692 5722 Reg»

1048 5718 1170 5779 μετὰ
1196 5720 1282 5765 τοῦ
1314 5718 1445 5766 σίτου
1473 5719 1529 5765 τὸ
1557 5718 1727 5765 κώνιιο
1739 5734 1772 5777 δ,
1832 5727 1956 5766 cum

2140 5724 2189 5778 ιά
2217 5718 2344 5794 ενορο
2374 5725 2523 5790 usui,
2555 5725 2670 5780 alia
2698 5735 3001 5784 nascuntur
3028 5730 3162 5784 esui.
