3932 6212
185 372 286 455 ias

1448 370 1991 451 sensuram
2033 370 2185 457 LIB.
2230 371 2337 438 III.

3446 422 3453 431 .
3474 372 3590 440 186

187 514 646 585 temperamento
694 508 794 575 sui
847 506 1103 587 corporis
1147 507 1265 577 vim
1316 509 1519 585 pabuli
1575 510 1838 569 nocentis
1864 510 1922 578 Α
1949 525 2081 569 rans
2108 525 2288 567 semen
2319 508 2616 571 secundum
2644 506 2969 584 genus.Non
3001 506 3193 571 solum
3223 507 3380 569 enim
3411 526 3593 586 spon-

195 600 408 658 evitent.
438 600 683 673 Etenim
715 600 767 657 si
801 600 1024 667 ratione
1053 599 1351 671 medicinae
1387 599 1735 674 plerumque
1766 601 1838 657 ad

193 689 594 747 salubritatem
627 690 883 748 humani
915 708 1141 765 quoque
1164 690 1424 764 corporis
1462 694 1838 762 temperatur,

194 780 281 838 cui
336 780 566 836 videtur
623 797 760 837 esse
809 779 1168 837 contrarium
1201 797 1214 835 :
1242 783 1460 853 quanto
1490 778 1679 851 magis
1708 796 1839 851 pro-

192 868 431 942 prietate
482 873 715 926 natura
764 871 838 925 ad
890 870 1085 926 cibum
1135 870 1381 942 proﬁcit,
1416 870 1571 943 quod
1615 868 1844 924 medica

193 974 371 1014 manu
419 958 782 1015 convertitur
828 959 900 1015 ad
934 958 1208 1014 salutem!
1240 959 1347 1015 Per
1392 959 1839 1032 mandragoram

194 1064 424 1119 quoque
474 1064 725 1103 somnus
774 1048 1108 1121 frequenter
1170 1048 1504 1115 accersitur,
1551 1048 1652 1102 ubi
1692 1046 1842 1119 vigi-

192 1135 404 1192 liarum
464 1136 603 1209 aegri
651 1137 1011 1193 at‘ﬂictantur
1059 1137 1449 1192 incommodo.
1500 1136 1645 1192 Nam
1701 1135 1842 1209 quid

194 1224 261 1281 de
289 1225 425 1297 opio
477 1225 558 1296 (3)
598 1223 828 1298 loquar,
864 1225 1017 1298 quod
1059 1224 1235 1282 etiam
1286 1224 1457 1281 nobis
1506 1225 1843 1298 quotidiano

194 1329 373 1386 prope
396 1331 513 1369 usu
542 1313 817 1383 innotuit,
851 1314 1128 1386 quoniam
1156 1314 1385 1370 dolores
1416 1330 1481 1370 eo
1511 1314 1843 1386 gravissimi

192 1402 563 1469 internarum
609 1420 762 1476 saepe
801 1404 1093 1460 viscerum
1142 1403 1501 1476 sopiuntur‘?
1529 1404 1644 1459 Nec
1692 1403 1839 1459 illud

193 1492 472 1564 praeterit,
508 1494 661 1565 quod
695 1492 864 1549 conio
892 1493 1235 1566 plerumque
1267 1492 1492 1549 furores
1529 1492 1843 1551 libidinum

194 1584 598 1649 marcuerunt,
629 1585 686 1637 et
713 1580 1075 1639 helleborum
1104 1585 1341 1638 vetustte
1373 1582 1676 1654 passiones
1706 1582 1843 1657 aegri

195 1670 463 1743 corporis
494 1672 633 1726 sunt
661 1670 887 1726 solutae.

262 1760 352 1815 40.
388 1758 519 1814 Non
566 1757 761 1815 solum
807 1758 987 1833 igitur
1042 1759 1199 1816 nulla
1245 1759 1304 1815 in
1344 1759 1437 1816 his
1468 1760 1842 1833 reprehensio

1949 603 2180 658 teneam
2214 599 2552 658 alimoniam
2584 600 3025 673 comprehendit
3054 618 3180 673 quae
3204 606 3293 657 est
3312 602 3372 657 in
3394 602 3594 660 herbis

1950 694 2006 746 et
2056 690 2372 759 radicibus,
2401 694 2574 764 atque
2610 692 2669 746 in
2728 691 3028 759 arborum,
3058 689 3417 764 reliquisque
3471 692 3591 747 fru-

1951 779 2140 835 ctibus
2170 780 2280 852 (5);
2314 781 2417 836 sed
2464 780 2639 836 etiam
2699 797 2827 836 eam
2881 796 3007 851 quae
3037 779 3328 836 industria
3359 797 3591 852 compa-

1949 873 2132 937 ratur,
2164 873 2223 925 et
2252 868 2411 924 cultu
2442 868 2724 925 rusticani
2754 868 2973 924 laboris
3002 868 3342 940 acquiritur.

2022 959 2109 1014 42.
2142 960 2326 1024 Quam
2358 958 2634 1013 decorum
2664 962 2860 1014 autem
2891 958 3044 1029 quod
3073 974 3187 1013 non
3221 957 3419 1013 statim
3460 958 3593 1013 fun-

1950 1047 2084 1103 dere
2144 1051 2328 1103 terras
2387 1062 2584 1101 semen
2609 1046 2791 1117 jussit
2818 1050 2873 1102 et
2898 1046 3123 1102 fructus
3157 1064 3169 1102 :
3203 1047 3303 1102 sed
3334 1046 3591 1119 primum

1951 1135 2298 1209 germinare,
2331 1134 2541 1191 deinde
2570 1135 2910 1190 herbescere
2939 1151 3178 1208 campos
3234 1135 3458 1203 statuit,
3491 1152 3594 1207 po-

1952 1228 2077 1280 stea
2123 1225 2448 1281 secundum
2505 1223 2917 1297 proprietatem
2974 1223 3065 1279 sui
3123 1224 3356 1297 generis
3393 1240 3593 1280 semen

1951 1313 2301 1381 adolescere,
2333 1317 2398 1369 ut
2421 1330 2727 1387 nunquam
2772 1329 3042 1370 arvorum
3099 1316 3329 1369 vacaret
3385 1312 3591 1386 gratia,

1952 1419 2082 1475 quas
2112 1407 2275 1474 grato
2306 1403 2566 1475 primum
2597 1404 2801 1460 decore
2853 1405 3180 1468 vernarent,
3214 1406 3417 1473 postea
3474 1402 3594 1457 fru-

1952 1492 2154 1545 ctuum
2187 1494 2567 1563 suggererent
2595 1490 2942 1546 utilitatem!

2624 1580 2854 1635 CAPUT
2893 1579 2958 1634 Χ.

1952 1668 2173 1725 Semina
2227 1685 2513 1741 nunquam
2555 1670 2776 1741 proprie
2842 1668 3209 1741 degenerare,
3238 1684 3363 1723 cum
3411 1683 3600 1741 eorum

2022 1756 2133 1796 non
2162 1739 2406 1796 mutetur
2457 1739 2759 1812 geiz’us,’sed
2781 1741 3042 1811 perfectio
3071 1757 3089 1793 :
3113 1739 3307 1794 lolium
3348 1740 3497 1793 enim
3535 1756 3600 1795 ac

2023 1812 2246 1867 zizania
2266 1829 2295 1867 e
2321 1814 2591 1883 frumenti
2617 1811 2826 1866 semine
2865 1826 3210 1883 nequaquam
3264 1812 3437 1864 nasci.
3477 1812 3599 1883 Ver-

2023 1883 2149 1938 bum
2207 1881 2327 1939 Dei
2362 1885 2566 1938 miram
2636 1890 2800 1939 terra?
2867 1881 3260 1952 fecunditatem
3313 1881 3601 1937 contulisse

2025 1959 2321 2027 antequam
2376 1954 2531 2013 homo
2589 1961 2873 2027 peccaret;
2896 1957 3140 2009 attamen
3190 1956 3396 2008 terram
3433 1955 3602 2010 etiam

192 1848 508 1916 Creatoris,
541 1847 642 1903 sed
688 1848 864 1905 etiam
917 1848 1341 1907 incrementum
1383 1852 1471 1905 est
1497 1849 1837 1921 gratiarum.
1873 1883 1921 1948 Β

193 1938 505 2010 Siquidem
535 1937 688 2009 quod
721 1938 793 1993 ad
823 1937 1149 2009 periculum
1181 1938 1431 2009 putabas
1461 1954 1590 1996 esse
1609 1954 1848 2012 genera-

193 2031 343 2095 tum,
378 2027 455 2089 ad
485 2024 744 2091 remedia
773 2025 879 2082 tibi
909 2024 1120 2085 salutis
1167 2031 1458 2100 operatur.
1486 2029 1632 2085 Nam
1683 2034 1739 2085 et
1786 2028 1844 2084 id
2023 2023 2180 2082 nunc
2198 2042 2266 2083 ea
2292 2042 2404 2082 non
2424 2023 2646 2098 prorsus
2670 2041 2782 2081 esse
2811 2023 3144 2080 destitutam.

195 2116 353 2188 quod
384 2113 631 2190 periculi
662 2119 769 2183 est,
803 2132 907 2188 per
934 2116 1360 2189 providentiam
1390 2117 1713 2174 declinatur
1745 2135 1757 2174 :
1792 2123 1849 2174 et
2027 2117 2115 2170 43.
2144 2115 2253 2171 Sed
2302 2114 2449 2170 forte
2498 2114 2633 2185 quis
2683 2113 2838 2168 dicat
2871 2129 2883 2167 ε
2918 2112 3218 2176 Quomodo
3274 2111 3599 2169 secundum

196 2204 252 2261 id
283 2204 447 2277 quod
492 2201 724 2273 salutis,
754 2220 860 2275 per
888 2204 1240 2277 industriam
1270 2221 1384 2261 non
1415 2206 1726 2265 amittitur.
1759 2210 1846 2263 An
1954 2220 2141 2278 genus
2171 2208 2324 2260 terra
2351 2204 2571 2275 profert
2590 2202 2835 2271 semina,
2855 2218 2986 2258 cum
3010 2201 3356 2274 plerumque
3375 2200 3604 2257 semina

198 2309 311 2349 non
342 2307 484 2349 oves
515 2297 575 2348 et
603 2308 789 2364 caprae
808 2308 876 2348 ea
899 2310 1025 2366 quae
1056 2294 1165 2352 sibi
1197 2293 1370 2351 noxia
1390 2298 1530 2351 sunt
1550 2295 1845 2352 declinare
1946 2293 2109 2365 jacta
2162 2293 2535 2366 degenerant,
2568 2295 2623 2347 et
2670 2307 2804 2347 cum
2864 2291 3085 2346 bonum
3134 2289 3393 2345 triticum
3425 2288 3603 2347 fuerit

197 2381 556 2449 didicerunt,
609 2385 666 2437 et
707 2381 831 2437 solo
876 2382 1049 2439 odore
1098 2399 1201 2455 per
1262 2384 1558 2456 quoddam
1622 2388 1845 2441 naturae
1955 2382 2331 2449 semiustum,
2363 2380 2596 2437 decolor
2624 2380 2754 2452 ejus
2785 2380 3032 2453 species,
3064 2383 3121 2435 et
3148 2378 3390 2435 inferior
3412 2379 3602 2435 forma

198 2469 549 2542 mysterium
583 2470 681 2541 (4),
714 2486 850 2526 cum
890 2471 1009 2527 sint
1059 2470 1301 2528 rationis
1351 2476 1634 2544 expertes,
1667 2474 1848 2531 ratio-
1956 2471 2273 2527 reddatur?
2304 2470 2417 2527 Sed
2446 2470 2556 2527 hoc
2586 2469 2635 2525 si
2666 2469 2899 2541 quando
2931 2468 3294 2537 accidit,non
3316 2469 3389 2525 ad
3418 2472 3605 2527 trans-

201 2575 335 2615 nem
364 2562 567 2623 tamen
598 2558 879 2615 evadendi
930 2552 1195 2633 periculi,
1220 2560 1308 2616 vel
1358 2561 1588 2616 tuendae
1641 2561 1849 2618 salutis
1955 2560 2232 2618 lationem
2290 2558 2537 2632 generis,
2571 2558 2672 2614 sed
2720 2562 2777 2614 et
2818 2557 3225 2629 aegritudinem
3285 2557 3603 2631 quamdam

202 2651 551 2719 agnoscunt,
589 2648 879 2718 noxiaque
916 2648 1134 2720 pariter
1176 2665 1241 2705 ac
1294 2650 1599 2723 profutura
1638 2651 1846 2707 distin-

200 2741 426 2809 guunt;
461 2735 545 2792 ita
570 2740 636 2791 ut
663 2735 1010 2809 plerumque
1042 2753 1176 2793 cum
1207 2741 1433 2795 armata
1468 2741 1707 2795 venenis
1735 2739 1852 2795 tela

205 2825 473 2893 senserit,
507 2828 676 2881 notas
706 2829 901 2897 petere
930 2825 1142 2887 herbas
1171 2831 1348 2900 atque
1387 2827 1480 2884 bis
1522 2829 1850 2885 remedium

203 2914 428 2970 vulneri
460 2914 732 2971 dicantur
761 2914 1078 2971 adhibere?
1107 2915 1285 2972 Cibus
1325 2915 1444 2973 illis
1490 2933 1627 2991 ergo
1673 2918 1853 2974 medi-

206 3002 335 3059 cina
374 3007 486 3072 est,
517 3007 583 3059 ut
636 3001 865 3059 resilire
908 3003 1128 3077 sagitas
1175 3004 1375 3060 videas
1412 3021 1441 3060 e
1489 3004 1747 3076 vulnere,
1798 3009 1855 3061 et

209 3091 402 3165 fugere
456 3107 701 3159 venena,
736 3108 852 3159 non
901 3109 1149 3164 serpere.
1182 3093 1444 3165 Denique
1474 3095 1657 3153 cervis
1687 3096 1853 3153 cibus

205 3194 491 3238 venenum
523 3186 633 3238 est.
667 3179 914 3237 Coluber
942 3197 1176 3238 cervum
1207 3182 1382 3256 fugit,
1414 3182 1640 3240 leonem
1673 3185 1848 3241 inter-

1958 2654 2015 2706 et
2043 2647 2499 2721 inaequalitatem
2530 2646 2773 2704 seminis
2807 2647 3033 2703 videtur
3054 2662 3181 2703 esse
3205 2646 3598 2703 referendum.

1958 2740 2085 2796 Non
2115 2738 2273 2794 enim
2305 2737 2525 2794 desinit
2552 2753 2681 2793 esse
2709 2735 2990 2803 triticum,
3024 2734 3073 2791 si
3105 2739 3206 2793 aut
3235 2734 3446 2808 frigore
3467 2735 3608 2793 adu-

1959 2832 2142 2895 ratur,
2175 2831 2275 2883 aut
2311 2826 2497 2891 imbre
2527 2825 2859 2883 madidetur
2884 2825 2961 2897 (6)
2994 2840 3007 2879 :
3042 2824 3144 2881 sed
3174 2825 3365 2896 specie
3416 2823 3606 2896 magis

1961 2933 2137 2991 quam
2159 2932 2389 2989 genere,
2425 2915 2615 2972 colore
2644 2931 2877 2987 quoque
2905 2918 2962 2969 et
2999 2914 3375 2986 corruptione
3421 2917 3608 2979 muta-

1960 3005 2386 3077 tum.Denique
2409 3004 2744 3077 frequenter
2773 3002 3071 3060 madidata
3099 3002 3395 3059 frumenta
3423 3002 3483 3057 in
3515 3002 3608 3059 sui

1961 3092 2191 3167 generis
2222 3093 2470 3166 speciem
2504 3095 2893 3157 revertuntur,
2928 3090 2978 3146 si
3009 3095 3112 3147 aut
3141 3090 3284 3161 sole,
3317 3095 3419 3147 aut
3457 3090 3607 3164 igni-

1962 3184 2075 3240 bus
2103 3184 2457 3247 torreantur,
2490 3185 2591 3236 aut
2619 3179 3001 3252 diligentibus
3032 3179 3352 3236 commissa
3378 3178 3610 3235 cultori-

207 3270 327 3327 ficit
360 3270 579 3329 :draco
626 3268 998 3350 elephantem
1042 3270 1208 3343 ligat,
1248 3253 1418 3344 cujus
1467 3273 1639 3331 ruina
1687 3289 1847 3331 mors
1882 3253 1924 3319 (ἶ
1962 3272 2094 3341 bus,
2110 3271 2262 3327 aeris
2290 3268 2592 3342 temperie,
2607 3274 3015 3340 terrarumque
3041 3267 3321 3323 feracium
3343 3267 3609 3323 ubertate

205 3358 435 3415 victoris
466 3362 574 3414 est.
608 3359 677 3413 Et
704 3358 834 3413 ideo
865 3374 1098 3416 summa
1123 3359 1180 3416 vi
1222 3360 1495 3433 utrinque
1553 3366 1847 3432 certatur;

204 3445 298 3502 ille
327 3452 395 3502 ut
423 3446 632 3519 pedem
665 3445 882 3520 alliget,
916 3446 976 3504 in
1008 3464 1121 3519 quo
1149 3464 1323 3505 casus
1350 3448 1528 3506 vincti
1570 3451 1683 3507 sibi
1742 3469 1850 3513 no-

204 3550 329 3592 cere
358 3552 478 3591 non
509 3534 731 3609 possit;
762 3534 874 3592 iste
902 3552 977 3591 ne
1005 3536 1323 3608 posteriore
1354 3542 1650 3596 extremus
1681 3541 1845 3612 pede,

205 3628 306 3680 aut
360 3623 508 3680 calle
554 3624 822 3696 capiatur
878 3629 1148 3699 angusto,
1182 3626 1282 3681 ubi
1339 3625 1429 3682 vel
1471 3628 1597 3700 ipse
1639 3618 1701 3686 se
1731 3647 1848 3687 non

205 3718 378 3785 queat
406 3717 765 3786 retorquere,
798 3717 854 3769 et
883 3714 1193 3773 draconem
1223 3715 1385 3788 gravi
1410 3720 1701 3788 proterere
1728 3735 1850 3775 ves-

205 3800 365 3875 tigiq,
379 3800 469 3857 vel
504 3801 806 3873 sequentis
835 3801 1129 3874 elephanti
1161 3803 1445 3860 auxilium
1474 3822 1591 3863 non
1614 3807 1845 3865 habere.

271 3889 526 3964 “Ergo
557 3889 609 3946 si
640 3890 1061 3947 irrationabilia
1081 3891 1360 3949 animalia
1392 3899 1609 3951 norunt
1633 3896 1848 3968 quibus

203 3977 316 4035 sibi
373 3983 475 4033 aut
531 3977 900 4037 medicentur
951 3979 1168 4049 herbis,
1201 3986 1304 4037 aut
1359 3982 1639 4040 subsidiis
1678 4003 1848 4059 opem

207 4066 487 4132 afferant;
520 4066 695 4123 homo
752 4068 940 4124 nescit
993 4069 1085 4124 cui
1116 4070 1482 4129 rationabilis
1513 4088 1725 4132 sensus
1757 4076 1849 4134 in-

206 4156 491 4224 nascitur,
505 4160 608 4212 aut
637 4160 757 4213 tam
787 4156 1013 4214 alienus
1042 4175 1077 4215 a
1102 4175 1236 4215 vero
1262 4164 1369 4227 est,
1394 4163 1459 4217 ut
1479 4178 1607 4234 quas
1637 4164 1849 4237 cuique

206 4249 341 4316 apta
372 4244 495 4300 sint
521 4243 656 4301 usui
689 4245 931 4302 minime
959 4247 1387 4320 deprehendat:
1421 4254 1526 4306 aut
1568 4250 1649 4308 ita
1678 4259 1848 4311 natu-

206 4348 281 4388 ra:
310 4333 583 4407 ingratus
611 4333 884 4403 bonis,ut
901 4335 1178 4406 quoniam
1209 4336 1426 4403 taurini
1446 4337 1697 4405 haustus
1718 4359 1849 4398 san-

200 4422 398 4501 guinis
427 4418 665 4478 lethalis
694 4427 783 4480 est
813 4422 1058 4491 homini,
1079 4429 1385 4498 propterea
1410 4430 1575 4499 putet
1604 4429 1850 4490 laborio-

206 4525 333 4571 sum
380 4510 605 4569 animal
648 4515 749 4567 aut
802 4513 963 4569 nasci
1020 4530 1137 4571 non
1208 4515 1502 4585 debuisse,
1563 4524 1668 4576 aut
1723 4521 1849 4579 sine

1958 3361 2277 3417 foveantur.
2314 3360 2517 3431 Itaque
2547 3362 2848 3431 reparatur
2877 3357 2939 3412 in
2969 3355 3188 3425 sobole,
3223 3356 3378 3423 quod
3428 3357 3605 3430 dege-

1958 3452 2259 3506 neraverat
2296 3449 2355 3502 in
2414 3452 2671 3520 parente.
2704 3447 2867 3504 Unde
2919 3462 3034 3502 non
3079 3445 3502 3517 periclitamur,
3535 3463 3608 3503 ne

1956 3542 2311 3612 praeceptum
2342 3536 2487 3593 illud
2521 3537 2618 3593 Dei
2650 3537 2819 3608 cujus
2851 3552 2997 3591 usus
3028 3539 3247 3591 natura:
3278 3534 3606 3603 inolevit,in

1956 3627 2251 3699 reliquum
2309 3626 2699 3685 successionis
2758 3624 2897 3682 vitio
2954 3623 3302 3681 destitutum
3352 3624 3447 3692 sit,
3473 3641 3607 3680 cum

1956 3716 2242 3788 hodieque
2271 3716 2331 3771 in
2348 3715 2676 3773 seminibus
2706 3714 2935 3788 generis
2967 3714 3059 3771 sui
3091 3713 3398 3771 sinceritas
3421 3728 3609 3771 reser-

1948 3810 2144 3863 ,vetur.

2025 3895 2281 3957 M.Nam
2299 3893 2503 3951 lolium
2535 3898 2592 3950 et
2620 3892 2845 3966 reliqua
2872 3893 3200 3950 adulterina
3230 3891 3457 3948 semina
3477 3909 3605 3964 quae

1956 3986 2226 4058 frugibus
2257 4000 2411 4056 saepe
2440 3983 2781 4049 miscentur,
2814 3981 3038 4037 zizania
3068 3980 3396 4051 nuncupari
3428 3980 3606 4036 Evan-

1956 4074 2092 4147 gelii
2142 4073 2389 4129 lectione
2427 4072 2805 4144 cognovimus
2849 4071 3054 4142 (Matth.
3088 4085 3211 4137 xm,
3237 4069 3324 4141 25)
3360 4086 3372 4123 :
3407 4069 3509 4127 sed
3538 4085 3608 4125 ea

1956 4162 2258 4237 proprium
2314 4161 2610 4233 quoddam
2668 4175 2852 4231 genus
2900 4159 3137 4227 habent,
3170 4174 3286 4213 non
3327 4173 3397 4212 ex
3423 4156 3604 4213 tritici

1955 4252 2180 4309 semine
2205 4251 2265 4307 in
2297 4249 2455 4306 aliud
2489 4264 2678 4322 genus
2708 4246 2952 4304 seminis
2982 4245 3233 4302 decolori
3271 4246 3599 4301 mutatione

1951 4340 2257 4407 translata,
2306 4339 2651 4411 degenerem
2702 4341 2928 4392 traxere
2979 4339 3270 4395 naturam.
3332 4334 3594 4406 Denique

1956 4430 2065 4489 hoc
2096 4430 2265 4485 docet
2293 4428 2578 4485 Dominus
2607 4426 2808 4482 dicens
2842 4441 2854 4480 :
2889 4425 3082 4481 Simile
3108 4432 3187 4480 est
3229 4439 3457 4495 regnum
3505 4440 3604 4480 cce-

1957 4518 2136 4574 lorum
2189 4518 2400 4574 homini
2444 4518 2541 4588 qui
2585 4516 2879 4572 seminavit
2910 4515 3106 4571 bonum
3134 4530 3320 4569 semen
3350 4514 3412 4568 in
3470 4530 3603 4581 agro

202 4601 489 4691 sanguine
535 4600 807 4665 debuisse
836 4602 1145 4691 “generari,
1178 4605 1350 4675 cujus
1406 4607 1508 4666 Αἰ)
1551 4607 1737 4666 virtus
1775 4613 1846 4669 ad
1875 4625 1924 4691 ι)
1954 4623 2053 4663 suo
2081 4624 2102 4669 ;
2131 4624 2256 4663 cum
2282 4609 2466 4663 autem
2510 4605 2813 4661 dormirent
2842 4604 3107 4670 homines,
3139 4604 3288 4659 venit
3342 4604 3604 4658 inimicus

206 4687 426 4749 cultum
455 4705 732 4765 agrorum
762 4689 1047 4763 utilis,‘ad
1080 4708 1253 4757 usum
1283 4692 1703 4765 plaustrorum,
1739 4699 1843 4755 ha-

208 4775 356 4844 bilis,
392 4777 464 4832 ad
496 4774 835 4851 alimoniam
866 4779 1085 4846 suavis,
1117 4780 1344 4849 diverso
1376 4800 1619 4843 munere
1676 4787 1845 4846 fulcit

205 4864 510 4937 agricolas,
527 4866 743 4938 quibus
760 4868 999 4935 Deus,si
1019 4868 1173 4926 bona
1201 4886 1311 4926 sua
1340 4872 1555 4941 norint,
1570 4876 1845 4935 universa

206 4951 438 5027 donavit
467 4953 668 5025 dicens
699 4972 713 5011 :
747 4956 1022 5014 Geminei
1073 4960 1224 5014 terra
1280 4959 1509 5017 herbam
1563 4964 1699 5037 feni,
1730 4970 1844 5041 spi-

270 5122 346 5193 (3)
560 5123 697 5181 Gill.
731 5140 797 5179 ac
828 5140 944 5206 non
970 5125 1140 5206 pauci
1189 5127 1624 5206 mss..,__de_apio.
1658 5132 1839 5193 Basil.

204 5195 481 5275 tamenet
509 5212 645 5253 cum
666 5213 754 5275 _eo_
769 5194 990 5275 reliqui
1013 5212 1155 5252 mss.
1189 5202 1245 5252 et
1275 5199 1411 5275 edit.
1444 5194 1677 5275 de'Opio.

269 5266 342 5352 (4)
367 5270 463 5352 ita,
482 5284 657 5352 mss.“
661 5266 1012 5352 antiquioris
1043 5274 1482 5352 manus,atque
1533 5266 1670 5352 edit.
1708 5279 1838 5352 Am.

201 5333 335 5417 get,
364 5338 494 5417 Era;
527 5344 585 5397 et
614 5339 761 5417 Gil].
788 5333 1161 5417 inmergine.
1196 5333 1404 5399 Castori
1438 5359 1582 5401 mss.
1613 5350 1670 5405 et
1697 5333 1836 5406 edit.

203 5405 327 5483 Gill.
354 5427 423 5483 ac
452 5411 651 5479 Rom.,
678 5405 1074 5483 ministerium.

262 5481 334 5553 (5)
364 5482 589 5557 Itavet.
627 5483 765 5539 edit.
801 5484 860 5537 et
918 5480 1324 5557 ms's_._‘aliquot
1378 5485 1610 5557 optimas
1668 5496 1835 5549 nota).

196 5547 350 5609 Rom.
381 5555 519 5630 edit.
555 5560 617 5612 et
646 5570 795 5630 mss.
831 5547 1501 5630 ngnnullieipungunt,
1533 5576 1652 5630 que.
1686 5547 1837 5623 Vict.

196 5571 350 5609 nam.
381 5571 519 5614 ean.
555 5571 617 5612 et.
646 5571 795 5611 mss.
831 5571 1099 5627 nonnum
1140 5571 1330 5627 expun
1417 5571 1501 5629 ut,
1533 5576 1652 5630 que.
1693 5571 1835 5623 Vict.

196 5636 350 5693 unus,
397 5626 597 5696 Dion.,
633 5628 825 5692 Gem.,
860 5621 1189 5696 Colb.,Big.
1235 5630 1292 5682 et
1334 5571 1507 5684 arb.
1559 5649 1714 5691 unus
1756 5635 1835 5692 le-

185 5702 313 5773 gunt
353 5719 370 5759 :
423 5702 595 5777 atqui
645 5700 709 5755 in
766 5696 1035 5754 arborum
1105 5699 1462 5771 germinibus,
1506 5704 1839 5780 reliquisque

1952 4698 2089 4770 ejus,
2122 4701 2174 4752 et
2220 4696 2672 4768 superseminavit
2713 4695 2935 4751 zimnia
2964 4697 3110 4750 inter
3139 4694 3385 4749 triticum
3413 4692 3599 4763 (Ibid.,

1949 4787 2041 4854 24,
2072 4784 2567 4858 25).Advertimus
2597 4784 2799 4856 utique
2827 4784 2982 4855 quod
3014 4782 3235 4839 zizania
3263 4785 3320 4837 et
3338 4781 3600 4836 triticum

1952 4879 2018 4931 ut
2046 4872 2503 4943 nominibus,ita
2531 4878 2590 4930 et
2618 4889 2829 4946 genere
2857 4872 3164 4929 videantur
3177 4886 3306 4928 esse
3326 4869 3595 4924 discreta.

1950 4964 2209 5036 Denique
2240 4967 2297 5020 et
2319 4962 2465 5020 servi
2496 4962 2768 5019 dixerunt
2797 4961 2868 5017 ad
2900 4964 3124 5032 patrem
3162 4955 3416 5012 familias
3451 4972 3463 5010 :
3498 4957 3600 5013 Do-

1949 5136 2242 5207 fructibus.
2274 5132 2425 5189 Vict.
2460 5131 2623 5199 alter,
2659 5134 2821 5203 atque
2877 5131 2938 5183 in
2996 5127 3305 5190 arboribus,
3348 5125 3600 5195 reliquis-

1926 5219 2088 5278 'que,_
2107 5208 2218 5278 etc,

2022 5268 2280 5347 (6)7Edit.
2339 5276 2467 5329 Am.
2528 5276 2586 5328 et
2649 5272 2768 5347 Pet.
2822 5287 2955 5347 cum
3010 5269 3172 5347 Ben._
3207 5283 3343 5347 ms_.,
3399 5268 3449 5323 si
3504 5272 3597 5323 aut

1948 5339 2270 5427 austrigine.
2305 5346 2484 5427 Garri:
2506 5360 2619 5427 ms:
2653 5343 2804 5399 inter
2834 5341 3053 5427 lineas,
3075 5339 3594 5427 sedeademmma-

1948 5436 2058 5486 nu,
2087 5409 2147 5473 si
2157 5420 2254 5472 aut
2282 5417 2571 5486 ustrigine,
2606 5415 2715 5470 hoc
2773 5409 3309 5486 estguredinehAlite
3358 5409 3496 5466 edit.
3529 5428 3596 5486 ac

1950 5482 2093 5546 mss.
2128 5503 2353 5557 omnes,
2385 5482 2444 5542 si
2462 5482 2563 5542 aut
2584 5487 2809 5557 frigore.
2845 5484 2914 5541 Et
2947 5485 3089 5540 forte
3120 5482 3379 5541 allusum
3402 5486 3491 5541 est
3522 5484 3592 5539 ad

1947 5562 2094 5619 illud
2113 5558 2275 5633 Virg.
2306 5577 2325 5616 1
2361 5558 2547 5630 Georg.
2582 5575 2595 5613 :

2383 5659 2444 5709 Et
2462 5658 2639 5709 boreae
2667 5655 3001 5721 penetrabile
3029 5655 3197 5721 frigus
3226 5653 3434 5706 adurat.
