3932 6212
410 398 525 468 187
1861 389 1927 456 S.

2217 386 2350 455 )sn
3666 362 3770 456 iss

408 541 576 603 mine,
628 551 807 596 nonne
856 534 1052 595 bonum
1098 547 1278 591 semen
1331 527 1614 588 seminasti
1663 529 1723 585 in
1774 527 1874 585 Μ)
1921 540 2051 597 agro
2079 524 2135 591 Α
2165 525 2406 597 spicam,
2439 521 2649 581 deinde
2677 519 2916 599 plenum
2946 521 3208 583 triticum
3237 521 3299 581 in
3340 523 3513 599 spica.
3554 525 3620 584 Et
3646 544 3765 583 cum

408 633 548 685 tuo?
583 628 729 687 Unde
756 644 880 698 ergo
912 626 1070 681 habet
1097 622 1357 680 zizania?
1383 621 1449 677 Et
1480 620 1560 676 ait
1598 618 1715 675 illis
1741 634 1754 673 :
1788 616 2047 672 inimicus
2156 614 2496 686 produxerit
2528 614 2804 683 fructum,
2836 613 3036 671 statim
3061 613 3241 671 mittit
3260 612 3483 683 falcem,
3513 617 3767 688 quoniam

409 719 565 775 homo
594 719 692 773 hoc
715 720 841 788 fecit
872 715 1051 787 (Ibid.,
1098 716 1187 768 27.
1233 712 1343 781 28).
1398 709 1567 765 Aliud
1622 707 1779 763 enim
1827 710 1913 760 est
1955 721 2043 760 se-
2157 704 2321 759 adest
2352 704 2586 759 messis.
2621 703 2942 760 Dormienti
2972 703 3155 777 igitur
3183 703 3311 773 tibi,
3335 721 3367 759 o
3389 704 3575 772 homo,
3606 709 3657 761 et
3685 722 3769 759 ne-

408 825 544 863 men
575 806 812 874 diaboli,
848 805 1001 859 aliud
1036 819 1235 857 semen
1268 805 1355 856 est
1385 798 1598 853 Christi
1648 796 1798 869 quod
1832 795 2048 849 seritur
2156 792 2360 847 scienti
2395 792 2622 848 fructus
2651 808 2788 848 suos
2836 792 2989 847 ultro
3033 796 3190 848 terra
3236 792 3516 865 producit.
3562 792 3769 848 Dormis

408 897 479 951 ad
504 894 820 967 justitiam.
858 892 1114 963 Denique
1146 888 1303 943 aliud
1353 887 1532 943 Filius
1575 883 1854 952 hominis,
1886 881 2042 937 aliud
2157 886 2215 937 et
2244 881 2461 953 surgis,
2493 884 2550 937 et
2580 881 2858 937 frumenti
2892 897 2993 953 per
3021 886 3250 937 noctem
3296 882 3642 936 incrementa
3668 881 3763 935 mi—

406 982 675 1038 diabolus
707 979 1035 1036 seminavit.
1060 979 1213 1033 Adeo
1244 976 1470 1031 diversa
1499 978 1709 1029 natura
1739 972 2046 1043 utriusque
2156 970 2327 1025 raris.

404 1072 670 1139 seminis,
704 1076 770 1125 ut
798 1067 1130 1124 contrarius
1155 1065 1477 1121 seminator
1493 1063 1589 1118 sit.
1616 1062 1775 1128 Quod
1799 1060 2049 1116 seminat
2734 1080 2827 1135 δι
2873 1078 3101 1135 CAPUT
3139 1078 3231 1134 XL

403 1160 696 1223 Christus,
729 1174 977 1229 regnum
1011 1160 1098 1211 est
1132 1154 1270 1209 Dei:
1306 1153 1458 1225 quod
1483 1151 1733 1207 seminat
1757 1148 2043 1238 diabolus,
2156 1168 2231 1222 De
2258 1170 2381 1221 om,
2411 1166 2669 1222 arborum
2691 1184 2711 1221 ..
2739 1171 2901 1238 atque
2955 1168 3099 1222 inibi
3152 1166 3216 1222 de
3274 1183 3395 1221 rosa
3446 1183 3561 1237 qua,
3610 1184 3772 1238 Immo

403 1184 696 1223 humatus,
729 1184 977 1229 I‘Uglluxu
1011 1184 1098 1211 cal.
1132 1184 1232 1209 um
1259 1198 1270 1209 .
1306 1184 1458 1225 quuu
1483 1184 1733 1207 acuuuau
1757 1184 2043 1213 υιαυυιυῦ,
2156 1184 2231 1222 νϐ
2258 1184 2381 1221 an“
2411 1184 2669 1222 arvorum
2691 1184 2711 1221 ..
2739 1184 2901 1293 (uiue
2955 1184 3097 1222 "nm
3152 1184 3216 1222 ae
3274 1184 3395 1221 rosa
3446 1184 3561 1237 quae
3610 1184 3772 1238 pruna

403 1253 707 1322 peccatum
739 1252 845 1303 est.
879 1244 1187 1309 Quomodo
1220 1243 1397 1313 igitur
1419 1244 1607 1312 potest
1628 1239 1804 1294 unius
1820 1236 2047 1309 generis
2226 1240 2347 1293 sine
2365 1239 2543 1309 spinis
2569 1247 2723 1322 nata,
2755 1240 2799 1322 il
2828 1238 3263 1322 islpostomodum
3286 1240 3576 1303 inhorruit,
3597 1234 3773 1293 et‘mtxe

404 1310 533 1393 esse
592 1352 836 1409 regnum
895 1340 1070 1405 atque
1129 1330 1496 1403 peccatum?
1548 1328 1641 1382 Sic
1698 1331 1807 1390 est,
1861 1324 1957 1396 inq

1548 1328 1641 1382 Sic
1698 1331 1807 1390 est,
1861 1324 2055 1396 inquit
2228 1317 2437 1365 nostrae
2464 1310 2749 1379 speculum
2776 1312 2922 1380 facta
2957 1314 3053 1364 est.

403 1442 648 1497 regnum
680 1426 806 1492 Dei,
842 1422 1339 1495 quemadmodum
1374 1418 1421 1474 si
1445 1418 1819 1487 homojactet
1850 1430 2048 1469 semen
2228 1416 2313 1469 47.
2348 1415 2616 1471 Dixtmus
2647 1416 2719 1471 de
2748 1415 2930 1471 herba
2959 1415 3097 1481 feni,
3129 1432 3287 1471 nunc
3335 1415 3594 1471 dicamus
3624 1415 3688 1469 de
3714 1413 3775 1467 li-

399 1531 576 1587 super
606 1519 844 1569 terram.
2154 1520 2269 1577 gno
2301 1504 2599 1559 fructuoso
2632 1504 2877 1559 faciente
2909 1503 3164 1559 fructum
3214 1504 3539 1560 secundum
3586 1520 3773 1576 genus.

2155 1593 2328 1663 cujus
2360 1609 2558 1647 semen
2584 1593 2713 1664 ejus
2741 1592 2801 1647 in
2834 1592 2963 1665 ipso
2993 1593 3086 1647 sit.
3122 1592 3277 1648 Dixit
3306 1597 3365 1647 et
3386 1592 3534 1647 facta
3555 1596 3702 1659 sunt,
3730 1594 3781 1645 et

470 1684 558 1737 45.
593 1683 694 1737 Est
724 1687 780 1738 et
827 1681 1004 1736 homo
1049 1679 1151 1751 qui
1203 1676 1457 1733 seminat
1504 1674 1769 1741 verbum,
1822 1674 1893 1727 de
1936 1688 2052 1743 quo
2153 1680 3778 1752 subito,utsupraﬂoribus,herbarumqueviriditatibus,

397 1772 681 1843 scriptum
714 1775 837 1827 est:
873 1771 988 1840 Qui
1015 1769 1271 1833 seminat,
1298 1767 1537 1821 verbum
1580 1765 1818 1818 seminat
1866 1762 2048 1831 (Μανε-
2155 1770 2238 1824 ita
2266 1769 2361 1823 hic
2391 1769 2731 1824 nemoribus
2760 1773 2916 1825 terra
2961 1768 3173 1825 vestita
3210 1772 3320 1825 est.
3372 1770 3782 1825 Concurrerunt

396 1877 474 1925 ιν,
506 1860 593 1915 M-
631 1859 731 1913 Ηίο
762 1858 937 1913 homo
968 1856 1209 1911 Verbum
1240 1853 1559 1910 seminaVit
1583 1868 1760 1923 ευμεν
1810 1854 2047 1919 terram.
2077 1892 2124 1957 B
2154 1858 2412 1924 arbores,
2445 1873 2860 1914 consurrexere
2890 1856 3068 1926 silvae,
3099 1857 3347 1914 vertices
3378 1862 3609 1930 repente
3629 1873 3778 1911 mon-

398 1948 631 2021 quando
675 1948 852 2002 dixit:
904 1948 1191 2002 Germinet
1236 1948 1386 1998 terra
1434 1941 1678 2007 herbam,
1741 1943 1798 1994 et
1855 1938 2046 1993 subilo
2077 1938 2124 1957 ³³
2153 1947 2304 2001 tium
2334 1947 2741 2001 fronduerunt.
2775 1946 2920 2001 Hinc
2958 1946 3157 2019 pinus,
3206 1946 3348 2001 hinc
3393 1962 3701 2019 cupressus
3726 1944 3778 1999 in

394 2038 684 2091 terrarum
719 2035 989 2109 germina
1022 2031 1408 2105 Ρυιίυιανιιηῒ,
1460 2035 1517 2085 et
1563 2030 1801 2084 diversa!
1848 2042 2041 2081 rerum
2154 2036 2270 2091 alta
2300 2052 2361 2090 se
2393 2033 2725 2090 extulerunt
2752 2033 3078 2101 cacumina,
3111 2035 3268 2090 cedri
3298 2039 3360 2091 et
3391 2034 3561 2107 picea:
3591 2049 3778 2111 conve-

396 2124 621 2197 species
670 2124 1047 2180 refulserunt.
1080 2122 1225 2177 Hinc
1265 2124 1565 2192 pratorum
1614 2118 1807 2171 virens
1858 2115 2046 2187 gratia
2153 2127 2384 2179 nerunt,
2414 2122 2587 2178 Abies
2618 2138 2851 2195 quoque
2881 2140 2997 2178 non
3020 2126 3293 2178 contenta
3316 2123 3563 2179 terrenis
3592 2120 3784 2177 radici.

394 2213 817 2269 abundantiam
850 2210 1050 2284 pabuli
1077 2208 1471 2264 ministravit:
1522 2207 1657 2261 inde
1702 2221 2043 2275 camporum
2152 2212 2263 2267 bus
2290 2215 2465 2283 aulae
2495 2211 2651 2266 aerio
2674 2210 2906 2277 vertice,
2937 2211 3113 2267 etiam
3158 2228 3337 2268 casus
3387 2211 3642 2266 marinos
3670 2214 3782 2264 tuto

394 2301 559 2373 Spica
586 2303 927 2366 ﬂavescens.
962 2300 1280 2370 imaginem
1311 2295 1541 2368 pelagiﬂ
1561 2293 1854 2350 uctuantis
1884 2309 2043 2348 ϐοω-
2151 2301 2423 2357 subitura
2451 2299 2714 2372 remigio,
2746 2315 2851 2354 nec
2882 2298 3075 2355 solum
3108 2299 3323 2369 ventis,
3356 2301 3456 2356 sed
3490 2299 3661 2357 etiam
3692 2298 3785 2352 llu-

396 2391 655 2446 motione
685 2390 900 2461 segetis
932 2386 1220 2443 uberioris
1252 2385 1559 2457 expressit.
1593 2384 1807 2454 Sponte
1838 2396 2042 2436 omnes
2150 2390 2343 2445 ctibus
2373 2392 2668 2444 certatura
2694 2388 2994 2460 processit.
3018 2388 3133 2444 Nec
3153 2405 3268 2444 non
3293 2392 3357 2444 et
3379 2388 3583 2445 laurus
3599 2404 3780 2444 assur-

392 2476 623 2536 fructus
653 2484 806 2534 terra
839 2476 1131 2549 suggessit
1160 2491 1172 2528 ζ
1208 2474 1314 2529 etsi
1339 2476 1497 2528 arata
1521 2472 1645 2527 sine
1672 2470 1892 2526 cultore
1913 2486 2041 2525 esse
2148 2495 2293 2551 gens
2324 2478 2560 2533 odorem
2593 2492 2768 2533 suum
2822 2476 2984 2532 dedit
3035 2493 3344 2549 nunquam
3394 2494 3502 2533 suo
3541 2474 3787 2532 exuenda.

402 2588 520 2628 non
553 2567 1070 2641 poterat,nondum
1104 2564 1259 2619 enim
1291 2567 1418 2618 erat
1449 2562 1734 2617 formatus
1754 2559 2037 2631 agricola;
2147 2566 2453 2623 velamine.
2486 2566 2783 2621 Umbrosm
2814 2580 3047 2637 quoque
3085 2564 3238 2621 ilicis
3286 2566 3569 2622 verticem
3601 2568 3785 2637 protu-

392 2662 621 2718 inarata
650 2662 846 2712 tamen
904 2653 1117 2725 opimis
1188 2652 1484 2706 messibus
1544 2649 1929 2714 redundabat,
1984 2651 2041 2702 οἵ
2149 2656 2366 2721 lerunt,
2400 2654 2796 2709 inhorrentem
2828 2670 3053 2709 comam
3081 2653 3349 2711 hibernis
3394 2670 3625 2727 quoque
3650 2660 3783 2707 tem-

390 2749 547 2805 haud
580 2746 784 2801 dubito
824 2761 893 2799 an
955 2743 1177 2813 majore
1234 2743 1537 2811 proventu.
1592 2737 1898 2808 Siquidem
1933 2752 2039 2791 nec
2147 2744 2411 2816 ploribus
2440 2746 2770 2798 servatum.
2805 2741 2924 2798 Hoc
2962 2741 3116 2799 enim
3167 2742 3229 2797 in
3279 2741 3537 2815 singulis
3567 2740 3787 2814 privile-

392 2836 637 2894 cultoris
667 2832 893 2889 desidia
920 2836 1209 2886 terrarum
1241 2828 1559 2883 destituere
1604 2829 1832 2897 poterat
1863 2825 2035 2880 uber-
2146 2832 2310 2904 gium
2344 2835 2559 2885 natura
2587 2830 2793 2885 denuit
2839 2828 2901 2884 in
2950 2828 3266 2901 reliquum,
3315 2830 3475 2902 quod
3529 2830 3637 2885 sub
3679 2827 3783 2882 ictu

391 2930 594 2982 tatem.
626 2924 792 2978 Nunc
822 2921 976 2976 enim
1004 2916 1328 2973 fecunditas
1353 2914 1673 2985 unicuique
1695 2931 1799 2985 pro
1827 2913 2035 2968 merito
2147 2920 2352 2974 mundi
2384 2917 2679 2992 surgentis
2709 2916 2965 2988 accepit:
2998 2920 3056 2972 et
3092 2917 3229 2972 inde
3260 2921 3465 2974 manet
3512 2934 3621 2973 sua
3647 2915 3789 2971 ilici-

390 3014 608 3070 laboris
641 3010 984 3082 acquiritur,
1018 3007 1117 3061 ubi
1149 3004 1342 3060 cultus
1391 3007 1688 3074 spectatur
1717 3018 1989 3074 agrorum
2018 3027 2031 3068 ;
2145 3008 2257 3063 bus
2287 3006 2686 3079 praerogativa,
2718 3010 2916 3061 manet
2944 3005 3349 3077 cupressibus,
3374 3009 3441 3061 ut
3475 3004 3620 3061 nulli
3644 3003 3786 3060 venti

390 3108 447 3160 et
476 3099 831 3175 negligentia
858 3096 943 3152 vel
978 3096 1218 3161 offensa,
1259 3096 1360 3147 aut
1400 3091 1635 3147 diluviis
1680 3090 2031 3163 pluviarum,
2144 3113 2243 3152 eas
2270 3096 2449 3151 crinis
2480 3095 2570 3151 sui
2603 3094 2821 3150 honore
2850 3093 3195 3166 despolient.

390 3197 495 3249 aut
522 3196 809 3248 terrarum
842 3176 1237 3248 ariditatibus,
1271 3186 1371 3236 aut
1401 3180 1707 3253 grandinis
1726 3182 1911 3251 jactu.
1934 3183 2036 3234 aut
2216 3187 2301 3240 48.
2336 3184 2674 3241 Surrexerat
2701 3187 2836 3238 ante
2867 3182 3109 3238 floribus
3148 3182 3420 3239 immista
3448 3182 3697 3239 terrenis
3719 3182 3789 3253 (9)

392 3294 742 3355 quacunque
771 3293 839 3332 ex
869 3290 1067 3339 causa,
1102 3270 1209 3328 soli
1242 3271 1438 3326 uberis
1461 3269 1763 3325 sterilitate
1794 3267 2034 3324 muleta-
2062 3257 2105 3323 (ἶ
2145 3274 2272 3330 sine
2297 3271 2484 3346 spinis
2538 3288 2691 3339 rosa,
2752 3276 2812 3327 et
2867 3269 3303 3343 pulcherrimus
3358 3272 3471 3328 ﬂos
3525 3271 3653 3327 sine
3680 3268 3794 3325 ulla

389 3374 487 3425 tur
507 3370 602 3439 (7).
636 3368 801 3421 Tunc
831 3367 1027 3419 autem
1061 3363 1342 3433 proventu
1378 3363 1698 3431 spontaneo
1729 3361 1881 3412 terra
1911 3358 2032 3412 fru-
2140 3364 2343 3419 fraude
2371 3361 2690 3416 vernabat:
2724 3363 2929 3432 postea
2960 3360 3130 3432 spina
3159 3361 3351 3433 sepsit
3401 3359 3652 3433 gratiam
3691 3359 3791 3414 ﬂo-

390 3465 522 3516 ctus
553 3456 697 3511 locis
727 3453 1003 3509 omnibus
1032 3449 1376 3516 invehebat;
1412 3448 1691 3520 quoniam
1732 3448 1783 3502 is
1820 3463 2031 3518 przece-
2139 3452 2240 3518 ris,
2274 3455 2558 3521 tanquam
2606 3448 2877 3503 humanae
2925 3447 3231 3519 speculum
3285 3449 3610 3521 praeferens
3647 3447 3789 3511 vita,

392 3549 577 3619 perat,
601 3543 698 3615 qui
724 3542 1126 3596 universorum
1141 3543 1229 3594 est
1248 3538 1570 3610 plenitudo.
1594 3536 1852 3592 Verbum
1874 3536 2031 3591 enim
2140 3557 2266 3614 quae
2284 3539 2631 3595 suavitatem
2651 3536 3073 3609 perfunctionis
3095 3553 3215 3592 suae
3234 3538 3514 3594 ﬁnitimis
3530 3551 3792 3593 curarum

391 3634 494 3691 Dei
526 3630 913 3687 fructiﬁcabat
944 3629 1002 3683 in
1029 3628 1224 3697 terris,
1258 3644 1363 3683 nec
1385 3626 1503 3681 ullo
1526 3625 1717 3681 adhuc
1734 3634 1855 3681 erat
1877 3630 2032 3682 terra
2141 3626 2401 3685 stimulis
2429 3642 2580 3698 saepe
2608 3628 2983 3698 compungat.
3013 3624 3244 3681 Vallata
3270 3631 3367 3682 est
3387 3626 3552 3682 enim
3579 3626 3795 3696 elegan-

392 3724 651 3778 dannata
692 3718 1021 3774 maledicto.
1073 3716 1419 3788 Antiquiora
1466 3715 1622 3771 enim
1673 3714 1878 3769 mundi
1928 3730 2030 3769 na-
2148 3718 2230 3772 tia
2256 3717 2385 3771 vitae
2417 3719 2646 3781 nostrae,
2678 3718 2737 3769 et
2766 3713 3121 3786 quibusdam
3162 3714 3675 3771 sollicitudinibus
3704 3714 3795 3769 ob-

394 3809 611 3871 scentis
643 3807 898 3872 exordia,
931 3823 1105 3879 quam
1138 3808 1340 3860 nostra
1370 3808 1604 3876 peccata
1645 3807 1821 3870 sunt;
1855 3807 1913 3858 et
1942 3819 2030 3857 re-
2144 3808 2330 3878 septa,
2359 3807 2426 3859 ut
2467 3802 2711 3859 tristitia
2740 3803 3021 3874 adjuncta
3068 3802 3146 3858 sit
3188 3803 3418 3875 gratiae.
3477 3803 3651 3860 Unde
3672 3816 3796 3858 cum

392 3900 613 3956 centior
641 3896 813 3968 culpa
842 3898 1079 3966 propter
1107 3909 1284 3965 quam
1317 3891 1685 3948 condemnati
1733 3907 1941 3946 sumus
1970 3890 2031 3944 in
2140 3892 2554 3965 unusquisque
2584 3895 2688 3947 aut
2715 3890 2999 3947 suavitate
3030 3891 3300 3959 rationis,
3335 3897 3444 3949 aut
3469 3891 3798 3965 praeperio-

392 3989 605 4046 sudore
634 3986 833 4041 vultus
864 3983 1046 4039 nostri
1102 3998 1313 4054 panem
1363 3981 1738 4045 manducare,
1785 3980 1910 4035 sine
1941 3996 2034 4034 su-
2140 3983 2223 4038 ris
2252 3998 2463 4038 cursus
2492 3979 2865 4036 successibus
2884 3978 3216 4052 gratulatur
3237 3981 3596 4038 meminisse
3618 3979 3791 4051 culpa!

392 4079 529 4134 dore
559 4077 636 4148 (8)
669 4074 951 4130 alimenta
979 4071 1222 4127 nescire.
2142 4086 2276 4127 eum
2307 4070 2596 4137 convenit,
2628 4084 2731 4141 per
2759 4083 2937 4141 quam
2978 4068 3147 4124 nobis
3193 4068 3255 4124 in
3306 4070 3578 4143 paradisi
3631 4086 3799 4125 amca-

2142 4159 2327 4214 nitate
2356 4156 2703 4213 florentibus
2733 4155 2914 4228 spina:
2944 4156 3181 4224 mentis,
3234 4159 3580 4230 animaeque
3619 4160 3804 4213 sentes

466 4237 550 4326 46·
588 4235 847 4326 Πβῐιίίὶυθ
877 4232 1168 4326 hodieque
1199 4228 1559 4326 fecunfmﬁf’“
1583 4233 1749 4326 ῖῇπδε
1785 4236 2035 4326 νθιθῗθω
2137 4248 2273 4320 jure
2302 4244 2807 4302 condemnationis
2830 4244 3071 4317 ascripti
3113 4249 3276 4301 sunt.
3333 4228 3609 4303 Inutiles
3635 4244 3805 4319 igitur

393 4324 754 4381 affluentiam
812 4325 1143 4393 spontanee:
1199 4335 1307 4372 usu
1368 4316 1683 4372 fertilitatis
1741 4320 2032 4388 operatur.
2139 4316 2302 4401 Ῑίοει,
2333 4351 2367 4390 ο
2396 4334 2593 4399 homo,
2626 4335 2730 4388 aut
2752 4331 3062 4405 splendore
3103 4333 3471 4403 nobilitatis‘
3517 4340 3623 4390 aut
3650 4316 3803 4389 fasti-

394 4415 581 4477 Quam
612 4409 801 4464 multa
832 4412 976 4463 sunt
1006 4406 1161 4463 enim
1189 4422 1317 4476 quae
1363 4405 1554 4460 adhuc
1601 4408 1808 4476 sponte
1861 4420 1947 4475 gel

2287 4422 2616 4496 potestatis,
2674 4425 2776 4477 aut
2830 4421 3057 4494 fulgore
3111 4421 3381 4489 virtutis,
3446 4439 3684 4497 semper
3710 4419 3806 4477 tibi

394 4498 637 4555 rentur!
671 4497 781 4552 Sed
812 4496 990 4551 etiam
1022 4494 1081 4549 in
1112 4494 1204 4549 his
1232 4494 1378 4565 ipsis
1413 4510 1537 4565 quae
1570 4510 1748 4548 manu
1772 4509 1947 4564 quaeri

2255 4494 2321 4568 na
2350 4510 2614 4585 proxima
2642 4515 2751 4579 est,
2784 4525 3017 4583 semper
3043 4513 3134 4567 est
3182 4513 3378 4568 sentis
3409 4513 3552 4585 (10),
3584 4494 3808 4582 semper

393 4592 509 4652 tur,
543 4601 759 4656 magna
788 4600 855 4638 ex
884 4586 1047 4654 parte
1095 4587 1334 4638 manent
1372 4582 1543 4637 nobis
1590 4581 1785 4636 divina
1814 4582 1946 4636 bene

2257 4580 2426 4657 iriora
2453 4603 2557 4655 tua
2586 4599 2831 4672 respice,
2858 4580 3035 4671 super
3082 4599 3292 4672 spinas
3337 4580 3651 4672 germinas
3683 4580 3810 4672 (11),

396 4675 507 4741 cia,
548 4678 615 4728 ut
662 4672 951 4727 frumenta
1009 4671 1138 4743 ipsa
1198 4670 1659 4763 quiescentibus-
1694 4668 2038 4725 inferantur.
2070 4668 2115 4681 ”
2153 4707 2259 4747 nec
2289 4688 2512 4763 ρνοιίχα
2540 4668 2728 4760 ενδιίά
2774 4668 3006 4744 mane};
3042 4668 3199 4743 διιένί
3250 4668 3698 4763 υηῇεᾳηίεᾳυά
3730 4688 3816 4742 de.

399 4762 562 4827 Quod
596 4761 907 4834 propositae
936 4761 1104 4816 docet
1131 4759 1395 4815 lectionis
1438 4757 1791 4849 exemplum,
1813 4757 2046 4849 dicente
2154 4757 2327 4836 cum},
2358 4757 2715 4833 etatis—ﬂore
2744 4777 2858 4849 (12)
2889 4777 3217 4833 marcescit.

400 4851 681 4908 Domino:
715 4852 863 4920 Quia
897 4852 974 4904 sic
1029 4853 1104 4905 est
1160 4865 1391 4919 regnum
1448 4848 1546 4902 Dei
1596 4847 2047 4940 quemadmodum
2796 4847 3026 4940 CAPUT
3066 4883 3162 4939 ΧΠ

650 4940 1709 5060 Mf..fﬁ"?..f1"l‘i"..i"i‘f’":..ff-
1723 4935 2045 5060 “ifilli?
2157 4973 2441 5031 Laudatur
2495 4974 2645 5060 vita.
2695 4980 2758 5055 ει.
2798 4935 3223 5060 mea
3285 4983 3687 5060 ςοτηραναιανε
3734 4986 3824 5027 nec

402 5029 612 5101 inquit,
647 5033 697 5083 et
729 5036 988 5096 exsurgat
1012 5028 1166 5081 nocte
1195 5036 1247 5081 et
1275 5026 1380 5091 die,
1430 5028 1479 5080 et
1530 5040 1710 5081 semen
1758 5027 2044 5097 germinet,
2157 5026 3825 5119 gmw“;wgmggdgwmwpo-

401 5126 456 5174 et
485 5120 768 5185 increscat,
804 5115 934 5171 dum
962 5116 1131 5171 nescit
1162 5115 1257 5170 ille
1296 5113 1480 5186 (Marc.
1541 5132 1616 5182 ιν,
1676 5115 1767 5183 26,
1800 5115 1913 5186 27).
1950 5116 1954 5161 l

845 5133 934 5171 um
962 5116 1131 5171 nescit
1162 5115 1257 5170 ille
1296 5113 1480 5186 (Marc.
1541 5132 1616 5182 ιν,
1676 5115 1767 5183 26,
1800 5115 1913 5186 27).
1950 5115 2048 5170 Ul-
2228 5119 2398 5173 nitur.

401 5211 490 5263 tro
522 5207 677 5262 enim
707 5209 863 5261 terra
904 5203 1236 5270 fructiﬁcat,
1282 5203 1470 5275 primo
1521 5203 1787 5268 herbam,
1837 5203 2049 5260 deinde
2232 5206 2318 5263 49.
2352 5206 2502 5263 Sane
2532 5208 2600 5260 ut
2630 5205 2849 5261 caduca
2876 5204 2983 5261 tibi
3014 5204 3249 5262 noveris
3303 5208 3664 5265 communia
3710 5218 3830 5263 esse

473 5341 547 5414 (ἶ)
577 5339 774 5414 Qodes
799 5338 988 5414 Diom,
1024 5338 1170 5392 Vict.
1222 5355 1398 5414 unus,
1440 5336 1619 5414 Corb_._
1659 5336 1840 5414 etiam
1868 5353 2047 5403 unus,
2231 5340 2343 5413 (10)
2402 5338 2554 5394 Edit.
2615 5354 2841 5414 omnes.
2904 5342 2962 5394 et
2993 5354 3163 5414 _mss.
3234 5339 3480 5414 aliquot
3559 5340 3831 5414 omittunt

398 5415 457 5495 et
496 5410 679 5476 Colb.,
737 5411 866 5495 Soli
908 5411 1125 5495 ubertas
1174 5410 1489 5495 sterilitate.
1554 5408 1705 5463 Vict.
1767 5408 1936 5475 alter,
1995 5415 2053 5465 et
2397 5414 2476 5466 est
2498 5411 2707 5495 sentis,-
2737 5425 2864 5481 quaa
2891 5409 3069 5465 verba
3098 5427 3129 5466 e
3170 5408 3597 5470 mssfdecem
3631 5411 3839 5485 probet

399 5482 590 5535 Cum:
625 5483 866 5551 corrupti
893 5482 1039 5535 aeris
1070 5481 1372 5535 sterilitate.
1691 5550 1699 5551 ί
1739 5550 1745 5551 ί
2162 5481 2414 5539 tissimis
2455 5481 2844 5538 restituimus.
3078 5500 3083 5503 ·

442 5552 673 5632 '(8)'Sic
705 5550 903 5605 decem
948 5568 1091 5606 mss.
1141 5551 1372 5622 optimm
1412 5555 1583 5607 notas.
1640 5550 1772 5619 Alii,
1807 5552 1864 5605 et
1886 5551 2048 5618 edit.,
2234 5554 2345 5632 (11)
2388 5552 2526 5609 Mss.
2575 5552 2731 5608 Cmn.
2793 5555 2851 5607 et
2904 5551 3054 5607 Vict.
3115 5567 3313 5621 unus;
3379 5569 3604 5629 semper
3655 5553 3834 5627 spinas

398 5620 756 5697 sinedglorc.
1048 5693 1069 5697 _
1298 5691 1308 5697 _
1439 5692 1447 5697 _
1737 5693 1745 5697 _
2161 5620 2464 5697 germinas.

472 5692 544 5762 (9)
576 5692 729 5747 Edit.
763 5707 1000 5746 omnes:
1030 5691 1255 5759 ﬂoribus
1287 5691 1528 5745 immista
1568 5693 1797 5747 teneris.
2162 5691 2181 5697 ⁷
2235 5696 2350 5772 (12)
2378 5699 2517 5751 Tres
2556 5709 2701 5751 mss.
2756 5692 2858 5750 sevi
2916 5692 3287 5753 remotioris:
3324 5698 3498 5754 decor
3555 5695 3837 5755 suavitatis
