3932 6212
173 448 263 516 189
1440 448 1987 514 HEXAEMERON
2030 449 2181 557 LID.
2226 448 2333 514 ill.
2366 535 2387 553 α

3462 424 3581 525 490

181 603 288 643 eum
313 585 594 656 ﬂoribus,
628 586 719 644 ita
742 586 947 661 {etiam
992 582 1119 645 lata
1162 598 1298 642 cum
1342 584 1574 654 vitibus,
1609 584 1826 656 quibus
1858 587 1912 651 Α
1942 588 2030 641 tos
2056 584 2236 641 fuisse
2283 586 2665 659 demonstrat,
2726 587 2942 662 quibus
2980 588 3098 646 ait:
3138 593 3320 649 Venite
3368 594 3438 651 ad
3466 613 3574 665 me,

182 679 469 754 generatur
497 676 742 747 vinum,
775 694 899 750 quo
929 692 1025 733 cor
1052 674 1310 732 hominis
1350 673 1692 730 laetificatur.
1722 676 1823 728 At-

188 782 279 839 que
304 765 562 834 utinam,
592 784 627 822 o
658 766 868 833 homo,
899 765 1075 837 hujus
1096 762 1325 838 generis
1354 762 1600 818 imiteris
1628 778 1825 818 exem-

188 855 423 928 plum,ut
453 858 587 928 ipse
614 856 723 911 tibi
748 854 1013 910 laetitiam
1055 852 1600 924 jucunditatemque
1624 848 1823 905 fructi-

189 944 342 1001 fices!
377 948 443 999 In
472 950 533 1000 te
564 945 699 1017 ipso
750 942 1009 999 suavitas
1062 946 1175 997 tuae
1228 940 1425 1013 gratiae
1469 943 1559 995 est
1589 940 1724 1007 (l3),
1759 953 1827 993 ex

187 1037 235 1088 te
260 1032 536 1106 pullulat,
570 1032 633 1089 in
663 1036 722 1088 te
752 1035 970 1102 manet,
1001 1032 1160 1086 intus
1182 1030 1281 1086 52
1310 1029 1417 1084 tibi
1447 1027 1682 1094 inest,id
1715 1030 1824 1093 est,

188 1120 238 1177 in
255 1125 307 1176 te
325 1122 458 1193 ipso
479 1119 1155 1193 quaerendajucunditas
1175 1122 1286 1173 tuae
1309 1121 1399 1172 est
1435 1115 1823 1172 conscientiae.

188 1210 309 1265 Ideo
334 1210 450 1266 ait:
487 1210 627 1265 Bibe
658 1226 859 1280 aquam
887 1208 952 1263 de
1001 1209 1109 1262 tuis
1148 1209 1314 1270 vasis,
1344 1213 1397 1261 et
1441 1206 1505 1261 de
1537 1210 1827 1277 puteorum

188 1307 389 1355 tuorum
447 1299 697 1369 fontibus
756 1299 936 1369 (Prov.
968 1314 1024 1364 v,
1074 1297 1184 1364 15).
1244 1294 1506 1350 Primum
1563 1293 1826 1348 omnium

188 1386 319 1442 nihil
340 1387 578 1460 gratius
602 1385 862 1442 ﬂorentis
882 1386 1055 1441 odore
1073 1384 1227 1440 vitis.
1262 1382 1563 1455 Siquidem
1599 1383 1671 1438 de
1693 1382 1830 1437 flore

185 1492 378 1532 earum
397 1492 619 1530 succus
650 1490 962 1547 expressus
979 1472 1167 1546 poculi
1190 1489 1377 1545 genus
1398 1470 1648 1538 conficit,
1674 1471 1828 1543 quod

185 1569 235 1619 et
254 1562 547 1635 voluptati
575 1567 635 1619 et
665 1562 836 1619 saluti
866 1562 961 1618 sit.
992 1560 1211 1618 Deinde
1240 1561 1373 1632 quis
1422 1577 1536 1615 non
1588 1560 1832 1616 miretur

182 1668 247 1707 ex
272 1652 430 1707 acini
463 1651 692 1707 vinacio
721 1652 895 1706 vitem
930 1667 1117 1723 usque
1163 1650 1223 1704 in
1273 1648 1498 1705 arboris
1528 1665 1829 1704 summum

182 1757 465 1797 cacumen
496 1756 894 1811 prorumpere,
911 1756 1084 1810 quam
1108 1738 1534 1810 velutquodam
1559 1736 1827 1808 amplexu

180 1830 354 1897 fovet,
388 1833 446 1884 et
494 1829 853 1900 quibusdam
906 1827 1162 1883 brachiis
1218 1827 1381 1899 ligat,
1413 1829 1471 1881 et
1507 1826 1833 1882 circumdat

1934 690 2117 731 omnes
2145 676 2241 747 qui
2269 676 2531 732 laboratis
2561 685 2613 734 et
2647 681 2860 736 onerati
2896 681 3042 750 estis,
3086 687 3140 737 et
3177 699 3271 752 ego
3330 701 3419 740 vos
3450 687 3577 756 reﬁ-

1933 765 2077 818 ciam
2126 764 2334 832 (Matth.
2394 783 2473 820 xI.
2527 768 2641 839 28).
2701 770 2849 842 Ergo
2906 771 3008 826 illa
3059 772 3259 828 anima
3314 774 3578 832 mulieris

1935 851 2103 924 quasi
2136 852 2520 910 circumfossa
2547 858 2872 927 respiravit,
2902 863 2958 914 et
2989 865 3178 916 erecta
3206 865 3313 918 est.

2005 943 2091 998 5t.
2123 942 2232 996 Sed
2266 943 2468 998 eadem
2499 944 2637 1000 vitis
2669 946 2768 1001 ubi
2809 947 3187 1005 circumfossa
3218 951 3409 1019 fuerit,
3445 952 3576 1008 reli-

1934 1032 2107 1103 gatur
2130 1034 2188 1085 et
2211 1030 2473 1103 erigitur,
2502 1049 2573 1088 ne
2598 1034 2927 1091 reflectatur
2958 1037 3015 1091 in
3047 1042 3281 1093 terram.
3300 1040 3580 1097 Recidun-

1935 1122 2034 1174 tur
2059 1118 2173 1173 alia
2215 1124 2532 1187 sarmenta,
2588 1121 2702 1177 alia
2748 1131 3185 1196 prOpagantur:
3232 1129 3574 1185 reciduntur

1936 1223 2064 1279 quae
2096 1207 2253 1263 inani
2289 1208 2569 1265 effusione
2591 1210 3323 1293 luxuriant,propagantur
3352 1234 3419 1273 ea
3449 1236 3577 1290 quae

1936 1296 2125 1351 bonus
2176 1297 2429 1369 agricola
2477 1299 2828 1369 judicaverit
2887 1302 3205 1359 fructuosa.
3267 1304 3415 1369 Quid
3473 1323 3578 1380 ego

1936 1384 2430 1441 adminiculorum
2469 1387 2722 1455 ordines,
2748 1390 3192 1464 jugationisque
3250 1395 3579 1452 describam

1936 1473 2207 1545 gratiam,
2239 1489 2365 1544 quze
2411 1490 2541 1530 vere
2592 1480 2767 1547 atque
2820 1478 3126 1535 manifeste
3183 1482 3579 1553 mqualitatem

1938 1562 2147 1616 docent
2177 1562 2232 1616 in
2284 1563 2542 1618 Ecclesia
2593 1581 2719 1621 esse
2765 1569 3131 1637 servandam,
3178 1575 3240 1624 ut
3292 1589 3461 1627 nemo
3519 1590 3581 1628 se

1938 1649 2096 1705 dives
2109 1651 2543 1707 authonoratus
2572 1654 2831 1720 extollat,
2866 1672 3036 1712 nemo
3060 1675 3281 1732 pauper
3324 1660 3577 1731 dejiciat,

1936 1738 2330 1812 ignobilisque
2356 1741 2665 1813 desperet?
2686 1742 2968 1800 Omnibus
3000 1745 3074 1801 sit
3105 1747 3164 1802 in
3194 1748 3448 1805 Ecclesia
3478 1767 3584 1822 par

1938 1832 2114 1899 atque
2145 1846 2264 1883 una
2305 1828 2566 1897 libertas,
2602 1832 2878 1888 omnibus
2934 1833 3302 1906 impertiatur
3347 1838 3583 1909 justitia

178 1916 438 1988 lacertis,
474 1916 771 1989 pampinis
816 1916 1010 1981 vestit,
1040 1915 1209 1971 sertis
1260 1931 1508 1971 uvarum
1548 1914 1830 1969 coronat?
1860 1952 1908 2016 B
1941 1917 2271 1972 communis
2302 1916 2400 1973 53
2430 1922 2489 1973 et
2518 1921 2722 1990 gratia.
2759 1922 2893 1977 Ideo
2923 1924 3103 1980 turris
3143 1925 3202 1979 in
3253 1927 3443 1982 medio
3473 1932 3581 1997 est,

180 2009 314 2072 Quae
348 2007 423 2060 ad
454 2004 846 2062 imitationem
885 2005 1013 2059 vitae
1065 2008 1273 2059 nostra;
1331 2002 1587 2074 primum
1639 2003 1827 2057 vivam

181 2095 387 2166 deﬁgit
435 2092 714 2157 radicem,
755 2093 963 2149 deinde
1019 2092 1158 2164 quia
1208 2095 1418 2147 natura
1476 2090 1746 2146 flexibilis
1775 2093 1830 2144 et

180 2183 403 2238 caduca
434 2186 545 2247 est,
578 2181 747 2254 quasi
795 2181 1053 2237 brachiis
1111 2180 1464 2251 quibusdam
1498 2179 1632 2250 (H),
1665 2179 1747 2233 ita
1777 2181 1833 2232 et

182 2269 486 2326 claviculis
517 2269 807 2342 quidquid
838 2268 1305 2342 apprehenderit,
1340 2266 1594 2339 stringit,
1622 2267 1833 2338 hisque

183 2375 246 2415 se
271 2359 449 2432 erigit
479 2363 539 2414 et
568 2357 800 2413 attollit.

251 2448 341 2502 50.
377 2447 571 2517 Hujus
601 2451 689 2502 est
719 2445 930 2502 similis
960 2444 1122 2517 plebs
1172 2445 1459 2510 Ecclesiae,
1494 2461 1620 2516 quae
1678 2443 1834 2499 velut

190 2535 442 2607 quadam
476 2535 615 2590 ﬁdei
645 2535 838 2590 radice
870 2534 1246 2607 plantatur,et
1275 2533 1615 2606 reprimitur
1645 2532 1834 2587 humi-

189 2622 372 2678 litatis
430 2623 770 2695 propagine,
804 2623 875 2677 de
934 2639 1051 2693 qua
1094 2622 1335 2694 pulchre
1366 2622 1448 2677 ait
1504 2620 1830 2692 Propheta:

197 2713 411 2767 Vineam
449 2727 523 2766 ea:
552 2714 780 2782 £gypto
825 2712 1179 2777 transtulisti,
1227 2715 1277 2765 et
1310 2711 1581 2782 plantasti
1626 2709 1835 2765 radices

195 2801 325 2871 ejus,
348 2804 401 2855 et
420 2800 645 2871 replesti
676 2804 882 2854 terram
928 2800 945 2869 (
960 2799 1038 2870 l5)
1066 2817 1079 2855 :
1106 2801 1322 2871 operuit
1378 2803 1585 2875 montes
1642 2798 1836 2853 umbra

198 2890 325 2959 ejus,
356 2896 407 2944 et
431 2889 660 2943 arbusta
685 2890 802 2960 ejus
854 2888 1035 2943 cedros
1071 2890 1231 2944 Deis
1250 2888 1544 2943 extendisti
1580 2888 1836 2958 palmites

200 2980 307 3049 ejus
332 2994 500 3049 usque
527 2977 599 3032 ad
626 2994 798 3041 mare,
841 2981 892 3032 et
936 2993 1101 3047 usque
1147 2977 1219 3031 ad
1258 2980 1463 3047 ﬂumen
1508 2978 1835 3048 pmpagines

202 3068 313 3138 ejus
342 3067 514 3135 (Psal.
547 3083 732 3133 LXXIX,
765 3064 941 3133 9-12).
975 3065 1045 3119 Et
1090 3081 1193 3136 per
1231 3064 1441 3120 Isaiam
1486 3064 1614 3137 ipse
1637 3062 1832 3119 Domi-

206 3171 308 3209 nus
336 3153 568 3210 locutus
611 3158 699 3209 est
744 3152 981 3209 dicens:
1037 3154 1202 3208 Vinea
1240 3156 1387 3224 facta
1428 3157 1507 3208 est
1552 3152 1746 3207 dilecto
1776 3153 1833 3206 in

203 3258 380 3311 cornu,
440 3245 503 3297 in
559 3243 672 3297 loco
727 3243 925 3298 uberi:
953 3249 1005 3297 et
1048 3243 1340 3298 maceriam
1399 3240 1754 3309 circumdedi,
1788 3248 1838 3295 et

1940 2022 2066 2076 quae
2098 2005 2427 2078 exemplum
2454 2008 2526 2063 de
2573 2007 2694 2064 illis
2723 2009 3058 2075 rusticanis,
3091 2014 3162 2068 de
3188 2013 3306 2069 illis
3337 2015 3584 2071 circum-

1940 2096 2088 2149 ferat
2117 2094 2526 2165 piscatoribus,
2562 2097 2660 2168 qui
2692 2098 2974 2155 virtutum
3015 2118 3206 2157 arcem
3236 2108 3432 2159 tenere
3461 2121 3582 2161 me-

1941 2187 2183 2239 ruerunt
2206 2199 2218 2236 :
2245 2200 2495 2254 quorum
2520 2185 2801 2259 exemplis
2823 2192 3023 2244 noster
3038 2190 3294 2262 erigatur
3317 2192 3581 2263 affectus,

1940 2287 2127 2343 neque
2158 2271 2322 2326 humi
2374 2272 2503 2330 vilis
2533 2278 2590 2329 et
2647 2276 3024 2347 despicabilis
3074 2279 3263 2349 jaceat
3294 2282 3406 2351 (16)
3436 2300 3448 2349 ;
3483 2283 3583 2338 sed

1915 2359 2409 2432 uniuscujusque
2436 2378 2600 2417 mens
2613 2363 2683 2417 ad
2710 2364 3009 2436 superiora
3032 2383 3092 2423 se
3106 2368 3461 2442 subrigat,ut
3482 2387 3582 2427 au-

1940 2448 2074 2503 deat
2104 2447 2323 2503 dicere:
2351 2449 2561 2525 Nostra
2587 2455 2781 2506 autem
2808 2456 3168 2512 conversatio
3192 2457 3248 2511 in
3282 2457 3443 2516 caelis
3473 2464 3581 2516 est.

1941 2536 2104 2592 Unde
2128 2553 2198 2590 ne
2230 2536 2529 2609 aliquibus
2560 2539 2831 2610 procellis
2885 2543 3080 2598 saeculi
3130 2547 3315 2617 possit
3344 2548 3581 2619 reflecti,

1942 2628 1999 2681 et
2046 2629 2394 2696 tempestate
2444 2627 2675 2693 deduci,
2708 2628 3004 2687 claviculis
3061 2632 3180 2687 illis
3238 2639 3292 2690 et
3349 2636 3584 2693 circulis

1944 2714 2111 2787 quasi
2166 2714 2533 2786 amplexibus
2591 2717 2894 2773 charitatis
2952 2721 3246 2792 proximos
3323 2740 3585 2798 quosque

1942 2801 2370 2873 complectitur,
2402 2808 2459 2860 et
2490 2804 2549 2859 in
2581 2806 2782 2861 eoru'm
2815 2809 3227 2880 conjunctione
3250 2815 3580 2886 requiescit.

1943 2890 2205 2947 Charitas
2230 2892 2531 2965 estigitur
2588 2911 2715 2966 quae
2761 2913 2869 2952 nos
2925 2900 3326 2971 superioribus
3384 2904 3582 2974 nectit,

1943 2979 2203 3050 coeloque
2252 2980 2474 3036 inserit.
2536 2983 2642 3047 Qui
2702 2984 2855 3039 enim
2914 2992 3111 3043 manet
3164 2989 3222 3044 in
3282 2991 3584 3062 charitate,

1943 3067 2097 3123 Deus
2127 3066 2186 3121 in
2219 3084 2284 3123 eo
2322 3078 2535 3125 manet.
2589 3071 2750 3126 Unde
2797 3078 2853 3128 et
2903 3074 3186 3132 Dominus
3231 3079 3347 3136 ait:
3383 3082 3588 3138 Manete

1943 3157 2001 3210 in
2034 3172 2140 3223 me,
2172 3165 2222 3211 et
2250 3173 2343 3227 ego
2369 3157 2429 3212 in
2459 3159 2625 3214 vobis.
2678 3161 2834 3216 Sicut
2872 3164 3087 3233 palmes
3127 3182 3236 3221 non
3272 3173 3443 3238 potest
3469 3174 3587 3241 fru-

1942 3248 2091 3299 ctum
2117 3246 2316 3316 a/ferre
2345 3263 2377 3300 a
2422 3262 2494 3312 se,
2542 3248 2655 3301 nisi
2694 3252 2961 3305 manserit
3007 3253 3069 3305 in
3116 3255 3253 3321 vite;
3286 3257 3367 3310 sic
3393 3262 3443 3311 et
3472 3275 3582 3325 vos,

202 3331 517 3403 circumfodi
561 3334 780 3388 vineam
832 3330 1048 3399 Sorech,
1082 3335 1136 3386 et
1189 3331 1463 3403 aediﬁcavi
1517 3332 1718 3385 turrim
1770 3331 1829 3384 in
1861 3318 1904 3383 C
1938 3334 1989 3388 si
2020 3335 2184 3389 inme
2211 3350 2323 3389 non
2351 3336 2687 3390 manseritis.
2711 3338 2817 3407 Ego
2856 3354 2978 3392 sum
3030 3341 3176 3408 vitis,
3210 3318 3300 3397 vos
3322 3318 3587 3414 palmites

199 3420 366 3475 medio
395 3422 511 3492 ejus
553 3421 679 3490 (lsa.
732 3438 786 3487 v,
820 3420 875 3489 l,
919 3423 997 3488 2).
1057 3419 1454 3475 Circumdedit
1508 3418 1663 3474 enim
1705 3434 1833 3474 eam

199 3506 350 3563 velut
378 3506 533 3563 vallo
555 3508 809 3580 quodam
842 3507 1163 3563 ccelestium
1196 3510 1709 3580 przeceptorum,et
1739 3524 1837 3562 an-

198 3596 449 3668 gelorum
481 3596 768 3652 custodia.
804 3596 1085 3651 Immittet
1131 3597 1288 3651 enim
1320 3595 1563 3668 angelus
1602 3594 1834 3650 Domini

198 3684 253 3738 in
282 3685 521 3740 circuitu
552 3684 889 3740 timentium
931 3702 1087 3741 eum.
1116 3685 1315 3741 Posuit
1362 3685 1423 3738 in
1467 3683 1721 3740 Ecclesia
1749 3699 1839 3738 ve-

201 3772 281 3828 lut
305 3774 519 3829 turrim
550 3773 951 3846 apostolorum
992 3778 1047 3829 et
1078 3773 1495 3846 prophetarum
1526 3776 1702 3845 atque
1733 3772 1833 3828 do-

202 3864 437 3931 ctorum,
465 3862 567 3934 qui
600 3861 789 3917 solent
818 3878 924 3933 pro
970 3861 1235 3918 Ecclesiae
1286 3878 1427 3935 pace
1455 3861 1832 3934 praetendere.

202 3947 573 4006 Circumfodit
619 3967 769 4018 eam,
812 3950 1047 4021 quando
1094 3951 1425 4007 exoneravit
1469 3954 1835 4005 terrenarum

205 4038 347 4093 mole
391 4055 685 4095 curarum.
716 4037 872 4093 Nihil
904 4038 1058 4094 enim
1102 4040 1291 4112 magis
1330 4042 1584 4093 mentem
1613 4042 1834 4104 onerat,

205 4140 369 4196 quam
397 4126 569 4183 istius
601 4127 807 4183 mundi
839 4126 1169 4183 sollicitudo
1199 4130 1257 4183 et
1307 4126 1598 4199 cupiditas
1626 4125 1714 4182 vel
1746 4142 1838 4198 pe-

208 4215 376 4271 cunia
429 4215 518 4271 vel
567 4216 858 4287 potentiae.
918 4216 1080 4279 Quod
1137 4216 1242 4270 tibi
1301 4217 1738 4271 demonstratur
1775 4215 1836 4269 in

208 4300 501 4376 Evangelia
531 4304 682 4375 (Luc.
713 4321 837 4372 xm,
893 4304 1097 4375 11-13),
1130 4320 1265 4360 cum
1315 4303 1483 4376 legis,
1544 4302 1683 4374 quia
1738 4301 1836 4356 illa

209 4390 405 4447 mulier
422 4409 548 4464 quae
572 4392 827 4448 habebat
850 4393 1121 4464 spiritum
1146 4391 1528 4459 infirmitatis,
1554 4389 1837 4445 inclinata

212 4483 407 4534 eratut
432 4497 673 4537 sursum
704 4481 992 4553 respicere
1022 4498 1137 4537 non
1170 4484 1383 4555 posset.
1401 4480 1651 4535 Curvata
1678 4478 1834 4535 enim

215 4569 528 4625 mtanima
557 4570 708 4641 ejus,
727 4586 854 4641 qua
885 4569 1279 4626 inclinabatur
1318 4569 1388 4625 ad
1418 4572 1649 4623 terrena
1679 4583 1834 4623 com—

1942 3422 2069 3476 estis
2095 3421 2271 3491 (Joan.
2302 3438 2395 3489 xv,
2437 3424 2489 3491 4,
2521 3423 2598 3495 5).

2014 3509 2102 3563 52.
2136 3510 2442 3566 Evidenter
2472 3510 2651 3584 igitur
2697 3513 3029 3586 exemplum
3086 3517 3221 3573 vitis
3270 3520 3342 3575 ad
3376 3525 3587 3579 nostra

1941 3596 2518 3657 vitaeinstitutiouem
2554 3602 2969 3658 arcessendum
3001 3620 3129 3661 esse
3154 3606 3423 3680 signavit,
3458 3627 3584 3682 quae

1944 3686 2201 3758 primum
2222 3687 2373 3744 veris
2397 3690 2683 3761 tepefacta
2696 3691 2975 3764 temperie
2997 3709 3293 3766 gemmare
3322 3699 3585 3771 perbibe-

1944 3780 2043 3830 tur
2071 3791 2083 3829 :
2109 3775 2317 3832 deinde
2336 3794 2403 3832 ex
2425 3777 2570 3849 ipsis
2591 3785 3019 3837 sarmentorum
3044 3785 3305 3843 articulis
3332 3787 3583 3845 fructum

1944 3863 2229 3933 emittere,
2263 3865 2333 3919 de
2380 3865 2596 3936 quibus
2643 3868 2837 3925 oriens
2885 3887 2997 3926 uva
3044 3872 3348 3942 formatur,
3384 3877 3583 3948 paula-

1941 3951 2169 4022 timque
2198 3969 2516 4025 augescens
2546 3955 2847 4013 immaturi
2890 3963 3094 4030 partus
3126 3962 3335 4018 retinet
3358 3965 3583 4020 acerbi-

1944 4044 2146 4108 tatem,
2181 4057 2284 4095 nec
2316 4045 2506 4113 potest
2537 4043 2649 4097 nisi
2681 4049 2911 4101 matura
2934 4048 3057 4117 jam
3111 4054 3168 4104 et
3205 4054 3367 4106 cocta
3396 4051 3586 4109 dulce-

1945 4146 2123 4185 sccre.
2144 4129 2404 4184 Vestitur
2428 4129 2647 4186 interea
2666 4132 3056 4190 viridantibus
3076 4137 3372 4209 pampinis
3394 4140 3583 4207 vinea,

1945 4220 2162 4291 quibus
2192 4222 2249 4273 et
2287 4218 2595 4274 adversum
2655 4220 2860 4293 frigus,
2896 4239 3247 4296 omnemque
3306 4226 3582 4297 injuriam

1945 4324 2060 4362 non
2093 4307 2299 4380 exiguo
2332 4307 2599 4362 munitur
2629 4310 2913 4379 subsidio,
2935 4314 2991 4365 et
3021 4329 3054 4366 a
3085 4312 3227 4368 solis
3257 4316 3461 4373 ardore
3491 4318 3587 4374 de-

1944 4395 2221 4452 fenditur.
2268 4395 2414 4460 Quid
2465 4402 2658 4453 autem
2708 4415 2773 4454 eo
2831 4398 2918 4455 vel
2976 4401 3307 4473 spectaculo
3338 4406 3583 4476 gratius,

1937 4485 2021 4540 vel
2060 4485 2251 4540 fructu
2284 4489 2373 4540 est
2403 4484 2864 4555 dulcius,videre
2895 4494 3053 4545 serta
3082 4492 3396 4563 pendentia
3424 4496 3585 4553 velut

1946 4574 2211 4646 quaedam
2245 4574 2491 4645 speciosi
2523 4575 2677 4631 ruris
2724 4577 2984 4645 monilia,
3019 4596 3255 4654 carpere
3315 4600 3456 4640 uvas
3499 4587 3585 4643 vel

213 4657 421 4747 pendis,
452 4662 512 4714 et
540 4657 832 4714 caelestem
862 4658 1110 4731 gratiam
1144 4676 1258 4714 non
1288 4658 1539 4747 videbat.
1562 4654 1836 4728 Respexit
1865 4683 1911 4747 ι)
1945 4679 2119 4719 aureo
2151 4661 2339 4718 colore
2368 4662 2455 4718 vel
2503 4681 2795 4736 purpureo
2839 4667 3156 4725 renitentes
3177 4671 3203 4725 ἶ)
3234 4672 3586 4745 Hyacinthos

211 4756 324 4798 eam
351 4745 543 4815 Jesus,
573 4749 632 4801 et
660 4747 902 4814 vocavit,
930 4750 988 4802 et
1012 4748 1210 4803 statim
1256 4745 1466 4802 mulier
1504 4760 1691 4800 onera
1720 4746 1834 4798 ter-

209 4845 335 4887 rena
361 4834 649 4923 deposuit.
674 4834 777 4890 His
809 4834 1233 4907 cupiditatibus
1263 4835 1441 4891 etiam
1472 4832 1608 4888 illos
1637 4848 1836 4887 onera-

203 4955 343 5082 ﬁire,
374 4961 480 5039 etc.
538 4955 654 5039 Alii
710 4957 991 5039 quinque,
1022 4958 1251 5014 decursu
1304 4959 1478 5014 gelatis
1533 4958 1689 5027 flore,
1722 4962 1829 5010 etc.

282 5025 443 5082 llam.
477 5031 535 5082 et
564 5028 704 5082 edit.
738 5033 804 5082 ut
834 5046 893 5082 in
923 5033 1104 5082 textu.

282 5025 443 5098 liqui,
477 5031 535 5083 et
564 5027 704 5083 edit.
726 5025 804 5082 _ut
834 5025 893 5083 in
923 5033 1104 5084 textu.

269 5099 375 5238 (i3;
406 5099 535 5154 Edit
563 5114 791 5166 omnes,
819 5102 1107 5156 suavitatis
1134 5104 1250 5158 tua?
1275 5102 1462 5170 gratia
1499 5107 1596 5155 est.

269 5168 351 5238 (14
420 5170 590 5226 Rom.
652 5171 791 5226 edit.
820 5187 833 5224 :
864 5172 1146 5227 cla-viculis
1202 5174 1363 5238 quasi
1406 5173 1596 5228 manib

268 5168 375 5244 (t4)
420 5170 590 5244 Rom.
652 5171 791 5226 edit.
820 5172 1146 5244 {claviculis
1202 5168 1363 5244 quasi
1406 5173 1662 5244 manibus
1717 5179 1833 5244 qui-

204 5238 435 5314 busdam.
468 5241 579 5297 Ubi
625 5241 955 5314 respexisse
1002 5238 1255 5299 editores
1298 5244 1371 5297 ad
1427 5243 1620 5299 locum
1653 5263 1684 5301 e
1720 5238 1829 5302 lib.

201 5309 315 5389 Qic._
338 5316 419 5367 De
439 5321 636 5389 senect.
668 5309 826 5389 satis
844 5314 1126 5389 credibile
1137 5319 1244 5370 est.
1277 5314 1476 5389 Neque
1500 5318 1831 5389 negaverim

198 5381 558 5458 merosium
590 5384 831 5458 etquod
858 5384 954 5458 hic
980 5386 1050 5441 de
1074 5387 1213 5458 vite,
1236 5392 1294 5441 et
1322 5381 1477 5451 quod
1512 5381 1685 5458 paulo
1700 5393 1833 5445 ante

200 5450 265 5505 de
292 5453 581 5510 frumento
620 5450 928 5521 dictitavit,
959 5474 1028 5511 ex
1074 5457 1277 5513 eodem
1329 5450 1554 5512 oratore
1604 5465 1833 5515 mutua-

198 5527 332 5650 $11113]
345 5526 743 5650 esseéoV'erum
776 5533 982 5583 contra
1009 5528 1145 5584 edit.
1170 5532 1227 5584 et
1257 5544 1399 5583 mss.
1430 5530 1831 5587 auctoritatem

296 5614 311 5650 1
367 5613 461 5650 mu
534 5639 547 5650 .

199 5602 332 5650 nihil
367 5602 547 5653 muto.

261 5666 368 5739 (l5)
399 5668 483 5724 Ita
514 5673 627 5725 vet.
659 5669 804 5725 edit.
835 5672 894 5725 et
921 5684 1123 5725 novem
1157 5686 1301 5726 mss.
1334 5674 1409 5727 At
1437 5672 1629 5739 Carm,
1663 5673 1829 5728 Corb.

198 5738 249 5816 et
277 5737 521 5816 Th.cu_m_
573 5739 714 5796 LXX
765 5744 824 5795 et
881 5739 1048 5816 Rom.
1085 5740 1478 5816 Psalterium,
1526 5737 1730 5816 repleta
1758 5747 1832 5799 est

198 5814 356 5866 terra.
412 5810 525 5868 Alii
586 5827 733 5869 mss.
766 5816 826 5867 et
882 5811 1020 5869 edit.
1084 5812 1278 5883 Rom.,
1334 5810 1827 5886 replevit'terram.

1944 4756 2297 4823 cmterasque
2327 4768 2592 4823 gemmas
2647 4754 2869 4829 fulgere
2927 4757 3244 4828 existimes,
3283 4778 3589 4820 coruscare

1943 4839 2172 4895 Indicos
2204 4839 2336 4911 (l7),
2371 4839 2637 4897 albarum
2670 4845 2918 4900 emicare
2945 4847 3218 4918 gratiam.
3250 4849 3366 4905 Nec
3392 4852 3590 4906 adver-

1941 4964 2397 5042 Rursus_eodem
2442 4963 2567 5020 loco
2610 4966 3006 5042 edit.g_l’tom.:
3036 4970 3281 5042 extendit
3327 4973 3587 5042 palmites

1939 5051 2098 5119 suos;
2131 5034 2328 5119 plures
2360 5052 2527 5104 mss,
2568 5037 2705 5107 ejus.
2739 5036 2850 5092 Alii
2904 5043 2961 5094 et
3016 5044 3128 5093 vet.
3188 5034 3363 5108 editi,
3397 5047 3584 5099 exten-

1941 5106 2305 5253 ‘ltizéfgdit
2341 5191 2544 5231 omnes
2557 5181 2632 5253 fit
2661 5194 2803 5253 mﬁs.
2832 5195 2947 5232 non
2971 5180 3150 5253 Pauci
3175 5197 3381 5253 {neque
3410 5184 3587 5239 humi-

1943 5246 2306 5321 lis.AAddunt
2354 5246 2658 5321 nonnulli»:
2692 5248 2907 5321 dives...
2949 5246 3151 5319 jaceat.
3186 5246 3361 5321 Ben.,
3413 5254 3582 5311 Carn.

1941 5322 1998 5373 et
2023 5317 2214 5372 Germ.
2239 5335 2251 5372 :
2282 5333 2458 5388 neque
2485 5318 2639 5372 humi
2667 5319 2810 5386 vilis,
2845 5317 2955 5374 etc.

2014 5389 2132 5461 (l7)
2162 5387 2311 5442 Edit.
2350 5387 2511 5443 Rom.
2546 5392 2603 5461 et
2632 5405 2774 5461 mss.
2827 5390 3115 5459 nonnulli,
3167 5394 3396 5450 indicas.
3433 5397 3581 5452 Edit.

1940 5458 2053 5515 vet.
2087 5475 2221 5541 cum
2255 5476 2399 5541 mss:
2462 5458 2752 5527 undecim,
2811 5461 3034 5516 indicas.
3096 5458 3252 5541 Cmn.
3288 5468 3467 5524 codex
3515 5471 3582 5524 ad

1941 5531 2266 5603 marginem
2298 5531 2500 5586 eadem
2544 5547 2743 5599 manu,
2778 5549 2893 5602 qua
2922 5539 3132 5599 textus,
3169 5535 3286 5591 haec
3331 5540 3581 5610 praefert.

1939 5603 2151 5679 Indicos
2182 5611 2334 5679 vocat
2395 5602 2624 5679 lapides,
2656 5605 2754 5674 qui
2795 5604 2861 5658 de
2904 5604 3065 5679 India
3090 5610 3375 5679 feruntur;
3410 5612 3581 5675 albas,

1939 5690 2073 5745 quas
2103 5677 2169 5728 Β.
2205 5673 2358 5745 Greg.
2407 5674 2642 5738 albulus,
2669 5673 2675 5674 ⁷
2706 5689 2830 5745 quae
2874 5673 3580 5738 usitato'nomine'vocané

1940 5752 2030 5817 tur
2058 5747 2383 5813 margaritae
2428 5749 2479 5800 et
2524 5745 2721 5817 pericu.
2768 5747 3020 5817 Legimus
3048 5752 3101 5805 et
3143 5749 3334 5805 albam
3372 5767 3581 5807 smara-
3690 5788 3695 5795 μ

1939 5816 2123 5889 gdum,
2154 5824 2204 5872 et
2230 5817 2414 5873 albam
2441 5815 2798 5873 sardonicem.
