3932 6212
377 346 487 412 191

1826 339 1895 405 s.
1937 340 2315 447 annnosn

3641 361 3747 426 192

370 483 449 540 tis
475 497 544 540 ex
572 478 666 538 his
696 475 998 537 admoneri
1024 475 1382 550 te,homo,ne
1406 470 1753 534 immaturos
1782 475 2007 534 fructus
2036 480 2092 549 Α
2125 479 2529 556 unusquisque
2558 480 2683 543 suis
2711 479 2961 545 vinculis
2981 481 3283 561 glorietur,
3301 484 3452 547 sicut
3479 487 3747 565 gloriaba-

370 576 504 629 tuos
534 571 659 627 dies
703 586 1016 642 supremus
1075 567 1350 636 inveniat,
1383 571 1484 623 aut
1539 567 1724 639 plena
1775 572 2009 641 tempus

370 660 558 727 atatis
574 676 748 732 opera
764 658 1048 730 imperata
1072 656 1387 711 dedeceant
1417 656 1548 727 (l8).
1575 658 1833 712 Acerbus
1853 656 2008 712 enim

2118 575 2215 627 tur
2232 575 2288 628 et
2329 572 2567 644 Paulus,
2601 574 2800 632 dicens
2825 592 2838 633 :
2863 577 3072 634 Paulus
3100 580 3337 646 vinctus,
3392 582 3515 637 Jesu
3558 580 3749 642 Christi

2118 660 2372 732 (Philem.
2413 662 2515 733 l)?
2570 662 2671 720 His
2727 664 2943 738 ligatus
2993 666 3244 723 vinculis
3300 669 3564 726 dicebat:
3624 674 3746 741 Qui:

369 751 594 807 fructus
625 747 879 804 amarior
924 762 1050 802 esse
1109 745 1443 833 consuevit;
1474 762 1579 801 nec
1624 750 1814 816 potest
1843 746 2010 802 dulce
2118 765 2213 805 nos
2240 752 2519 822 separabit
2571 769 2605 807 a
2659 750 2924 810 charitate
2984 753 3188 811 Christi
3244 756 3419 827 (Rom.
3467 775 3588 827 vm,
3617 761 3745 833 35)?

371 855 518 903 esse,
541 837 654 892 nisi
683 836 836 907 quod
864 836 932 889 ad
968 831 1364 889 maturitatem
1413 833 1781 905 perfectionis
1812 833 2007 890 adole-

366 927 530 983 verit.
563 925 710 980 ‘Huic
739 925 860 979 viro
893 924 1141 996 perfecto
1172 940 1276 979 nec
1299 923 1484 995 frigus
1504 922 1752 978 horrida
1776 924 2004 989 mortis,

368 1032 471 1071 nec
495 1014 579 1071 sol
602 1013 928 1084 iniquitatis
953 1028 1157 1069 nocere
1178 1012 1505 1079 consuevit;
1534 1012 1672 1084 quia
1693 1013 2007 1069 obumbrat

365 1121 500 1161 eum
531 1104 718 1176 gratia
747 1101 1050 1174 spiritalis,
1084 1106 1142 1157 et
1184 1101 1378 1156 omnia
1424 1102 1733 1156 mundana
1778 1101 2005 1174 cupidi—

364 1192 502 1248 tatis
528 1197 586 1247 et
608 1206 893 1262 corporea
929 1190 1190 1245 libidinis
1236 1190 1547 1262 restinguit
1576 1189 1864 1257 incendia,
1900 1191 2003 1246 de-

365 1281 548 1338 fendit
578 1280 835 1336 ardores.
867 1279 1132 1335 Laudent
1162 1283 1217 1335 te
1248 1279 1583 1351 quicunque
1614 1279 2001 1351 conspiciunt,

363 1374 421 1426 et
451 1370 689 1443 agmina
711 1368 978 1424 Ecclesia
1008 1367 1164 1424 velut
1192 1368 1458 1440 quadam
1507 1367 1816 1439 palmitum
1847 1373 2003 1426 serta

361 1459 685 1515 mirentur:
720 1460 983 1529 spectent
1011 1456 1230 1529 singuli
1282 1455 1543 1512 ﬁdelium
1593 1456 1839 1528 pulchra
1874 1459 2000 1513 ani-

358 1563 588 1604 marum
619 1545 888 1601 monilia:
912 1544 1271 1601 delectentur
1302 1544 1636 1601 maturitate
1656 1547 1995 1618 prudentia,

356 1635 663 1709 ‘splendore
692 1634 847 1701 fidei,
880 1634 1267 1690 confessionis
1318 1635 1547 1705 decore,
1571 1634 1817 1706 justitia
1867 1635 1997 1709 pul-

355 1723 707 1791 chritudine,
744 1724 1007 1779 ubertate
1037 1723 1471 1793 misericordia,
1505 1727 1569 1779 ut
1592 1724 1823 1781 dicatur
1849 1725 1953 1780 tibi
1979 1742 1992 1780 :

357 1814 503 1870 Uxor
539 1819 631 1867 tua
676 1813 818 1867 sicut
871 1812 998 1866 vitis
1045 1811 1331 1867 abundans
1384 1814 1443 1866 in
1502 1814 1764 1869 lateribus
1806 1815 1996 1870 domus

352 1905 465 1958 tua?
493 1901 663 1972 (Psal.
696 1917 908 1966 cxxvn,
930 1900 1030 1972 3);
1064 1916 1131 1955 eo
1178 1902 1333 1971 quod
1377 1900 1831 1958 redundantiam
1861 1903 1995 1958 vitis

353 1989 685 2057 fructifera,
714 1988 960 2061 copiosa
993 2005 1233 2045 munere
1254 1988 1620 2046 liberalitatis
1650 1991 1920 2047 imiteris.

963 2104 1194 2161 CAPUT
1232 2105 1379 2161 XIII.

346 2197 423 2251 De
453 2195 715 2250 arborum
742 2195 1003 2264 utilitate,
1038 2210 1101 2248 ac
1146 2194 1495 2261 diversitate;
1522 2196 1587 2251 de
1625 2197 1838 2252 ratione
1867 2196 1993 2250 illas

408 2266 654 2338 jugandi
708 2282 773 2321 ac
815 2265 1160 2338 medicandi:
1204 2269 1472 2336 postremo
1527 2267 1591 2322 de
1638 2268 1993 2323 arboreorum

413 2337 699 2394 succorum
744 2337 1173 2409 proprietatibus
1192 2354 1214 2398 ;
1244 2353 1369 2393 cum
1414 2338 1618 2394 morali
1656 2338 1728 2394 ad
1772 2340 1993 2409 singula

415 2411 768 2482 expositione.

410 2526 501 2581 55.
523 2525 634 2581 Sed
657 2524 798 2598 quid
819 2541 924 2597 ego
959 2524 1017 2579 in
1037 2524 1162 2580 sola
1182 2524 1296 2580 vite
1311 2525 1609 2589 immoror,
1630 2542 1764 2581 cum
1791 2525 1988 2583 omnia

339 2630 557 2687 genera
605 2615 879 2671 arborum
931 2612 1097 2670 utilia
1126 2614 1268 2682 sint,
1297 2613 1411 2670 alia
1467 2614 1569 2671 54
1626 2616 1697 2670 ad
1728 2616 1985 2671 fructum

339 2709 498 2775 nata,
531 2704 645 2761 alia
674 2706 745 2760 ad
779 2720 955 2760 usum
1005 2704 1186 2759 data?
1211 2704 1359 2759 Nam
1389 2709 1447 2759 et
1491 2704 1705 2775 quibus
1750 2722 1866 2762 non
1898 2712 1987 2764 est

338 2797 564 2856 fructus
593 2792 847 2857 uberior,
879 2796 1076 2849 tamen
1107 2810 1253 2847 usus
1293 2792 1602 2865 pretiosior
1624 2798 1732 2850 est.
1765 2795 1984 2853 Cedrus

337 2881 767 2954 suspendendis
814 2885 1100 2937 tectorum
1151 2884 1287 2953 apta
1314 2880 1693 2953 culminibus,
1727 2900 1795 2940 eo
1826 2887 1983 2957 quod

337 2970 681 3040 hujusmodi
713 2969 988 3026 materies
1019 2973 1076 3025 et
1107 2985 1344 3042 procera
1373 2970 1450 3027 sit
1480 2972 1817 3044 spatiis,nec
1845 2991 1984 3031 one-

337 3076 472 3116 rosa
502 3059 841 3131 parietibus.
868 3059 1271 3115 Lacunaribus
1302 3076 1535 3132 quoque
1566 3064 1982 3136 comendisque

2114 834 2378 895 Vinculis
2398 840 2761 898 abstinentia
2783 842 3034 899 vinculis
3053 843 3380 902 charitatis.
3414 846 3514 903 His
3542 845 3744 921 ligatus

2114 926 2362 984 vinculis
2392 929 2569 985 etiam
2626 930 2805 987 David
2857 932 2976 987 ait:
3034 933 3100 989 In
3148 934 3428 1003 salicibus,
3466 937 3528 989 in
3580 938 3744 996 medio

2113 1016 2229 1088 ejus
2257 1016 2631 1089 suspendimus
2672 1036 2875 1091 orgena
2929 1030 3117 1078 nostra
3172 1024 3343 1095 (Psal.
3404 1040 3622 1093 cxxxvn,
3669 1029 3739 1097 2).

2114 1106 2313 1163 Buxus
2337 1123 2572 1180 quoque
2601 1107 3025 1166 elementorum
3057 1110 3324 1182 apicibus
3371 1113 3534 1170 utilis
3562 1115 3743 1187 expri-

2113 1195 2363 1266 mendis,
2398 1195 2507 1252 levi
2538 1197 2782 1254 materia
2819 1214 2993 1254 usum
3046 1216 3258 1256 manus
3302 1200 3542 1273 puerilis
3573 1203 3741 1260 infor-

2112 1289 2252 1340 mat.
2308 1284 2471 1341 Unde
2525 1286 2608 1342 ait
2662 1286 3002 1360 Scriptura:
3036 1288 3226 1345 Scribe
3281 1292 3342 1344 in
3400 1290 3542 1346 buxo
3599 1292 3737 1365 (Isa.,

2111 1389 2241 1441 xxx,
2272 1374 2349 1442 8).
2383 1373 2571 1430 Simul
2599 1377 2663 1430 ut
2699 1376 3012 1433 admoneat
3059 1380 3116 1433 te
3172 1378 3303 1450 ipsa
3351 1379 3596 1436 materia
3622 1396 3741 1453 qua

2110 1477 2341 1533 semper
2367 1462 2532 1529 viret,
2566 1479 2670 1519 nec
2704 1481 2965 1537 unquam
3007 1464 3163 1522 foliis
3216 1467 3450 1523 exuitur
3502 1469 3641 1537 suis,
3674 1484 3741 1526 ne

2109 1566 2371 1623 unquam
2403 1552 2525 1624 spei
2559 1556 2672 1608 tua
2704 1553 3173 1611 dissimulatione
3203 1555 3574 1626 nuderis,sed
3604 1574 3742 1615 sem-

2108 1655 2211 1711 per
2230 1640 2337 1696 tibi
2368 1657 2472 1713 per
2500 1641 2677 1697 ﬁdem
2708 1643 2997 1714 germinet
3027 1659 3161 1716 spes
3193 1643 3419 1701 salutis.

2176 1730 2266 1785 54.
2290 1728 2437 1793 Quid
2459 1745 2565 1802 ego
2585 1745 2921 1792 enumerem
2946 1736 3167 1804 quanta
3184 1732 3434 1815 varietas
3452 1734 3740 1807 arborum,

2106 1834 2284 1889 quam
2305 1817 2570 1874 diversus
2590 1817 2652 1873 in
2675 1816 2927 1891 singulis
2947 1824 3006 1876 et
3033 1819 3275 1892 pulcher
3293 1826 3556 1891 ornatus,
3573 1840 3741 1895 quam

2105 1906 2317 1979 patula
2347 1907 2671 1980 fagi,quam
2700 1923 2949 1981 procera
2980 1908 3221 1978 abietes,
3242 1925 3417 1982 quam
3451 1915 3742 1967 comantes

2105 1996 2299 2067 pinus,
2333 1988 2843 2069 quam'umbrosa
2888 1996 3073 2069 ilices,
3118 2014 3296 2070 quam
3346 1996 3552 2072 populi
3592 2000 3742 2056 bico-

2104 2083 2278 2154 lores,
2313 2102 2489 2157 quam
2522 2101 2831 2142 nemorosa
2877 2089 2935 2144 et
2982 2085 3240 2143 rediviva
3287 2092 3589 2158 castanea,
3619 2105 3742 2161 qua

2103 2172 2282 2230 simul
2309 2177 2376 2229 ut
2403 2174 2595 2244 excisa
2624 2174 3106 2247 fuerit,tanquam
3138 2173 3345 2232 silvam
3367 2192 3436 2233 ex
3470 2193 3533 2233 se
3562 2170 3745 2249 pullu-

2102 2261 2221 2318 lare
2251 2263 2587 2332 consuevit;
2620 2264 3118 2334 quemadmodum
3156 2263 3217 2319 in
3248 2264 3563 2321 arboribus
3603 2264 3742 2338 ipsis

2101 2355 2242 2407 atas
2271 2356 2372 2407 aut
2399 2351 2600 2408 senilis
2631 2355 2733 2408 aut
2760 2351 2986 2409 novella
3027 2352 3524 2425 deprehenditur:
3550 2355 3743 2426 junio-

2101 2440 2266 2497 ribus
2296 2440 2451 2497 enim
2482 2439 2750 2497 exiliores
2782 2441 2952 2509 rami,
2985 2441 3416 2513 antiquioribus
3456 2436 3743 2500 validiora

2101 2534 2158 2585 et
2186 2530 2409 2586 nodosa
2438 2534 2576 2587 sunt
2608 2529 2883 2587 brachia:
2916 2529 3035 2587 illis
3082 2530 3220 2587 folia
3276 2530 3531 2605 levigata
3578 2536 3744 2605 atque

2099 2620 2332 2687 diﬁusa,
2387 2619 2517 2676 istis
2550 2620 2940 2677 contractiora
2984 2624 3044 2676 et
3086 2635 3313 2692 aspera.
3375 2621 3533 2677 Sunt
3572 2621 3741 2678 etiam

2097 2709 2335 2766 arbores
2356 2725 2483 2781 qua
2503 2708 2673 2766 senili
2708 2699 2884 2781 atwe
2900 2713 3166 2766 emortua
3199 2709 3393 2766 radice
3414 2712 3743 2768 successio—

2096 2816 2229 2855 nem
2258 2797 2427 2869 sui,si
2445 2798 2592 2854 forte
2612 2788 2929 2868 cadantur,
2962 2813 3230 2871 reparare
3278 2815 3394 2855 non
3440 2801 3741 2869 noverint;

2096 2886 2219 2944 alia
2252 2887 2468 2959 quibus
2489 2887 2883 2957 autjuventus
2903 2874 3177 2956 viret,aut
3198 2891 3412 2945 natura
3443 2887 3745 2945 fecundior

2094 2980 2203 3044 est,
2236 2976 2455 3050 quibus
2484 2975 2697 3032 excisio
2754 2975 2918 3032 lucro
2958 2977 3155 3049 p‘otius
3183 2993 3361 3049 quam
3393 2978 3742 3034 detrimento

2094 3066 2191 3136 sit,
2224 3070 2289 3121 ut
2316 3081 2421 3141 per
2448 3065 2647 3137 plures
2693 3064 2787 3120 sui
2832 3064 3087 3121 rediviva
3139 3066 3517 3122 successione
3556 3083 3743 3123 remo-

334 3147 586 3221 fastigiis
618 3147 832 3204 habilis
858 3148 969 3220 (19)
991 3151 1080 3203 est
1101 3164 1438 3220 cupressus.
1464 3148 1626 3205 Unde
1642 3153 1698 3205 et
1728 3150 1981 3208 Ecclesia
2091 3158 2303 3211 ventur
2329 3153 2607 3210 haredes.

336 3235 550 3292 dicitin
568 3236 848 3293 Canticis:
884 3237 1078 3293 Trabes
1121 3236 1410 3293 domorum
1444 3246 1761 3294 nostrarum
1803 3240 1979 3295 cedri-
2011 3221 2054 3290 (ἶ
2162 3246 2253 3300 55.
2286 3246 2386 3299 Est
2414 3243 2775 3316 etiam,quod
2805 3241 3058 3313 mireris,
3072 3242 3219 3314 ipsis
3244 3258 3421 3299 sexus
3443 3242 3506 3299 in
3528 3242 3738 3316 pomis,

332 3341 445 3393 nec,
496 3327 785 3383 lacunaria
828 3334 1015 3382 nostra
1063 3327 1393 3399 cupressima
1442 3326 1623 3398 (Cant.
1664 3345 1702 3396 ι,
1760 3329 1882 3400 16);
1917 3330 1976 3385 in

333 3413 429 3471 his
460 3431 587 3471 esse
618 3414 923 3471 declarans
954 3415 1165 3471 decora
1195 3414 1288 3470 sui
1342 3420 1687 3473 ornamenta
1735 3417 1975 3491 fastigii,

334 3503 434 3575 qui
468 3503 636 3574 quasi
660 3503 853 3558 trabes
881 3504 995 3573 (20)
1024 3503 1302 3558 verticem
1336 3503 1602 3560 Ecclesia
1633 3521 1740 3561 sua
1762 3506 1979 3564 virtute

333 3590 685 3656 sustineant,
720 3595 777 3647 et
813 3591 1114 3664 fastigium
1162 3593 1291 3664 ejus
1339 3598 1637 3649 exornent.
1672 3595 1898 3652 Laurus
1922 3600 1980 3653 et

333 3680 533 3754 palma
561 3681 633 3736 ad
663 3680 893 3753 insigne
939 3680 1212 3736 victoria.
1246 3682 1435 3736 Lauro
1472 3682 1756 3738 victorum
1787 3685 1980 3757 capita

334 3775 705 3834 coronantur,
750 3768 946 3841 palma
1005 3786 1217 3825 manus
1268 3768 1523 3825 victricis
1580 3776 1821 3829 ornatus
1867 3778 1974 3831 est.

334 3859 496 3915 Unde
527 3862 584 3914 et
613 3856 869 3913 Ecclesia
921 3858 1040 3913 ait:
1073 3860 1222 3921 Dixi,
1272 3860 1559 3915 ascendam
1607 3863 1667 3915 in
1711 3863 1974 3933 palmam,

335 3948 519 4005 tenebo
548 3946 866 4002 altitudines
894 3949 1012 4019 ejus
1041 3948 1232 4016 (Cant.
1264 3964 1364 4018 vn,
1404 3949 1479 4021 8).
1531 3949 1664 4013 Qua
1716 3951 1977 4008 eminen-

332 4037 475 4092 tiam
507 4035 711 4092 videns
741 4036 937 4105 Verbi,
971 4041 1029 4092 et
1052 4052 1295 4109 sperans
1326 4039 1480 4110 quod
1517 4039 1588 4095 ad
1621 4040 1749 4111 ejus
1778 4039 1977 4097 altitu-

334 4126 532 4182 dinem
564 4125 750 4198 possit
787 4126 1097 4182 ascendere
1142 4130 1200 4181 et
1246 4125 1502 4182 scientia
1551 4128 1974 4200 summitatem,

333 4214 511 4272 dicit:
545 4208 840 4271 Ascendam
886 4218 946 4270 in
988 4216 1272 4286 palmam;
1331 4219 1397 4270 ut
1450 4216 1648 4273 omnia
1704 4218 1980 4276 inferiora

334 4302 646 4375 relinquat,
678 4307 735 4358 et
768 4304 835 4358 ad
885 4303 1187 4375 superiora
1225 4306 1558 4373 contendat,
1590 4307 1662 4362 ad
1710 4307 1977 4364 bravium

333 4390 547 4449 Christi
567 4392 702 4463 (21),
734 4395 797 4446 ut
821 4409 1026 4448 suaves
1047 4394 1177 4462 ejus
1210 4392 1437 4449 fructus
1467 4399 1670 4467 carpat
1698 4399 1755 4452 et
1784 4400 1981 4469 gustet

2087 3336 2176 3389 est
2207 3332 2479 3389 discretio
2527 3348 2702 3388 sexus
2726 3330 2786 3386 in
2835 3330 3164 3387 arboribus.
3191 3331 3336 3387 Nam
3385 3332 3592 3388 videas
3620 3329 3743 3403 pal-

2088 3437 2247 3479 mam
2268 3438 2394 3494 qua
2420 3418 2682 3492 dactylos
2702 3422 2959 3493 generat,
2986 3418 3338 3492 plerumque.
3353 3418 3741 3476 inclinantem

2088 3527 2284 3568 ramos
2342 3527 2482 3567 suos
2537 3512 2595 3565 et
2652 3508 3081 3580 subjicientem,
3139 3512 3197 3563 et
3244 3508 3743 3580 concupiscentia

2088 3604 2265 3672 atque
2290 3598 2594 3671 amplexus
2626 3598 2880 3671 speciem
2934 3597 3391 3670 pratendentem
3429 3598 3532 3655 55
3567 3601 3627 3654 et
3655 3613 3742 3653 ar-

2085 3689 2237 3759 bori,
2270 3703 2450 3760 quam
2481 3702 2703 3742 marem
2735 3685 2993 3759 palmam
3038 3684 3335 3758 appellant
3364 3674 3538 3758 pueri
3571 3685 3743 3742 rusti-

2089 3794 2313 3835 corum.
2347 3776 2482 3848 (22).
2513 3774 2619 3832 Illa
2648 3790 2784 3849 ergo
2808 3774 3007 3847 palma
3029 3773 3279 3830 feminea
3299 3778 3412 3843 est,
3449 3779 3510 3831 et
3539 3789 3741 3831 sexum

2089 3883 2265 3924 suum
2297 3864 2678 3937 subjectionis
2701 3863 2892 3936 specie
2931 3863 3257 3919 confitetur.
3288 3863 3458 3920 Unde
3480 3863 3741 3920 locorum

2089 3953 2339 4011 cultores
2370 3953 2714 4026 prajaciunt
2741 3951 2922 4008 ramis
2952 3952 3081 4024 ejus
3108 3951 3480 4024 dactylorum
3506 3950 3597 4008 vel
3621 3950 3741 4023 pal-

2089 4043 2300 4100 mitum
2333 4042 2562 4098 semina
2605 4040 3002 4098 masculorum
3034 4038 3167 4113 (23),
3201 4039 3423 4111 quibus
3452 4039 3545 4096 illi
3577 4037 3740 4096 femi-

2089 4150 2209 4190 nea
2241 4130 2436 4188 arbori
2463 4130 2624 4187 velut
2653 4129 2895 4202 quidam
2949 4143 3160 4185 sensus
3194 4128 3636 4201 perfunctionis
3664 4128 3751 4183 in-

2089 4221 2379 4287 funditur,
2414 4224 2471 4276 et
2509 4218 2746 4292 expetiti
2782 4204 3150 4297 iconcubitus
3179 4216 3369 4291 gratia
3429 4232 3751 4295 reprasen-

2087 4314 2266 4366 tatur.
2300 4311 2425 4376 Quo
2454 4323 2697 4364 munere
2718 4308 2934 4364 donata
2963 4323 3169 4363 rursus
3189 4305 3467 4379 erigitur,
3493 4309 3554 4363 et
3572 4306 3755 4363 elevat

2088 4416 2285 4456 ramos
2315 4414 2478 4464 suos,
2510 4400 2568 4453 et
2618 4396 2679 4452 in
2718 4399 2973 4452 veterem
3034 4397 3252 4452 statum
3311 4410 3555 4453 comam
3588 4407 3756 4450 suam

333 4480 540 4536 Suavis
570 4478 727 4535 enim
755 4480 987 4535 virtutis
1025 4483 1115 4536 est
1170 4481 1415 4538 fructus.
1450 4483 1707 4557 P0pulus
1745 4502 1981 4558 quoque
2091 4505 2301 4545 rursus
2349 4486 2581 4543 attollit.
2614 4485 2696 4542 De
2742 4484 2857 4540 ficu
2903 4500 3138 4561 quoque
3174 4484 3378 4540 eadem
3415 4484 3621 4557 opinio
3650 4485 3754 4539 est.

334 4567 566 4625 coronis
595 4568 768 4624 arbor
815 4569 1093 4624 umbrosa
1149 4570 1506 4639 victricibus,
1541 4577 1598 4628 et
1655 4573 1801 4630 salix
1829 4574 1987 4631 lenta
2015 4585 2062 4652 ι)
2095 4579 2345 4648 Ideoque
2375 4575 2640 4649 plerique
2669 4573 2997 4631 secundum
3039 4573 3427 4630 domesticam
3461 4577 3524 4630 et
3554 4570 3755 4629 fructi-

332 4657 552 4715 vitibus
582 4655 798 4713 habilis
819 4657 1159 4729 vinciendis,
1182 4659 1321 4732 quid
1346 4659 1504 4716 aliud
1528 4663 1774 4735 mystice
1790 4663 1980 4720 decla-
2092 4666 2277 4723 feram
2304 4665 2480 4720 ficum
2499 4665 2790 4738 agrestem
2831 4661 3142 4719 ﬁculneam
3174 4662 3455 4719 feruntur
3474 4662 3758 4727 inserere,

335 4750 488 4814 rant,
521 4745 636 4801 nisi
663 4746 816 4802 bona
863 4764 991 4803 esse
1037 4747 1253 4805 Christi
1310 4749 1566 4820 vincula,
1604 4769 1730 4824 qua
1774 4769 1982 4810 nocere
2094 4771 2161 4812 eo
2192 4755 2348 4827 quod
2381 4753 2495 4810 cito
2521 4752 2752 4809 fructus
2800 4751 3061 4808 fecunda
3092 4751 3252 4808 illius
3303 4755 3361 4807 et
3421 4748 3759 4808 domestica

335 4853 452 4896 non
484 4835 727 4906 soleant,
759 4836 992 4894 vincula
1017 4839 1237 4911 gratia,
1286 4839 1522 4895 vincula
1560 4840 1884 4913 charitatis,
1917 4845 1984 4897 ut
2092 4845 2241 4901 ﬁcus
2262 4842 2352 4900 vel
2370 4841 2731 4900 auratentati
2750 4839 2968 4913 aliqua,
2988 4839 3076 4897 vel
3107 4844 3252 4897 astu
3281 4840 3551 4898 deﬂuere
3572 4839 3759 4897 feran-

405 5078 518 5152 (18)
550 5080 691 5136 Mss.
742 5080 1025 5207 guinque,
1075 5095 1242 5151 opera
1286 5096 1460 5150 parva
1515 5080 1763 5164 deducat.
1813 5084 1976 5168 Tres,
2162 5083 2278 5207 (21)
2307 5081 2455 5138 Vide
2487 5083 2687 5138 notam
2711 5080 2949 5167 pagina
2981 5080 3093 5138 ¹182
3116 5080 3474 5162 subjectum.
3691 5147 3704 5161 .

405 5167 500 5207 era
524 5168 693 5207 prava
785 5152 994 5207 educat.
1038 5150 1220 5207 Unus.
1279 5151 1561 5207 deducant.
1610 5154 1774 5207 Alius
1816 5155 1979 5207 deni-
2162 5159 2255 5207 (22
2306 5154 2425 5207 Hoc
2455 5157 2545 5207 est
2572 5158 2793 5207 metm.
2825 5154 2897 5207 Et
2942 5170 3013 5207 ea
3040 5152 3317 5207 louuendi
3342 5150 3557 5207 forma
3586 5152 3704 5207 neti

335 5150 507 5222 opera
519 5168 693 5225 prava
748 5150 994 5208 deducat.
1038 5150 1220 5219 Unus,
1279 5151 1561 5208 deducant.
1610 5154 1774 5210 Alius
1816 5150 1979 5212 deni;
2162 5150 2278 5225 (22)
2306 5154 2425 5210 Hoc
2455 5157 2545 5210 est
2572 5150 2897 5225 mtiéifEt
2942 5170 3013 5210 ea
3040 5150 3317 5225 loquendi
3342 5150 3557 5225 forma
3586 5150 3769 5222 petita

335 5222 786 5303 qule,ndel_ectent.
822 5293 859 5303 __
993 5298 1001 5303 _
1364 5294 1378 5303 ‘
1477 5295 1515 5303 η
1731 5300 1742 5303 Α

2119 5222 2180 5284 εει
2210 5222 2511 5296 α’ῦιιωαὶε,
2565 5222 2722 5303 apud
2763 5240 2912 5303 quos
2942 5222 3626 5303 «augebocdeuv‘idem
3672 5235 3768 5303 sq-

406 5292 516 5369 (Ᾰῼ)
584 5294 725 5349 Mss.
787 5293 1031 5366 aliquot,
1098 5294 1645 5369 commendandisque
1710 5300 1976 5369 fastigiis,
2090 5303 2191 5357 nat
2234 5315 2301 5354 ac
2332 5292 2623 5369 φιλόσόφοιῖ
2652 5292 2859 5369 imo-et
2886 5297 3042 5369 apud
3072 5292 3357 5369 liébraos
3396 5294 3572 5369 ﬁlius
3593 5292 3767 5369 homi-

337 5364 595 5441 Ῐιαρέέέδολ
1325 5438 1335 5441 _
1550 5364 1565 5369 ⁷
1643 5439 1650 5441 _
1710 5364 1719 5369 ’
1849 5364 1867 5369 ⁷
1962 5364 1971 5369 ⁷
2090 5373 2177 5428 nis
2206 5364 2583 5441 proghomine
2611 5385 2765 5441 sape
2799 5368 2860 5423 in
2889 5364 3019 5441 Vet.
3069 5367 3452 5441 Testamento
3504 5364 3766 5438 ponitur,

410 5434 522 5525 (20)
563 5435 741 5525 llum.)
768 5436 1373 5525 Δρςὶὶῐηὶςιῃηηρξιιιοίει
1438 5439 1981 5525 recentioribusque
2090 5434 2665 5525 et’a‘lia'bujusm‘odi
2692 5434 2929 5525 Exstant
2957 5436 3445 5525 bene'm-ulta.“jr
3684 5507 3700 5525 Β

337 5520 507 5585 mea,
557 5516 877 5585 ornamenta
930 5507 1149 5585 fastigii
1171 5506 1312 5585 'qua
1368 5513 1546 5580 quasi,
1562 5582 1587 5585 ι
1605 5516 1712 5585 e_t_c.
1773 5506 1982 5571 Melius
2163 5506 2475 5585 (23)_Roin.
2508 5511 2673 5585 edit,
2701 5512 3023 5585 palmarum
3039 5510 3216 5585 _1_)elut_
3251 5506 3526 5585 quadam
3557 5507 3770 5564 semina

339 5574 634 5662 διίρενομω
667 5574 975 5648 reliquias.
1023 5574 1119 5662 qui
1147 5574 1325 5649 quasi,
1375 5574 1493 5635 "etc.
1534 5574 1845 5662 'Syllepsis
1892 5589 1983 5662 est
2089 5574 2484 5662 maxillarum.
2510 5574 2669 5639 Alia'
2697 5574 2763 5662 et.
2803 5599 2947 5640 mss.
3004 5574 3646 5662 aliquotfpa‘lgnarum
3684 5591 3770 5662 se-

338 5652 590 5730 enim-in
619 5662 753 5703 voce
782 5653 1121 5717 ornamenta,
1154 5666 1255 5721 per
1307 5666 1485 5721 quam
1525 5652 1773 5724 apostoli
1799 5657 1978 5730 signi-
2090 5655 2665 5730 minapmasculorum.
2697 5657 2773 5713 At
2812 5671 2959 5714 mss.
3022 5652 3224 5712 decem
3280 5652 3546 5729 optimas
3600 5652 3770 5717 nota,

337 5716 513 5778 ﬁcant
521 5734 609 5776 ur.
1154 5716 1173 5721 ’
1323 5716 1343 5721 “
1562 5716 1582 5724 ’
1852 5716 1887 5730 ν
2086 5728 2405 5803 palmitum,
2448 5729 2559 5803 etc.
