3932 6212
163 308 255 380 193

1400 284 1936 384 aeramnae):
1980 319 2130 383 LIB.
2176 322 2285 385 ιιι.

3426 316 3545 393 194

158 460 235 509 tur
256 453 308 509 in
334 458 581 514 terram.
617 455 793 513 Cnde
843 454 1011 530 gnari
1054 454 1236 526 hujus
1271 456 1513 511 remedii
1560 458 1786 529 gressis
1896 456 2263 528 gratiamque
2295 474 2629 530 pomorum,
2660 456 3031 531 singulorum
3059 473 3292 531 quoque
3320 460 3537 519 utilita-

161 543 348 599 arboris
363 544 621 618 agrestis
650 544 921 617 alligatis
945 545 1017 600 ad
1044 543 1207 600 illam
1225 544 1475 600 feracem
1497 547 1787 614 arborem,

157 633 573 706 medenturejus
585 635 925 691 inﬁrmitati
942 653 957 699 ;
984 639 1049 689 ut
1068 635 1255 706 possit
1283 634 1472 689 fructu
1488 636 1789 708 sproprios

154 724 828 797 resemreJamjamque
845 723 896 780 si
910 723 1173 779 deferent
1194 723 1473 791 remedia,
1492 723 1784 796 lapsuros.

156 813 258 877 Quo
285 812 679 868 admonemur
716 812 879 868 velut
930 812 1185 885 quodam
1213 812 1521 883 aenigmate
1563 818 1786 869 natura:

155 917 248 955 non
297 902 565 974 refugere
614 919 742 967 eos,
792 901 962 973 quia
988 906 1192 957 nostra
1246 901 1359 957 ﬁde
1408 908 1467 958 et
1493 904 1786 959 consortio

151 990 377 1060 separati
408 995 551 1045 sunt
575 1009 591 1057 ;
622 1007 693 1046 eo
723 990 881 1063 quod
904 994 962 1045 et
990 988 1226 1063 gentilis
1254 991 1357 1062 qui
1387 990 1563 1047 fuerit
1591 992 1790 1065 acqui-

153 1078 299 1146 situs,
322 1095 440 1150 quo
472 1080 710 1151 gravior
750 1078 925 1134 fuerit
953 1083 1208 1134 assertor
1234 1080 1468 1145 erroris,
1520 1096 1587 1136 eo
1614 1081 1785 1136 vehe-

152 1167 382 1221 mentior
407 1167 603 1238 possit
646 1168 781 1224 ﬁdei
832 1168 1101 1223 defensor
1145 1169 1452 1235 exsistere;
1484 1173 1541 1224 et
1569 1170 1618 1224 si
1651 1170 1787 1242 quis

150 1256 207 1311 de
231 1255 522 1312 hereticis
551 1261 945 1323 convertatur,
974 1256 1135 1312 velut
1162 1257 1469 1313 conﬁrmet
1498 1275 1626 1314 eam
1656 1276 1788 1330 par-

152 1350 248 1400 tem
274 1345 337 1402 in
390 1362 575 1419 quam
608 1363 672 1401 se
720 1350 1081 1402 commutata
1129 1346 1400 1417 opinione
1452 1347 1786 1415 contulerit,

150 1434 381 1489 maxime
408 1435 465 1489 si
520 1434 740 1489 habeat
792 1433 1015 1505 aliquid
1070 1438 1293 1489 natura:
1351 1436 1665 1508 directum,
1723 1442 1789 1492 ut

148 1522 319 1577 vivida
347 1522 544 1594 possit
581 1538 711 1578 esse
737 1523 868 1594 ejus
912 1523 1223 1589 sententia,
1254 1522 1304 1580 si
1332 1524 1791 1582 adminiculetur

147 1610 189 1664 ei
216 1612 464 1667 attentio
494 1611 851 1679 sobrietatis,
884 1611 1251 1668 observantia
1291 1613 1598 1669 castitatis.
1648 1615 1787 1671 Pro-

146 1698 311 1755 funde
339 1715 485 1773 ergo
515 1700 672 1755 circa
699 1716 835 1755 eum
867 1700 1130 1756 studium
1160 1704 1351 1768 tuum,
1397 1706 1463 1757 ut
1510 1702 1786 1758 similitu-

144 1787 267 1842 dine
297 1787 617 1845 fructiferae
648 1787 810 1844 illius
841 1787 989 1844 ﬁcus
1018 1789 1089 1844 de
1118 1789 1428 1861 praesentia
1457 1796 1515 1846 et
1543 1793 1785 1863 conjun-

145 1878 324 1933 ctione
336 1878 594 1950 agrestis
606 1876 767 1932 illius
778 1877 1001 1933 arboris
1029 1882 1191 1933 tuam
1213 1879 1791 1951 possiscorroborare

143 1966 439 2022 virtutem.
480 1967 566 2021 Ita
594 1966 751 2021 enim
792 1970 895 2022 tua
923 1982 1029 2022 nec
1055 1966 1412 2023 dissolvetur
1439 1968 1706 2040 intentio,
1737 1974 1796 2026 et

146 2054 457 2127 diligentia
489 2055 715 2111 fructus
746 2059 804 2111 et
832 2055 1029 2128 gratiae
1060 2056 1469 2112 reservabitur.

208 2145 297 2199 56.
333 2145 523 2210 Quam
555 2142 744 2199 multa
763 2148 904 2199 sunt
926 2148 1119 2199 autem
1143 2160 1269 2216 quae
1290 2145 1535 2202 doceant
1556 2151 1791 2204 natura-

147 2232 253 2288 lem
282 2232 568 2288 duritiam
599 2248 774 2304 posse
830 2231 1147 2307 diligentia
1201 2234 1399 2291 studio
1456 2238 1791 2308 temperari,

147 2321 354 2394 quibus
402 2323 573 2377 aﬂ'ert
614 2321 809 2377 cultus
839 2321 1053 2377 ruralis
1086 2323 1455 2395 exemplum!
1493 2325 1641 2381 Nam
1670 2325 1794 2398 ple-

148 2426 388 2482 rumque
410 2411 528 2467 cito
546 2410 759 2467 ﬂorent
775 2409 931 2466 mala
949 2415 1214 2483 grauata,
1240 2416 1299 2468 et
1317 2411 1573 2470 fructum
1590 2416 1796 2472 afferre

154 2516 259 2554 non
306 2504 583 2572 possunt,
636 2499 751 2555 nisi
807 2500 1084 2572 congruis
1136 2501 1461 2573 peritorum
1520 2504 1796 2561 remediis

158 2587 510 2644 excolantur:
560 2587 910 2661 plerumque
960 2605 1171 2645 succus
1216 2591 1476 2648 vanescit
1531 2592 1790 2663 interior,

162 2682 212 2730 et
237 2676 396 2732 fortis
451 2677 678 2750 species
733 2679 864 2749 ejus
918 2677 1164 2749 pulchra
1207 2680 1606 2751 praetenditur.
1658 2683 1793 2745 Qum

167 2781 270 2820 non
304 2765 598 2822 immerito
654 2770 1024 2839 comparatur
1069 2767 1358 2835 Ecclesia,
1411 2773 1478 2825 ut
1524 2769 1707 2827 habes
1733 2771 1793 2827 in

170 2851 401 2909 Canticis
430 2855 505 2910 ad
556 2854 876 2911 Ecclesiam
920 2855 1141 2911 dictum
1167 2873 1182 2910 :
1226 2858 1291 2914 Ut
1318 2866 1501 2915 cortex
1522 2861 1665 2915 mali
1687 2877 1792 2933 pu-

174 2942 275 2995 nici
295 2957 449 3011 gena
476 2950 589 3000 tua?
606 2943 789 3015 (Cant.
822 2960 900 3010 IV,
929 2943 1006 3015 3).
1038 2944 1108 2999 Et
1130 2943 1312 3001 infra:
1343 2946 1407 3003 Si
1420 2944 1616 3018 ﬂoruit
1642 2951 1796 3020 vilis,

175 3030 451 3095 floruerunt
506 3031 659 3087 mala
712 3042 946 3103 grauata
984 3032 1185 3103 (Cant,
1216 3050 1320 3103 vn,
1370 3035 1476 3107 t2).
1538 3037 1798 3095 Ecclesia

1896 550 2015 601 tem
2072 547 2391 617 fructuum,
2452 564 2879 619 succorumque
2934 547 3369 619 proprietatem,
3412 568 3539 622 quae

1897 634 2106 705 cuique
2160 636 2239 690 rei
2294 642 2428 707 apta
2473 637 2804 702 videantur,
2836 637 3336 709 quemadmodum
3369 641 3540 711 aegris

1894 723 2216 779 visceribus
2244 724 2553 781 hominum
2600 727 2891 782 amariora
2934 742 3105 798 poma
3155 727 3540 791 medicentur,

1895 816 1951 865 et
1983 812 2341 868 inﬂationem
2392 814 2884 886 asperitatemque
2936 814 3272 870 interiorem
3320 821 3542 888 tempe-

1895 902 2550 973 rent,quemadmedum
2570 921 2777 958 rursus
2798 904 3111 959 humerum
3129 921 3338 976 aspera
3349 921 3544 976 pomm

1896 1006 2028 1044 rum
2060 989 2334 1045 dulcibus
2372 992 2819 1063 temperentur?
2851 993 3112 1064 Denique
3144 1009 3211 1048 ea
3255 994 3548 1050 medicina

1896 1077 2210 1150 antiquior,
2260 1097 2388 1151 qua:
2434 1080 2632 1135 herbis
2663 1096 2867 1135 curare
2898 1081 3195 1136 consuevit
3223 1086 3281 1137 et
3311 1082 3502 1137 succis
3528 1100 3547 1149 ;

1896 1183 1999 1222 nec
2050 1166 2167 1221 ulla
2216 1168 2438 1223 firmior
2494 1169 2736 1233 sanitas,
2790 1186 2968 1241 quam
3021 1186 3148 1240 qua:
3208 1169 3545 1225 salubribus

1895 1253 2249 1309 reformatur
2293 1254 2607 1311 alimentis.
2668 1256 2828 1311 l'n-lo
2887 1258 3213 1313 secundum
3264 1263 3542 1314 naturam

1897 1342 2194 1405 docemur,
2219 1342 2359 1413 quia
2389 1344 2513 1398 sola
2534 1345 2701 1399 nobis
2723 1362 2857 1399 esca
2887 1346 3177 1402 medicina
3195 1352 3303 1403 est.
3338 1345 3546 1402 Herbis

1895 1436 2049 1486 certe
2096 1430 2293 1486 ulcera
2339 1439 2537 1503 aperta
2585 1432 2965 1500 clauduntur,
3014 1433 3211 1488 herbis
3267 1439 3549 1491 curantur

1897 1518 2142 1575 interna.
2185 1520 2432 1592 Ideoque
2481 1521 2842 1576 medicorum
2895 1526 2983 1576 est
3034 1538 3181 1593 opus
3228 1522 3545 1579 herbarum

1897 1612 2215 1678 potestates
2233 1625 2490 1665 noscere.
2506 1609 2649 1664 Hinc
2667 1609 2819 1663 enim
2841 1609 3112 1665 medendi
3127 1627 3271 1667 usus
3290 1610 3544 1668 inolevit.

2515 1716 2748 1771 CAPUT
2788 1716 2929 1771 XIV.

1904 1804 1974 1859 De
1998 1805 2337 1874 simplicium
2372 1821 2656 1875 pomorum
2687 1804 3019 1875 diﬂi'rentia,
3050 1806 3417 1877 foliorumque
3461 1807 3550 1862 di-

1974 1878 2226 1949 uersitate
2247 1878 2396 1949 {ubi
2412 1880 2699 1949 (praei/me
2728 1878 2792 1931 de
2828 1878 3110 1948 pampino,
3140 1882 3189 1932 et
3212 1878 3347 1947 folio
3375 1879 3509 1949 ﬁcus
3526 1895 3547 1939 ;

1970 1946 2139 2017 deque
2168 1947 2336 2001 variis
2366 1946 2603 2001 aliorum
2633 1946 2893 2017 foliorum
2922 1946 3132 2018 ﬁguris.

1971 2053 2061 2106 58.
2089 2052 2199 2107 Sed
2232 2057 2296 2107 ut
2316 2052 2388 2108 ad
2421 2052 2713 2124 simplicia
2732 2070 2905 2125 poma
2939 2071 3276 2111 revocemus
3306 2055 3547 2127 stylum,

1901 2138 2015 2195 alia
2048 2146 2187 2196 sunt
2215 2159 2341 2213 quae
2374 2148 2709 2213 coquuntur
2756 2143 2897 2209 sole,
2928 2142 3044 2199 alia
3073 2161 3199 2216 quae
3251 2145 3421 2201 testis
3451 2148 3553 2200 aut

1902 2229 2216 2286 corticibus
2238 2230 2438 2286 clausa
2458 2230 2848 2302 complentur.
2875 2231 3021 2288 Mala
3037 2236 3093 2288 et
3116 2249 3278 2305 pyra,
3303 2224 3559 2289 uvarum.

1902 2334 2136 2390 quoque
2163 2336 2377 2391 genera
2413 2319 2611 2375 omnia
2643 2321 2796 2375 nuda
2838 2322 3065 2391 objecta
3094 2327 3231 2378 sunt
3263 2321 3407 2379 soli:
3441 2340 3552 2379 nu-

1902 2407 1987 2462 cis
2013 2411 2209 2462 autem
2242 2412 2298 2463 et
2329 2407 2566 2475 nucleis,
2602 2407 2789 2463 nuclei
2839 2426 3072 2481 quoque
3121 2410 3343 2467 fructus
3374 2416 3430 2467 et
3468 2416 3551 2468 te-

1903 2499 1994 2550 sta
2023 2501 2258 2567 opertus
2288 2501 2346 2552 et
2395 2497 2628 2563 cortice,
2661 2496 2836 2552 alitur
2867 2504 3062 2554 tamen
3094 2504 3151 2554 et
3189 2499 3311 2571 ipse
3361 2500 3552 2557 calore

1900 2582 2044 2639 solis
2074 2588 2249 2655 atque
2280 2583 2571 2651 nutritur;
2600 2589 2658 2639 et
2686 2589 2973 2657 quantum
3023 2587 3209 2658 pineae
3262 2587 3550 2644 densitate

1902 2671 2148 2728 nucleus
2206 2673 2608 2739 absconditur,
2668 2677 2901 2729 tantum
2940 2673 3081 2730 solis
3128 2674 3319 2731 calore
3362 2676 3551 2733 nutri-

1901 2764 1997 2815 tur
2023 2762 2155 2831 (25).

1970 2851 2059 2904 59.
2094 2851 2322 2915 Quanta
2370 2849 2580 2906 deinde
2625 2850 2855 2907 Domini
2904 2851 3287 2923 providentia,
3338 2857 3403 2909 ut
3451 2852 3551 2910 ubi

1901 2937 2129 2995 mollior
2160 2939 2405 3005 fructus,
2438 2939 2517 2995 ibi
2548 2939 2669 2996 folii
2709 2940 3035 2997 crassitudo
3084 2940 3333 2999 validius
3384 2934 3561 3016 te.qu

1903 3031 2169 3083 mentum
2212 3029 2430 3083 tuendo
2488 3030 2710 3085 deferat
2759 3046 2955 3102 pomo,
3006 3032 3161 3103 quod
3193 3032 3460 3088 videmus
3490 3031 3550 3088 in

177 3118 313 3174 enim
342 3120 560 3176 bonum
592 3121 725 3176 ﬁdei
765 3120 1052 3193 fulgorem
1101 3120 1602 3197 confessionisque
1643 3144 1794 3200 pm-
1835 3196 1863 3200 μ
1904 3116 2095 3172 fructu
2155 3116 2434 3172 ficulneae.
2502 3117 2848 3175 Delicatiora
2903 3119 3100 3190 itaque
3174 3120 3554 3179 validioribus

175 3207 359 3276 tendit,
386 3213 473 3265 tot
500 3212 824 3281 martyrum
873 3196 1601 3283 sanguinespeciosapet,
1635 3196 1792 3287 quod
1822 3196 1865 3264 C
1903 3205 2221 3261 munienda
2262 3209 2421 3273 sunt,
2454 3210 2520 3261 ut
2555 3209 2611 3261 et
2663 3207 2787 3277 ipse
2834 3223 3067 3278 quoque
3116 3208 3399 3265 Dominus
3448 3226 3553 3282 per

175 3299 254 3353 est
279 3296 545 3370 amplius,
571 3296 785 3353 Christi
812 3314 1017 3354 cruore
1046 3299 1279 3369 dotata;
1300 3300 1481 3356 simul
1511 3301 1800 3374 plurimos

172 3384 396 3442 intrase
423 3387 650 3442 fructus
700 3403 811 3442 usu
861 3385 1034 3443 istius
1072 3388 1243 3460 pomi
1274 3389 1387 3444 sub
1436 3407 1556 3447 una
1602 3394 1795 3448 muni-

172 3471 313 3530 tione
339 3491 707 3543 conservans,
740 3479 799 3531 et
824 3476 1105 3532 virtutum
1147 3478 1380 3550 negotia
1426 3479 1614 3537 multa
1660 3498 1797 3538 con-

171 3561 431 3632 plectens.
464 3563 708 3637 Sapiens
738 3564 893 3620 enim
927 3565 1138 3636 spiritu
1169 3565 1317 3622 celat
1342 3569 1590 3640 negotia.
1623 3576 1798 3644 Amy-

173 3650 346 3721 gdalis
372 3670 604 3727 quoque
634 3653 743 3709 hoc
790 3670 1002 3726 genere
1034 3655 1312 3712 medicari
1344 3657 1613 3715 feruntur
1637 3660 1798 3733 agri-

173 3738 315 3809 cole,
352 3746 415 3798 ut
440 3760 511 3799 ex
539 3742 755 3799 amaris
785 3741 986 3799 dulces
1016 3744 1160 3800 ﬁant
1188 3745 1437 3813 fructus,
1470 3752 1533 3803 ut
1564 3753 1620 3804 et
1648 3753 1793 3806 tere-

174 3826 328 3884 brent
354 3833 480 3902 ejus
508 3832 765 3893 radicem
792 3833 1039 3901 arboris,
1065 3838 1122 3889 et
1148 3833 1211 3888 in
1242 3835 1503 3892 medium
1535 3840 1797 3895 inserant

174 3918 456 3977 sarcinam
509 3921 638 3991 ejus
695 3920 922 3976 arboris
976 3938 1154 3993 quam
1211 3923 1391 3980 Grmci
1426 3934 1634 3995 πεύκην,
1685 3946 1794 3986 nos

174 4006 377 4075 piceam
405 4008 687 4076 dicimus;
711 4025 827 4080 quo
848 4008 999 4066 facto
1021 4012 1182 4067 succi
1201 4012 1532 4071 amaritudo
1560 4016 1796 4089 deponi-

173 4096 278 4150 tur.
309 4096 449 4168 Erge
478 4096 529 4153 si
566 4096 925 4170 agricultura
969 4099 1254 4157 convertit
1297 4101 1571 4175 stirpium
1602 4105 1791 4177 quali-

175 4184 329 4251 tates,
351 4201 538 4241 nonne
558 4185 757 4241 studia
786 4186 1080 4256 doctrinae,
1108 4191 1167 4244 et
1194 4188 1516 4263 disciplinae
1547 4195 1793 4253 attentio

177 4270 421 4345 mitigare
475 4279 725 4346 possunt
780 4274 1072 4346 quaslibet
1126 4278 1501 4350 egritudines
1564 4284 1790 4354 passio-

176 4373 303 4416 num
330 4362 466 4434 (24)?
486 4362 584 4419 ω
613 4363 793 4419 Nemo
814 4379 952 4437 ergo
978 4365 1208 4438 positus
1236 4367 1324 4423 vel
1352 4368 1413 4424 in
1457 4370 1788 4431 adolescen-

179 4444 259 4501 tia
280 4448 361 4504 vel
386 4451 845 4524 intemperantia
894 4451 1137 4523 lubrico,
1171 4455 1242 4512 de
1270 4456 1364 4512 sui
1413 4461 1788 4519 conversione

1904 3294 2217 3351 Jeremiam
2277 3295 2462 3363 docet,
2516 3293 2744 3350 dicens:
2805 3295 2957 3350 Sicut
3012 3296 3147 3365 ﬁcus
3203 3298 3331 3352 istas
3388 3298 3552 3353 bonas

1905 3400 2285 3453 recognoscam
2316 3384 2427 3454 (26)
2460 3384 2753 3438 translatos
2798 3383 2959 3451 Iuda,
2993 3400 3123 3455 quos
3152 3386 3312 3440 emisi
3357 3385 3422 3441 de
3471 3386 3549 3442 lo-

1903 3487 1963 3528 co
1991 3474 2093 3527 isto
2119 3474 2179 3527 in
2210 3476 2414 3527 terram
2446 3470 2829 3528 Chaldaeorum
2858 3473 2919 3526 in
2952 3471 3109 3537 bona,
3141 3475 3192 3528 et
3219 3474 3551 3545 conﬁrmabo

1904 3562 2083 3617 oculos
2114 3577 2258 3617 meo:
2281 3577 2444 3632 super
2468 3562 2593 3617 illos
2616 3562 2675 3615 in
2699 3562 2838 3616 bona
2869 3562 3084 3632 (Jerem.
3108 3579 3262 3629 XXIV,
3285 3564 3361 3635 5).
3395 3564 3549 3620 Tan-

1904 3666 2081 3722 quam
2112 3649 2391 3705 delicatos
2420 3649 2577 3705 enim
2619 3648 2779 3704 velut
2822 3650 3077 3721 quedam
3136 3650 3550 3711 misericordia

1904 3755 2021 3793 sum
2052 3738 2316 3795 validiori
2346 3739 2527 3811 sepsit
2558 3738 2833 3811 tegmine,
2868 3756 2939 3795 ne
2968 3739 3154 3794 teneri
3185 3741 3409 3797 fructus
3433 3759 3550 3799 ma-

1901 3827 2092 3883 turius
2148 3827 2472 3883 interirent.
2532 3826 2793 3900 Denique
2846 3828 2916 3883 de
2945 3827 3091 3901 ipsis
3129 3830 3305 3886 etiam
3356 3831 3414 3886 in
3444 3848 3546 3904 po-

1902 3915 2244 3971 sterioribus
2301 3915 2469 3970 dicit:
2522 3916 2751 3971 Delicati
2804 3918 2915 3971 mei
2970 3917 3389 3974 ambulaverunt
3432 3921 3548 3975 vias

1902 4020 2118 4076 asperas
2165 4003 2422 4074 (Baruch.
2471 4020 2544 4073 IV,
2592 4005 2707 4075 26).
2764 4004 2987 4070 Quibus
3030 4004 3182 4060 infra
3229 4007 3346 4063 ait:
3382 4006 3547 4069 Cons-

1897 4095 2100 4149 stantes
2131 4096 2311 4160 estote,
2343 4092 2474 4161 ﬁlii,
2505 4100 2556 4147 et
2609 4094 2842 4148 clamate
2877 4092 2948 4148 ad
3000 4094 3170 4148 Deum
3223 4094 3379 4166 (Ibid.
3430 4097 3543 4170 27).

1900 4182 2017 4239 Hoc
2047 4181 2202 4239 enim
2227 4180 2421 4238 solum
2439 4182 2718 4237 adversus
2739 4197 2943 4237 omnes
2964 4180 3247 4253 procellas
3267 4188 3441 4255 atque
3463 4185 3549 4243 in-

1892 4271 2081 4341 jurias
2111 4269 2444 4327 inviolabile
2457 4274 2705 4344 tegmen,
2740 4268 3181 4342 impenetrabile
3210 4272 3543 4331 munimen-

1897 4367 2022 4416 tum
2052 4364 2157 4416 est.
2194 4359 2301 4416 Ubi
2332 4375 2468 4432 ergo
2508 4358 2692 4415 teneri
2723 4359 2967 4427 fructus,
3000 4359 3079 4415 ibi
3109 4360 3396 4419 crassiora
3425 4367 3545 4440 teg-

1897 4449 2060 4505 mina
2100 4453 2158 4505 et
2203 4448 2570 4505 munimenta
2626 4447 2920 4505 foliorum.
2954 4447 3168 4506 Contra
3212 4455 3409 4509 autem
3442 4442 3543 4512 ubi

180 4532 435 4608 desperet.
470 4539 653 4613 Ligna
681 4540 1030 4614 plerumque
1075 4542 1136 4598 in
1168 4543 1437 4604 meliores
1482 4554 1790 4608 vertuntur
1816 4562 1865 4627 D
1897 4538 2121 4627 fructus
2150 4537 2480 4607 validiores,
2512 4537 2605 4594 57
2634 4537 2715 4593 ibi
2745 4538 3037 4595 teneriora
3066 4538 3221 4610 folia,
3258 4545 3324 4598 ut
3347 4543 3541 4603 malus

182 4636 321 4692 usus,
350 4632 403 4683 et
430 4645 546 4685 non
576 4634 823 4701 possunt
852 4630 1158 4690 hominum
1192 4634 1369 4691 corda
1396 4639 1658 4696 mutari?

234 4714 312 4770 57.
342 4716 653 4774 Docuimus
694 4735 807 4776 non
856 4719 1049 4777 solum
1100 4722 1252 4779 inter
1304 4724 1515 4783 diversi
1553 4730 1785 4801 generis

180 4801 384 4891 arbores
406 4822 534 4863 esse
561 4807 857 4864 fructuum
891 4809 1271 4880 diversitates,
1305 4814 1408 4871 sed
1437 4814 1786 4891 plerumque

176 4887 225 4945 in
247 4894 437 4952 eadem
465 4895 658 4968 specie
687 4897 964 4954 arborum
984 4914 1380 4975 compugnare
1400 4904 1512 4960 sibi
1534 4887 1780 4964 fructus.

175 4977 285 5036 Alia
309 4983 459 5040 enim
494 4984 719 5057 species
767 4986 1184 5061 masculorum,
1235 4988 1352 5048 alia
1396 4992 1783 5053 femineorum

173 5063 460 5144 fructuum,
508 5073 662 5129 sicut
714 5075 786 5132 de
816 5075 1060 5148 dactylis
1105 5094 1287 5150 supra
1314 5080 1590 5139 diximus.
1642 5084 1783 5149 Quis

173 5160 341 5216 autem
368 5162 554 5234 possit
607 5164 1097 5235 comprehendere
1138 5167 1496 5237 varietatem,
1528 5173 1781 5244 speciem

244 5284 503 5345 24lRom.
532 5287 672 5344 edit.
699 5287 844 5356 sola,
866 5290 1132 5361 quaslibet
1151 5294 1466 5351 animarum
1517 5299 1778 5354 assiones.

225 5282 323 5426 (25)
350 5360 613 5426 Antiqua;
643 5359 807 5426 edit.,
855 5363 1013 5417 nucis
1059 5369 1263 5426 autem,
1305 5370 1357 5420 et
1382 5312 1542 5426 πολε.
1570 5366 1778 5425 nuclei-

350 5348 1013 5435 Antiquaeeditq'nucis
1059 5369 1263 5433 autem,
1305 5348 1357 5420 et
1382 5348 1779 5435 homines;

164 5440 251 5506 que
269 5430 515 5506 fructus,
542 5440 596 5487 et
621 5433 761 5506 testa
808 5436 1027 5506 opertus
1071 5436 1121 5490 et
1147 5430 1342 5493 cortice
1371 5430 1564 5506 alitur,
1598 5445 1782 5497 tamen

161 5502 205 5550 et
229 5501 330 5582 ipse
379 5503 561 5582 calore
616 5501 757 5582 solis
809 5501 1056 5582 nascitur
1109 5510 1271 5582 atque
1322 5501 1592 5582 nutritur.
1646 5511 1776 5569 Vat.

160 5573 267 5654 cod.
293 5588 407 5654 non
461 5574 664 5654 habet,
697 5577 753 5631 et
808 5573 972 5654 nocte,
1021 5573 1325 5654 nucleique.
1389 5579 1556 5645 Rem.
1615 5583 1778 5654 edit.,

158 5646 287 5707 unci;
309 5648 488 5711 am
511 5647 730 5726 paleae,
780 5645 1107 5726 nucuqu
1150 5645 1361 5732 fructus
1387 5656 1439 5715 et
1466 5652 1596 5715 tecta
1626 5645 1783 5735 oper;

1895 4626 2069 4683 arbor
2127 4628 2312 4683 docet.
2374 4627 2619 4682 Pomum
2676 4626 2832 4683 enim
2880 4627 3133 4684 validius
3182 4646 3298 4687 non
3357 4633 3543 4690 multo

1893 4715 2117 4789 indiget
2150 4715 2521 4789 protectionis
2551 4716 2765 4772 auxilio
2794 4734 2805 4784 ;
2840 4734 2977 4774 nam
3009 4718 3136 4791 ipsa
3163 4723 3542 4792 protectionis

1893 4804 2198 4861 crassioris
2230 4805 2438 4861 umbra
2467 4821 2641 4878 pomo
2672 4822 2879 4861 nocere
2907 4805 3041 4878 plus
3072 4812 3287 4879 posset.

1938 4895 2052 4965 ‘60.
2086 4893 2348 4967 Denique
2378 4894 2581 4951 doceat
2632 4910 2741 4950 nos
2772 4894 3091 4966 pampinus
3139 4899 3361 4951 natura:
3405 4913 3537 4969 gra-

1892 4983 2058 5051 tiam,
2089 4986 2146 5038 et
2176 4983 2381 5038 divinas
2421 4982 2717 5055 sapientiae
2752 4982 2980 5037 interna
3023 4982 3315 5053 mysteria.
3366 4984 3535 5044 Vide-

1893 5087 2027 5125 mus
2059 5070 2215 5125 enim
2247 5070 2329 5125 ita
2354 5070 2609 5126 scissum
2641 5075 2813 5142 atque
2835 5069 3111 5138 divisum,
3146 5074 3212 5125 ut
3241 5071 3419 5127 trium
3450 5073 3534 5130 fo-

1892 5158 2105 5213 liorum
2137 5159 2391 5230 speciem
2423 5157 2687 5214 videatur
2716 5158 3046 5213 ostendere:
3098 5157 3179 5213 ita
3231 5175 3365 5231 pars
3413 5178 3533 5220 me-

1891 5284 2279 5359 lusctcortice
2307 5282 2509 5359 alitur,
2534 5285 2715 5335 tamen
2739 5283 2790 5335 et
2834 5283 2947 5351 ipse
2988 5281 3167 5337 calore
3209 5284 3342 5359 solis
3383 5300 3536 5359 teque

1889 5353 2157 5408 nutritur.
2193 5352 2327 5425 Mss.
2363 5353 2600 5423 partim,
2628 5367 2813 5425 (nuces
2839 5359 3055 5413 autem;
3096 5354 3329 5425 partim,
3376 5352 3536 5419 nucis

1891 5422 2456 5495 autemireliquaiut
2484 5439 2591 5495 nos
2623 5423 2682 5476 in
2714 5427 2891 5495 textu.

1962 5496 2074 5569 (26)
2106 5492 2279 5552 Rem.~
2305 5492 2468 5564 edit.,
2527 5493 2678 5550 Sicut
2731 5494 2864 5567 ﬁcus
2920 5493 3044 5553 istae
3100 5497 3276 5569 bona},
3329 5502 3410 5558 sic
3447 5517 3535 5561 re-

1888 5598 2221 5662 cognoscam,
2253 5586 2359 5642 etc.
