3910 6210
298 277 414 337 195

1750 277 1816 336 S.
1862 273 2244 336 AMBROSII

3585 279 3709 342 196

293 408 398 463 dia-
444 406 720 462 distincta
775 411 882 474 est,
942 410 1005 462 ut
1056 408 1171 463 nisi
1228 407 1600 463 inferioribus
1674 408 1933 475 haereret,
1965 406 2277 474 Aduleior
2301 423 2403 478 pro
2449 407 2775 478 specierum
2824 407 3038 479 quibus
3089 408 3285 465 infusa
3331 409 3507 465 fuerit
3559 426 3711 483 qua-

292 497 561 568 separata
601 496 1005 567 spectantibus
1050 497 1362 552 videretur.
1414 497 1494 552 Ea
1536 500 1731 551 autem
1792 495 1938 550 ratio

293 585 517 640 videtur
545 587 773 640 servata
803 588 1043 652 naturm,
1068 590 1131 640 ut
1168 590 1222 640 et
1251 584 1433 640 solem
1466 583 1695 639 facilius
1725 583 1937 639 admit-

289 678 393 742 tat,
425 677 482 729 et
513 673 782 728 umbram
816 672 1065 729 obtexat.
1119 674 1381 745 Denique
1413 673 1713 745 procerius
1746 670 1940 727 media

290 780 427 836 pars
457 763 584 833 ejus
632 762 983 829 extenditur,
1024 767 1081 817 et
1113 763 1169 817 in
1205 763 1333 834 ipsa
1366 761 1707 817 summitate
1734 766 1937 816 tenua-

289 858 406 922 tur,
432 856 499 906 ut
529 850 661 922 plus
693 849 1147 922 pulchritudinis
1168 868 1347 922 quam
1380 850 1703 922 tegumenti
1735 850 1938 920 praefe-

287 946 395 997 rat.
431 939 659 995 Etenim
708 938 891 994 bravii
933 940 1043 1010 (27)
1076 939 1330 1011 speciem
1362 940 1592 994 videtur
1638 938 1936 1009 efﬁngere,

287 1028 626 1102 significans
658 1029 812 1098 quod
847 1045 957 1081 uva
987 1028 1138 1082 inter
1187 1028 1507 1099 pendentes
1548 1031 1783 1081 cazteros
1816 1026 1935 1080 fru-

285 1124 415 1174 ctus
439 1117 652 1172 habeat
682 1116 1099 1187 principatum,
1125 1117 1217 1170 cui
1246 1115 1420 1171 tacito
1443 1116 1695 1187 quodam
1709 1113 1936 1185 judicio

287 1212 529 1271 natura},
564 1205 662 1259 sed
696 1204 945 1259 evidenti
992 1204 1205 1259 indicio
1253 1204 1582 1258 innascitur
1629 1202 1852 1274 species
1881 1207 1937 1258 et

287 1293 667 1367 praerogativa
696 1291 970 1347 victoriae.
1006 1293 1215 1347 Secum
1250 1293 1435 1365 igitur
1465 1292 1641 1348 habet
1670 1291 1934 1347 bravium

285 1399 483 1449 suum,
517 1398 631 1452 quo
689 1384 745 1435 et
793 1379 1095 1435 munimen
1145 1380 1257 1435 sibi
1311 1382 1597 1452 praebetur
1626 1380 1934 1436 adversum

282 1471 530 1543 injurias
580 1468 749 1537 aeris,
786 1467 1117 1540 pariterque
1158 1470 1437 1525 imbrium
1490 1468 1845 1535 violentiam,
1879 1472 1935 1523 et

284 1558 769 1632 impedimentum
819 1574 932 1612 non
966 1557 1204 1612 affertur
1234 1558 1302 1613 ad
1340 1559 1738 1630 recipiendum
1790 1556 1932 1613 solis

281 1647 553 1713 calorem,
582 1662 697 1717 quo
724 1645 1013 1716 tepefacta
1052 1645 1248 1711 alitur,
1300 1645 1612 1713 coloratur,
1662 1650 1927 1718 augetur.

282 1736 565 1794 Ficulnea:
596 1750 828 1805 quoque
859 1732 1083 1799 folium,
1109 1751 1272 1804 aeque
1294 1750 1471 1805 prope
1506 1739 1567 1789 ut
1596 1734 1927 1805 pampinus,

281 1824 609 1898 quadrifida
628 1821 1071 1877 interscinditur
1090 1822 1404 1890 divisione;
1429 1824 1584 1894 quod
1615 1839 1681 1878 eo
1711 1821 1927 1877 clarius

282 1915 525 1979 videtur,
586 1926 703 1981 quo
762 1909 956 1979 majus
1014 1915 1102 1965 est
1162 1909 1387 1975 folium,
1421 1928 1561 1966 sane
1605 1928 1721 1965 non
1754 1912 1833 1965 ita
1863 1914 1929 1965 ut

284 2000 596 2076 pampinus
622 1997 709 2053 vel
737 2014 837 2053 ora
866 1998 1049 2064 omni,
1099 1999 1187 2053 vel
1234 2000 1576 2055 summitate
1623 1999 1924 2070 crispanti.

282 2093 444 2148 Sicut
489 2087 643 2144 enim
694 2087 752 2141 in
786 2085 1045 2141 ficulneae
1105 2087 1240 2142 tolio
1281 2088 1608 2143 crassitudo
1662 2086 1925 2157 validior,

280 2183 360 2237 ita
391 2180 450 2234 in
473 2176 749 2250 pampino
772 2175 995 2247 species
1016 2175 1358 2247 elegantior.
1384 2175 1727 2231 Crassitudo
1750 2175 1929 2248 igitur

280 2268 402 2325 folii
432 2264 661 2339 proﬁcit
693 2266 762 2319 ad
796 2266 1165 2335 tempestatis
1197 2263 1475 2335 injuriam
1509 2264 1926 2336 repellendam,

275 2354 573 2413 intercisio
605 2353 677 2409 ad
732 2354 956 2407 fructus
987 2352 1235 2424 gratiam
1275 2352 1612 2424 vaporandi.
1665 2352 1925 2424 Denique

276 2448 387 2502 hoc
416 2459 599 2517 genus
633 2440 788 2514 pomi
819 2441 1162 2513 grandinem
1195 2457 1307 2496 non
1342 2442 1476 2507 cito,
1527 2442 1924 2497 maturitatem

275 2536 389 2591 cito
421 2532 626 2599 sentit;
661 2530 801 2601 quia
829 2534 887 2584 et
933 2528 1109 2585 latere
1137 2528 1368 2585 videtur
1397 2532 1713 2586 adversum
1765 2531 1923 2601 inju-

273 2624 410 2691 rias,
444 2625 499 2676 et
529 2624 727 2692 patere
758 2618 830 2673 ad
863 2618 1134 2690 gratiam.

340 2714 430 2767 61.
463 2709 609 2773 Quid
650 2724 755 2779 ego
814 2706 1086 2762 foliorum
1142 2707 1471 2763 describam
1530 2708 1921 2774 diversitates,

271 2797 769 2873 quemadmodum
824 2794 938 2849 alia
995 2795 1265 2860 rotunda,
1328 2794 1444 2850 alia
1494 2795 1774 2867 longiora,
1809 2795 1923 2851 alia

274 2887 570 2951 ﬂexibilia,
598 2884 715 2939 alia
744 2882 1022 2954 rigidiora
1051 2883 1191 2952 sint,
1216 2883 1330 2938 alia
1359 2883 1540 2939 nullis
1586 2884 1752 2940 facile
1781 2902 1921 2940 ven-

272 2979 349 3033 tis
381 2973 658 3038 labentia,
691 2971 804 3027 alia
833 2988 962 3043 quae
993 2971 1102 3027 levi
1134 2977 1296 3028 motu
1346 2973 1719 3029 decutiantur
1747 2991 1919 3030 aura-

276 3083 407 3121 rum
429 3064 456 3118 ‘2

902 3174 1135 3231 CAPUT
1174 3176 1286 3231 XV.

274 3267 547 3341 Stupenda
602 3264 1094 3341 aquaediversitas.
1153 3265 1283 3341 Inde
1324 3269 1376 3320 et
1419 3267 1703 3341 fructuum
1734 3268 1828 3341 qui
1855 3283 1920 3321 ea

341 3336 690 3404 nutriuntur,
750 3336 1065 3408 differentia
1119 3340 1405 3403 nascitur;
1468 3345 1517 3392 et
1586 3338 1918 3392 stillantiam

340 3430 409 3468 ex
463 3409 752 3466 arboribus
811 3408 1186 3480 lucri/marum
1235 3408 1659 3481 discrepantia;
1722 3410 1917 3481 quibus

339 3482 693 3539 accuratioris
717 3481 1174 3551 perscrutationis
1220 3482 1498 3536 excusatio
1541 3480 1913 3551 subjuagitur.

339 3601 427 3653 62.
466 3593 870 3667 lnexplicabile
902 3599 991 3650 est
1038 3594 1405 3666 singularum
1468 3612 1663 3650 rerum
1722 3594 1918 3667 exqui-

270 3702 395 3742 rere
441 3684 585 3740 velle
633 3684 1040 3755 proprietates,
1087 3687 1146 3738 et
1173 3683 1261 3738 vel
1316 3683 1680 3739 diversitates
1712 3700 1915 3740 earum

270 3772 583 3830 manifesta
636 3770 1040 3825 testificatione
1099 3770 1479 3845 distinguere,
1537 3772 1623 3827 vel
1670 3772 1915 3829 latentes

269 3860 645 3932 occultasque
683 3875 892 3915 causas
941 3859 1410 3916 indeﬂcientibus
1464 3861 1688 3932 aperire
1744 3862 1911 3917 docu-

271 3951 502 4007 mentis.
536 3948 663 4004 Una
693 3964 903 4020 nempe
954 3953 1129 4019 atque
1176 3948 1378 4005 eadem
1428 3954 1519 4005 est
1565 3966 1737 4021 aqua,
1768 3956 1826 4006 et
1854 3950 1914 4005 in

268 4039 524 4095 diversas
554 4037 900 4111 plerumque
932 4052 1060 4092 sese
1091 4041 1281 4093 mutat
1309 4037 1569 4109 species:
1623 4043 1724 4094 aut
1765 4038 1918 4094 inter

267 4132 474 4184 arenas
506 4126 672 4193 ﬂava,
707 4129 808 4180 aut
864 4125 1017 4181 inter
1072 4130 1271 4182 cautes
1333 4144 1600 4198 spumea,
1633 4132 1735 4182 aut
1764 4126 1916 4184 inter

266 4230 504 4273 nemora
533 4214 900 4281 viridantior,
934 4218 1036 4270 aut
1077 4213 1232 4270 inter
1277 4214 1588 4271 ﬂorulenta
1638 4215 1910 4284 discolor,

265 4311 367 4362 aut
395 4306 548 4361 inter
574 4304 701 4359 lilia
749 4303 1082 4375 fulgentior,
1133 4308 1236 4359 aut
1284 4304 1437 4359 inter
1474 4321 1637 4360 rosas
1668 4303 1913 4360 rutilan-

266 4396 398 4461 tior,
433 4397 534 4448 aut
563 4393 623 4447 in
654 4392 918 4464 gramine
943 4391 1241 4463 liquidior,
1274 4397 1375 4447 aut
1403 4392 1461 4447 in
1495 4392 1705 4465 palude
1734 4393 1913 4448 turbi-

190 4520 195 4523 ι
262 4481 413 4546 dior,
446 4483 547 4535 aut
577 4480 637 4533 in
668 4479 826 4534 fonte
856 4480 1267 4551 perspicacior,
1300 4485 1402 4535 aut
1429 4479 1487 4534 in
1524 4481 1671 4537 mari
1702 4481 1910 4537 obscu-
1943 4503 1990 4567 Ι)

266 4569 403 4638 rior,
438 4572 740 4639 assumpto
786 4567 1045 4623 locorum
1085 4569 1301 4639 quibus
1349 4569 1543 4624 inﬂuit
1571 4568 1781 4637 colore,
1816 4571 1913 4626 de-

264 4655 465 4712 currit.
499 4654 771 4728 Rigorem
829 4671 1062 4727 quoque
1116 4656 1240 4728 pari
1290 4657 1514 4712 ratione
1567 4663 1907 4728 commutat,

266 4750 332 4801 ut
388 4744 541 4800 inter
572 4743 671 4800 58
729 4743 1068 4815 vaporantia
1126 4745 1363 4813 ferveat,
1426 4746 1578 4801 inter
1635 4747 1914 4804 umbrosa

265 4832 687 4907 frigescat,sole
716 4848 1058 4905 repercussa
1088 4839 1381 4904 exaestuet,
1415 4835 1648 4892 nivibus
1673 4836 1913 4910 irrigata

262 4923 493 4999 glaciali
543 4918 789 4979 humore
829 4926 1117 4978 canescat.
1172 4925 1676 4989 Quemadmodum
1715 4932 1909 4983 autem

262 5030 437 5086 sapor
465 5014 593 5084 ejus
623 5014 746 5085 ipse
770 5012 1144 5078 convertitur,
1170 5017 1233 5067 ut
1262 5030 1416 5069 nunc
1447 5015 1725 5087 asperior,
1756 5032 1910 5071 nunc

262 5102 537 5164 amarior.
569 5118 727 5157 nunc
756 5101 1177 5167 vehementior,
1212 5119 1367 5158 nunc
1394 5104 1700 5173 austerior,
1753 5121 1911 5160 nunc

334 5209 672 5282 (27)G_rzece
726 5217 965 5281 βραϐεῖον,
1026 5225 1245 5282 corona
1300 5227 1403 5282 seu
1458 5210 1708 5265 victoriae
1766 5227 1911 5282 prae-

263 5279 471 5335 mium.
504 5279 766 5335 Dabatur
793 5284 989 5336 autem
1020 5280 1167 5336 illud
1200 5298 1231 5336 e
1261 5281 1442 5336 ramis
1492 5279 1785 5338 variarum
1818 5300 1910 5338 ar-

264 5350 496 5435 borum,
540 5368 797 5435 ‘quar‘u'm
852 5352 1058 5435 aliqua:
1092 5369 1234 5434 .cap.
1269 5352 1577 5435 superipr‘i,
1619 5370 1784 5409 num.
1817 5355 1907 5418 55.

265 5420 648 5491 explicantur.
692 5420 1289 5499 Videsis'Lucian'um
1340 5420 1398 5479 in
1431 5424 1565 5479 dial.
1603 5433 1907 5499 ’Λνάχαρσις,

558 5500 753 5557 νασίων,
785 5497 839 5548 et
869 5492 1033 5548 alios.

265 5501 430 5615 ἣ.οέ
456 5501 753 5616 γῆμνασίων,
785 5501 839 5548 et
869 5501 1033 5575 alios.
1334 5565 1343 5576 _
1503 5567 1512 5577 .
1657 5569 1667 5579 .

337 5561 451 5713 ξωέ
478 5578 621 5693 ἰκαέἒί
664 5569 1221 5713 Ἐξιαῗῗῗθῖνῗιὲιῖιῗ
1255 5565 1907 5713 ῗιῗίὶῗ³ρῗξηὲῒῗιῗῖ³εὲέῗέὶ

358 5631 450 5711 29)
480 5631 621 5693 Mss.
679 5631 920 5713 aliquot,
969 5636 1217 5713 fructum
1257 5636 1381 5706 alit,
1399 5631 1706 5713 'pomorum
1745 5641 1908 5702 semi-

2049 494 2210 551 litate
2240 496 2493 551 varietur
2516 498 2539 550 P
2565 500 2888 567 Asperatur
2926 496 3432 555 immaturioribus
3481 500 3705 567 succis,

2047 586 2220 638 tunso
2251 582 2463 638 cortice
2492 582 2679 650 nucis,
2712 582 2982 655 foliisque
3008 584 3328 651 contristis,
3362 573 3625 641 amarior
3641 586 3711 641 ﬁt

2048 671 2365 741 absinthio,
2442 673 2575 727 vino
2656 671 3076 738 vehementior,
3156 672 3445 730 austerior
3507 672 3702 730 alliis:

2045 758 2332 829 gravescit
2359 775 2605 829 veneno,
2656 757 2827 815 melle
2867 759 3169 815 dulcescit.
3203 759 3262 816 Si
3315 776 3447 816 vero
3491 761 3544 817 ei
3577 761 3705 818 leno

2044 847 2282 915 tiscum,
2314 847 2627 903 terebintbi
2679 865 2911 920 quoque
2944 850 3191 916 fructus,
3224 848 3308 905 vel
3341 849 3510 906 nucis
3552 850 3702 907 inte-

2046 936 2163 991 rior
2194 953 2327 1008 pars
2359 936 2694 1007 misceatur,
2726 936 2786 991 in
2812 936 2920 992 olei
2955 936 3190 993 mollem
3222 942 3491 994 naturam
3528 938 3701 995 facile

2044 1025 2495 1080 transfunditur.
2552 1024 2694 1080 Cum
2745 1026 2823 1080 sit
2867 1032 3062 1081 autem
3090 1025 3264 1081 altrix
3293 1027 3561 1082 omnium
3588 1028 3704 1083 vir-

2044 1112 2366 1185 gultorum,
2398 1113 2654 1169 diversos
2686 1113 2938 1187 singulis
2986 1131 3130 1170 usus
3162 1114 3481 1171 ministrat.
3516 1116 3577 1171 Si
3608 1133 3702 1172 ra-

2044 1202 2201 1257 dices
2231 1201 2412 1256 alluat
2442 1202 2553 1273 (28)
2585 1202 2672 1257 vel
2727 1202 2985 1257 nubibus
3031 1203 3159 1258 fusa
3183 1203 3519 1273 descendat,
3569 1204 3699 1262 dis-

2044 1294 2230 1344 cretas
2286 1290 2387 1345 dat
2446 1288 2719 1345 omnibus
2789 1289 2959 1356 vires,
3020 1289 3277 1345 radicem
3336 1291 3695 1365 impingunt,

2042 1377 2341 1434 caudicem
2374 1377 2655 1450 provehit,
2686 1394 2878 1433 ramos
2912 1378 3207 1445 diﬂ‘undit,
3242 1378 3379 1435 folia
3411 1380 3699 1438 virescere

2042 1467 2198 1535 facit,
2253 1466 2551 1521 fructuum
2601 1465 2705 1521 alit
2751 1466 2997 1535 semina,
3048 1482 3292 1538 pomum
3338 1484 3552 1541 augere
3581 1469 3701 1540 (29)

2042 1556 2363 1611 consuevit.
2416 1556 2561 1627 Ergo
2611 1572 2745 1610 eum
2794 1555 2999 1611 eadem
3048 1555 3126 1611 sit
3175 1556 3441 1613 omnium
3470 1558 3695 1626 nutrix,

2042 1642 2158 1698 alia
2187 1645 2461 1699 arborum
2493 1660 2707 1715 genera
2754 1644 3041 1699 tristiores
3092 1644 3287 1699 ferunt
3315 1661 3543 1713 succos,
3577 1645 3698 1703 alia

2042 1731 2351 1799 dulciores,
2378 1732 2495 1787 alia
2524 1733 2741 1800 tardos,
2783 1731 2898 1788 alia
2941 1738 3342 1803 praematuras.
3376 1734 3521 1807 Ipsae
3552 1751 3699 1806 quo-

2039 1837 2152 1892 que
2180 1821 2329 1876 inter
2359 1838 2420 1875 se
2450 1821 2787 1892 discrepant
2815 1821 3122 1877 suavitate.
3153 1821 3283 1877 Alia
3312 1823 3576 1879 suavitas
3606 1828 3699 1880 est

2038 1911 2097 1964 in
2127 1908 2314 1979 vinea,
2347 1908 2460 1964 alia
2493 1909 2551 1963 in
2600 1908 2750 1977 olea,
2781 1908 2893 1964 alia
2934 1909 2992 1964 in
3024 1909 3264 1977 cerasis,
3311 1909 3427 1967 alia
3456 1912 3518 1966 in
3553 1912 3693 1981 ﬁcu,

2038 1998 2289 2053 discreta
2318 1999 2376 2053 in
2409 1997 2586 2065 malo,
2619 1998 2820 2070 dispar
2848 1997 2908 2053 in
2939 1997 3183 2071 dactylo.

2106 2088 2193 2142 63.
2229 2088 2440 2142 Tactus
2471 2087 2597 2159 ipse
2627 2103 2790 2158 aquae
2822 2086 2961 2143 alibi
2992 2086 3162 2155 lenis,
3212 2086 3352 2143 alibi
3400 2089 3689 2160 asperior,

2037 2176 2383 2248 plerumque
2414 2175 2686 2248 pinguior
2707 2179 2814 2231 est.
2844 2175 3101 2232 Pondere
3127 2192 3360 2248 quoque
3379 2176 3565 2233 distat
3582 2178 3695 2235 fre-

2036 2268 2280 2336 quenter
2311 2269 2377 2320 ut
2416 2265 2627 2336 specie.
2678 2265 2824 2320 Nam
2880 2263 3176 2336 plerisque
3233 2264 3377 2321 locis
3432 2267 3689 2339 gravior,

2035 2353 2329 2424 plerisque
2376 2353 2556 2409 levior
2605 2352 2950 2409 aestimatur.
2992 2354 3115 2408 Non
3148 2354 3366 2409 mirum
3407 2353 3593 2427 igitur
3638 2356 3691 2412 si

2034 2457 2169 2497 cum
2199 2440 2329 2514 ipsa
2356 2442 2414 2495 in
2443 2458 2504 2497 se
2536 2441 2844 2512 discrepet,
2878 2441 3212 2513 discrepent
3240 2442 3419 2498 etiam
3444 2442 3599 2499 inter
3625 2460 3690 2500 se

2033 2529 2300 2602 lacrymae
2331 2531 2626 2597 arborum,
2687 2547 2813 2602 quze
2870 2530 3135 2601 ejusdem
3167 2547 3332 2603 aquae
3391 2530 3689 2590 alluvione

2031 2623 2402 2691 generantur.
2437 2620 2505 2674 Et
2535 2636 2671 2675 cum
2715 2636 2834 2675 una
2863 2622 2939 2674 sit
2970 2620 3235 2675 omnium
3266 2637 3467 2687 causa,
3498 2622 3689 2678 diver-

2032 2726 2133 2764 sus
2164 2707 2530 2780 singularum
2580 2725 2744 2777 usus,
2798 2709 3029 2765 diversa
3077 2713 3291 2764 natura
3334 2714 3442 2765 est.
3487 2709 3685 2767 Aliam

2029 2798 2145 2852 vim
2175 2796 2352 2853 habet
2381 2797 2563 2853 cerasi
2596 2797 2821 2852 arboris
2870 2796 3147 2869 lacryma,
3201 2797 3377 2853 aliam
3425 2797 3682 2855 lentisci.

2029 2886 2333 2957 Disparem
2362 2902 2594 2957 quoque
2625 2884 2874 2940 balsami
2904 2888 3131 2957 guttam
3161 2885 3403 2941 odorata
3426 2885 3686 2944 Orientis

2028 2974 2189 3046 ligna
2218 2974 2429 3029 sudare
2467 2974 2821 3045 produntur:
2857 2973 3151 3029 diversum
3211 2990 3443 3046 quoque
3491 2975 3685 3049 lacry-

2031 3078 2260 3117 marum
2291 3077 2476 3133 genus
2508 3060 2759 3133 virgulta
2798 3059 3119 3115 ferularum
3147 3061 3205 3115 iu
3231 3062 3474 3134 Egypto
3505 3079 3572 3118 ac
3592 3063 3689 3118 Li-

1948 3134 1991 3201 C
2029 3151 2139 3223 bya
2163 3149 2417 3221 quadarn
2438 3149 2493 3202 vi
2515 3154 2735 3204 natura:
2758 3149 3089 3204 secretioris
3110 3148 3503 3221 illacrymant.
3528 3151 3684 3217 Quid

2027 3244 2224 3296 autem
2255 3239 2361 3294 tibi
2391 3238 2660 3305 referam,
2714 3237 3059 3293 clementem
3095 3236 3231 3293 licet
3276 3254 3405 3294 esse
3451 3254 3683 3296 sermo-

2029 3347 2181 3399 nem,
2214 3330 2371 3401 quod
2402 3328 2683 3385 electrum
2713 3327 2970 3400 lacryma
2991 3327 3227 3400 virgulti
3258 3329 3356 3396 sit,
3377 3331 3435 3384 et
3458 3329 3518 3385 in
3551 3335 3685 3386 tan-

2027 3424 2097 3474 tm
2128 3418 2382 3474 materia;
2415 3417 2772 3474 soliditatem
2803 3416 3060 3489 lacryma
3083 3417 3357 3473 durescat
3384 3417 3533 3490 (30)?
3558 3418 3684 3477 Nec

2026 3506 2251 3562 levibus
2295 3506 2352 3561 id
2396 3505 2681 3561 astruitur
2733 3503 3106 3570 testimoniis,
3139 3504 3371 3574 quando
3404 3503 3547 3560 folia
3575 3509 3685 3562 aut

2028 3594 2396 3649 surculorum
2455 3592 2863 3648 minutissimas
2943 3591 3264 3664 portiones,
3314 3596 3419 3648 aut
3464 3594 3683 3666 exigua

2026 3684 2293 3756 quaedam
2322 3680 2708 3737 animantium
2738 3694 2972 3754 genera
3003 3682 3058 3736 in
3091 3680 3302 3737 electro
3329 3698 3481 3754 stupe
3511 3700 3680 3756 repe-

2027 3773 2272 3838 riantur,
2306 3788 2431 3844 qua:
2459 3771 2688 3826 videtur
2713 3787 2844 3825 cum
2877 3770 3068 3825 adhuc
3126 3775 3292 3842 gutta
3342 3775 3501 3827 esset
3532 3772 3682 3829 mol-

2025 3860 2152 3928 lior,
2185 3859 2473 3932 recepisse
2501 3864 2558 3915 et
2589 3858 2840 3914 solidata
2867 3858 3147 3914 tenuisse.

2093 3951 2183 4005 64.
2218 3949 2328 4004 Sed
2361 3948 2500 4019 quid
2533 3963 2638 4020 ego
2668 3946 2767 4002 vili
2800 3962 3068 4002 sermone
3109 3947 3355 4002 decerno
3384 3963 3523 4003 cum
3554 3947 3678 4005 alta

2025 4044 2200 4110 atque
2229 4036 2485 4109 pretiosa
2513 4036 2734 4091 ratione
2763 4040 3006 4107 naturis,
3038 4051 3171 4090 cum
3202 4035 3314 4091 iste
3344 4052 3541 4092 sermo
3565 4036 3679 4093 hu-

2025 4142 2199 4182 mano
2231 4124 2422 4181 alatur
2450 4124 2683 4198 ingenio
2715 4124 2849 4195 (31),
2877 4128 3149 4179 naturam
3181 4128 3376 4179 autem
3406 4126 3680 4181 omnium

2023 4214 2387 4288 providentia
2416 4213 2613 4269 divina
2641 4211 3025 4268 formaverit?
3058 4212 3221 4268 Unde
3249 4211 3409 4268 velut
3427 4212 3680 4270 habenis

2024 4304 2379 4376 quibusdam
2424 4303 2735 4359 verborum
2785 4301 3113 4358 cohibenda
3168 4300 3404 4357 diﬂ‘usio
3443 4307 3573 4359 est:
3608 4320 3680 4359 ne

2023 4394 2177 4466 quod
2216 4391 2515 4448 Salomoni
2546 4389 2878 4464 specialiter
2909 4389 3203 4462 sapientiae
3253 4407 3500 4447 munere
3530 4391 3677 4447 divi-

2021 4483 2181 4539 nitus
2212 4481 2442 4537 videtur
2470 4496 2599 4537 esse
2629 4478 2927 4547 collatum,
2971 4478 3341 4551 usurpatorie
3368 4479 3680 4536 videamur

2022 4587 2307 4644 exponere
2336 4569 2692 4626 differentias
2715 4569 2991 4624 arborum
3019 4571 3077 4624 et
3104 4567 3351 4624 virtutes
3380 4568 3674 4636 radicum,

2019 4665 2077 4718 et
2108 4675 2468 4732 quaecunque
2499 4662 2638 4715 sunt
2660 4657 3003 4714 abscondita
3033 4660 3091 4712 et
3128 4656 3470 4728 improvisa,
3524 4657 3678 4715 sicut

2021 4748 2306 4822 scriptum
2338 4753 2428 4805 est
2457 4748 2607 4820 (Sap.
2640 4765 2742 4815 vn,
2774 4747 2864 4815 20,
2913 4746 3025 4815 2i),
3059 4762 3185 4818 qua:
3246 4761 3352 4801 nec
3400 4746 3531 4818 ipso
3591 4749 3675 4802 ta-

2021 4855 2154 4895 men
2189 4837 2561 4894 manifestata
2603 4837 2961 4910 produntur;
2994 4839 3061 4889 ut
3092 4832 3241 4888 mihi
3273 4833 3547 4890 videatur
3575 4851 3675 4907 po-

2018 4928 2202 4983 tuisse
2262 4942 2395 4982 cum
2455 4926 2754 4998 disputare
2785 4925 2855 4980 de
2911 4922 3303 4996 virgultorum
3357 4923 3676 4996 generibus

2019 5017 2115 5089 (111
2144 5017 2267 5087 Reg.
2301 5032 2377 5083 1v,
2410 5015 2522 5086 33),
2557 5030 2673 5069 non
2713 5012 2975 5085 potuisse
3021 5015 3220 5067 tamen
3267 5009 3504 5083 plenius
3555 5029 3679 5069 om-

2019 5122 2123 5161 nes
2154 5108 2435 5160 creaturze
2460 5102 2748 5175 explicare
2778 5100 3035 5157 rationes
3065 5100 3201 5170 (32).

2016 5230 2092 5268 na
2121 5227 2338 5283 augere,
2372 5215 2481 5267 etc.

2088 5277 2407 5355 (30mm.
2466 5280 2627 5350 edit.,
2688 5288 2740 5336 et
2776 5278 3007 5352 lapideae
3062 5281 3285 5335 natura?
3339 5277 3677 5335 soliditatem

2017 5355 2284 5409 durescat.

2089 5426 2201 5498 (31)
2259 5425 2408 5498 Edit.
2483 5427 2620 5498 vet.,
2695 5439 2819 5478 cum
2884 5423 2991 5498 ista
3060 5436 3306 5498 sermone
3391 5420 3675 5491 humano;

2018 5492 2262 5553 (lost/et
2295 5495 2453 5562 Gill.,
2486 5496 2807 5560 humanum,
2841 5492 3024 5549 alatur
3052 5493 3355 5563 ingenium.

2090 5569 2208 5643 (32)
2240 5566 2326 5625 Ita
2354 5561 2496 5643 mss.
2529 5565 2727 5643 plures
2756 5568 2814 5622 et
2842 5561 3215 5643 po_tiores.Ali_
3246 5562 3350 5635 qui
3381 5578 3528 5643 cum_
3544 5564 3675 5643 edi-

2018 5636 2114 5719 tis,
2148 5636 2325 5714 omne,
2358 5637 2447 5703 vel
2500 5636 2697 5713 oimnis,
2751 5640 3019 5729 secretum
3067 5638 3342 5697 creaturae
3393 5636 3676 5718 εωριίθανσ
