3932 6212
150 304 238 364 m

720 442 829 500 δ’
869 443 1091 499 CAPUT
1126 442 1270 499 XVI.

171 563 409 633 Quomodo
438 564 517 640 ad
548 582 747 623 uocem
792 568 1015 624 Domini
1049 568 1224 640 subito
1267 584 1427 624 omne
1456 569 1818 640 virgultorum

230 652 379 707 genus
427 639 802 707 effloresccns
852 642 1072 706 victum,
1102 639 1331 695 deliciam
1377 657 1441 695 ac
1486 639 1816 696 medicinam

234 711 658 794 ministraverit.
676 712 1006 794 ‘Quo‘etiani
1233 711 1446 794 planta:
1490 715 1816 794 munerant

239 796 425 855 semen,
456 787 562 855 aut
597 781 825 855 aliquid
865 782 1002 852 quod
1044 781 1273 855 {minis
1322 786 1491 838 vicem
1534 781 1812 855 suppleat,

244 854 293 905 in
317 868 371 906 se
400 850 665 907 habeant.
694 850 777 908 De
803 850 1001 923 magna
1048 854 1149 907 Dei
1194 855 1397 911 virtute
1438 856 1499 908 in
1534 850 1770 923 sing-Iutis
1790 871 1813 916 ;

242 924 327 978 ubi
351 925 645 995 speciatim
672 923 740 979 de
752 927 919 995 pinea
949 940 1014 979 ac
1040 926 1287 996 myricis.

239 1067 321 1120 65.
352 1064 517 1129 Quod
549 1066 599 1122 si
632 1065 872 1138 irriguis
919 1082 1206 1138 aquarum
1257 1066 1604 1140 plerumque
1634 1073 1691 1124 et
1720 1084 1811 1124 se-

180 1158 322 1227 getes
362 1152 617 1209 latiores
660 1159 821 1224 sunt,
853 1159 911 1209 et
954 1154 1171 1211 virides
1200 1156 1368 1223 fabae,
1402 1160 1459 1212 et
1506 1157 1812 1213 hortorum

181 1241 472 1313 multiplex
501 1242 823 1299 suscitatur
851 1246 909 1299 et
950 1242 1336 1299 ressncitatur
1371 1244 1635 1316 gratia,si
1680 1246 1813 1301 viri-

177 1330 441 1386 dantibus
473 1330 661 1387 thoris
692 1331 1000 1387 ﬂuviorum
1030 1332 1452 1388 exundantium
1485 1333 1612 1406 ripa
1639 1334 1814 1390 deco-

176 1423 367 1487 ratur;
420 1420 923 1492 quemadmodum
982 1420 1053 1475 ad
1108 1422 1350 1476 verbum
1411 1421 1643 1477 Domini
1674 1423 1812 1493 (33),

174 1509 314 1580 quod
347 1509 513 1564 omni
540 1525 825 1580 aquarum
858 1525 1035 1564 cursu
1054 1513 1145 1565 est
1164 1509 1813 1577 redundantius,subito

173 1602 432 1653 creatura
461 1596 847 1669 virgultorum
878 1598 1071 1653 omnis
1112 1597 1407 1653 efﬂoruit?
1442 1599 1816 1655 Festinarunt

169 1686 350 1758 campi
386 1703 506 1741 non
536 1685 912 1742 commissam
935 1685 1045 1741 sibi
1069 1685 1297 1758 frugem
1328 1687 1516 1755 edere,
1549 1688 1815 1759 ignorata

168 1774 311 1830 horti
345 1774 575 1830 olerum
606 1790 839 1845 genera,
872 1774 1080 1830 ﬂorum
1134 1774 1418 1831 miracula
1463 1776 1811 1847 germinare,

166 1866 296 1936 ripa
324 1863 643 1919 ﬂuminum
674 1880 736 1919 se
764 1863 973 1919 vestire
1003 1863 1270 1935 myrtetis
1302 1880 1315 1917 :
1357 1869 1814 1936 properaverunt

166 1953 401 2008 arbores
430 1950 547 2007 cito
577 1966 835 2023 surgere,
868 1952 981 2006 cito
1010 1968 1073 2006 se
1103 1951 1163 2006 in
1196 1952 1400 2008 ﬂorem
1432 1941 1811 2025 induere(34),

163 2041 379 2094 victum
441 2038 805 2106 hominibus,
864 2039 1053 2111 pecori
1114 2038 1397 2111 pabulum
1455 2041 1812 2108 ministrare,

166 2129 410 2184 Fructus
442 2128 776 2183 communis
804 2132 893 2183 est
920 2128 1216 2196 omnibus,
1248 2145 1405 2184 unus
1446 2146 1680 2201 quoque
1726 2133 1815 2185 est

164 2217 331 2272 datus
361 2216 869 2272 omnibus.Simul
894 2221 1208 2288 utrumque
1254 2217 1491 2273 arbores
1519 2218 1812 2291 germina-

166 2304 489 2371 runt,alind
521 2321 639 2376 quo
669 2321 1055 2373 vesceremnr,
1078 2304 1236 2360 aliud
1268 2321 1383 2377 quo
1430 2306 1812 2379 refrigerante

166 2394 370 2449 umbra
398 2393 851 2448 defenderemur
879 2409 913 2448 a
937 2392 1074 2449 sole.
1108 2393 1287 2450 Cibus
1334 2394 1394 2449 in
1421 2395 1634 2461 fructu,
1666 2413 1811 2452 usus

167 2482 520 2537 amoenitatis
548 2481 608 2535 in
639 2481 777 2536 folio
809 2482 956 2553 (35);
989 2485 1186 2537 tamen
1218 2485 1359 2554 quia
1410 2484 1652 2556 praescia
1688 2490 1813 2540 erat

171 2569 529 2642 providentia
576 2568 864 2625 Creatoris
909 2570 1063 2642 quod
1115 2571 1373 2627 fructum
1416 2572 1528 2628 sibi
1558 2574 1811 2629 maxime

168 2659 421 2715 humana
468 2658 717 2714 aviditas
744 2657 1084 2726 vindicaret,
1131 2658 1373 2731 reliquis
1401 2661 1655 2732 providit
1684 2662 1809 2717 ani-

170 2748 556 2813 mantibus,ut
583 2746 895 2818 specialem
926 2746 1017 2803 his
1042 2747 1286 2804 donaret
1313 2748 1672 2805 alimoniam.
1699 2751 1809 2806 Ita-

174 2852 274 2907 que
311 2852 447 2891 esca
493 2834 590 2890 his
642 2852 758 2890 non
806 2835 1116 2891 mediocris
1145 2836 1206 2891 in
1238 2836 1392 2893 foliis
1438 2842 1548 2905 est,
1580 2840 1811 2895 cortici-

174 2925 386 2997 busque
416 2922 787 2980 silvestribus
820 2942 834 2980 :
867 2940 934 2980 ea
964 2942 1196 2997 quoque
1226 2943 1353 2998 quae
1378 2927 1450 2982 ad
1480 2943 1656 2984 usum
1686 2945 1808 2985 me-

176 3012 335 3068 dendi
365 3012 740 3085 proﬁcerent,
771 3012 831 3067 id
862 3018 978 3084 est,
1007 3012 1188 3081 succi,
1222 3012 1510 3087 lacrymze,
1563 3017 1808 3085 surculi,

176 3102 376 3172 pariter
390 3102 730 3157 ministrata
746 3102 1110 3174 sunt.ltaque
1126 3101 1225 3158 illa
1246 3119 1371 3175 quis
1389 3108 1478 3160 est
1497 3109 1631 3177 post
1646 3122 1813 3178 expe-

1431 308 1971 374 HEXAEMERON
2013 307 2162 371 LIB.
2205 306 2311 371 III.

1843 443 2202 512 Avidentnr
2255 442 2499 497 seminis
2551 442 2762 499 habere
2806 444 3049 513 salices;
3100 448 3317 506 habent
3372 457 3569 511 tamen

3454 322 3572 385 I98

1926 530 1984 584 in
2019 532 2172 585 foliis
2202 547 2451 603 granum
2492 532 2789 601 quoddam
2839 535 2993 604 quod
3042 535 3252 594 habeat
3295 542 3570 601 virtutem

1925 618 2190 681 seminis,
2244 624 2310 672 ut
2365 635 2432 673 eo
2495 621 2746 674 comisso
2804 624 2994 685 terris,
3046 630 3323 697 tanquam
3381 633 3570 702 posito

1923 712 2127 779 surgat
2178 707 2353 761 arbor
2399 709 2470 762 de
2514 709 2785 773 surculo;
2835 718 2891 765 et
2939 716 3218 784 tanquam
3250 717 3320 772 de
3351 720 3572 777 semine

1924 810 1986 848 se
2034 794 2370 849 exsuscitet.
2430 796 2622 851 Grano
2681 798 2875 868 itaque
2938 800 3036 855 illo
3095 804 3259 859 radix
3315 807 3569 878 primum

1923 880 2235 938 coalescit:
2289 885 2359 937 de
2407 885 2603 939 radice
2652 886 2902 956 pullulat
2953 906 3065 943 non
3117 892 3308 950 solum
3351 896 3569 966 salicis,

1922 970 2025 1025 sed
2056 971 2231 1026 etiam
2260 970 2617 1043 reliquarum
2653 975 2723 1027 ad
2759 976 3203 1035 similitudinem
3229 981 3570 1053 hujusmodi

1921 1058 2152 1130 generis
2184 1060 2286 1115 ω
2315 1061 2589 1115 arborum
2622 1062 2786 1116 silva.
2824 1063 3005 1118 Habet
3035 1074 3233 1123 autem
3265 1076 3324 1125 et
3359 1074 3571 1131 radicis

1921 1146 2214 1217 generatio
2245 1147 2518 1204 virtutem
2550 1153 2792 1203 seminis
2825 1156 2963 1221 1.37);
3010 1157 3162 1209 unde
3197 1157 3456 1231 plerique
3504 1179 3572 1220 ea

1922 1234 2147 1289 satione
2204 1234 2626 1291 incrementum
2662 1244 2749 1303 (δέ
2806 1241 2929 1294 suis
2985 1246 3240 1301 nemoris
3292 1264 3573 1323 propaga-

1921 1327 2078 1376 runt.

1991 1410 2084 1465 67.
2128 1411 2338 1483 Magna
2379 1413 2477 1467 Dei
2520 1414 2705 1469 virtus
2756 1416 2812 1469 in
2864 1418 3130 1489 singulis.
3165 1422 3278 1477 Nec
3328 1425 3573 1484 miretur

1923 1498 2138 1568 aliquis
2169 1499 2219 1554 si
2252 1500 2309 1554 in
2342 1501 2611 1573 virgultis
2643 1520 2918 1575 magnam
2954 1508 3050 1561 Dei
3082 1508 3199 1563 dixi
3231 1527 3359 1569 esse
3387 1513 3569 1571 virtu-

1924 1589 2065 1641 tem.
2096 1586 2400 1658 Siquidem
2433 1604 2706 1661 magnam
2739 1608 2907 1646 suam
2942 1594 3212 1652 virtutem
3237 1598 3298 1654 in
3330 1600 3569 1661 locustis

1922 1690 2050 1729 esse
2102 1676 2243 1729 dixit
2292 1682 2348 1730 et
2394 1677 2634 1741 brucho,
2667 1696 2733 1733 eo
2786 1682 2940 1751 quod
2990 1684 3199 1739 divina:
3244 1691 3570 1761 majestatis

1921 1764 2146 1818 ott'ensa
2177 1780 2390 1836 magno
2421 1766 2817 1823 moderamine
2850 1772 3173 1830 sterilitatis
3199 1776 3456 1836 Judaica
3488 1788 3570 1838 at-

1922 1868 2034 1923 que
2066 1852 2274 1923 inopim
2306 1852 2649 1910 solveretur.
2682 1856 2892 1929 Magna
2921 1859 3077 1917 enim
3109 1863 3295 1922 virtus
3342 1870 3567 1940 patien-

1920 1941 2022 2005 tia,
2054 1957 2267 2013 magna
2291 1943 2479 1999 victus
2510 1946 2876 2015 providentia
2905 1950 3037 2020 (39).
3071 1953 3301 2026 lndigni
3350 1960 3568 2018 etenim

1920 2033 2105 2098 erant,
2137 2030 2237 2101 qui
2277 2036 2579 2087 uterentur
2621 2034 2971 2092 fecunditate
3016 2043 3267 2110 terrena,
3300 2045 3399 2115 qui
3448 2052 3567 2103 ter-

1920 2134 2117 2172 rarum
2165 2117 2433 2174 laeserant
2485 2129 2822 2177 creatorem.
2856 2125 2922 2179 Et
2974 2143 3107 2182 vere
3157 2145 3431 2203 magnus,
3464 2137 3567 2207 qui

1919 2205 2239 2262 miserabili
2271 2208 2422 2263 fame
2454 2210 2616 2265 nefas
2647 2216 2818 2266 tantae
2869 2214 3186 2285 impietatis
3233 2205 3561 2280 ulciscitur.

1920 2294 2122 2365 Itaque
2148 2296 2197 2349 si
2230 2312 2444 2368 magna
2469 2298 2679 2353 virtute
2711 2300 2808 2354 Dei
2844 2302 3100 2359 sterilem
3132 2306 3419 2366 bruchum
3451 2317 3567 2368 ter-

1918 2399 1983 2437 ra
2011 2384 2328 2454 generavit,
2362 2391 2581 2456 quanto
2613 2389 2801 2459 magis
2831 2390 3040 2447 virtute
3070 2410 3302 2466 magna,
3328 2414 3452 2469 quae
3486 2401 3565 2457 fe-

1918 2472 2111 2526 cunda
2142 2477 2301 2537 sunt,
2332 2475 2623 2545 procreat!

1987 2564 2075 2615 68.
2112 2561 2252 2624 Quis
2280 2563 2513 2634 pineam
2541 2565 2745 2620 videns
2792 2583 2908 2622 non
2958 2574 3191 2642 stupeat
3220 2578 3444 2633 tantam
3476 2579 3563 2633 di-

1915 2649 2052 2703 vino
2081 2655 2365 2722 praecepto
2396 2655 2580 2707 artem
2624 2652 2913 2723 inolitam,
2963 2656 3432 2735 impressamque
3463 2683 3566 2724 na-

1917 2741 2061 2792 turae
2097 2754 2109 2791 :
2144 2739 2653 2810 quaemadmodum
2684 2743 2758 2797 ab
2790 2744 2916 2815 ipso
2965 2752 3162 2804 centro
3210 2750 3566 2812 distantibus

1918 2825 2051 2880 licet
2076 2827 2368 2883 mensuris
2398 2830 2523 2901 pari
2556 2837 2829 2903 assurgat
2856 2832 3103 2905 glutino,
3138 2853 3254 2909 quo
3298 2844 3567 2915 proprios

1917 2916 2068 2969 fovet
2099 2918 2364 2972 fructus?
2394 2918 2595 2990 Itaque
2624 2936 2728 2992 per
2756 2919 3063 2979 circuitum
3095 2926 3295 2982 eadem
3344 2933 3566 3003 species

1917 3008 1974 3057 et
2004 3004 2145 3059 ordo
2176 3011 2459 3073 servatur,
2493 3012 2549 3061 et
2578 3009 2817 3079 quidam
2850 3009 2908 3065 in
2958 3013 3208 3086 singulis
3238 3016 3427 3091 plagis
3457 3038 3563 3077 nu-

1916 3092 2175 3147 cleorum
2226 3099 2431 3165 partus
2482 3097 2777 3164 exuberat,
2812 3104 2985 3171 atque
3039 3103 3098 3157 in
3156 3107 3357 3162 orbem
3418 3111 3568 3167 redit

176 3189 429 3256 ramento,
464 3206 577 3245 usu
626 3194 684 3245 et
710 3188 972 3261 exemplo
1004 3190 1172 3246 milia
1209 3192 1609 3265 cognovimus,
1655 3211 1723 3250 ea
1772 3212 1807 3251 ει
1836 3182 1877 3247 C
1917 3181 2143 3237 fructus
2174 3186 2232 3237 et
2260 3182 2675 3255 gratia.ltaque
2706 3186 2765 3239 in
2791 3186 2963 3257 pinea
2991 3190 3104 3244 ista
3132 3190 3448 3265 imaginem
3470 3200 3561 3254 sui

173 3275 441 3349 principio
473 3277 711 3332 Creator
737 3276 831 3331 cui
864 3277 998 3332 usui
1025 3281 1160 3350 apta
1187 3278 1447 3347 donaret,
1498 3282 1800 3357 praescien-

173 3363 254 3418 tia:
307 3382 423 3421 sne
474 3366 781 3437 majestate
828 3366 942 3437 (36)
989 3366 1059 3422 de
1107 3367 1241 3422 sinu
1290 3372 1577 3424 terrarum
1620 3372 1805 3443 jussit

172 3467 331 3509 enre.

230 3541 314 3596 66.
345 3542 415 3598 Et
442 3543 586 3615 quia
606 3543 791 3615 jussit
816 3542 1099 3599 Dominus
1150 3550 1216 3600 ut
1263 3546 1619 3618 germinaret
1648 3552 1803 3604 terra

171 3627 390 3685 herbam
430 3630 570 3697 feni,
604 3636 660 3686 et
704 3629 930 3704 lignum
979 3631 1363 3699 fructiferum,
1414 3635 1632 3691 faciens
1680 3636 1800 3691 fru-

175 3722 317 3774 ctum
346 3719 676 3775 secundum
706 3736 914 3791 genus,
934 3720 1103 3791 cujus
1132 3736 1329 3777 semen
1360 3723 1489 3793 ejus
1520 3723 1578 3779 in
1609 3740 1675 3780 eo
1707 3726 1801 3797 (ne

170 3804 300 3862 forte
345 3808 480 3880 quis
524 3807 680 3863 dicat
724 3807 783 3863 in
836 3806 1037 3863 multis
1077 3808 1405 3878 arboribus,
1445 3828 1633 3884 neque
1677 3814 1798 3868 fru-

173 3900 336 3962 ctum,
366 3912 554 3968 neque
584 3912 783 3952 semen
812 3896 1081 3962 videri,et
1110 3901 1274 3969 putet
1301 3898 1564 3955 divinum
1608 3900 1666 3956 in
1701 3900 1803 3956 ali-

172 3997 274 4052 quo
300 3984 571 4043 vacillare
602 3988 976 4056 praeceptum,
1008 3988 1074 4040 ut
1103 4002 1136 4040 a
1164 3986 1406 4042 veritate
1444 3988 1520 4043 sit
1546 3988 1800 4062 devium)

171 4068 299 4126 illud
330 4072 609 4141 advertat,
643 4073 783 4145 quia
802 4088 1176 4146 nequaquam
1200 4074 1322 4130 ﬂeri
1346 4078 1553 4146 potest,
1588 4081 1654 4132 ut
1683 4094 1800 4134 non

171 4163 261 4213 aut
284 4161 606 4217 seminibus
636 4165 879 4216 utantur
906 4161 1177 4218 universa
1204 4162 1522 4235 gignentia,
1556 4170 1659 4221 aut
1692 4166 1800 4223 ha-

172 4245 327 4303 beant
355 4247 554 4321 aliqua
582 4266 710 4322 quae
737 4250 1046 4305 videantur
1090 4266 1224 4306 cum
1262 4251 1478 4307 virtute
1507 4254 1800 4311 seminum

174 4337 485 4406 convenire;
516 4337 696 4411 idque
743 4337 794 4393 si
844 4338 979 4409 quis
1028 4337 1339 4412 diligenter
1365 4339 1651 4412 intendat,
1685 4359 1803 4399 ma-

177 4421 368 4480 nifesta
394 4426 804 4481 testiﬁcatione
834 4424 1048 4497 poterit
1077 4426 1587 4499 comprehendere.
1642 4430 1801 4487 Nihil

1912 3277 2122 3325 natura
2153 3271 2381 3326 videtur
2408 3272 2750 3343 exprimere,
2783 3292 2910 3345 qua:
2940 3294 2974 3331 a
3002 3278 3191 3348 primo
3222 3280 3321 3335 illo
3366 3285 3559 3343 divino

1914 3359 2248 3431 ccelestique
2278 3360 2554 3415 mandato
2584 3361 2885 3433 privilegia
2913 3372 3152 3437 accepta
3194 3371 3469 3439 custodit,
3503 3379 3561 3430 et

1911 3453 2115 3518 partus
2145 3464 2283 3503 suos
2314 3448 2568 3519 quadam
2600 3466 2889 3506 annorum
2911 3452 3032 3509 vice
3054 3459 3109 3509 et
3130 3457 3333 3513 ordine
3362 3461 3556 3532 refert,

1910 3536 2095 3590 donec
2125 3537 2553 3593 consummatio
2582 3540 2865 3611 temporis
2894 3541 3227 3614 impleatur.

1979 3624 2068 3678 69.
2102 3624 2212 3679 Sed
2264 3630 2327 3679 ut
2375 3626 2434 3680 in
2490 3626 2598 3682 hoc
2645 3628 2837 3684 fructu
2885 3636 3113 3703 gratam
3161 3637 3414 3707 speciem
3464 3640 3557 3696 sui

1911 3712 2139 3785 signat;
2192 3713 2271 3768 ita
2314 3715 2490 3770 etiam
2550 3716 2608 3770 in
2662 3717 2918 3788 myricis,
2981 3720 3038 3775 id
3095 3727 3183 3777 est
3232 3724 3558 3786 humilibus

1910 3802 2198 3874 virgultis,
2236 3804 2485 3875 figuram
2534 3803 2812 3877 improbae
2863 3808 3200 3867 calliditatis
3251 3818 3555 3887 expressit.

1912 3889 2074 3945 Sicut
2103 3890 2261 3945 enim
2294 3890 2511 3962 duplici
2544 3893 2713 3948 corde
2760 3894 2868 3949 viri
2908 3897 3123 3969 ubique
3153 3907 3363 3971 praesto
3395 3910 3555 3975 sunt,

1911 3982 1967 4033 et
2006 3978 2255 4051 gratiam
2306 3978 2859 4055 simplicitatemque
2906 3987 3060 4057 apud
3095 3987 3277 4045 bonos
3308 3998 3559 4061 praeten-

1911 4067 2079 4133 dunt,
2115 4071 2172 4121 et
2200 4066 2599 4123 vitiosissimis
2643 4069 3012 4141 glutinantur
3044 4091 3057 4127 :
3093 4074 3175 4129 ita
3204 4077 3379 4133 etiam
3410 4084 3468 4135 et
3496 4080 3556 4137 in

1911 4154 2151 4226 aquosis
2178 4160 2233 4210 et
2264 4156 2321 4210 in
2353 4156 2600 4211 desertis
2648 4160 2935 4213 contrario
2978 4162 3233 4231 quodam
3283 4182 3396 4221 usu
3434 4166 3557 4225 haec

1908 4242 2163 4315 virgulta
2208 4249 2550 4299 nascuntur.
2602 4245 2763 4301 Unde
2812 4252 2868 4302 et
2913 4248 3197 4306 Jeremias
3228 4252 3340 4325 (40)
3378 4255 3558 4314 dubia

1912 4348 2143 4387 morum
2178 4338 2354 4404 atque
2384 4333 2675 4389 insincera
2695 4336 2933 4407 myricis
2958 4341 3315 4410 comparavit
3336 4344 3552 4414 (Jerem.
3628 4332 3635 4337 ’

1908 4438 2045 4489 xvn,
2077 4422 2153 4492 6).

176 4569 388 4643 τηειοηε,
416 4566 535 4622 Διίί
565 4566 824 4639 tandem,
837 4583 996 4623 omne
1022 4573 1286 4626 secretum
1316 4572 1598 4642 πριίυανε
1624 4575 1800 4630 ναίω-
1828 4550 1876 4614 D
1908 4568 2048 4643 sunt
2076 4563 2214 4619 edit.
2343 4581 2537 4621 veram
2568 4565 2874 4624 lectionem
2925 4587 3068 4627 mss.
3103 4573 3264 4643 Ben.,
3298 4576 3468 4635 Carn.
3499 4583 3558 4637 et

178 4651 271 4689 ηις.

235 4707 336 4777 (33)
387 4709 537 4764 Edit.
587 4708 796 4784 aliqua
841 4707 1044 4784 faris,
1078 4709 1406 4784 accersitur,
1455 4714 1796 4784 quemadmo-

235 4724 336 4777 (ω)
388 4724 537 4764 non.
587 4724 664 4763 an
711 4726 796 4763 uae
842 4724 1044 4782 raris,
1101 4724 1406 4780 decoratur,
1455 4724 1792 4784 quemadmo-

173 4775 288 4855 dum
330 4795 456 4845 non,
503 4784 614 4855 etc.
648 4724 787 4855 lass.
832 4778 1018 4855 Gem.,
1076 4781 1224 4855 Big.,
1275 4782 1441 4855 Dion.
1494 4800 1562 4839 ac
1606 4785 1792 4851 Colh.,

171 4846 464 4921 decoratur;
508 4853 737 4906 miraris
782 4846 1231 4921 quemadmodum
1285 4854 1375 4921 ad,
1432 4860 1539 4910 etc.
1597 4846 1794 4912 Ceteri

172 4918 558 5005 scripti-atque
589 4922 730 5005 editi
759 4918 987 4978 codices
1012 4924 1167 5005 nt‘in
1197 4918 1492 5005 contextu,

232 4990 336 5076 (53:4)
363 4990 511 5076 Egit.
544 4998 658 5049 vet.
693 5010 758 5048 ac
789 5010 932 5076 mss.
962 4998 1230 5076 quatuor,
1272 5012 1330 5051 se
1377 4990 1526 5076 [lore
1546 4996 1792 5076 induere.

171 5057 359 5119 Melius
397 5064 563 5121 Rom.
598 5081 734 5120 cum
785 5057 1027 5137 reliquis
1072 5057 1243 5135 mssi,
1273 5083 1330 5123 se
1374 5057 1434 5122 in
1476 5069 1678 5192 {torem
1707 5071 1794 5124 in-

171 5130 335 5191 duere.
366 5134 483 5192 Hoc
535 5137 695 5192 enim
744 5137 991 5192 petitum
1038 5137 1270 5192 videtur
1313 5154 1382 5192 ex
1432 5137 1532 5192 ilo
1578 5139 1741 5192 Virg.
1776 5156 1794 5192 ι

168 5130 335 5213 (tuere.
366 5134 483 5193 Hoc
535 5137 695 5193 enim
744 5130 991 5208 petitum
1038 5130 1270 5194 videtur
1313 5154 1382 5194 ex
1432 5130 1532 5195 illo
1578 5139 1741 5213 Virg.
1776 5156 1795 5195 1

739 5323 874 5372 Cum
903 5337 958 5374 se
987 5335 1096 5374 nox
1126 5323 1361 5388 plurima
1390 5324 1538 5375 silvis

278 5383 459 5436 lndnet
486 5385 543 5436 in
574 5385 784 5435 ﬂorem.

228 5489 329 5562 (35)
361 5491 500 5550 Mss.
534 5491 771 5565 aliquot
806 5491 1013 5565 optimi
1060 5492 1163 5549 aevi
1196 5510 1209 5549 :
1241 5492 1393 5565 cibus
1412 5494 1796 5565 infructuosus

531 5566 596 5648 in
638 5563 819 5648 foliis.
847 5563 1025 5619 Error
1068 5567 1158 5620 est
1214 5563 1445 5648 calami,
1479 5563 1654 5648 quem
1694 5563 1795 5648 qui

163 5635 450 5711 emendare
494 5634 836 5711 voluerunt,
878 5650 1259 5711 reposuere“;
1309 5636 1460 5711 cibus
1489 5634 1552 5693 in
1585 5634 1791 5711 /ructu,

159 5702 236 5783 yet
264 5707 318 5768 in
341 5707 637 5787 (noctibus,
672 5702 971 5769 amicei
1018 5709 1081 5769 in
1125 5707 1300 5786 foliis.
1332 5707 1403 5769 Et
1444 5706 1554 5769 hos
1583 5702 1794 5770 secuta

1908 4635 2101 4691 Germ.
2139 4637 2463 4693 restituere.

1978 4706 2247 4793 (36)“Vet.
2281 4708 2473 4793 edita;
2505 4724 2633 4793 ea_a
2656 4712 2935 4793 principio
2979 4720 3245 4793 creaturae
3275 4722 3403 4774 usui
3428 4726 3556 4793 apta

1902 4777 2125 4855 donauit
2146 4782 2507 4855 prwscientia
2558 4777 2757 4837 divinae
2802 4777 3070 4855 niajestis.
3106 4787 3227 4844 Illis
3270 4777 3557 4847 accedunt

1905 4850 2166 4930 quazdam
2211 4850 2597 4930 recentiores,_
2630 4869 2715 4930 ac
2744 4850 2902 4908 mssf
2936 4858 3071 4922 duo,
3126 4859 3238 4914 nisi
3286 4863 3442 4930 quod
3491 4863 3554 4918 hi

1903 4919 2244 4997 legunt,.....
2303 4926 2352 4976 et
2394 4925 2768 4997 praescientiw
2806 4940 2923 4981 suae
2956 4919 3253 4997 majestate.
3303 4919 3553 4988 'lllarum

1904 4990 2337 5074 nonnullam-3.1...
2386 4990 2919 5074 irrevz'dcntiw_su£
2965 4990 3269 5068 majestate.
3324 5001 3552 5074 lleliqui

1905 5078 2049 5118 mss.
2084 5068 2140 5117 et
2168 5062 2304 5117 edit.
2334 5062 2640 5119 nnbiscum
2672 5066 2911 5122 faciunt.

1977 5134 2086 5203 (37)
2118 5137 2204 5187 Ita
2236 5149 2378 5187 mss.
2412 5134 2706 5190 undecim.
2730 5137 2841 5194 Alii
2875 5143 2931 5194 et
2961 5140 3097 5195 edit.
3129 5141 3336 5197 Habent
3366 5148 3552 5201 autem

1904 5209 1954 5260 et
1982 5206 2193 5259 radices
2223 5207 2480 5259 virtutem
2508 5207 2751 5260 seminis.

1976 5275 2086 5346 (38)
2120 5274 2279 5330 Colh.
2312 5291 2467 5330 unus
2496 5280 2553 5331 et
2580 5276 2727 5331 Vict.
2760 5278 2896 5348 duo,
2926 5297 2989 5336 ea
3030 5285 3245 5339 ratione
3282 5293 3333 5341 et
3371 5287 3550 5343 incre-

1903 5353 2166 5412 mentum,
2195 5348 2292 5399 etc.

1998 5415 2266 5501 39λΕε1ἱρἔ
2302 5430 2505 5501 omnes
2535 5420 2592 5501 et
2622 5418 2792 5488 pauci
2832 5436 3007 5501 mss._,_
3054 5429 3393 5501 sapientia...
3423 5445 3552 5501 pro-

1904 5487 2164 5567 uidentia.
2223 5487 2409 5567 Rema
2438 5490 2511 5567 et.
2538 5487 2721 5567 Cain”
2770 5487 3128 5567 sapientiai”:
3164 5487 3549 5567 providentia.

1903 5558 2012 5616 Alii
2048 5572 2256 5632 novem
2288 5556 2709 5632 probatissimi,
2740 5556 3029 5632 patientia,
3064 5556 3175 5621 etc:

1977 5630 2257 5721 ςρρλΜεε.
2290 5629 2563 5709 quatuor,
2594 5629 2761 5690 dubia
2791 5630 3176 5721 horum,qu
3214 5641 3549 5709 insinceram
