3932 6212
321 318 435 378 199

913 447 1145 503 CAPUT
1186 446 1357 502 XVII.

317 522 594 578 Surditale
654 522 885 575 humani
940 520 1115 575 cordis
1173 523 1472 590 increpata,
1529 517 1805 570 mirabilis
1865 516 1979 590 Dei-

382 594 726 666 providentia
781 596 840 646 in
898 593 1146 646 minimis
1201 586 1549 666 declaratur;
1579 592 1848 666 prwcinue
1895 586 1959 639 de

388 661 672 719 arboribus
730 681 941 733 semper
997 664 1293 716 virentibus
1338 671 1388 716 et
1428 662 1655 714 illarum
1703 661 1957 733 (li/[erm-

389 740 500 802 tiis,
531 742 646 790 tum
676 735 741 789 de
765 731 942 805 primo
973 737 1099 788 vitis
1130 735 1350 797 cultore,
1384 750 1446 786 ac
1497 734 1614 785 vini
1661 748 1760 785 usu
1792 731 1957 783 disse-

389 811 552 862 ritur.

386 899 473 950 70.
507 896 800 960 Ger-minet,
852 894 1059 965 inquit,
1112 901 1256 948 terra
1310 893 1532 947 herbam
1578 894 1862 955 virentem,
1905 892 1961 943 et

315 986 513 1040 statim
547 985 705 1039 omni
737 988 1010 1055 surgente
1041 984 1303 1053 germine
1333 987 1486 1037 terra
1516 979 1803 1051 completa
1850 982 1957 1032 est.

314 1075 380 1129 Et
410 1073 634 1129 homini
683 1073 896 1126 dicitur
947 1089 958 1125 :
1011 1073 1216 1139 Diliges
1249 1073 1538 1125 Dominum
1583 1071 1748 1123 Deum
1807 1076 1958 1122 tuum

315 1166 493 1232 (Deut.
525 1180 602 1228 vi,
634 1164 714 1231 5),
747 1166 801 1215 et
831 1179 944 1216 non
977 1166 1065 1215 est
1107 1161 1363 1215 charitas
1409 1159 1506 1214 Dei
1559 1159 1820 1213 omnium
1872 1157 1958 1210 in-

315 1253 446 1307 fusa
501 1251 842 1305 visceribus.
895 1250 1172 1305 Surdiora
1220 1250 1396 1304 corda
1444 1248 1748 1302 hominum
1801 1251 1957 1311 sunt,

314 1357 490 1412 quam
524 1341 669 1394 dura
701 1339 1188 1392 saxorum.'l‘erra
1217 1337 1505 1391 indebitos
1537 1337 1760 1389 fructus
1792 1334 1960 1388 nobis

313 1428 627 1495 ministrat,
663 1428 802 1482 dum
836 1426 1192 1480 obseeundat
1246 1424 1467 1479 auctori
1503 1442 1515 1478 :
1548 1440 1656 1478 nos
1696 1423 1959 1476 debitum

313 1535 530 1573 munus
563 1533 868 1589 negamus,
902 1515 1042 1568 dum
1076 1530 1190 1569 non
1223 1529 1575 1568 veneramur
1604 1516 1920 1566 auctorem.

377 1607 467 1663 7|.
500 1606 643 1660 Vide
675 1606 731 1660 in
766 1605 955 1676 parvis
988 1621 1111 1676 qua:
1143 1603 1501 1674 providentia
1531 1602 1606 1656 sit
1636 1601 1756 1667 Dei,
1778 1606 1833 1654 et
1857 1601 1951 1654 6|

310 1697 447 1768 quia
485 1694 974 1766 comprehendere
1026 1711 1138 1748 non
1187 1698 1371 1764 potes,
1408 1692 1618 1746 mirare
1666 1689 1957 1760 quomodo

309 1787 422 1840 alia
447 1800 679 1856 semper
709 1783 973 1838 ﬂorentia
1008 1781 1404 1841 reservaverit,
1438 1779 1553 1834 alia
1606 1779 1958 1833 mutationes
1989 1813 2036 1877 Β

310 1876 521 1930 habere
579 1872 825 1927 voluerit
883 1871 1342 1942 exspoliationis,
1394 1874 1448 1924 et
1493 1870 1760 1923 amictus.
1802 1867 1956 1922 Inter

309 1981 455 2020 cana
485 1963 731 2026 nivium,
767 1960 1007 2030 pruinas
1049 1959 1350 2030 frigorum,
1384 1957 1735 2012 viriditatem
1785 1971 1955 2010 suam

308 2069 444 2108 arva
468 2054 810 2107 conservant
843 2066 856 2103 :
892 2054 948 2103 et
978 2065 1111 2103 cum
1144 2049 1273 2118 ipsa
1302 2051 1452 2101 tecta
1495 2047 1612 2101 sint
1634 2044 1788 2117 gelu,
1823 2061 1953 2117 par-

307 2147 403 2195 tus
435 2141 523 2196 sui
557 2145 751 2194 tamen
802 2137 956 2192 haud
1012 2137 1279 2207 exiguam
1335 2135 1586 2207 speciem
1644 2133 1956 2190 viriditatis

310 2231 607 2284 obtexunt.
643 2228 705 2282 In
739 2227 882 2298 ipsis
914 2242 1143 2296 quoque
1171 2225 1482 2296 generibus
1512 2225 1955 2294 arborum,quas

308 2317 604 2374 diuturnis
679 2315 984 2370 frondibus
1054 2314 1404 2379 vestiuntur,
1462 2330 1577 2368 non
1645 2312 1954 2367 mediocris

309 2406 587 2462 distantia
607 2406 922 2460 est.Servat
941 2403 1348 2457 indumentum
1369 2418 1542 2456 suum
1562 2417 1792 2472 semper
1807 2401 1950 2468 olea,

307 2493 393 2550 vel
425 2493 621 2565 pinus,
657 2493 754 2546 sed
790 2498 983 2545 tamen
1014 2490 1148 2543 folia
1189 2506 1296 2544 sua
1343 2506 1493 2561 saepe
1548 2495 1950 2556 commutant;

309 2599 412 2638 nec
439 2597 506 2638 ea
537 2581 704 2653 quasi
738 2579 1035 2647 diuturna,
1067 2579 1166 2633 sed
1201 2579 1368 2649 quasi
1412 2579 1772 2634 succedanea
1809 2595 1952 2650 prae-

306 2673 556 2728 tendunt
585 2687 702 2726 suae
735 2669 959 2724 arboris
1002 2667 1447 2739 pulchritudini,
1501 2667 1762 2738 perpetui
1808 2667 1952 2722 inte-

306 2760 515 2832 gritate
546 2759 791 2814 vestitus
820 2757 944 2811 vice
975 2757 1237 2811 muneris
1281 2756 1720 2810 obumbrantes.
1755 2755 1954 2811 Palma

307 2854 506 2904 autem
536 2847 728 2901 virens
761 2861 992 2916 semper
1036 2849 1231 2898 manet
1263 2844 1698 2898 conservatione
1731 2850 1787 2899 et
1818 2845 1950 2898 diu-

307 2937 609 2999 turnitate,
651 2951 766 2989 non
825 2934 1235 2988 immutatione
1289 2930 1579 2987 foliorum.
1631 2933 1776 2988 Nam
1827 2951 1953 3005 qua:

311 3026 499 3099 primo
530 3023 945 3096 germinaverit
975 3021 1206 3087 folia,ea
1229 3021 1353 3076 sine
1375 3020 1494 3076 ulla
1513 3021 1953 3078 substitutionis

309 3114 676 3170 successione
707 3115 1027 3168 conservat.
1065 3109 1295 3165 Imitare
1329 3126 1464 3181 ergo
1491 3127 1640 3177 eam,
1675 3127 1707 3165 o
1756 3110 1950 3181 homo,

1773 313 1837 372 S.
1885 305 2261 372 AMBROSII

3583 304 3693 380 260,
3713 309 3718 312 .

1989 443 2043 506 Α
2074 449 2127 497 et
2160 446 2421 500 ﬂorentia
2450 447 2658 501 merita
2684 445 2984 500 virtutum.
3023 443 3191 501 Mane
3233 460 3368 518 ergo
3416 447 3692 518 plantatus

2071 534 2128 587 in
2163 535 2334 590 domo
2367 535 2620 601 Domini,
2654 541 2718 591 ut
2746 537 2807 591 in
2837 536 3004 591 atriis
3037 537 3164 606 ejus
3195 535 3349 590 sicut
3375 536 3560 608 palma
3599 539 3691 597 ﬂo-

2070 640 2218 692 reas,
2251 630 2306 678 et
2336 626 2612 679 ascendat
2644 628 2702 679 in
2735 630 2788 680 te
2835 625 3023 696 gratia
3055 624 3341 689 Ecclesiae,
3373 629 3428 680 et
3465 626 3539 682 sit
3566 628 3697 685 odor

2070 712 2299 767 narium
2330 717 2564 768 tuarum
2598 714 2748 769 sicut
2779 713 2957 780 mala,
2990 719 3044 768 et
3073 715 3266 769 fauces
3299 719 3409 768 tua
3440 713 3582 771 sicut
3609 717 3692 772 vi-

2070 817 2210 855 num
2269 800 2554 872 optimum
2628 803 2805 872 (Cant.
2878 821 2978 872 vn,
3031 803 3108 869 9),
3169 807 3233 856 ut
3291 802 3586 860 inebrieris
3641 806 3693 860 in

2068 889 2319 945 Christo.

2137 980 2226 1030 72.
2260 983 2409 1033 Bene
2440 979 2742 1033 admonuit
2775 980 2883 1033 iste
2915 980 3237 1034 versiculus
3271 984 3523 1052 repetere
3562 999 3696 1054 pene

2069 1067 2493 1132 intermissum,
2530 1067 2668 1139 quia
2699 1069 2953 1122 diximus
2998 1073 3281 1140 praecepto
3327 1069 3426 1124 02
3476 1069 3693 1126 Domini

2068 1155 2242 1210 vitem
2273 1157 2445 1210 etiam
2481 1155 3005 1227 pullulasse,quam
3036 1162 3236 1228 postea
3267 1159 3399 1228 post
3427 1157 3695 1214 diluvium

2069 1261 2102 1298 a
2159 1245 2276 1298 Noe
2334 1244 2655 1315 plantatam
2715 1261 2843 1300 esse
2899 1246 3277 1317 cognovimus
3308 1245 3461 1312 (Gen.
3489 1263 3561 1313 ix,
3591 1247 3695 1318 20).

2069 1333 2161 1387 Sic
2193 1334 2346 1387 enim
2379 1333 2581 1398 habes,
2614 1334 2752 1404 quia
2779 1334 2897 1389 Noe
2946 1333 3201 1407 agricola
3249 1340 3374 1389 erat
3421 1340 3600 1402 terra),
3645 1337 3698 1392 et

2069 1421 2354 1492 plantavit
2394 1423 2589 1488 vitem,
2622 1427 2678 1476 et
2726 1423 2874 1476 bibit
2917 1423 2986 1478 de
3036 1424 3166 1478 vino
3223 1424 3371 1493 ejus,
3406 1429 3459 1478 et
3500 1424 3695 1480 obdor-

2069 1511 2251 1565 mivit.
2285 1511 2411 1565 Non
2443 1527 2578 1582 ergo
2607 1511 2723 1566 Noe
2776 1517 2977 1567 auctor
3028 1517 3116 1567 est
3159 1512 3314 1579 vitis,
3349 1514 3450 1568 sed
3482 1512 3692 1585 planta-

2068 1600 2262 1654 tionis.
2297 1600 2492 1670 Neque
2523 1600 2678 1654 enim
2711 1601 2821 1656 nisi
2856 1615 2982 1656 eam
3015 1602 3326 1673 reperisset
3357 1605 3490 1657 ante
3537 1619 3698 1675 gene-

2068 1693 2276 1753 ratam,
2308 1689 2569 1760 plantare
2596 1689 2896 1760 potuisset.
2930 1690 3131 1746 Cultor
3160 1707 3317 1762 ergo,
3353 1708 3468 1746 non
3511 1696 3702 1747 auctor

2067 1783 2155 1832 est
2184 1777 2410 1832 vitium.
2445 1777 2599 1833 Deus
2629 1783 2821 1833 autem
2855 1779 2955 1850 qui
2987 1779 3160 1834 sciret
3191 1780 3344 1851 quod
3377 1779 3576 1835 vinum
3614 1797 3700 1835 so-

2067 1866 2188 1921 brie
2219 1870 2479 1938 potatum
2509 1867 2816 1922 sanitatem
2850 1868 3284 1940 daret,augeret
3312 1867 3698 1939 prudentiam,

2065 1955 2376 2010 immodice
2395 1958 2697 2026 sumptum
2717 1955 2788 2011 ad
2811 1955 2949 2012 vitia
2966 1973 3175 2012 causas
3193 1957 3701 2028 daret,creaturam

2064 2045 2245 2109 dedit,
2287 2044 2709 2099 abundantiam
2762 2045 3020 2101 humano
3076 2045 3314 2101 arbitrio
3363 2045 3699 2113 reservavit;

2066 2139 2128 2188 ut
2178 2134 2538 2205 parcimonia
2570 2139 2787 2188 natura:
2833 2141 2988 2190 esset
3035 2136 3440 2206 magisterium
3493 2134 3701 2191 sobrie-

2063 2223 2225 2289 tatis,
2258 2222 2626 2277 abundantia:
2673 2224 2906 2279 noxiam
2956 2224 3304 2296 lapsumque
3352 2221 3701 2280 temulentis:

2063 2312 2172 2368 sibi
2206 2312 2523 2367 ascriberet
2572 2312 2830 2368 humana
2877 2313 3150 2369 conditio.
3184 2313 3448 2385 Denique
3494 2317 3551 2369 et
3587 2313 3704 2385 ipse

2063 2401 2383 2456 inebriatus
2418 2405 2507 2456 est
2535 2401 2736 2469 Noe,et
2764 2402 3113 2457 obdormivit
3134 2403 3477 2474 consopitus
3503 2419 3538 2458 a
3556 2401 3701 2457 vino.

2063 2492 2262 2562 Itaque
2288 2507 2390 2561 per
2417 2490 2617 2545 vinum
2652 2491 2838 2562 patuit
2871 2491 3225 2548 deformitati
3273 2493 3377 2562 qui
3429 2508 3532 2564 per
3559 2489 3705 2547 dilu-

2061 2579 2220 2634 vium
2251 2579 2494 2635 excrevit
2527 2580 2596 2633 ad
2628 2578 2874 2652 gloriam
2910 2596 2923 2634 :
2960 2582 3060 2636 sed
3102 2581 3390 2637 Dominus
3440 2586 3496 2637 et
3541 2581 3597 2635 in
3645 2594 3707 2635 eo

2063 2674 2340 2724 creaturae
2372 2685 2489 2724 suae
2517 2669 2762 2740 gratiam
2793 2670 3128 2734 reservavit,
3163 2675 3227 2725 ut
3272 2671 3406 2740 ejus
3459 2671 3710 2724 fructum

2065 2757 2232 2813 nobis
2281 2763 2637 2812 converteret
2690 2759 2761 2814 ad
2811 2758 3082 2825 salutem,
3119 2775 3182 2814 ac
3215 2775 3317 2830 per
3362 2775 3500 2816 eum
3550 2756 3711 2813 nobis

2064 2847 2326 2903 remissio
2375 2852 2744 2918 peccatorum
2798 2849 3144 2920 proveniret.
3198 2847 3364 2903 Unde
3413 2848 3507 2920 pie
3557 2847 3710 2902 Isaac

2063 2937 2208 2990 dixit
2242 2954 2256 2992 :
2287 2935 2444 2991 Odor
2489 2936 2689 3002 Jocob,
2741 2937 2884 2992 odor
2933 2936 3054 3009 agri
3104 2935 3284 3008 pleni,
3316 2937 3378 2992 id
3411 2942 3503 2992 est
3545 2939 3710 2992 natu-

2063 3023 2200 3080 ralis
2231 3026 2374 3080 odor
2404 3027 2562 3096 (Gen.
2593 3041 2767 3093 xxvn,
2799 3026 2910 3095 27).
2945 3025 3090 3091 Quid
3142 3025 3298 3080 enim
3355 3025 3531 3098 pleno
3582 3039 3711 3079 rure

2066 3113 2342 3170 suavius?
2389 3113 2536 3178 Quid
2584 3114 2718 3168 vitis
2766 3114 2939 3170 odore
2978 3115 3346 3185 jucundius?
3381 3114 3533 3178 Quid
3575 3114 3715 3169 fabre

309 3208 372 3258 ut
403 3203 633 3258 dicatur
660 3205 718 3256 et
748 3201 852 3255 tibi
887 3219 900 3256 :
935 3202 1156 3256 Statura
1184 3203 1276 3254 tua
1325 3179 1526 3254 similis
1567 3203 1714 3270 facta
1735 3205 1809 3256 est
1828 3179 1951 3272 pal4
1983 3179 2027 3246 (ἶ
2067 3203 2206 3258 ﬂore
2251 3203 2514 3275 gratius?
2545 3202 2708 3259 Unde
2743 3179 3009 3275 quamvis
3056 3203 3359 3275 ingeniose
3407 3204 3543 3276 quis
3587 3206 3718 3258 ante

305 3308 408 3348 mae
435 3292 612 3363 (Cant.
645 3308 740 3356 vn,
773 3292 846 3360 7}.
891 3291 1065 3344 Serva
1107 3287 1459 3344 viriditatem
1509 3289 1766 3360 pueritia:
1817 3296 1949 3357 tua},

306 3388 361 3438 et
393 3381 552 3436 illius
586 3380 927 3435 innocentia:
977 3378 1261 3434 naturalis
1311 3395 1488 3450 quam
1539 3394 1571 3432 a
1632 3379 1951 3450 primordio

308 3469 597 3541 recepisti,
631 3474 714 3536 ut,
748 3468 1045 3540 plantatus
1090 3484 1257 3522 secus
1307 3467 1591 3523 decursus
1640 3485 1948 3539 aquarum,

307 3559 561 3614 fructum
596 3562 762 3610 tuum
796 3558 854 3610 in
887 3562 1145 3627 tempore
1170 3561 1270 3610 tuo
1293 3555 1510 3611 habeas
1541 3563 1949 3629 przeparatum,

308 3652 364 3702 et
395 3646 598 3702 folium
629 3649 795 3700 tuum
831 3663 944 3699 non
977 3646 1215 3700 deﬂuat.
1245 3649 1404 3698 Hanc
1434 3645 1789 3702 viriditatem
1822 3664 1952 3719 gra-

309 3737 399 3790 tize
446 3751 677 3805 semper
729 3734 985 3788 ﬂorentis
1045 3735 1101 3786 in
1163 3733 1390 3787 Christo
1449 3739 1648 3789 secuta
1706 3735 1956 3792 Ecclesia

309 3825 452 3880 dicit
485 3841 497 3879 :
529 3825 594 3878 In
623 3823 817 3877 umbra
848 3825 961 3894 ejus
992 3824 1297 3892 concupiui,
1329 3825 1379 3877 et
1407 3822 1521 3877 sedi
1571 3823 1747 3894 (Cant.
1783 3841 1843 3893 Il,
1875 3827 1952 3896 3).

310 3914 468 3970 Hanc
513 3911 948 3985 praerogativam
1007 3911 1142 3965 doni
1201 3911 1440 3966 virentis
1499 3919 1847 3984 acceperunt
1901 3919 1959 3970 et

310 4001 578 4074 apostoli,
612 4018 863 4072 quorum
899 4017 1003 4055 nec
1034 3999 1236 4055 folium
1265 4017 1527 4072 unquam
1557 4002 1746 4073 potuit
1784 4003 1954 4071 elabi,

312 4097 374 4147 ut
413 4107 615 4148 eorum
671 4090 846 4145 etiam
895 4089 1106 4144 umbra
1155 4093 1386 4144 curaret
1434 4095 1696 4162 azgrotos.
1741 4091 1956 4148 Obum-

310 4183 440 4237 brat
490 4179 645 4236 enim
694 4178 1065 4234 inﬁrmitates
1099 4178 1209 4249 (41)
1255 4179 1514 4250 corporis
1544 4180 1688 4236 ﬁdes
1718 4182 1952 4251 mentis,

2063 3309 2168 3347 nos
2201 3292 2411 3347 dixerit
2435 3310 2446 3346 :
2472 3292 2594 3347 Non
2616 3291 2790 3348 vitem
2816 3296 2916 3347 aut
2939 3293 3116 3348 ﬂcum
3149 3291 3495 3364 patriarcha
3529 3291 3720 3348 olebat

2062 3387 2164 3437 aut
2222 3381 2470 3453 frugem,
2501 3381 2601 3436 sed
2649 3381 2931 3436 virtutum
2977 3382 3241 3452 spirabat
3295 3382 3580 3453 gratiam,
3614 3395 3717 3452 ego

2061 3475 2257 3526 tamen
2312 3474 2370 3525 et
2429 3471 2666 3525 odorem
2725 3471 2921 3542 ipsum
2965 3474 3129 3526 terrae
3164 3469 3504 3542 simplicem
3543 3476 3715 3542 atque

2062 3559 2352 3615 sincerum
2386 3575 2488 3630 pro
2518 3559 2703 3630 gratia
2735 3559 3158 3615 benedictionis
3188 3559 3502 3632 accipiam,
3550 3573 3723 3631 quem

2062 3649 2222 3704 fraus
2254 3647 2414 3703 nulla
2447 3648 2793 3719 composuit,
2818 3649 2918 3704 sed
2952 3649 3162 3704 veritas
3195 3649 3581 3722 indulgentia
3613 3664 3722 3703 coa-

2066 3738 2230 3792 lestis
2279 3737 2512 3792 infudit.
2571 3738 2828 3809 Denique
2859 3737 3010 3792 inter
3038 3737 3484 3793 benedictiones
3534 3753 3724 3794 sacra-

2064 3826 2326 3882 tissimas
2357 3830 2748 3898 computatur,
2783 3830 2846 3881 ut
2879 3827 3096 3882 tribuat
3146 3827 3313 3882 nobis
3365 3827 3661 3883 Dominus
3691 3841 3724 3882 a

2065 3932 2193 3971 rore
2241 3915 2366 3970 coeli
2416 3914 2532 3969 vim
2585 3913 2725 3980 vini,
2758 3913 2868 3970 olei
2924 3920 3098 3986 atque
3146 3917 3430 3971 frumenti
3467 3933 3481 3972 :
3516 3917 3612 3972 cui
3641 3917 3726 3971 est

2066 4005 2272 4073 honor,
2313 4002 2464 4068 laus,
2515 4007 2571 4058 et
2627 4003 2830 4075 gloria,
2865 4004 3220 4076 perpetuitas
3279 4021 3312 4059 a
3369 4004 3631 4071 seculis,
3670 4005 3726 4058 et

2069 4110 2226 4150 nunc
2255 4097 2312 4148 et
2342 4108 2592 4164 semper,
2626 4097 2684 4148 et
2730 4092 2789 4147 in
2840 4093 3039 4148 omnia
3077 4093 3289 4150 saecula
3339 4094 3719 4152 saeculorum.

2066 4185 2270 4238 Amen.
2631 4173 2642 4185 ’

379 4299 490 4366 (41)
521 4295 735 4350 Omnes
766 4295 868 4349 dit.
902 4299 957 4349 et
990 4311 1133 4349 mss.
1167 4293 1390 4366 aliquot
1419 4296 1709 4369 sequioris
1730 4302 1899 4364 notae,
1959 4297 2325 4357 Obumbrabat
2349 4300 2497 4353 enim
2522 4297 2856 4368 inﬁrmitati.

1533 4543 1855 4626 LIBER
1912 4543 2496 4655 QUARTUS.

1386 4691 1506 4751 DE
1568 4693 1899 4754 OPERE
1957 4694 2341 4766 QUARTI
2399 4693 2633 4754 DIE].

645 4928 875 4984 CAPUT
918 4929 1205 4984 PRIMUM
1247 4929 1470 4999 (Sermo
1503 4929 1620 5001 VI.)

309 5021 584 5075 Lectorem
611 5022 772 5090 parat
805 5019 872 5072 ad
913 5020 1248 5074 creationem
1294 5019 1423 5072 solis
1462 5021 1605 5074 recte
1646 5020 1955 5090 intelligen-

378 5090 526 5176 tiam,
584 5090 1101 5176 declinandam/[ua
1141 5092 1195 5143 in
1235 5105 1294 5144 eo
1361 5090 1786 5173 idolomaniam;
1847 5108 1954 5176 gua

380 5161 444 5215 de
474 5178 531 5215 re
560 5161 797 5233 ejusdem
825 5178 948 5215 cum
977 5166 1194 5216 auclore
1223 5177 1318 5233 suo
1347 5165 1809 5233 comparationem
1838 5161 1952 5217 ins-

381 5235 552 5305 tituit,
585 5242 633 5305 et
664 5232 907 5286 ordinem
942 5249 1044 5304 quo
1077 5236 1219 5287 inter
1249 5232 1358 5287 alia
1391 5232 1604 5289 creatus
1634 5243 1728 5299 est,
1761 5249 1955 5305 expen-

380 5303 480 5368 dit,
511 5304 750 5373 subjecta
781 5303 1018 5373 eleganti
1045 5309 1213 5360 terra?
1230 5307 1624 5376 prosolmpmia.

389 5395 434 5444 ι.
467 5391 573 5455 Qui
606 5391 957 5447 vindemiam
989 5392 1231 5465 colligit,
1263 5409 1401 5448 vasa
1429 5395 1592 5465 prius
1624 5394 1838 5465 quibus
1868 5393 1957 5450 vi-

386 5531 510 5656 (422.
531 5531 676 5586 Edit.
711 5537 996 5598 omnes,et
1028 5551 1170 5590 mss.
1204 5535 1444 5606 aliquot,
1479 5536 1713 5607 partim,
1743 5553 1814 5591 ne
1839 5551 1959 5593 sor-

386 5619 401 5656 ς
431 5619 464 5656 a
491 5618 702 5656 muas...
736 5603 1070 5656 decolorent:
1105 5611 1336 5656 nartim.
1368 5622 1437 5656 ηε
1481 5607 1661 5656 sordes
1699 5607 1956 5656 aliam...

311 5602 401 5679 des
431 5602 702 5679 aliquae?
736 5603 1070 5672 decolorent;
1105 5602 1336 5679 partim,
1368 5622 1437 5660 ne
1480 5602 1674 5679 sordes
1699 5602 1956 5678 aliqua...

312 5672 594 5732 decoloret.
629 5674 859 5732 Decem.
895 5692 1038 5734 mss.
1067 5672 1330 5752 probatas
1352 5677 1736 5750 auctoritatis,
1759 5672 1826 5737 n'e
1844 5693 1960 5737 sors

1985 4936 2032 4999 D
2068 4949 2209 4988 num
2241 4932 2596 5002 infunditur,
2628 4934 2913 4989 mundare
2961 4932 3276 4999 consuevit,
3309 4947 3388 4988 ne
3441 4947 3580 4988 sors
3630 4927 3734 4984 ali-

2067 5038 2184 5092 qua
2214 5023 2324 5092 (42)
2355 5022 2471 5076 vini
2504 5023 2749 5095 gratiam
2777 5022 3084 5079 decoloret.
3110 5022 3257 5087 Quid
3287 5021 3460 5077 enim
3494 5019 3738 5094 prodest

2064 5127 2276 5182 ponere
2305 5111 2482 5167 vitem
2514 5112 2736 5180 ordine,
2772 5113 2962 5168 fodere
2992 5111 3330 5184 quotannis,
3367 5115 3481 5167 aut
3523 5107 3736 5166 aratris

2064 5198 2256 5254 sulcos
2287 5199 3132 5272 ducere,putare,subrigere,si
3163 5201 3501 5272 adjungere
3531 5195 3735 5261 ulmis,

2064 5291 2119 5342 et
2151 5289 2404 5358 quodam
2435 5289 2726 5344 connubio
2757 5288 3048 5360 copulare,
3072 5289 3121 5346 si
3153 5293 3313 5344 tanto
3358 5287 3573 5344 labore
3604 5285 3740 5340 vina

2065 5376 2309 5448 quzesita
2366 5377 2425 5433 in
2483 5394 2618 5434 vase
2676 5377 3057 5434 coacescant?
3114 5376 3442 5433 Matutinos
3499 5387 3740 5448 quoque

2067 5537 2276 5663 aliqua,
2309 5542 2414 5592 etc.
2449 5537 2610 5620 Bona
2648 5537 2836 5620 lectio,
2867 5539 3038 5609 cujus
3088 5539 3378 5594 rationem
3435 5535 3744 5663 intelliges

2067 5623 2098 5663 θ
2169 5624 2324 5663 rane.
2359 5610 2579 5663 Sanctu
2605 5609 2864 5663 Minerva
2891 5611 2962 5663 de
2991 5627 3114 5663 voc.
3147 5609 3424 5663 homon..
3458 5607 3648 5663 namli
3687 5605 3739 5663 8.

2067 5623 2098 5665 θ
2125 5605 2324 5666 Fraus.
2359 5609 2579 5667 Sanctii
2605 5609 2864 5667 Minerva
2891 5605 2962 5668 de
2991 5627 3114 5669 voc.
3147 5609 3424 5680 homon.,
3457 5605 3739 5684 pagJiOB.
