3932 6212
136 270 226 335 λοι

1389 257 1927 337 ΗΕΧΔΕΜΕΒΟΝ
1969 262 2120 325 LIB.
2164 262 2269 325 IV.

146 400 259 457 solis
284 402 452 457 ortus
513 400 568 457 si
627 399 769 475 quis
827 401 1086 477 spectare
1142 396 1456 463 desiderat,
1497 395 1777 452 emundat
1803 394 1859 461 Α
1889 392 2061 449 Illum
2084 398 2239 451 terra
2257 395 2563 452 abscondit
2585 396 2794 466 ;istius
2811 402 3035 455 motum
3059 416 3172 457 non
3198 405 3387 475 potest
3403 420 3531 460 sus-

144 488 313 547 oculos
333 506 477 547 suos
502 506 517 546 :
545 506 619 546 ne
650 489 797 563 quid
820 487 1098 563 pulveris,
1146 505 1218 543 ne
1248 486 1387 559 quid
1416 502 1773 559 purgamen-

142 585 307 636 torum
328 578 522 637 oculis
543 579 674 651 ejus
697 578 919 634 insidat
942 578 1073 650 (43),
1098 593 1215 649 quo
1230 576 1451 631 tuentis
1473 576 1780 630 hebetetur

140 670 397 738 obtutus;
435 684 581 724 neve
641 667 843 740 aliqua
894 666 1077 738 caligo
1136 664 1423 721 nebulosa
1471 679 1777 735 corporeus

137 759 279 814 visus
327 755 656 831 spectantis
708 757 981 812 obducat.
1026 753 1209 809 Nobis
1259 753 1319 809 in
1367 752 1614 808 lectione
1644 768 1775 807 exo-

136 847 359 903 riendus
410 850 504 902 est
533 846 643 913 sol,
677 844 778 917 qui
811 849 946 899 ante
987 860 1100 899 non
1134 842 1329 898 fuerit.
1363 841 1625 897 Primum
1648 841 1775 911 jam

135 936 275 992 diem
304 936 439 991 sine
472 934 594 991 sole
641 933 1023 989 transivimus
1065 949 1079 987 :
1130 931 1454 987 secundum
1501 929 1627 986 sine
1656 929 1778 985 sole

134 1024 558 1098 transegimus:
592 1024 832 1079 tertium
856 1021 982 1077 sine
1002 1019 1123 1076 sole
1139 1020 1500 1076 confecimus
1529 1035 1542 1072 :
1568 1022 1777 1090 quarto

133 1114 213 1171 die
226 1115 399 1186 jubet
430 1113 587 1169 Deus
640 1110 765 1167 ﬁeri
796 1109 1112 1165 luminaria
1138 1108 1344 1175 solem,
1378 1113 1436 1163 et
1464 1108 1688 1175 lunam,
1722 1110 1779 1163 et

133 1202 341 1259 stellas.
368 1201 469 1258 Sol
489 1200 694 1274 incipit
717 1219 731 1269 ;
756 1198 1013 1255 emunda
1044 1197 1243 1253 oculos
1256 1197 1489 1261 mentis,
1515 1213 1547 1251 o
1575 1195 1775 1262 homo,

135 1291 426 1365 animique
485 1290 791 1346 interiores
821 1290 1081 1355 obtutus,
1138 1301 1212 1342 ne
1242 1302 1360 1359 qua
1388 1285 1614 1341 festuca
1644 1301 1777 1358 pec-

134 1384 233 1439 cati
264 1381 456 1438 aciem
490 1379 575 1435 tui
622 1378 997 1457 praestringat
1051 1374 1292 1449 ingenii,
1339 1378 1395 1431 et
1421 1374 1553 1447 puri
1584 1373 1777 1429 cordis

132 1473 316 1528 turbet
347 1472 676 1543 aspectum.
715 1466 979 1522 Emunda
1024 1480 1248 1533 aurem,
1291 1467 1355 1519 ut
1384 1480 1519 1518 vase
1549 1462 1777 1518 sincero

134 1561 442 1634 Scriptura:
473 1556 681 1612 divinae
713 1554 901 1612 nitida
946 1553 1168 1635 ﬂuenta
1214 1552 1525 1624 suscipias,
1557 1567 1629 1607 ne
1660 1567 1778 1623 qua

132 1649 495 1724 ingrediatur
542 1643 829 1719 contagio.
880 1642 1147 1698 Procedit
1193 1641 1279 1697 sol
1327 1657 1540 1713 magno
1563 1639 1776 1711 jubare

130 1739 301 1804 diem,
334 1752 552 1810 magno
579 1734 869 1790 mundum
892 1730 1189 1803 complens
1211 1729 1460 1795 lumine,
1485 1745 1775 1803 vaporans
1803 1759 1853 1826 B

129 1828 331 1883 calore.
366 1823 536 1892 Cave,
568 1840 601 1879 o
632 1823 829 1889 homo,
878 1820 1063 1876 solam
1093 1821 1224 1891 ejus
1263 1819 1621 1892 perpendere
1651 1835 1775 1874 ma-

128 1916 528 1992 gnitudinem;
554 1929 626 1968 ne
642 1910 864 1967 nimius
884 1909 1076 1982 fulgor
1104 1910 1233 1980 ejus
1252 1908 1540 1964 visustuai
1563 1907 1777 1963 mentis

128 2007 408 2063 obesset:
437 2008 503 2058 ut
524 1998 623 2076 qui
648 2018 680 2057 e
731 1999 964 2073 regione
992 1999 1052 2054 in
1077 1998 1307 2053 radium
1351 1997 1479 2069 ejus
1500 1996 1772 2065 intendit,

130 2109 467 2168 repercusso
496 2089 720 2146 lumine
738 2104 971 2145 omnem
991 2087 1182 2145 subito
1205 2086 1418 2142 amittit
1436 2089 1771 2157 aspectum;

132 2201 189 2240 ac
216 2182 333 2240 nisi
362 2181 426 2238 in
459 2184 695 2235 caeteras
725 2180 921 2250 partes
972 2175 1201 2231 vultum
1251 2191 1425 2231 suum
1457 2173 1773 2246 oculosque

131 2273 441 2337 convertat,
473 2268 727 2325 aestimat
781 2282 844 2321 se
875 2264 1017 2320 nihil
1069 2264 1285 2331 videre,
1315 2266 1372 2318 et
1405 2263 1609 2318 tuendi
1641 2278 1770 2317 mu-

133 2378 257 2418 nere
276 2375 411 2416 esse
433 2356 774 2413 fraudatum
798 2371 811 2409 :
837 2353 887 2409 si
913 2370 1050 2409 vero
1069 2353 1171 2409 68
1194 2352 1464 2408 deﬂectat
1475 2352 1767 2419 obtutum,

133 2452 414 2521 integrum
449 2446 564 2503 sibi
618 2443 879 2501 officium
928 2448 1276 2516 perseverat.
1309 2442 1460 2497 Cave
1487 2441 1670 2514 igitur
1695 2458 1770 2497 ne

133 2545 187 2596 et
209 2543 374 2595 tuum
404 2535 612 2592 radius
648 2534 781 2605 ejus
808 2531 1072 2588 exoriens
1091 2530 1411 2587 confundat
1441 2534 1766 2602 aspectum.

133 2629 198 2684 Et
226 2628 351 2685 ideo
382 2624 551 2699 prius
593 2622 1034 2678 ﬁrmamentum
1063 2619 1190 2675 coeli
1221 2619 1435 2692 sepice,
1460 2620 1615 2691 quod
1634 2624 1767 2676 ante

138 2716 306 2774 solem
337 2716 561 2773 factum
587 2716 678 2768 est
710 2730 725 2767 :
759 2715 973 2767 terram
1025 2709 1243 2781 aspice,
1294 2725 1421 2781 quae
1454 2712 1763 2781 antequam

141 2805 217 2862 sol
244 2786 600 2878 procederet,
618 2800 795 2873 coepit
804 2816 933 2855 esse
949 2797 1196 2854 visibilis
1212 2801 1388 2869 atque
1408 2798 1733 2870 composita
1751 2815 1763 2853 :

144 2895 389 2969 germina
433 2893 566 2963 ejus
596 2889 790 2962 aspice
828 2887 1117 2943 anteriora
1145 2885 1287 2942 solis
1320 2885 1561 2942 lumine.
1591 2889 1766 2943 Ante-

144 2982 245 3040 rior
266 2981 527 3038 bruchus
563 2979 678 3051 (44)
708 2992 885 3050 quam
918 2975 1024 3044 sol,
1057 2975 1354 3048 antiquior
1380 2974 1562 3030 herba
1590 2991 1768 3048 quam

143 3071 285 3127 luna.
316 3069 447 3127 Noli
478 3084 618 3141 ergo
647 3066 831 3123 Deum
864 3065 1113 3132 credere,
1147 3064 1239 3119 cui
1289 3063 1450 3119 vides
1508 3063 1607 3120 Dei
1640 3081 1769 3120 mu-

146 3177 267 3217 nera
294 3174 425 3218 esse
457 3129 718 3230 prglata.
750 3154 895 3210 Tres
925 3153 1048 3209 dies
1077 3129 1355 3208 transacti
1396 3156 1554 3219 sunt,
1588 3156 1645 3208 et
1673 3169 1772 3209 so-
1803 3129 1845 3196 C

144 3246 245 3304 lem
272 3262 443 3304 nemo
475 3243 760 3318 quaesivit,
792 3244 850 3298 et
881 3240 1123 3297 luminis
1169 3240 1406 3297 claritas
1435 3240 1770 3297 abundavit.

145 3335 314 3392 Habet
340 3334 500 3392 enim
532 3337 592 3389 et
621 3331 746 3388 dies
802 3346 972 3386 suam
1027 3328 1242 3398 lucem,
1305 3346 1431 3400 quae
1462 3342 1797 3402 praecessor

145 3430 223 3481 est
249 3423 406 3481 solis.
440 3422 568 3478 Non
599 3420 781 3493 igitur
811 3426 862 3474 le
890 3422 1053 3474 tanto
1077 3416 1375 3491 splendori
1399 3417 1540 3474 solis
1558 3422 1775 3474 temere

143 3512 488 3568 committas.
537 3507 754 3566 Oculus
806 3510 894 3563 est
944 3506 1100 3562 enim
1153 3506 1383 3575 mundi,
1432 3507 1777 3579 jucunditas

144 3600 266 3670 diei,
298 3600 427 3657 cceli
458 3596 863 3673 pulchritudo,
922 3600 1142 3652 naturae
1200 3594 1409 3668 gratia,
1440 3596 1779 3669 prestantia

145 3694 424 3747 creaturae.
1740 3760 1747 3765 _

204 3782 255 3833 2.
282 3778 394 3834 Sed
425 3775 665 3849 quando
695 3774 851 3830 hunc
882 3772 1062 3841 vides,
1098 3777 1393 3830 auctorem
1426 3775 1554 3846 ejus
1586 3775 1777 3830 consi-

148 3868 275 3924 dera
296 3885 310 3924 :
343 3865 582 3941 quando
604 3863 761 3921 hunc
778 3860 1213 3935 miraris,lauda
1231 3863 1396 3936 prius
1417 3863 1605 3937 ipsius
1625 3879 1780 3920 crea-

150 3961 338 4013 torem.
373 3955 433 4013 Si
464 3959 585 4018 tam
614 3956 819 4028 gratus
866 3955 955 4009 est
1001 3949 1087 4009 sol
1129 3968 1368 4008 consors
1402 3956 1460 4008 et
1488 3952 1778 4025 particeps

152 4050 433 4114 creaturae,
464 4059 645 4116 quam
694 4041 885 4098 bonus
906 4044 995 4096 est
1016 4040 1101 4098 sol
1119 4039 1215 4096 ille
1236 4041 1515 4112 justitiael
1566 4041 1625 4097 Si
1656 4044 1779 4097 tam

153 4132 300 4189 velox
327 4133 458 4200 iste,
510 4136 575 4187 ut
621 4130 843 4203 rapidis
875 4129 1146 4186 cursibus
1180 4129 1240 4184 in
1263 4130 1357 4186 die
1387 4147 1453 4186 ac
1484 4133 1651 4186 nocte
1688 4128 1778 4186 lu—

157 4226 286 4277 stret
314 4221 531 4288 omnia,
555 4224 811 4293 quantus
840 4217 940 4274 ille
971 4218 1071 4292 qui
1100 4218 1316 4292 ubique
1346 4234 1578 4292 semper
1597 4222 1708 4287 est,
1726 4223 1783 4275 et

160 4311 447 4382 majestate
463 4326 573 4365 sua
591 4307 844 4381 complet
863 4307 1060 4364 omnia
1075 4308 1103 4363 ‘2
1120 4307 1179 4362 Si
1192 4306 1555 4364 admirabilis
1576 4308 1676 4380 qui
1690 4309 1785 4380 ju-

163 4396 317 4455 betur
361 4398 535 4467 exire,
581 4414 760 4470 quam
820 4409 1000 4469 supra
1058 4396 1447 4453 admiratione
1494 4396 1594 4469 qui
1644 4397 1785 4452 dicit

166 4484 280 4552 soli,
310 4492 364 4544 et
418 4504 536 4543 non
582 4486 860 4552 exoritur,
912 4489 976 4540 ut
1023 4483 1276 4559 legimus
1325 4486 1440 4558 (Job
1470 4503 1547 4554 1x,
1578 4486 1635 4558 7)
1667 4486 1695 4541 ’ἶ
1723 4486 1783 4542 Si
1816 4496 1865 4562 D

169 4590 397 4648 magnus
417 4580 509 4632 est
530 4575 629 4649 qui
649 4591 753 4648 per
768 4573 1048 4630 horarum
1081 4575 1233 4631 vices
1262 4574 1403 4630 locis
1425 4579 1525 4631 aut
1546 4574 1786 4646 accedit,

170 4669 258 4717 aut
281 4665 506 4722 decedit
533 4663 818 4737 quotidie,
850 4662 1042 4735 qualis
1096 4661 1194 4718 ille
1224 4663 1325 4735 qui
1356 4663 1531 4719 etiam
1561 4680 1694 4719 cum
1728 4680 1791 4720 se

171 4751 490 4821 exinaniret,
505 4758 571 4809 ut
591 4769 700 4808 nos
721 4768 857 4808 eum
880 4768 1198 4823 possumus
1214 4753 1427 4819 videre,
1446 4757 1570 4809 erat
1591 4751 1789 4808 lumen

169 4855 370 4909 verum,
392 4842 547 4915 quod
570 4840 871 4897 illuminat
892 4856 1123 4897 omnem
1146 4840 1443 4897 hominem
1465 4842 1791 4897 venientem

169 4928 218 4985 in
243 4929 392 4987 hunc
424 4931 712 4987 mundum
733 4929 762 4984 ?
792 4930 849 4986 Si
873 4929 1416 5002 praestantissimus,
1441 4932 1540 5003 qui
1562 4931 1792 5002 objectu

167 5022 314 5076 terra
338 5022 559 5094 patitur
588 5036 741 5093 saipe
762 5019 1056 5087 defectus;
1091 5023 1321 5090 quantae
1344 5020 1667 5093 majestatis
1694 5020 1797 5092 qui

168 5107 268 5164 ait:
314 5109 502 5167 Adhuc
545 5110 712 5166 semel
759 5124 855 5179 ego
902 5109 1119 5165 movebo
1166 5116 1368 5163 terram
1410 5109 1561 5180 (Agg.
1600 5126 1655 5176 ll,
1686 5109 1799 5180 7)?

168 5286 337 5413 ne#3)
367 5288 517 5344 Edit.
578 5304 647 5344 ac
700 5287 873 5360 pauci
925 5302 1093 5356 mss.,
1155 5288 1326 5344 oculis
1381 5288 1500 5360 ejus
1542 5288 1797 5344 insideat.

264 5359 404 5413 iuni.
453 5359 685 5413 insidat.
720 5375 838 5413 non
869 5358 1021 5413 male
1050 5377 1063 5413 :
1098 5358 1212 5413 nisi
1245 5358 1494 5413 scribere
1524 5359 1797 5413 malueris

168 5358 404 5484 flebant,
453 5359 685 5427 insidat,
700 5358 838 5415 ‘non
869 5358 1021 5415 male
1049 5377 1063 5429 ;
1098 5358 1212 5415 nisi
1245 5358 1494 5416 scribere
1524 5359 1802 5416 malueris

505 5501 883 5585 edit..on_ines
911 5504 968 5585 et
996 5516 1140 5585 mss.
1166 5518 1277 5558 non
1312 5501 1516 5587 pauci:
1548 5502 1806 5560 Antenor

342 5575 462 5633 ubi
494 5588 599 5633 sex
629 5568 1032 5633 antiquissimi
1062 5588 1232 5633 mss.-.
1258 5574 1515 5633 Antenor
1544 5572 1805 5633 bruchus.

342 5574 471 5645 ;ibi‘
494 5582 599 5633 sex
629 5568 1041 5645 antiquissimi
1062 5588 1232 5646 mss.,
1258 5568 1515 5635 Ahtm’or
1544 5572 1805 5650 bruchw,

468 5702 751 5772 Parion.
792 5698 959 5772 XIV.

1887 482 2092 549 tinere,
2126 484 2239 540 nisi
2269 483 2587 543 voluntatis
2617 487 2745 557 ejus
2775 488 3431 562 substantiajfulciatur.
3469 492 3530 550 Si

1886 588 2036 627 caeco
2068 574 2352 629 damnum
2388 580 2475 630 est
2497 574 2677 647 hujus
2706 576 2849 633 solis
2878 577 3275 650 gratiam'non
3295 581 3528 651 videre;

1886 665 2106 732 quanto
2136 662 2324 735 magis
2346 665 2633 735 peccatori
2661 666 2967 733 damnum,
2994 667 3114 722 veri
3138 666 3383 725 luminis
3406 687 3533 726 mu-

1886 765 2022 805 nere
2065 750 2496 819 del‘raudatum,
2526 757 3028 826 perpetuaemoctis
3052 758 3321 814 tenebras
3354 758 3532 816 susti-

1885 855 2019 894 nere
2049 838 2077 892 ‘?

1955 928 2009 981 3.
2046 928 2194 1001 Ergo
2224 945 2357 985 cum
2408 931 2569 986 vides
2618 932 2822 999 solem,
2870 936 3104 990 attende
3132 939 3370 1008 terram,
3404 954 3532 1011 qua

1886 1019 2021 1070 ante
2041 1016 2287 1072 fundata
2308 1022 2397 1072 est
2419 1036 2432 1073 :
2458 1020 2689 1074 attende
2710 1019 2954 1076 herbam
2978 1022 3114 1091 feni,
3149 1040 3274 1096 quae
3296 1028 3535 1096 praestat

1885 1103 2109 1175 ordinis
2158 1105 2498 1179 privilegio:
2561 1109 2795 1164 attende
2843 1108 3021 1182 ligna,
3072 1128 3200 1183 quis
3245 1112 3536 1185 plaudunt

1886 1193 2041 1265 quod
2074 1193 2270 1265 priora
2326 1194 2657 1253 luminibus
2686 1197 2813 1253 coeli
2845 1215 2972 1254 esse
3001 1206 3318 1272 coeperunt.
3350 1196 3533 1261 Num-

1886 1281 2024 1353 quid
2056 1284 2263 1338 merita
2288 1283 2405 1339 feni
2433 1287 2656 1357 majora
2676 1303 2854 1358 quam
2886 1287 3027 1345 solis
3050 1290 3078 1344 ?
3106 1292 3221 1345 Aut
3239 1291 3532 1364 numquid

1887 1371 2075 1441 potior
2106 1370 2250 1444 ligni
2273 1375 2687 1445 praerogativa?
2703 1374 2867 1431 Absit
2888 1377 3027 1432 utin
3052 1378 3359 1437 sensibilis
3380 1380 3533 1438 tanti

1885 1460 2148 1515 muneris
2179 1462 2559 1533 praeferamus
2610 1463 2901 1521 ministro.
2934 1466 3305 1543 Quid-,igitur
3326 1466 3528 1542 praevi-

1884 1547 1971 1603 dit
2000 1548 2245 1604 altitudo
2275 1550 2575 1623 sapientiai
2607 1555 2664 1607 et
2695 1552 2950 1608 scientiae
2983 1554 3106 1624 Dei,
3147 1561 3213 1612 ut
3240 1557 3405 1629 prius
3434 1558 3531 1617 in-

1884 1636 2142 1710 ciperent
2170 1637 2331 1711 ligna
2359 1656 2507 1706 esse,
2540 1657 2716 1712 quam
2750 1641 2850 1698 illa
2887 1644 3000 1699 duo
3033 1646 3239 1701 mundi
3269 1644 3531 1705 lumina-

1886 1726 1989 1793 ria,
2022 1731 2081 1782 et
2112 1727 2355 1799 quidam
2407 1728 2661 1785 cmlestis
2708 1729 2858 1785 oculi
2890 1730 3283 1790 ﬁrmamenti:
3318 1735 3434 1792 nisi
3464 1741 3532 1792 ut

1889 1822 2308 1888 cognoscerent
2362 1834 2566 1875 omnes
2625 1818 2830 1874 divinae
2878 1820 3240 1894 testimonio)
3262 1821 3530 1882 lectionis

1887 1909 2102 1960 terram
2136 1905 2262 1961 sine
2307 1906 2428 1962 sole
2478 1924 2650 1979 posse
2686 1925 2814 1965 esse
2841 1909 3151 1967 fecundam
3166 1910 3370 1984 ?.Nam
3400 1929 3528 1987 qua

1884 1994 2075 2067 potuit
2103 1994 2230 2050 sine
2259 1994 2382 2051 sole
2410 1996 2603 2069 prima
2657 2014 2853 2054 rerum
2908 2000 3135 2059 semina
3176 2001 3528 2074 germinare,

1884 2088 2075 2156 potest
2103 2084 2304 2156 utique
2344 2084 2572 2141 semina
2621 2086 3137 2159 acceptafnutrire,
3168 2089 3245 2163 {et
3273 2090 3528 2166 [proprio

1883 2172 2006 2228 fotu
2036 2171 2163 2228 sine
2185 2172 2375 2228 calore
2405 2172 2545 2229 solis
2575 2178 2782 2246 partus
2810 2176 3000 2232 edere.

1953 2262 2006 2316 4.
2035 2261 2152 2316 Hac
2175 2262 2354 2333 igitur
2372 2277 2509 2317 voce
2535 2264 2790 2334 quadam
2814 2282 3054 2321 suorum
3070 2283 3383 2327 munerum
3404 2269 3526 2328 cla-

1882 2355 2007 2405 mat
2036 2353 2285 2406 natura:
2345 2349 2541 2406 Bonus
2601 2351 2837 2424 quidem
2897 2353 3005 2424 sol,
3038 2342 3522 2433 sedjministerio,

1882 2455 1998 2495 non
2030 2439 2310 2511 imperio;
2344 2438 2535 2496 bonus
2565 2457 2704 2497 meae
2730 2442 3105 2502 fecunditatis
3132 2446 3385 2520 adjutor,
3419 2449 3522 2506 sed

1878 2545 1994 2584 non
2023 2531 2277 2594 creator;
2330 2528 2522 2584 bonus
2566 2545 2825 2586 nieorum
2881 2532 3030 2588 altor
3058 2534 3397 2603 ,fructum,‘
3419 2533 3523 2594 sed

1877 2635 1992 2673 non
2024 2621 2244 2673 auctor.
2273 2617 2573 2673 Interdum
2604 2623 2806 2690 partus
2838 2637 3001 2677 meos
3044 2628 3100 2678 et
3126 2623 3251 2696 ipse
3281 2625 3513 2683 adurit:

1876 2709 2212 2777 frequenter
2240 2705 2384 2761 mihi
2415 2709 2472 2762 et
2520 2704 2644 2779 ipse
2675 2708 2889 2765 damno
2940 2714 3050 2778 est,
3098 2711 3394 2786 plerisque
3423 2730 3518 2773 me

1875 2796 2017 2852 locis
2060 2795 2382 2851 indotatam
2428 2794 2723 2868 relinquit.
2777 2797 2902 2855 Non
2946 2816 3081 2857 sum
3122 2801 3354 2876 ingrata
3382 2817 3521 2862 con-

1878 2900 2067 2949 servo,
2101 2882 2245 2938 mihi
2294 2888 2384 2939 est
2413 2883 2471 2939 in
2505 2902 2681 2941 usum
2712 2885 2905 2957 datus,
2942 2904 3174 2946 mecum
3205 2893 3307 2949 04
3335 2891 3523 2950 labori

1877 2977 1967 3030 est
1996 2972 2387 3045 mancipatus,
2415 2990 2646 3030 mecum
2671 2975 2971 3048 subjectus
3000 2983 3091 3035 est
3117 2979 3382 3053 vanitati,
3401 2997 3526 3039 me-

1883 3079 2015 3119 cum
2048 3060 2439 3134 corruptionis
2488 3062 2764 3119 subditus
2811 3066 3097 3123 servituti.
3129 3067 3358 3125 Mecum
3389 3086 3530 3127 oon-

1882 3151 2172 3227 gemiscit,
2206 3166 2434 3209 mecum
2467 3152 2737 3222 parturit,
2770 3157 2835 3207 ut
2884 3156 3080 3211 veniat
3113 3157 3348 3230 adoptio
3380 3152 3531 3217 filio-

1882 3257 2036 3309 rum,
2068 3244 2128 3296 et
2170 3238 2414 3295 humani
2446 3239 2677 3311 generis
2702 3241 3043 3313 redemptio,
3078 3260 3193 3314 quo
3232 3245 3530 3317 possimus

1884 3334 1939 3385 et
1973 3345 2077 3385 nos
2109 3346 2143 3384 a
2172 3327 2406 3384 servitio
2436 3326 2690 3383 liberari.
2745 3328 2972 3385 Mecum
3014 3314 3299 3388 assistens
3329 3314 3533 3391 laudat

1885 3423 2201 3484 auctorem,
2257 3432 2487 3472 mecum
2511 3415 2795 3488 hymnum
2830 3416 2969 3473 dicit
2998 3418 3245 3476 Domino
3280 3422 3391 3477 Deo
3424 3438 3529 3478 no-

1885 3510 2027 3561 stro.
2062 3503 2166 3560 Ubi
2201 3503 2389 3575 major
2435 3505 2561 3576 ejus
2612 3508 2700 3560 est
2737 3504 2946 3579 gratia,
2981 3506 3061 3563 ibi
3093 3523 3324 3566 mecum
3355 3513 3447 3567 est
3477 3508 3531 3566 ei

1886 3611 2197 3652 commune
2227 3594 2607 3650 consortium.
2643 3592 2749 3650 Ubi
2793 3593 2879 3651 sol
2919 3595 3230 3665 benedicit.
3264 3597 3345 3655 ibi
3375 3603 3532 3656 terra

1884 3683 2196 3740 benedicit.
2229 3682 2588 3738 Benedicunt
2619 3682 2779 3756 ligna
2808 3684 3125 3754 fructifera,
3174 3680 3534 3745 benedicunt

1886 3788 2116 3846 pecora,
2138 3770 2492 3827 benedicunt
2519 3770 2783 3829 volucres
2814 3790 3047 3830 mecum
3096 3774 3270 3848 (Psal.
3302 3762 3529 3835 cxnviii.

1886 3861 2060 3933 3-10).
2096 3860 2159 3915 In
2191 3859 2338 3916 mari
2374 3859 2601 3931 positus
2630 3860 2799 3917 illum
2821 3868 2999 3919 nauta
3021 3870 3279 3934 accusat,
3314 3882 3409 3923 me
3433 3852 3536 3922 ΗΘ-

1888 3950 2106 4007 siderat
2133 3966 2145 4004 :
2180 3948 2240 4005 in
2262 3948 2561 4004 montibus
2583 3948 2749 4005 illum
2777 3957 2979 4023 pastor
2999 3951 3273 4019 declinat,
3298 3954 3371 4010 ad
3403 3970 3535 4012 mea

1885 4037 2171 4112 germina,
2232 4037 2303 4091 ad
2360 4052 2519 4092 meas
2564 4036 2802 4095 festinat
2848 4040 3105 4111 arbores,
3137 4041 3354 4113 quibus
3391 4058 3535 4100 exm-

1897 4132 2104 4184 stuans
2133 4125 2536 4193 obumbretur,
2569 4126 2639 4181 ad
2689 4144 2852 4183 meos
2883 4128 3071 4186 fontes
3102 4129 3308 4187 sitiens
3338 4134 3396 4189 et
3421 4124 3542 4188 las-

1890 4233 1992 4273 sus
2023 4214 2292 4272 accurrit.

2548 4303 2777 4360 CAPUT
2817 4305 2884 4361 ΙΙ.

1894 4395 2075 4451 Solem
2104 4395 2205 4449 Dei
2230 4393 2371 4450 Filio
2415 4396 2639 4461 servire,
2688 4411 2719 4449 a
2770 4410 2873 4465 quo
2920 4394 2989 4451 ad
3018 4405 3401 4455 ornamentum
3436 4414 3540 4455 cce-

1968 4466 2136 4539 licum
2162 4465 2627 4539 aliisrluminibus
2680 4475 2896 4522 creatus
2944 4469 3076 4539 fuit.
3134 4469 3542 4528 Fecunditatem

1968 4554 1999 4613 ᾳ
2030 4538 2133 4593 Deo
2162 4538 2332 4613 terris
2385 4536 2621 4613 inditam
2665 4553 2777 4613 non
2824 4555 2859 4594 a
2906 4536 3056 4613 sole:
3106 4557 3228 4613 cum
3268 4544 3446 4613 factus
3472 4543 3546 4600 sit

1968 4608 2027 4662 in
2076 4608 2608 4685 potestatem‘diei,
2641 4611 2797 4685 sicut
2843 4614 2893 4666 et
2941 4612 3079 4685 lunai
3104 4612 3164 4668 in
3196 4608 3543 4685 potestatem

1968 4678 2194 4806 gnto—tis:
2227 4679 2366 4751 quod
2401 4680 2568 4735 etiam
2626 4680 2835 4738 Christo
2880 4686 2933 4738 et
2962 4678 3219 4742 Ecclesiae
3244 4700 3544 4743 accommo-

2005 4768 2037 4806 a
2063 4768 2150 4806 ur.

2005 4768 2150 4806 mur.

1969 4842 2023 4897 5.
2057 4840 2167 4895 Sed
2225 4856 2296 4895 ne
2345 4839 2647 4895 oculorum
2678 4841 2783 4896 tibi
2814 4842 3087 4916 exiguum
3120 4844 3390 4901 videatur
3417 4859 3547 4902 esse

1901 4928 2323 4997 testimonium,
2384 4929 2637 4985 emunda
2689 4948 2910 4997 aurem,
2945 4934 3186 4989 admove
3218 4949 3348 4990 eam
3380 4916 3551 4990 coele-

1903 5019 2094 5074 stibus
2123 5016 2393 5074 oraculis.
2419 5019 2656 5075 Duobus
2686 5018 2843 5075 enim
2874 5025 2931 5075 et
2952 5020 3141 5077 tribus
3161 5022 3414 5078 testibus
3437 5024 3555 5080 stat

1905 5124 2076 5164 omne
2105 5108 2367 5162 verbum.
2399 5105 2547 5160 Audi
2578 5105 2903 5163 dicentem:
2959 5110 3126 5164 Fiant
3154 5110 3465 5167 luminaria
3492 5111 3556 5166 in

1908 5287 1966 5343 id
1998 5284 2258 5359 estforte
2287 5283 2907 5359 ramus,__unde_t:acta
2933 5301 3041 5359 vox
3069 5285 3272 5359 Italica
3300 5287 3556 5359 broncho,

1911 5363 1971 5434 et
1995 5355 2206 5429 gallica
2238 5352 2662 5434 brancﬁe._Vide
2684 5353 3138 5434 Aldrovandum,
3158 5352 3559 5434 Dendrologié

1912 5423 2027 5516 lib:
2051 5445 2090 5496 1,
2121 5443 2252 5516 pag.
2278 5428 2367 5481 22.
2390 5423 2737 5516 Ambrosius
2760 5441 2894 5516 vero
2917 5428 3358 5516 superioricap.
3391 5423 3557 5516 num.

1912 5503 2004 5567 67,
2038 5495 2320 5583 psi-hanc
2348 5510 2546 5555 vocem
2577 5495 2884 5556 arbustum
2916 5495 3155 5575 aliquod
3184 5495 3382 5564 sterile
3410 5504 3563 5565 yid»;

1913 5577 2013 5630 tur
2042 5570 2322 5630 indicare.
3470 5574 3476 5585 i

1913 5577 2013 5634 tur
2042 5574 2322 5631 indicare.
3024 5574 3031 5575 “
3470 5574 3476 5585 ‘
