3932 6212
415 309 534 374 203

1863 310 1926 373 S.
1976 310 2355 375 AMBROSII

3640 394 3660 412 ί
3681 323 3791 385 204

414 445 756 516 ﬁrmamento
778 444 901 500 ειειί
928 442 997 499 ad
1024 444 1487 501 illuminatth
1508 444 1844 516 terrae(Gen.
1869 461 1909 513 ι,
1945 444 2051 515 14).
2085 449 2137 512 Α
2167 460 2323 511 nam,
2357 444 2457 516 qui
2489 449 2782 519 perpetua
2828 447 3035 504 mortis
3073 446 3436 522 urgebantur
3463 466 3666 508 occasu
3694 471 3706 509 :
3740 459 3793 511 et

416 531 555 599 Quis
584 532 695 588 hoc
725 531 910 589 dicit?
938 532 1091 590 Deus
1118 532 1276 588 dicit.
1310 533 1379 587 Et
1408 533 1500 588 cui
1535 534 1678 588 dicit
1707 532 1822 587 nisi
1853 532 1997 587 Filio
2027 532 2055 586 ‘l

414 621 570 678 Deus
601 637 736 695 ergo
764 621 935 677 Pater
988 621 1130 677 dicit
1173 637 1185 675 :
1245 622 1367 677 Fiat
1407 620 1490 676 sol
1534 638 1546 676 :
1599 625 1657 677 et
1703 621 1883 676 Filius
1924 620 2058 675 fecit

416 709 623 766 solem.
654 710 909 783 Dignum
941 710 1096 766 enim
1126 714 1268 777 erat,
1302 714 1367 764 ut
1391 710 1572 767 solem
1606 710 1809 765 mundi
1845 709 2058 765 faceret

417 797 513 854 Sol
538 798 800 869 justitiaa.
837 798 963 870 Ipse
992 814 1127 869 ergo
1159 815 1290 854 eum
1316 799 1374 854 in
1405 798 1604 854 lumen
1638 798 1899 862 adduxit,
1934 799 2056 870 ipse

415 902 550 943 eum
580 886 952 957 illuminavit,
984 887 1108 958 ipse
1134 887 1183 943 ei
1219 887 1453 943 donavit
1500 887 1779 943 fundendi
1814 885 2057 941 luminis

415 978 783 1046 potestatem.
809 976 1017 1031 Factus
1039 980 1127 1031 est
1145 992 1278 1047 ergo
1301 976 1384 1031 sol
1408 994 1421 1043 ;
1446 976 1574 1031 ideo
1605 981 1660 1031 et
1707 976 1828 1047 ipse
1855 975 2053 1043 servit,

414 1063 695 1135 quoniam
737 1062 959 1119 dictum
1008 1068 1132 1119 est:
1166 1064 1431 1119 Fundasti
1473 1068 1697 1133 terram,
1748 1068 1797 1119 et
1836 1080 2056 1135 perma-

411 1157 543 1208 net:
571 1152 926 1224 dispositione
976 1157 1071 1208 tua
1110 1157 1391 1224 permanet
1436 1152 1575 1218 dies,
1626 1154 1886 1224 quoniam
1930 1153 2056 1207 uni-

412 1256 570 1297 versa
596 1242 844 1298 serviunt
872 1242 976 1297 tibi
1034 1243 1204 1312 (Psal.
1264 1258 1455 1310 cxvm,
1513 1242 1583 1295 90
1606 1252 1655 1297 et
1683 1242 1793 1313 91).
1827 1241 2054 1296 Etenim

414 1345 549 1385 cum
580 1329 705 1386 dies
737 1329 968 1400 serviat,
1000 1331 1290 1402 quomodo
1321 1346 1435 1385 non
1472 1322 1667 1385 'servit
1695 1328 1802 1395 sol,
1836 1329 1935 1401 qui
1967 1328 2057 1384 fa-

413 1423 544 1476 ctus
573 1422 664 1475 est
691 1417 751 1473 in
783 1422 1125 1490 potestatem
1162 1416 1323 1473 diei?
1376 1418 1674 1482 Quomodo
1733 1434 1848 1473 non
1880 1417 2059 1473 servit

411 1507 552 1563 luna
571 1512 629 1563 et
649 1506 983 1579 stellze,quze
1006 1506 1168 1562 factae
1190 1511 1329 1561 sunt
1350 1506 1411 1561 in
1442 1511 1788 1579 potestatem
1813 1506 1998 1561 noctis
2028 1506 2056 1560 ‘I

410 1596 641 1652 Etenim
669 1600 891 1668 quanto
919 1597 1200 1667 majorem
1224 1595 1317 1651 bis
1338 1596 1588 1667 gratiam
1619 1596 1854 1651 Creator
1876 1595 2055 1650 dona-

409 1686 512 1753 vit,
542 1688 609 1742 ut
636 1702 734 1741 aer
785 1685 955 1741 solito
1005 1684 1260 1756 amplius
1305 1684 1445 1740 solis
1489 1683 1749 1739 claritate
1798 1682 2056 1755 rcsplen~

412 1774 566 1844 deat,
600 1774 725 1830 dies
746 1773 1008 1830 screnius
1030 1773 1241 1841 luceat,
1269 1772 1455 1829 noctis
1475 1771 1884 1827 illuminentur
1904 1777 2058 1828 tene-
2086 1813 2132 1878 Β

412 1864 527 1918 bris
559 1880 661 1936 per
689 1864 840 1918 luna;
871 1862 1291 1935 stellarumque
1318 1862 1625 1934 fulgorem,
1658 1860 1867 1916 coelum
1897 1860 2055 1916 velut

413 1953 771 2027 quibusdam
803 1952 1043 2007 floribus
1070 1952 1521 2016 coronatum,ita
1540 1948 2056 2022 ignitisluminari-

411 2043 523 2099 bus
552 2042 744 2109 micet,
763 2044 829 2097 ut
856 2040 1126 2113 paradiso
1156 2043 1324 2112 putes
1343 2037 1924 2110 vernantedepictum
1946 2037 2057 2109 spi-

411 2131 669 2187 rantium
701 2145 968 2186 rosarum
987 2129 1134 2183 vivis
1166 2127 1485 2183 monilibus
1524 2126 1798 2183 renitere:
1833 2131 2052 2198 quanto

409 2220 591 2293 igitur
619 2218 875 2291 amplius
931 2217 1023 2273 his
1071 2216 1297 2272 decoris
1327 2215 1556 2272 videtur
1592 2232 1721 2271 esse
1753 2214 2050 2280 collatum,

408 2312 571 2365 tanto
603 2307 857 2381 amplius
887 2306 1119 2362 debent.
1153 2305 1257 2361 Cui
1288 2305 1444 2361 enim
1476 2304 1611 2377 plus
1642 2303 2047 2370 committitur,

410 2396 545 2469 plus
595 2397 786 2452 debet.
818 2396 887 2451 Et
916 2395 1045 2451 ideo
1079 2396 1224 2450 bene
1254 2411 1289 2450 a
1314 2393 1609 2466 plerisque
1639 2394 2051 2449 ornamentum

409 2485 535 2542 cmli
567 2489 657 2542 est
676 2487 1101 2556 nuncupatum,
1127 2498 1194 2539 eo
1215 2482 1371 2554 quod
1403 2481 1480 2537 sit
1500 2481 1803 2538 stellarum
1833 2480 2050 2537 monile

407 2575 752 2649 pretiosum.
1673 2634 1679 2640 _

475 2665 530 2719 6.
563 2667 753 2735 Atque
783 2666 849 2718 ut
880 2662 1137 2718 sciamus
1167 2660 1306 2733 quia
1327 2658 1596 2715 fertilitas
1621 2663 1909 2714 terrarum
1934 2675 2049 2713 non

407 2752 587 2810 calori
616 2752 759 2807 solis
790 2750 1122 2816 ascribitur,
1156 2749 1258 2804 sed
1295 2748 1501 2802 divinas
1539 2746 1917 2818 indulgentiae
1950 2747 2050 2801 de-

406 2845 666 2914 putatur,
698 2839 780 2894 ait
808 2838 1094 2910 Propheta
1118 2853 1131 2892 :
1166 2836 1362 2891 Omnia
1383 2853 1416 2890 a
1446 2840 1495 2890 te
1522 2838 1851 2906 exspectant,
1882 2840 1941 2890 ut
1962 2834 2052 2889 des

406 2930 525 2985 illis
554 2929 737 2984 cibum
765 2928 828 2982 in
855 2936 1127 2998 tempore:
1168 2924 1332 2980 dante
1361 2932 1410 2979 te
1448 2924 1586 2990 illis,
1636 2924 1892 2993 colligent
1919 2923 2046 2992 sibi,

406 3020 686 3091 aperiente
717 3019 768 3071 te
811 3031 1055 3082 manum,
1103 3015 1360 3069 universa
1388 3012 1763 3084 implebantur
1813 3013 2050 3068 bonitate

2166 532 2423 589 Ecclesia
2450 538 2714 607 tempora
2763 553 2872 592 sua
2917 536 3151 608 habeat,
3192 539 3612 610 persecutionis
3642 540 3789 597 vide-

2163 618 2298 675 licet
2325 626 2383 675 et
2413 623 2589 693 pacis.
2620 623 2764 679 Nam
2796 625 3027 681 videtur
3055 626 3209 682 sicut
3236 626 3377 682 luna
3407 627 3667 695 deficere,
3697 630 3791 685 sed

2166 725 2278 764 non
2317 710 2897 768 deﬁcit.0bumbrari
2917 718 3129 786 potest,
3161 715 3409 771 deﬁcere
3434 733 3547 772 non
3580 722 3790 789 potest;

2167 798 2305 867 quia
2337 797 2668 870 aliquorum
2701 800 2938 873 quidem
2969 801 3026 856 in
3063 804 3567 875 persecutionibus
3588 806 3792 862 disces-

2166 885 2328 939 sione
2361 885 2667 953 minuitur,
2701 891 2767 941 ut
2807 893 3127 961 martyrum
3186 890 3645 947 confessionibus
3690 892 3793 947 im-

2166 972 2411 1044 pleatur,
2445 979 2502 1029 et
2532 974 2701 1031 effusi
2734 993 2837 1048 pro
2868 976 3095 1033 Christo
3152 979 3458 1052 sanguinis
3498 979 3795 1036 clariﬁcata

2166 1061 2423 1117 victoriis
2471 1063 2667 1133 majus
2716 1063 3037 1121 devotionis
3097 1083 3215 1121 suae
3267 1071 3324 1123 et
3353 1067 3485 1123 fidei
3520 1072 3636 1123 toto
3666 1069 3793 1125 orbe

2165 1149 2366 1204 lumen
2398 1151 2674 1207 effundat.
2708 1151 2972 1224 Namque
2998 1154 3140 1210 luna
3168 1155 3414 1212 luminis
3445 1156 3793 1213 imminutio-

2166 1256 2298 1293 nem
2351 1238 2527 1295 habet
2576 1258 2690 1296 non
2742 1243 3022 1314 corporis,
3071 1244 3306 1316 quando
3337 1261 3439 1317 per
3466 1244 3617 1302 vices
3644 1263 3793 1302 men-

2166 1332 2361 1383 struas
2390 1328 2675 1400 deponere
2708 1330 2933 1385 videtur
2951 1330 3151 1387 lumen
3184 1349 3379 1401 suum,
3415 1338 3479 1388 ut
3508 1338 3795 1390 mutuetur

2165 1432 2199 1470 a
2229 1415 2386 1483 sole;
2422 1417 2578 1489 quod
2637 1417 2806 1474 facile
2858 1436 3004 1491 puro
3064 1436 3194 1476 acre
3252 1425 3427 1494 atque
3478 1422 3793 1494 perspicuo,

2166 1505 2398 1575 quando
2434 1503 2595 1560 nulla
2623 1522 2752 1561 eam
2774 1506 3026 1563 obducta
3047 1508 3264 1564 nebula
3284 1508 3630 1583 caligantem
3649 1510 3791 1579 facit,

2166 1592 2359 1664 colligi
2411 1597 2619 1665 potest.
2662 1594 2831 1651 Orbis
2888 1596 3045 1651 enim
3111 1596 3262 1652 lunas
3312 1598 3539 1671 integer
3588 1604 3791 1665 manet,

2166 1680 2272 1736 etsi
2336 1698 2450 1736 non
2510 1681 2780 1738 similiter
2835 1687 3013 1753 totus,
3048 1689 3114 1740 ut
3170 1702 3306 1758 pars
3358 1687 3485 1757 ejus
3515 1687 3794 1760 eﬂ‘ulgeat.

2167 1769 2234 1824 Et
2265 1769 2457 1841 qualis
2489 1771 2672 1825 videri
2703 1772 2850 1827 solet
2879 1790 3014 1828 cum
3047 1772 3258 1847 plenus
3287 1779 3379 1831 est
3425 1775 3686 1841 luminis,
3718 1779 3797 1831 ta-

2167 1857 2241 1914 lis
2272 1863 2361 1913 est
2414 1859 2818 1930 magnitudine
2853 1878 2866 1916 :
2920 1862 3022 1917 sed
3056 1879 3158 1934 per
3186 1863 3458 1920 umbram
3490 1864 3795 1937 quamdam

2163 1946 2384 2002 lumine
2439 1964 2546 2002 suo
2609 1947 2879 2005 viduatus
2927 1955 3188 2022 apparet.
3258 1952 3326 2007 Et
3391 1952 3530 2009 inde
3589 1969 3797 2009 cornua

2163 2037 2290 2104 ejus
2321 2035 2642 2108 refulgent;
2677 2037 2816 2108 quia
2845 2054 3055 2110 corpus
3093 2040 3221 2110 ejus
3251 2039 3310 2095 in
3357 2041 3561 2097 orbem
3589 2041 3796 2097 diffun-

2162 2125 2340 2193 ditur,
2373 2130 2431 2180 et
2461 2123 2617 2180 velut
2645 2125 2947 2183 deﬁciente
2991 2128 3275 2199 portionis
3314 2128 3443 2186 luce
3475 2130 3796 2187 insinuatur

2164 2214 2295 2284 (47).
2936 2214 2945 2221 ·

2791 2339 3026 2397 CAPUT
3080 2341 3172 2398 III.

2161 2444 2328 2500 Aliud
2383 2460 2498 2500 esse
2541 2445 2733 2500 lumen
2785 2444 2918 2511 diei,
2975 2446 3131 2502 aliud
3188 2447 3451 2505 siderum.
3506 2451 3797 2508 Discrimen

2231 2515 2493 2592 diurnum
2538 2532 2603 2571 ac
2646 2525 2977 2592 nocturnum
3016 2520 3192 2589 signis
3238 2519 3449 2576 duobus
3496 2525 3702 2592 notari,
3740 2539 3799 2579 ac

2230 2587 2503 2657 duplicem
2556 2603 2667 2643 esse
2732 2590 2879 2659 ignis
2943 2587 3329 2659 operationem,
3395 2587 3720 2650 illuminare
3752 2602 3800 2650 et

2230 2674 2413 2736 urere,
2442 2673 2565 2728 qum
2594 2661 2656 2736 in
2702 2658 3056 2736 retributione
3095 2664 3418 2717 meritorum
3465 2666 3796 2736 separabun-

2232 2734 2341 2784 tur.
2375 2730 2543 2783 Deum
2596 2731 2710 2784 dici
2756 2732 2939 2798 ignem
2990 2740 3324 2801 exurentem,
3369 2743 3422 2789 et
3472 2730 3584 2801 qua
3612 2752 3795 2793 causa.

2228 2801 2502 2855 Postremo
2526 2803 2678 2855 omni
2699 2803 2913 2873 corpori
2934 2818 3092 2857 suam
3116 2804 3368 2859 umbram
3394 2801 3693 2863 adhzrere.

2229 2925 2281 2977 8.
2316 2923 2540 2978 Movere
2571 2928 2765 2979 autem
2818 2929 3007 2996 potest
3042 2926 3197 2998 quod
3252 2927 3369 2983 ait:
3415 2931 3586 2986 Fiant
3632 2930 3798 2986 lumi-

2156 3014 2317 3066 naria
2365 3012 2435 3066 ad
2487 3013 2953 3069 illuminationem
3005 3030 3170 3085 super
3226 3023 3431 3072 terram
3488 3018 3624 3090 (48),
3682 3032 3800 3090 qua?

406 3108 521 3181 (45)
552 3106 719 3179 (Psal.
765 3121 887 3173 cm,
934 3106 1025 3169 27,
1074 3104 1185 3171 28).
1232 3103 1301 3157 Et
1330 3102 1517 3157 infra:
1553 3102 1748 3156 Emitte
1777 3100 2049 3174 Spiritum
2090 3177 2118 3181 μ
2157 3100 2470 3156 discernant
2500 3102 2644 3156 inter
2666 3100 2813 3156 diem
2841 3109 2893 3157 et
2920 3106 3129 3158 noctem
3160 3102 3311 3175 (Gen.
3350 3120 3389 3170 ι,
3426 3106 3541 3178 14).
3576 3106 3722 3171 Quia
3749 3109 3802 3162 et

403 3177 641 3254 tuum‘et
668 3194 1017 3258 creabantur,
1038 3200 1091 3247 et
1133 3191 1414 3247 renovabis
1441 3193 1641 3262 faciem
1672 3194 1834 3246 terra:
1881 3190 2041 3258 (Ibid.
2077 3177 2119 3244 C
2159 3206 2339 3261 supra
2381 3190 2529 3260 jam,
2580 3188 2683 3244 ubi
2730 3189 2929 3246 lumen
2983 3191 3139 3260 fecit,
3191 3192 3415 3249 dixerat
3456 3211 3469 3249 :
3525 3194 3800 3267 Separavit

407 3287 540 3360 (30).
601 3285 671 3340 Et
713 3283 772 3339 in
820 3280 1163 3353 Evangelia:
1218 3280 1560 3336 Considerate
1605 3280 1854 3335 volatilia
1902 3280 2044 3347 celi,

404 3378 537 3447 quia
562 3389 732 3445 neque
766 3374 973 3438 serunt,
1006 3387 1103 3426 nec
1129 3373 1358 3435 metunt,
1390 3371 1441 3424 et
1469 3369 1635 3423 Pater
1662 3373 1837 3423 vester
1864 3369 2045 3425 cccles-

400 3466 472 3521 tis
495 3464 673 3536 pascit
697 3462 801 3517 illa
831 3459 1039 3532 (Matth.
1069 3474 1147 3525 v1,
1180 3458 1292 3529 26).
1348 3457 1475 3512 Non
1530 3456 1628 3513 65
1661 3473 1797 3529 ergo
1830 3457 1915 3513 sol
1945 3461 2045 3513 aut

399 3552 545 3608 luna
575 3548 949 3607 fecunditatis
1005 3551 1273 3603 auctores
1330 3550 1506 3613 sunt;
1559 3546 1659 3601 sed
1696 3547 1844 3602 Deus
1876 3547 2044 3602 Pater

398 3657 504 3714 per
531 3639 846 3696 Dominum
895 3637 1006 3709 (46)
1062 3634 1263 3691 Jesum
1316 3633 1590 3690 omnibus
1631 3633 2041 3691 liberalitatem

396 3726 717 3786 fertilitatis
747 3725 1027 3797 impertit.

465 3819 521 3874 7.
553 3815 803 3872 Pulchre
833 3818 1023 3870 autem
1058 3812 1326 3883 exposuit
1354 3810 1523 3866 nobis
1579 3810 1867 3883 Pr0pheta
1896 3813 2038 3883 quid

395 3907 473 3964 sit
501 3906 655 3979 quod
682 3904 809 3978 ipse
839 3904 955 3958 ait:
990 3903 1131 3971 Quia
1156 3903 1287 3972 fecit
1332 3901 1472 3955 Deus
1500 3900 1668 3955 solem
1709 3901 1772 3955 in
1796 3904 2038 3973 potesta-

395 4001 504 4053 tem
525 3996 641 4053 diei
685 4002 737 4051 et
773 3995 966 4049 lunam
1004 3994 1065 4046 in
1091 3992 1407 4063 potestatem
1425 3991 1598 4045 noctis
1629 3990 1797 4061 (Psal.
1833 4007 2033 4057 cxxxv,

390 4087 445 4153 8,
475 4084 712 4157 9).Nam
740 4082 869 4139 etin
889 4080 1017 4153 ipso
1039 4079 1266 4152 psalmo
1287 4079 1603 4134 centesimo
1628 4080 1797 4134 tertio
1820 4079 1889 4134 de
1921 4096 2035 4151 quo

390 4189 571 4246 supra
591 4171 868 4236 diximus,
892 4167 1130 4241 scripsit
1154 4184 1166 4223 :
1190 4169 1332 4222 Fecit
1372 4168 1565 4222 lunam
1587 4169 1646 4221 in
1669 4172 1932 4238 tempora,
1955 4168 2035 4223 sol

386 4264 630 4335 cognovit
647 4277 894 4318 occasum
912 4275 1073 4315 suum
1095 4257 1266 4330 (Psal.
1288 4272 1407 4322 cm,
1434 4256 1541 4326 19).
1568 4255 1711 4310 Cum
1732 4255 1887 4311 enim
1910 4256 2034 4312 dies

387 4350 563 4407 horas
575 4367 714 4407 suas
734 4348 1024 4420 complere
1040 4345 1296 4417 coeperit,
1317 4342 1401 4399 sol
1421 4343 1682 4398 debitum
1697 4344 1808 4399 sibi
1828 4361 2035 4417 cogno-

387 4440 501 4494 scit
530 4454 823 4494 occasum.
849 4436 947 4490 Est
982 4450 1118 4506 ergo
1141 4433 1200 4486 in
1223 4432 1333 4487 diei
1363 4435 1649 4503 potestate
1672 4431 1779 4498 sol,
1802 4437 1860 4488 et
1890 4434 2031 4488 luna

388 4526 447 4581 in
470 4529 757 4597 potestate
789 4524 998 4589 noctis,
1030 4539 1157 4611 quas
1182 4526 1518 4611 temporum
1542 4520 1765 4576 vicibus
1795 4521 2029 4578 obedire
2057 4546 2105 4611 D

387 4612 779 4684 compellitur,
802 4615 859 4668 et
879 4627 1035 4666 nunc
1056 4608 1589 4682 impleturlumiue,
1623 4615 1796 4682 atque
1817 4626 2026 4666 vacua-

385 4707 522 4758 tur:
556 4700 694 4756 licet
722 4700 983 4773 plerique
1012 4699 1170 4754 hunc
1200 4697 1392 4754 locum
1425 4698 1666 4770 mystice
1696 4698 1767 4754 de
1797 4698 2026 4755 Christo

383 4794 442 4846 et
472 4788 729 4846 Ecclesia
779 4789 1087 4844 videantur
1141 4786 1436 4860 accipere;
1495 4787 1651 4858 quod
1729 4788 2028 4859 agnoverit

380 4879 650 4937 Christus
680 4878 897 4952 proprii
928 4876 1185 4949 corporis
1217 4874 1571 4947 passionem,
1623 4874 1723 4946 qui
1756 4875 1837 4929 ait
1867 4891 1880 4929 :
1914 4880 2023 4931 Pa-

380 4973 479 5038 ter,
509 4970 657 5025 venit
686 4968 840 5035 hora,
873 4968 1119 5037 clariﬁca
1146 4967 1350 5022 Filium
1380 4967 1535 5019 tuum
1565 4964 1741 5032 (Joan.
1775 4980 1913 5030 xvu,
1947 4965 2023 5036 1),

376 5063 444 5115 ut
471 5057 572 5114 illo
628 5073 837 5115 occasu
895 5073 1001 5112 suo
1057 5054 1333 5111 omnibus
1376 5053 1619 5108 donaret
1648 5052 1826 5106 vitam
1859 5057 2021 5109 aeter-

446 5201 559 5274 (45)
594 5203 810 5274 omnes
839 5201 977 5256 edit.
1020 5203 1076 5255 et
1104 5215 1247 5274 mss.
1281 5196 1611 5274 nongpauci,
1633 5196 2021 5274 implebantur

374 5265 638 5355 ubertate.
662 5273 804 5328 Mss.
829 5277 1052 5343 septem
1074 5269 1303 5341 optimae
1322 5265 1490 5336 notae,
1512 5271 1565 5322 et
1588 5265 2015 5340 LXXInterpr.,

377 5345 742 5483 ὁοῗέἕῗῖέάἰι.
776 5413 1042 5485 quedam
1101 5410 1309 5478 Paris.,
1361 5408 1454 5465 sed
1490 5414 1629 5467 Deus
1663 5412 1884 5481 prapter
1911 5410 2015 5465 Do-

370 5485 612 5550 minum,
653 5489 761 5539 etc.

445 5554 822 5627 (47)A0mnes
872 5554 1034 5627 edit.,
1076 5554 1203 5627 luce
1242 5555 1515 5608 sinuatur.
1583 5551 1814 5627 Contra,
1864 5569 2007 5627 mss.

2154 3279 2294 3333 Deus
2323 3279 2470 3333 inter
2498 3279 2671 3332 lucem
2688 3294 2752 3333 ac
2786 3281 3053 3347 tenebras,
3080 3284 3135 3335 et
3155 3283 3362 3351 factum
3380 3288 3461 3339 est
3484 3300 3722 3357 vespere,
3752 3285 3797 3338 et

2151 3370 2359 3439 factum
2409 3370 2487 3422 est
2530 3383 2695 3422 mane
2739 3368 2853 3424 dies
2884 3384 3025 3423 unus
3072 3370 3229 3440 (Ibid.
3262 3374 3314 3436 4,
3344 3371 3427 3443 5).
3472 3373 3587 3429 Sed
3619 3371 3797 3428 consi-

2152 3458 2425 3512 deremus
2456 3456 2594 3528 quia
2638 3455 2796 3512 aliud
2845 3461 2933 3513 est
2962 3456 3161 3513 lumen
3208 3458 3343 3528 diei,
3404 3460 3570 3516 aliud
3603 3460 3794 3516 lumen

2152 3545 2293 3601 solis
2322 3550 2380 3600 et
2407 3544 2580 3612 lunae,
2614 3548 2672 3599 et
2697 3544 2897 3601 lumen
2930 3544 3256 3615 stellarum,
3288 3565 3355 3603 eo
3376 3551 3540 3621 quod
3563 3549 3651 3606 sol
3683 3550 3797 3621 ipse

2150 3633 2330 3689 radiis
2360 3632 2486 3689 suis
2516 3632 2801 3705 fulgorem
2829 3634 3037 3690 diurno
3066 3635 3277 3691 lumini
3308 3637 3583 3694 videatur
3602 3638 3796 3709 adjun-

2148 3738 2304 3796 gere,
2336 3722 2492 3794 quod
2523 3722 2610 3777 vel
2640 3727 2802 3778 ortus
2833 3723 2948 3779 diei
2979 3728 3167 3796 potest
3214 3726 3480 3797 prodere,
3515 3727 3607 3784 vel
3638 3743 3794 3784 occa-

2149 3828 2271 3867 sus.
2305 3810 2450 3866 Nam
2479 3817 2611 3866 ante
2635 3811 2818 3866 solem
2841 3810 2997 3869 lucet
3016 3812 3381 3884 quidem,sed
3406 3832 3527 3871 non
3552 3814 3791 3887 refulget

2146 3901 2302 3969 dies;
2338 3899 2475 3972 quia
2503 3899 2757 3971 amplius
2789 3917 3023 3973 quoque
3045 3902 3366 3959 meridiano
3389 3903 3519 3961 sole
3541 3903 3792 3977 resplen-

2144 3990 2258 4045 det.
2312 3990 2474 4056 Quod
2525 3990 2782 4045 ostendit
2835 3990 3139 4062 Propheta,
3189 3991 3437 4049 dicens:
3501 3995 3571 4049 Et
3617 3993 3794 4049 educet

2142 4079 2302 4150 quasi
2330 4078 2506 4133 lucem
2542 4078 2813 4140 iustitiam
2841 4085 3012 4148 tuam,
3045 4088 3097 4135 et
3117 4079 3395 4152 judicium
3441 4085 3607 4138 tuum
3663 4082 3797 4138 sicut

2141 4166 2428 4221 meridiem
2452 4166 2618 4238 (Psal.
2652 4183 2845 4233 xxxvr,
2878 4167 2952 4239 6).
2985 4168 3112 4223 Non
3144 4167 3335 4224 solum
3366 4170 3532 4227 enim
3565 4169 3792 4235 lumini,

2143 4256 2243 4310 66
2274 4255 2374 4310 sed
2407 4255 2583 4311 etiam
2642 4255 2966 4312 meridiano
3025 4255 3238 4313 lumini
3286 4259 3477 4316 sancti
3504 4259 3796 4332 justitiam

2141 4343 2515 4415 comparavit.

2208 4432 2263 4487 9.
2296 4432 2514 4488 Deinde
2544 4449 2660 4488 non
2719 4432 2911 4489 solum
2964 4450 3148 4490 unum
3183 4436 3451 4509 signum,
3489 4440 3596 4494 sed
3628 4438 3799 4494 etiam

2140 4521 2253 4576 duo
2313 4519 2497 4575 voluit
2545 4538 2674 4577 esse
2720 4522 2943 4577 diurna
3010 4522 3385 4580 discretionis
3453 4531 3642 4599 atque
3708 4541 3801 4580 no-

2140 4614 2358 4664 cturnae
2385 4626 2399 4676 ;
2432 4612 2496 4664 ut
2525 4614 2582 4665 et
2610 4609 2709 4665 lux
2763 4611 3176 4668 discretionem
3210 4612 3402 4680 faciat,
3434 4619 3496 4671 et
3526 4614 3673 4673 solis
3702 4629 3794 4670 ex-

2138 4701 2321 4767 ortus,
2354 4702 2412 4753 et
2441 4698 2652 4753 iterum
2700 4698 2850 4754 lucis
2881 4699 3160 4769 defectus,
3190 4705 3245 4757 et
3275 4702 3594 4760 stellarum
3640 4707 3797 4759 ortus

2137 4787 2287 4841 inter
2314 4802 2586 4842 occasum
2618 4786 2733 4841 diei
2767 4787 3110 4861 distinguat,
3144 4794 3203 4846 et
3234 4792 3422 4847 noctis
3465 4792 3791 4849 exordium.

2134 4876 2280 4930 Nam
2314 4875 2409 4929 ubi
2443 4875 2720 4931 occiderit
2750 4875 2856 4945 sol,
2878 4882 3077 4934 manet
3104 4882 3305 4935 tamen
3340 4879 3542 4938 adhuc
3573 4878 3792 4953 aliquid

2132 4962 2513 5036 reliquiarum
2540 4964 2676 5029 diei,
2708 4964 2893 5021 donec
2931 4967 3181 5022 tenebris
3228 4971 3451 5024 terram
3481 4970 3787 5042 operiant:

2131 5056 2188 5107 et
2217 5056 2358 5108 tunc
2390 5051 2530 5108 luna
2576 5051 2782 5123 oritur,
2812 5058 2870 5110 et
2901 5054 3100 5112 stellae.
3134 5055 3203 5112 Et
3234 5058 3305 5114 de
3336 5063 3516 5115 nocte
3548 5058 3789 5132 quidem

2127 5194 2491 5351 :l_l(n&lt)31)l_(l:t3l3it.
2546 5267 2714 5323 Rom.
2745 5267 2911 5351 sola,
3077 5271 3558 5351 illuminationem
3600 5277 3787 5329 terra.

2125 5338 2192 5394 Et
2220 5343 2529 5411 certecap.
2563 5339 2847 5411 superiori
2871 5341 2952 5395 ita
2979 5342 3193 5398 citatur
3222 5343 3280 5398 in
3313 5344 3609 5399 omnibus
3642 5358 3782 5398 mss.

2123 5416 2182 5464 et
2211 5408 2347 5486 edit.
2371 5408 2489 5465 Sed
2506 5408 2753 5486 utraque
2774 5409 2942 5468 lectio
2965 5413 3197 5484 probari
3221 5418 3445 5486 potest.
3469 5415 3600 5471 Etsi
3631 5413 3787 5471 enim

2123 5480 2528 5563 passimlapud
2581 5480 2735 5563 LXX,
2769 5488 2832 5549 εἰς
2861 5480 3050 5563 essent
3071 5491 3148 5563 ξτιὶ
3173 5480 3260 5563 τῆς
3287 5494 3398 5563 γῆς,
3434 5485 3500 5541 in
3545 5503 3669 5542 uno
3698 5490 3786 5541 ta-

2121 5567 2255 5607 men
2285 5555 2509 5610 vetusto
2552 5553 2768 5625 codice,
2828 5553 2894 5611 ut
2949 5554 3137 5614 Nobil.
3192 5553 3473 5630 testatur,
3508 5564 3579 5627 si;
3603 5566 3777 5634 ψαῦσιν

368 5622 492 5705 fere
520 5622 594 5686 ad
624 5641 831 5698 unum,
890 5624 1007 5684 luce
1060 5625 1396 5694 insinuatur,
1454 5622 1846 5713 compositum
1883 5623 2009 5683 loco
2115 5634 2203 5700 τῆς
2229 5633 2335 5704 γῆς.
