3932 6212
144 332 225 399 205

1370 328 1910 397 HEXAEMERON
1953 330 2105 398 LIB.
2148 333 2257 400 IV.

3391 334 3513 403 206

147 469 293 540 aperte
315 465 526 539 liquet,
558 467 723 540 quia
754 466 909 523 Iunis
927 469 983 523 et
1038 465 1341 524 stellarum
1398 466 1751 522 illuminatio
1788 466 1835 531 Α
1869 481 2001 520 cum
2033 482 2064 521 e
2094 466 2328 539 regione
2368 466 2509 523 solis
2559 467 2796 539 aliquod
2850 484 3064 540 corpus
3111 471 3383 541 occurrit,
3444 488 3515 527 ex

146 556 288 612 noctis
313 556 503 628 spatia
530 560 828 612 testatur.
853 556 1149 628 Siquidem
1195 572 1299 627 per
1353 556 1506 611 diem
1567 554 1758 627 fulgo-

144 662 235 700 rem
260 644 420 700 illum
447 645 762 715 lunarem,
798 644 1216 716 stellarumque
1246 644 1510 699 omnium
1542 643 1629 700 sol
1662 661 1757 699 ex-

143 738 270 790 ortus
296 734 635 790 abscondit.
672 734 758 790 De
791 732 882 788 die
915 736 1108 788 autem
1137 732 1228 787 vel
1285 732 1411 804 ipsa
1465 730 1606 788 solis
1655 731 1757 786 ﬂa-

136 822 332 895 grantia
358 822 572 879 docere
604 839 719 878 nos
750 826 940 894 potest
968 820 1259 877 diversam
1282 819 1480 876 diurni
1513 819 1758 875 luminis

136 918 179 966 et
200 911 329 967 solis
353 928 486 968 esse
516 916 820 978 naturam,
854 915 911 965 et
939 909 1130 982 ipsam
1161 926 1289 965 esse
1302 908 1552 981 speciem
1577 908 1761 963 disco-

134 1000 311 1056 lorem.
342 999 611 1072 Simplex
651 1003 742 1056 est
770 1000 924 1055 enim
966 997 1114 1054 lucis
1164 997 1406 1070 species,
1442 1001 1506 1052 ut
1558 996 1758 1052 lumen

131 1090 379 1162 praebeat.
411 1090 487 1143 At
515 1104 652 1144 vero
683 1088 772 1143 sol
806 1104 920 1143 non
968 1086 1159 1143 solum
1214 1087 1487 1141 virtutem
1539 1084 1757 1140 illumi-

132 1178 289 1234 nandi
318 1177 648 1245 habet,sed
661 1176 837 1232 etiam
851 1175 1204 1247 vaporandi;
1238 1176 1444 1246 igneus
1469 1178 1557 1229 est
1576 1175 1757 1229 enim.

128 1266 262 1337 Ignis
284 1270 489 1322 autem
522 1270 580 1321 et
608 1264 903 1320 illuminat
931 1269 987 1319 et
1032 1263 1241 1319 exurit.
1297 1263 1455 1318 Unde
1480 1263 1758 1318 Dominus

128 1354 307 1411 volens
334 1353 527 1426 Moysi
558 1353 863 1408 ostendere
921 1369 1057 1407 suae
1091 1350 1447 1423 operationis
1502 1352 1759 1407 miracu-

126 1442 254 1511 lum,
288 1460 412 1514 quo
443 1442 685 1514 Moysen
700 1441 771 1496 ad
794 1440 1100 1496 obediendi
1121 1441 1385 1495 studium
1405 1443 1758 1510 provocaret,

124 1536 282 1602 atque
305 1531 380 1585 ad
413 1529 594 1585 ﬁdem
626 1528 1018 1584 inﬂammaret
1046 1528 1174 1599 ejus
1195 1527 1488 1593 allectum,
1511 1527 1572 1582 in
1628 1527 1762 1599 igne

120 1619 268 1675 visus
297 1622 394 1674 est
428 1618 488 1672 in
522 1617 691 1683 rubo,
726 1620 782 1672 et
827 1619 1010 1673 rubus
1052 1633 1166 1672 non
1225 1616 1596 1686 exurebatur,
1658 1617 1759 1672 sed

119 1712 335 1762 tantum
372 1706 685 1778 splendere
714 1705 866 1778 ignis
898 1705 1090 1777 specie
1120 1704 1443 1759 videbatur.
1498 1703 1760 1759 Alterum

112 1796 282 1869 igitur
308 1811 539 1850 munus
568 1793 723 1866 ignis
771 1795 1031 1861 vacabat,
1083 1792 1333 1849 alterum
1388 1793 1756 1865 operabatur.
1789 1828 1836 1893 B

112 1885 361 1941 Vacabat
393 1881 718 1939 exustionis
738 1882 849 1951 vis,
872 1882 1235 1954 ,operabatur
1283 1880 1754 1936 illuminationis.

114 1975 236 2030 Ideo
267 1972 557 2046 stupebat
588 1971 838 2041 Moyses,
872 1969 1009 2041 quia
1035 1974 1235 2026 contra
1262 1976 1534 2026 naturam
1587 1986 1757 2025 suam

111 2064 255 2137 ignis
285 2080 409 2119 non
442 2060 726 2116 exurebat
754 2060 989 2131 rubum,
1039 2061 1139 2132 qui
1199 2060 1374 2116 etiam
1446 2059 1759 2116 vehemen-

112 2153 311 2209 tiorem
346 2150 661 2206 materiem
692 2149 993 2205 consuevit
1034 2166 1292 2205 exurere.
1359 2149 1469 2204 Sed
1525 2148 1758 2206 Domini

113 2243 257 2315 ignis
280 2239 629 2295 illuminare
661 2237 827 2306 solet,
858 2254 1095 2293 exurere
1125 2254 1241 2293 non
1281 2237 1445 2293 solet.

179 2332 261 2387 10.
292 2332 368 2385 At
401 2328 555 2384 forte
585 2328 749 2382 dicas
782 2343 794 2381 :
828 2326 1126 2392 Quomodo
1158 2327 1440 2397 scriptum
1471 2330 1600 2382 est:
1651 2328 1759 2397 Ego

112 2437 222 2476 sum
250 2420 403 2491 ignis
433 2433 762 2473 consumens
808 2415 984 2488 (Deut.
1047 2432 1121 2481 ιν,
1152 2416 1245 2486 2h)
1277 2418 1302 2467 .9
1358 2415 1511 2470 Bene
1557 2415 1760 2471 admo-

113 2509 306 2565 nuisti.
338 2505 474 2562 Non
498 2504 649 2561 solet
677 2520 1039 2571 consumere,
1074 2504 1187 2558 nisi
1212 2502 1337 2559 sola
1383 2507 1638 2576 peccata.
1696 2504 1757 2559 In

114 2596 493 2653 retributione
517 2609 755 2666 quoque
799 2593 1139 2647 meritorum
1190 2591 1521 2664 colligimus
1580 2592 1758 2647 dividi

118 2686 257 2759 ignis
288 2691 571 2741 naturam
588 2682 744 2752 (49);
777 2680 999 2736 utalios
1021 2680 1334 2749 illuminet,
1368 2680 1512 2735 alios
1532 2685 1756 2746 exurat,

117 2773 404 2829 illuminet
427 2773 654 2843 justos,
688 2773 892 2825 exurat
921 2769 1153 2841 impios.
1186 2768 1313 2823 Non
1344 2769 1578 2824 eosdem
1611 2786 1759 2840 quos

119 2862 422 2928 illuminat,
447 2859 643 2916 exurit
676 2861 733 2914 et
754 2874 911 2930 quos
927 2857 1112 2913 exurit
1144 2857 1475 2913 illuminat:
1502 2859 1602 2914 sed
1625 2858 1758 2913 illu-

120 2952 350 3008 minatio
377 2951 513 3022 ejus
546 2945 1047 3019 inexstinguibilis
1069 2951 1159 3002 est
1202 2947 1273 3001 ad
1297 2946 1759 3019 perfunctionem

122 3042 220 3111 {50)
256 3041 578 3105 bonorum,
646 3034 873 3091 exustio
920 3034 1233 3090 vehemens
1273 3035 1345 3090 ad
1403 3034 1758 3108 supplicium

122 3134 503 3200 peccatorum.

180 3217 261 3273 tl.
282 3217 400 3273 Sed
433 3218 799 3270 revertamur
828 3214 900 3267 ad
933 3213 1341 3269 discretionem
1373 3212 1488 3267 diei
1530 3229 1596 3267 ac
1654 3230 1755 3269 no-
1788 3192 1830 3259 (ἶ

119 3307 238 3361 clis.
269 3305 511 3360 Oriente
542 3302 658 3357 diei
690 3301 914 3357 lumine
975 3318 1087 3357 nox
1145 3303 1399 3374 fugatur,
1449 3301 1758 3357 decedente

119 3394 205 3450 die
230 3411 345 3449 nox
374 3391 737 3447 infunditur.
762 3390 887 3445 Non
919 3393 1009 3445 est
1038 3389 1194 3445 enim
1225 3388 1340 3445 luci
1364 3389 1611 3445 societas
1641 3389 1762 3446 ulla

117 3499 243 3538 cum
268 3480 572 3537 tenebris:
592 3478 885 3550 siquidem
917 3477 1171 3534 naturali
1198 3477 1321 3550 lege
1339 3478 1448 3533 hoc
1477 3478 1763 3535 Dominus

115 3571 168 3626 in
200 3571 396 3643 prima
425 3568 767 3641 operatione
790 3584 897 3622 sua
918 3566 1238 3623 constituit.
1272 3566 1497 3622 Etenim
1530 3568 1763 3638 quando

110 3658 306 3715 lumen
339 3658 505 3726 fecit,
539 3661 599 3711 et
624 3654 1037 3711 discretionem
1070 3654 1205 3709 fecit
1245 3654 1399 3710 inter
1456 3654 1645 3710 lucem
1699 3672 1766 3711 ac

112 3749 401 3804 tenebras.
436 3744 705 3817 Denique
734 3744 795 3799 in
830 3744 958 3816 ipso
989 3744 1101 3811 die,
1127 3745 1254 3815 jam
1283 3743 1403 3798 sole
1450 3744 1621 3799 terris
1676 3744 1765 3799 in-

108 3837 253 3905 fuso,
286 3837 569 3893 videmus
601 3834 871 3889 umbram
915 3832 1004 3888 vel
1060 3832 1336 3900 hominis,
1386 3831 1476 3887 vel
1530 3832 1767 3906 virgulti

106 3925 361 3999 alicujus
392 3942 429 3980 a
460 3922 691 3979 lumine
721 3921 1000 3995 separari,
1034 3926 1099 3977 ut
1142 3937 1316 3977 mane
1369 3921 1441 3976 ad
1494 3937 1766 3977 occasum

109 4014 424 4089 dirigatur,
463 4011 695 4084 vesperi
739 4014 1145 4082 retorqueatur
1199 4010 1259 4064 in
1290 4009 1594 4079 orientem,
1646 4026 1770 4065 me-

107 4103 357 4160 ridianis
388 4100 558 4157 horis
618 4099 690 4155 ad
742 4098 1167 4170 sptentrionem
1220 4097 1496 4153 inclinet:
1558 4097 1769 4153 lumini

110 4194 305 4246 tamen
337 4206 461 4247 non
496 4186 881 4244 confunditur
910 4195 1083 4258 atque
1114 4187 1414 4252 miscetur,
1457 4186 1557 4241 sed
1617 4186 1772 4242 cedit

110 4284 164 4332 et
190 4280 435 4353 refugit.
487 4275 774 4333 Similiter
818 4279 877 4330 et
933 4291 1046 4330 nox
1104 4274 1306 4330 cedere
1351 4273 1580 4330 videtur
1631 4275 1767 4343 diei,

110 4372 164 4422 et
186 4385 251 4425 se
281 4370 361 4424 ab
391 4369 528 4439 ejus
559 4364 784 4420 lumine
814 4361 1140 4429 declinare;
1172 4368 1263 4419 est
1293 4363 1474 4430 enim,
1509 4367 1575 4419 ut
1617 4364 1771 4436 peri-

112 4456 289 4512 tiores
318 4456 656 4528 probarunt
686 4452 788 4525 qui
822 4451 992 4507 nobis
1029 4450 1135 4525 vel
1176 4455 1343 4507 aetate
1392 4451 1482 4507 vel
1531 4469 1772 4510 munere

1870 569 1937 608 ea
1966 558 2129 625 parte
2159 572 2276 626 qua
2299 555 2499 611 lumen
2527 556 2918 629 repercutitur
2947 559 3082 629 (51),
3125 560 3335 615 umbra
3373 560 3512 615 sub-

1869 640 2060 698 sistit:
2094 642 2177 699 sic
2206 660 2339 698 cum
2372 644 2690 701 decedente
2740 645 2833 701 die
2889 661 2919 700 e
2977 646 3211 718 regione
3266 647 3514 703 luminis

1867 732 1996 801 ejus
2029 736 2129 785 aut
2158 731 2299 787 solis
2330 738 2498 789 terra:
2517 735 2781 804 objectus
2812 734 3083 801 occurrit,
3127 734 3517 791 obumbratur

1868 835 1985 874 aer.
2014 819 2177 875 Unde
2203 820 2388 892 liquet
2417 822 2573 892 quod
2614 827 2841 878 noctem
2897 823 3072 879 faciat
3128 825 3340 881 umbra
3396 828 3512 881 ter-

1867 924 2063 962 rarum
2075 950 2086 963 .

1870 1050 2195 1105 Luminaria
2221 1052 2367 1121 facta
2396 982 2938 1123 sumcéfli‘prndysed
2966 1071 3076 1110 non
3132 1058 3505 1112 nativitatum.

1940 1122 2447 1199 Mathematieorunt
2503 1122 2729 1178 scientia
2787 1126 3003 1199 inutilis
3050 1130 3129 1180 est
3183 1143 3247 1181 ac
3306 1128 3508 1199 impos-

1937 1192 2132 1247 sibilis.
2166 1194 2340 1266 Quam
2387 1195 2565 1265 inepte
2612 1198 2973 1266 proprietates
3018 1199 3350 1253 animalium
3382 1192 3509 1254 'ter-

1939 1266 2203 1319 restrium
2231 1265 2301 1318 ad
2328 1266 2588 1331 caelestia,
2614 1265 2672 1320 et
2703 1268 2898 1321 horum
2920 1267 2990 1322 ad
3030 1270 3273 1324 homines
3327 1276 3509 1325 trans-

1937 1336 2105 1404 ferat.
2163 1336 2344 1402 Quam
2394 1336 2624 1392 ridicule
2665 1338 2916 1393 stabilem
2988 1341 3118 1395 vitae
3200 1347 3398 1395 statum
3481 1355 3512 1397 e

1938 1406 2110 1481 signis
2137 1408 2388 1460 erraticis
2416 1407 2647 1477 pendere
2677 1416 2903 1464 asserat.
2935 1413 3115 1478 Quam
3170 1412 3338 1481 impie
3393 1410 3512 1465 illis

1940 1477 2249 1546 qualitates,
2298 1493 2422 1547 quae
2479 1483 2708 1533 noceant
2760 1477 3157 1547 innocentibus,
3225 1477 3508 1537 dttribuat.

1942 1548 2333 1623 Quam__s_lulte
2392 1549 2617 1623 tandem
2670 1559 2938 1622 proponat
2994 1553 3283 1623 manifeste
3337 1553 3509 1623 falsa,

1938 1627 1989 1673 et
2016 1620 2256 1675 malitiae
2283 1635 2349 1674 ac
2377 1622 2591 1675 inertiae
2620 1620 3025 1677 excusationem
3052 1620 3374 1694 suppeditet.

1941 1706 2028 1761 l2.
2064 1706 2221 1761 Fecit
2250 1723 2385 1779 ergo
2435 1707 2639 1775 solem,
2682 1714 2741 1764 et
2794 1708 3018 1778 lunam,
3078 1716 3135 1766 et
3181 1710 3403 1781 stellas,
3455 1715 3514 1768 et

1872 1794 2189 1865 praestituit
2213 1794 2329 1850 illis
2360 1812 2671 1851 mensuras
2702 1802 3054 1869 temporum,
3080 1799 3187 1855 soli
3244 1800 3509 1867 diurnas,

1866 1881 2016 1937 lunae
2049 1882 2350 1955 stellisque
2380 1889 2696 1940 nocturnas
2726 1902 2738 1941 :
2775 1891 2839 1941 ut
2867 1887 2977 1942 iste
3007 1892 3217 1960 augeat
3246 1889 3359 1945 diei
3382 1904 3513 1962 gra-

1865 1971 2029 2038 tiam,
2065 1970 2177 2025 illze
2210 1972 2481 2027 umbram
2512 1974 2897 2045 tenebrasque
2928 1974 3281 2032 illuminent.
3306 1978 3376 2031 Et
3393 1979 3509 2033 sint

1865 2061 1925 2114 in
1955 2062 2133 2129 signa,
2162 2064 2213 2115 et
2241 2062 2302 2115 in
2332 2069 2591 2133 tempora,
2624 2071 2673 2117 et
2704 2063 2760 2116 in
2791 2062 2925 2129 dies,
2956 2067 3007 2119 et
3034 2064 3093 2117 in
3124 2080 3295 2119 annos
3351 2064 3506 2137 (Gen.

1867 2164 1904 2215 I,
1943 2149 2048 2217 14).
2085 2148 2281 2204 Divisa
2305 2153 2567 2221 tempora
2597 2150 2814 2205 habent
2853 2167 3141 2223 paresque
3196 2168 3508 2210 mensuras

1868 2252 1972 2309 pro
2005 2236 2297 2292 mensium
2329 2237 2554 2309 vicibus
2587 2237 2674 2295 sol
2705 2246 2759 2294 et
2797 2238 2937 2295 luna
2994 2252 3129 2296 cum
3184 2240 3395 2310 stellis,
3451 2245 3511 2298 et

1868 2329 2007 2379 sunt
2038 2325 2098 2380 in
2130 2325 2300 2397 signa
2330 2342 2443 2381 non
2476 2343 2796 2397 possumus
2846 2344 3057 2400 negare
3086 2330 3241 2401 quod
3272 2346 3343 2386 ex
3388 2328 3510 2387 sole

1868 2419 1926 2470 et
1953 2413 2094 2469 luna
2122 2415 2293 2486 signa
2318 2413 2516 2484 aliqua
2552 2414 2939 2488 colligantur;
2974 2434 3110 2474 nam
3140 2422 3197 2474 et
3224 2419 3511 2475 Dominus

1869 2502 2044 2558 dixit:
2103 2504 2169 2557 Et
2216 2511 2375 2557 erant
2430 2505 2589 2574 signa
2639 2505 2699 2557 in
2746 2506 2877 2570 sole,
2927 2510 2980 2560 et
3021 2507 3179 2574 luna,
3236 2512 3286 2564 et
3338 2509 3513 2564 stellis

1870 2592 2018 2663 (Luc.
2052 2608 2165 2660 xm,
2197 2592 2308 2661 25).
2371 2591 2440 2645 Et
2498 2593 2893 2663 quaerentibus
2949 2594 3228 2666 apostolis
3276 2595 3515 2667 signum

1870 2682 2155 2736 adventus
2188 2680 2338 2749 ejus,
2370 2680 2709 2751 respondit:
2748 2681 2837 2736 Sol
2866 2682 3264 2751 obscurabitur,
3296 2687 3349 2739 et
3379 2685 3516 2739 luna

1866 2785 1978 2824 non
2007 2769 2158 2824 dabit
2203 2769 2387 2824 lumen
2442 2785 2623 2839 suum,
2694 2774 2744 2824 et
2798 2772 2972 2828 stellae
3016 2771 3206 2828 cadent
3259 2771 3324 2829 de
3378 2771 3512 2829 ctelo

1869 2858 2074 2930 (Matth.
2098 2874 2249 2923 xxiv,
2282 2857 2395 2928 29.)
2427 2857 2557 2913 Haec
2586 2858 2732 2913 dixit
2752 2858 2873 2914 fore
2904 2860 3073 2932 signa
3127 2860 3335 2916 futura
3372 2877 3510 2917 con-

1867 2945 2445 3002 summationiszsed
2479 2947 2828 3003 conveniens
2866 2948 3035 3004 debet
3092 2965 3239 3005 curae
3295 2953 3513 3007 nostra:

1869 3051 2147 3090 mensura
2177 3034 2413 3090 servari.

1940 3124 2025 3179 13.
2086 3122 2346 3195 Denique
2397 3122 2639 3178 nonnuli
2692 3124 3062 3181 nativitatum
3143 3130 3511 3183 tentaverunt

1869 3213 2191 3284 exprimere
2224 3210 2559 3283 qualitates,
2593 3211 2783 3283 qualis
2810 3213 3051 3268 futurus
3082 3214 3159 3269 sit
3189 3215 3508 3286 unusquis-

1869 3318 1981 3373 que
2013 3301 2113 3373 qui
2147 3305 2319 3356 natus
2371 3299 2467 3366 sit,
2521 3316 2656 3355 cum
2697 3300 2807 3355 hoc
2850 3318 2963 3356 non
3022 3301 3212 3357 solum
3266 3320 3506 3370 vanum,

1869 3391 1969 3445 sed
2002 3389 2177 3445 etiam
2206 3387 2413 3443 inutile
2434 3389 2511 3442 sit
2531 3388 2947 3457 quaerentibus,
2972 3390 3314 3461 impossible
3342 3390 3511 3465 polli-

1871 3477 2158 3533 centibus.
2194 3476 2342 3541 Quid
2375 3477 2531 3531 enim
2564 3481 2686 3531 tam
2713 3476 2939 3546 inutile,
2973 3495 3153 3549 quam
3204 3484 3269 3535 ut
3324 3497 3514 3538 unus-

1874 3566 2124 3639 quisque
2153 3565 2503 3637 persuadeat
2535 3565 2647 3620 sibi
2678 3564 2786 3620 hoc
2818 3582 2945 3623 esse
2975 3569 3129 3637 quod
3174 3573 3348 3625 natus
3378 3569 3514 3627 est?

1871 3654 2052 3710 Nemo
2084 3669 2220 3725 ergo
2241 3653 2413 3709 debet
2442 3653 2619 3709 vitam
2662 3670 2853 3721 suam,
2922 3659 3143 3711 statum
3204 3675 3516 3731 moresque

1877 3747 2102 3798 mutare
2122 3747 2179 3798 et
2208 3742 2347 3798 eniti
2381 3759 2495 3814 quo
2524 3741 2729 3799 melior
2757 3743 2880 3809 fiat,
2909 3745 3011 3800 sed
3038 3745 3099 3800 in
3154 3763 3223 3802 ea
3277 3763 3518 3819 persua-

1877 3832 2038 3888 sione
2064 3847 2321 3887 manere.
2349 3831 2549 3902 Neque
2579 3833 2827 3902 probum
2878 3834 2989 3904 (52)
3037 3838 3202 3906 potes
3254 3834 3519 3905 laudare,

1876 3937 1980 3977 nec
2011 3921 2402 3976 condemnare
2422 3918 2777 3991 improbum,
2822 3922 2924 3992 qui
2980 3923 3310 3978 necessitati
3366 3924 3516 3980 nati-

1876 4010 2069 4066 vitatis
2123 4026 2244 4064 suae
2330 4008 2678 4080 respondere
2756 4009 3039 4064 videatur.
3100 4011 3167 4065 Et
3226 4012 3519 4082 quomodo

1877 4098 2161 4155 Dominus
2192 4101 2294 4152 aut
2324 4096 2494 4151 bonis
2518 4095 3086 4167 praemiaproposuit,
3119 4099 3521 4171 autimprobis

1878 4203 2099 4260 poenas,
2134 4185 2182 4239 si
2214 4184 2353 4239 facit
2384 4183 3109 4256 necessitasdisciplinam,
3142 4189 3200 4241 et
3215 4202 3521 4244 conversa-

1877 4277 2098 4331 tionem
2129 4272 2432 4329 stellarum
2465 4288 2675 4328 cursus
2731 4273 3051 4329 informat?
3109 4275 3180 4329 Et
3235 4275 3379 4347 quid
3434 4279 3527 4332 est

1880 4363 2037 4421 aliud
2071 4380 2248 4434 quam
2280 4361 2577 4417 hominem
2609 4362 2679 4417 de
2723 4361 2959 4417 homine
3005 4379 3235 4435 exuere,
3284 4365 3333 4420 si
3381 4364 3524 4421 nihil

1880 4452 2167 4518 moribus,
2202 4449 2349 4505 nihil
2380 4449 2752 4516 institutioni,
2786 4450 2930 4506 nihil
2949 4452 3528 4527 studiisderelinqui—

109 4548 568 4613 pmori-erunt,
595 4541 809 4597 umbra
840 4545 1025 4596 terres.
1052 4539 1407 4596 Naturaliter
1434 4540 1591 4596 enim
1637 4557 1767 4596 um-
1802 4555 1848 4619 D
1878 4539 2017 4597 tur?
2062 4540 2246 4602 Quam
2304 4539 2520 4594 multos
2573 4532 2839 4596 videmus
2894 4547 3122 4613 ereptos
3180 4542 3529 4601 criminibus

112 4631 220 4687 bra
251 4631 490 4705 corpori
552 4629 812 4685 adhaeret
868 4632 1042 4700 atque
1100 4627 1463 4700 adjungitur,
1514 4628 1655 4684 adeo
1714 4633 1779 4683 ut

112 4718 288 4776 etiam
324 4720 590 4793 pictores
632 4717 876 4773 umbras
920 4732 1229 4788 corporum
1288 4734 1415 4788 quae
1464 4717 1778 4789 pinxerint,

113 4809 386 4865 nitantur
412 4806 768 4880 exprimere,
801 4805 978 4877 idque
1008 4806 1151 4860 artis
1184 4821 1314 4862 esse
1344 4811 1609 4862 asserant
1666 4823 1782 4862 non

112 4896 514 4955 intermittere
545 4897 641 4952 ατ
678 4895 796 4950 vim
847 4897 1108 4951 naturae:
1157 4898 1213 4950 et
1270 4896 1442 4967 quasi
1498 4894 1784 4951 naturalis

112 4984 261 5052 iuris
320 4986 745 5061 praevaricator
793 4983 1100 5054 habeatur,
1162 4983 1338 5054 cujus
1387 4984 1618 5056 pictura
1669 5001 1785 5040 non

114 5075 293 5132 etiam
323 5077 608 5132 umbram
631 5089 805 5130 suam
837 5072 1149 5144 exprimat.
1186 5072 1334 5145 Ergo
1378 5073 1531 5128 sicut
1588 5073 1646 5127 in
1693 5073 1788 5129 die

186 5206 303 5278 (49)
331 5208 479 5265 Mss.
515 5207 711 5273 Rem.,
744 5204 903 5261 Ccen.
939 5221 1004 5260 ac
1035 5205 1197 5278 Reg.,
1230 5204 1409 5260 divini
1440 5207 1589 5274 ignis
1621 5209 1788 5261 natu-

118 5291 306 5419 Τῗέδ)
365 5351 634 5414 Quatuor
698 5364 871 5418 mss.,
932 5347 1001 5402 ad
1051 5350 1436 5419 perfectionem
1508 5348 1788 5403 bonorum.

122 5414 331 5491 Melius
377 5421 499 5491 alii,
533 5438 603 5477 ac
634 5420 813 5491 edit,
838 5414 912 5474 ad
944 5414 1401 5491 perfunctionem,
1432 5423 1564 5486 etc.,
1598 5419 1656 5475 id
1704 5425 1795 5476 est

127 5490 195 5543 ad
244 5490 608 5551 ﬁnitionem.
661 5490 869 5559 Basil.,
904 5500 966 5552 εἰς
995 5497 1266 5546 ἀπόλαυσιν
1294 5497 1391 5553 τοῖς
1423 5496 1634 5553 δίκαίοις.
1676 5490 1793 5547 Hoc

128 5562 299 5619 verbo
328 5582 444 5622 non
475 5564 667 5623 semel
700 5563 889 5618 utitur
917 5561 1284 5618 Ambrosius.

197 5634 305 5719 (51)
334 5636 487 5700 Edit.
519 5635 772 5699 Amerb.
808 5637 867 5692 et
894 5631 1079 5694 Paris.
1112 5631 1408 5692 nonnulla
1453 5648 1588 5695 cum
1646 5650 1795 5699 mea.

1890 4623 2075 4700 atque
2096 4627 2348 4699 peccatis
2378 4627 2437 4681 in
2471 4626 2767 4684 meliorem
2791 4633 3011 4685 statum
3041 4646 3170 4687 esse
3199 4647 3527 4689 conversos.

1891 4715 2195 4788 Redempti
2226 4719 2366 4771 sunt
2394 4715 2659 4788 apostoli,
2691 4721 2749 4772 et
2770 4721 3104 4791 congregati
3144 4735 3213 4775 ex
3269 4726 3531 4793 peccato-

1894 4806 2094 4861 ribus:
2159 4821 2273 4860 non
2363 4805 2566 4876 utique
2649 4806 2969 4863 nativitatis
3049 4824 3167 4863 suae
3212 4808 3371 4875 hora,
3428 4808 3531 4864 sed

1894 4894 2111 4950 Christi
2143 4910 2242 4950 eos
2270 4893 2653 4949 sanctiﬁcavit
2684 4895 2986 4963 adventus,
3034 4899 3091 4950 et
3134 4896 3277 4951 hora
3329 4895 3533 4951 Domi-

1896 4983 2035 5039 nicm
2069 4982 2360 5055 passionis
2390 4983 2636 5038 redemit
2665 5000 2699 5037 a
2724 4987 2928 5039 morte.
2989 4983 3154 5038 Latro
3194 4984 3530 5052 damnatus,

1896 5072 1994 5129 ille
2058 5071 2159 5143 qui
2214 5076 2305 5127 est
2358 5088 2492 5127 cum
2549 5072 2796 5127 Domino
2870 5072 2981 5143 (53)
3031 5071 3365 5140 crucifixus,
3416 5088 3534 5129 non

1899 5209 2194 5279 quatuor,
2227 5221 2335 5276 qua
2365 5205 2574 5279 lumine
2593 5208 2958 5279 Arepereatiur,
2992 5205 3190 5279 minus
3211 5205 3533 5279 commode.

1991 5280 2080 5345 52)
2104 5277 2187 5330 lta
2217 5292 2360 5348 mss.
2396 5275 2690 5329 undecim.
2719 5275 2827 5329 Alii
2861 5294 2926 5331 ac
2966 5277 3142 5333 euit.:
3194 5279 3332 5332 eniti
3377 5276 3536 5348 (Gill.

1897 5346 1989 5405 sed
2016 5348 2154 5402 eniti
2172 5363 2190 5406 .·
2220 5346 2410 5419 Rom.,
2442 5360 2614 5415 neque
2642 5347 2800 5419 eniti)
2823 5363 2925 5417 quo
2954 5349 3151 5403 melior
3179 5350 3296 5419 fiat.
3329 5346 3430 5404 Sed
3477 5350 3538 5404 in

1901 5437 1966 5477 ea
1996 5418 2345 5489 persuasione
2372 5430 2546 5489 neque
2565 5417 2819 5489 probum,
2849 5422 2955 5471 etc.

1964 5485 2075 5561 (53)
2110 5487 2257 5543 Edit.
2290 5490 2348 5541 et
2377 5485 2546 5561 pauci
2579 5502 2745 5553 mss.,
2781 5487 2920 5561 latro
2947 5486 3055 5561 _ille
3103 5489 3396 5561 damnatus
3450 5507 3544 5548 ca-

1962 5556 2066 5626 tis,
2084 5561 2181 5616 ille
2209 5574 2335 5615 cum
2366 5556 2617 5628 Domino,
2650 5562 2757 5616 etc.
2788 5558 2899 5618 Alii
2929 5556 3129 5618 decem
3158 5560 3421 5621 melioris
3441 5563 3547 5629 aevi

1945 5637 1971 5695 t
1994 5647 2103 5696 nos
2134 5631 2195 5695 in
2226 5633 2410 5695 textu.
