3932 6212
392 343 520 432 '29?

1861 323 1926 383 S.
1973 318 2346 382 AMBROSII

401 473 686 556 beneﬁcio
699 468 1026 546 nativitatis
1047 483 1197 532 suae,
1231 465 1331 521 sed
1364 461 1498 517 ﬁdei
1547 457 1910 514 confessione
1967 455 2038 509 ad
2071 454 2124 520 Α
2154 452 2301 507 Nam
2330 456 2386 506 et
2418 451 2529 524 ipsi
2550 450 2783 518 vitalem
2812 449 2981 506 illum
3003 449 3306 522 signorum
3351 444 3658 504 duodecim
3688 444 3789 500 cir-

405 549 661 643 paradisi
693 562 792 619 68
824 544 1034 617 aeterna
1064 553 1352 619 transivit,
1387 551 1596 606 Jonam
1629 547 1686 602 in
1729 544 1874 601 mari
1929 560 2042 598 non

404 655 491 711 vis
523 639 862 718 nativitatis,
899 648 999 703 sed
1030 641 1415 700 dissimulata:
1447 638 1651 692 divina:
1712 631 2045 707 praeceptio-

406 744 500 820 nis
556 740 820 815 praacipit
879 737 1117 796 offensa,
1205 730 1593 798 eumdemque
1651 728 1812 779 cetus
1898 719 2047 776 exci-

401 811 597 908 piens,
631 830 703 886 ad
735 811 1016 884 indicium
1052 819 1231 876 futuri
1284 814 1542 889 mysterii
1599 817 1731 886 post
1787 811 2049 866 triduum

409 921 714 985 revomuit,
741 923 798 974 et
835 911 1180 988 prophetica:
1225 907 1430 963 merito
1478 904 1675 977 gratiae
1718 899 2046 956 reservavit.

408 1012 640 1066 Petrum
671 1010 742 1063 de
770 1020 999 1062 carcere
1029 997 1358 1056 imminenti
1395 998 1580 1050 morte
1643 988 2049 1063 perimendum

408 1098 654 1172 angelus
684 1094 926 1161 Christi,
986 1107 1101 1146 non
1162 1086 1466 1143 stellarum
1525 1081 1706 1136 series
1764 1075 2048 1131 liberavit.

408 1170 912 1258 Pauluchaecitas
944 1176 1225 1236 convertit
1274 1175 1344 1229 ad
1394 1170 1664 1244 gratiam,
1715 1172 1771 1222 et
1811 1181 2052 1238 percus-

410 1294 544 1339 sum
574 1293 609 1333 a
635 1275 855 1349 vipera,
884 1271 1302 1336 turbatumque
1335 1259 1658 1331 naufragio,
1691 1273 1806 1312 non
1863 1269 2053 1309 reme-

411 1368 509 1426 dia
539 1345 880 1429 nativitatis,
910 1360 1012 1416 sed
1045 1352 1365 1412 devotionis
1408 1350 1618 1406 merita
1657 1345 2050 1402 servaverunt.

411 1455 560 1524 Quid
593 1455 663 1509 de
706 1451 1136 1522 illis1dicemus,
1170 1443 1270 1515 qui
1316 1456 1518 1497 eorum
1577 1435 1870 1508 precibus,
1920 1447 2052 1486 cum

412 1543 672 1601 fuissent
703 1521 1463 1606 mortuiffresurrexerunt?
1497 1526 1702 1582 Utrum
1758 1521 1890 1576 illos
1949 1537 2056 1575 sua

414 1634 709 1697 nativitas,
745 1647 817 1684 an
851 1623 1170 1700 apostolica
1190 1619 1379 1693 gratia
1434 1612 1850 1672 resuscitavit?
1907 1609 2055 1672 Quid

416 1739 563 1795 opus
594 1721 724 1786 fuit,
758 1722 824 1773 ut
856 1711 1170 1786 sejejuniis
1192 1707 1584 1782 periculisque
1605 1701 2054 1765 committerent,

2157 541 2380 596 cuitum
2413 541 2470 594 in
2502 539 2811 595 duodecim
2843 543 3037 612 partes
3066 538 3373 593 dividunt:
3407 540 3464 591 et
3520 534 3659 606 quia
3694 533 3789 588 tri-

2156 629 2320 702 ginta
2390 630 2594 684 diebus
2679 628 2764 683 sol
2815 628 3224 683 duodecimam
3297 628 3524 697 partem
3581 622 3789 695 spherze

2159 719 2286 788 ejus
2325 735 2450 790 quae
2508 715 2919 772 inenarrabilis
2985 716 3234 771 habetur
3281 713 3628 786 regreditur,
3687 726 3791 782 quo

2159 825 2336 879 gyrus
2359 806 2500 862 solis
2523 806 2660 861 anni
2695 805 2944 860 circuitu
3003 803 3390 877 compleatur,
3451 802 3511 856 in
3568 797 3794 871 triginta

2162 895 2580 969 portiunculas,
2645 911 2792 966 quas
2819 902 2986 966 μοίρας
3031 892 3212 949 δι’ωοί
3279 893 3507 956 vocant,
3595 902 3794 943 unam-

2161 1002 2455 1057 quamque
2497 983 2804 1039 duodecim
2837 984 2935 1038 69
2967 980 3203 1036 illarum
3260 979 3627 1034 distribuunt
3673 991 3793 1047 por-

2161 1076 2377 1129 tionem
2409 1092 2422 1139 ;
2454 1073 2643 1144 ipsam
2677 1087 2909 1143 quoque
2939 1067 3370 1142 portiunculam
3405 1066 3464 1122 in
3508 1063 3796 1140 sexaginta

2160 1163 2317 1216 vices
2372 1162 2694 1216 conferunt.
2755 1160 2982 1214 Rursus
3049 1155 3516 1228 unumquodque
3571 1135 3794 1224 deiillis

2162 1251 2461 1322 sexaginta
2491 1249 2754 1319 sexagies
2785 1252 3003 1302 secant.
3073 1246 3255 1311 Quam
3315 1239 3800 1314 incomprehensi-

2164 1340 2277 1394 bile
2308 1345 2416 1406 est,
2452 1338 2607 1410 quod
2642 1336 3004 1409 sexagesimo
3024 1333 3404 1406 sexagesima:
3425 1327 3796 1403 portiunculae

2164 1427 2482 1483 nativitatis
2514 1429 2806 1482 momenta
2861 1422 3219 1478 constituant
3272 1422 3408 1492 (57),
3443 1423 3500 1474 et
3529 1415 3800 1490 quissin-

2163 1515 2435 1588 gulorum
2468 1514 2770 1587 signorum
2802 1512 2880 1568 sit
2909 1516 3011 1566 aut
3040 1514 3257 1574 motus,
3314 1512 3418 1564 aut
3471 1506 3692 1578 species
3744 1504 3798 1559 in

2167 1605 2464 1660 nativitatc
2518 1598 2840 1658 nascentis!
2931 1599 3090 1654 Unde
3159 1613 3294 1652 cum
3355 1592 3695 1668 impossible
3731 1592 3802 1647 sit

2167 1702 2284 1749 tam
2330 1691 2574 1748 subtiles
2632 1690 2912 1744 minutias
2967 1687 3251 1760 temporis
3299 1681 3801 1756 comprehendere,

418 1770 562 1795 Ὗ-..
594 1770 724 1786 ----,
768 1770 819 1773 μ
869 1770 1004 1786 πυ.
1192 1770 1211 1782 .
1489 1770 1506 1776 -

417 1813 609 1884 εἱδᾳυο
639 1806 926 1872 volebant,
941 1799 1263 1858 nativitatis
1296 1794 1573 1852 beneficio
1612 1793 1877 1864 poterant
1929 1805 2058 1859 per-
2091 1820 2137 1884 B
2165 1785 2374 1855 exigua
2432 1785 2625 1836 autem
2702 1777 3036 1833 immutatio
3115 1774 3350 1830 invehat
3419 1770 3806 1840 universitatis

1938 1882 1944 1884 _
2042 1879 2050 1884 .
2482 1875 2489 1884 ι
2544 1874 2552 1884 .
2780 1883 2788 1884 ,
2816 1883 2823 1884 ,
2853 1867 2936 1884 _A3,
2972 1881 3019 1884 _‘
3074 1862 3307 1884 _l___-__.
3377 1866 3456 1884 --ι
3515 1860 3783 1884 --Α-ζιΑιειι

412 1879 609 1958 venire
629 1899 657 1953 Ἰ
680 1897 841 1964 Quod
871 1894 922 1950 si
953 1891 1336 1950 credidissent
1361 1887 1493 1958 (54),
1543 1884 1684 1938 dum
1752 1879 2060 1950 expectant

418 1996 674 2052 fatorum
705 1985 1133 2048 necessitatem,
1164 1993 1466 2048 nunquam
1498 1973 1568 2028 ad
1597 1975 1816 2026 tantam
1860 1982 2058 2038 perve-

419 2083 648 2148 nissent
671 2078 942 2151 gratiam.
972 2069 1203 2128 Inutilis
1235 2067 1414 2138 igitur
1442 2063 1555 2118 ista
1595 2057 1913 2131 persuasio.

488 2175 577 2236 14.
611 2146 760 2233 Quid
792 2166 945 2239 quod
965 2162 1140 2219 etiam
1159 2151 1544 2228 impossibilis
1567 2150 1593 2203 ?
1619 2149 1764 2202 Nam
1784 2150 1848 2200 ut
1878 2146 1947 2199 de
1965 2161 2060 2198 eo-

418 2233 550 2328 rum
582 2231 1238 2331 aliquid-disputatione
1295 2255 1622 2331 sumamus,
1677 2231 2062 2306 redarguendi

419 2351 608 2427 gratia
638 2317 756 2408 non
787 2317 1093 2419 probandi,
1127 2350 1404 2408 magnam
1434 2317 1776 2385 vir'n'dicunt
1805 2339 1934 2378 esse
1960 2337 2062 2375 na-

422 2409 686 2506 tivitatis,
705 2409 950 2506 eamque
965 2427 1208 2486 minutis
1236 2419 1486 2497 quibusd
1497 2434 1590 2472 am
1608 2420 1666 2470 et
1685 2409 2061 2480 certiscolligi

419 2534 690 2604 Oportere
773 2519 1122 2582 momentis:
1200 2532 1266 2570 ac
1319 2509 1432 2567 nisi
1491 2506 1685 2562 verius
1732 2499 2062 2571 colligatur,

419 2592 720 2682 summam
785 2629 915 2670 esse
973 2606 1360 2665 distantiam:
1418 2595 1576 2654 brevi
1634 2592 1790 2649 enim
1848 2593 2062 2651 atomo,

421 2714 746 2786 exiguoque
777 2705 1071 2762 momento
1113 2696 1331 2751 distare
1360 2686 1718 2744 nativitatem
1761 2677 1953 2749 inopis
2010 2678 2067 2730 et

422 2766 696 2876 potentis,
729 2793 953 2866 egentis
985 2783 1290 2858 etvdivitis,
1319 2773 1672 2841 innocentis:
1690 2774 1745 2825 et
1773 2766 1965 2832 noxii;
2011 2768 2068 2819 et

1467 2865 1477 2875 -
1529 2863 1537 2876 -
1912 2854 2033 2876 LL:

425 2854 1192 2964 lpici-umqueveadem,hora
1218 2865 1482 2942 generari
1525 2855 1873 2932 longaevitati
1905 2854 2067 2909 debi-

1100 2963 1103 2964 ν
1308 2962 1312 2964 λ
1511 2953 1542 2964 ,,
1807 2945 1818 2964 ,
1844 2943 1939 2964 Ἦν
1959 2959 2057 2964 Μ-

424 2943 576 3044 tri—1m,
593 2981 650 3033 et
677 2943 872 3046 prima
901 2963 1163 3040 pueritiae
1193 2962 1358 3015 aztate
1378 2953 1749 3017 moriturum,
1775 2943 2069 3014 sireliqua

426 3036 699 3140 disparia.
715 3062 853 3128 sint,
881 3036 938 3114 et
964 3051 1410 3124 aliquo'puncto
1441 3042 1712 3097 discreta.
1749 3036 1867 3091 Hoc
1920 3046 2064 3140 que-

424 3121 811 3217 madmodum
841 3121 1389 3221 possint—colligere,
1415 3133 1430 3203 ζ
1447 3127 1856 3200 respondeant.
1919 3121 2066 3178 Con-

424 3210 861 3318 s—tituepartum
891 3210 1147 3297 feminae;
1181 3222 1465 3283 obstetrix
1491 3219 1691 3288 utique
1721 3230 1855 3270 eum
1879 3210 2067 3318 primo

423 3297 742 3411 agitarem,
774 3327 1036 3401 explorat
1054 3317 1338 3392 vagitum,
1373 3327 1489 3383 quo
1520 3304 1805 3411 natipvita
1846 3297 2068 3411 colligi-

423 3389 544 3494 tur:
573 3421 820 3482 attendit
850 3403 1383 3481 utrum‘imasculus
1415 3399 1512 3467 sit,
1547 3413 1620 3451 an
1654 3391 1887 3448 femina.
1922 3389 2073 3452 Quot

424 3477 712 3573 vis'inter
758 3509 866 3563 has
921 3515 1116 3558 moras
1167 3490 1460 3567 praeterire
1493 3480 1834 3540 momenta?
1919 3477 2071 3530 Pone

429 3568 1355 3663 mathematicumipraeparatum.
1389 3575 1689 3646 Numquid
1732 3572 1924 3646 potest
1956 3568 2072 3637 i‘vir

427 3657 714 3758 interesse
741 3657 1094 3759 puerperioi
1123 3677 1274 3732 Dum
1306 3668 1547 3725 mandat
1573 3662 1877 3729 obstetrix,
1909 3657 2073 3714 audit

425 3747 762 3844 ahﬁaldaaus,
817 3747 982 3846 ponit
1032 3760 1447 3832 horoscopium
1710 3751 1771 3806 in
1829 3747 2070 3846 alterius

426 3875 642 3932 sortem
669 3868 794 3939 jam
819 3837 944 3919 nati
978 3860 1094 3913 fata
1125 3850 1473 3923 migrarunt,
1498 3844 1568 3899 de
1598 3840 1775 3896 altero
1795 3837 2072 3910 quaeritur

423 3965 482 4019 et
510 3934 752 4016 alteri-us
782 3951 1050 4026 genitura
1080 3938 1443 4017 proponitur.
1493 3934 1648 3989 Pone
1696 3944 1894 3983 veram
1943 3941 2070 3981 esse

417 4063 622 4109 eorum
651 4016 988 4118 opinionem
1042 4016 1112 4089 de
1167 4029 1537 4086 nativitatum
1598 4016 2065 4082 necessitatibus,

417 4107 535 4198 non
565 4107 759 4210 potest
785 4147 920 4188 vera
938 4142 1067 4184 esse
1119 4117 1400 4177 collectio.
1468 4114 1689 4168 Puncta
1736 4107 2064 4169 transeunt,

417 4191 836 4302 fugitrtempus
884 4210 1279 4287 irreparabile.
1318 4207 1442 4262 Non
1473 4207 1562 4258 est
1593 4191 2066 4302 ‘dubium‘f‘quod

414 4284 650 4389 tempus
679 4284 745 4370 iri
771 4314 963 4366 atomo
990 4284 1048 4360 et
1076 4304 1136 4357 in
1159 4298 1452 4354 momento
1484 4288 1633 4360 oculi
1667 4287 1763 4342 sit.
1795 4284 2068 4340 Adducor

423 4410 488 4462 ut
507 4375 762 4468 credam,
797 4396 1030 4470 quando
1054 4405 1259 4446 omnes
1288 4386 1362 4464 in,
1392 4387 1604 4444 atomo,
1637 4378 1694 4432 in
1747 4375 2065 4435 momento,

417 4495 477 4549 in
513 4493 632 4546 ictu
654 4465 1276 4545 oculi—resuscitamur,
1326 4478 1391 4526 ut
1446 4466 1758 4540 Apostolus
1781 4465 2064 4534 protesta-

419 4585 518 4636 tur
573 4578 820 4634 dicens:
880 4574 1012 4627 Ecce
1067 4564 1393 4637 mysterium
1447 4559 1596 4614 vobis
1653 4554 1810 4613 dico;

423 4668 642 4742 quidem
675 4674 1058 4730 resurgemus;
1111 4671 1222 4709 non
1277 4664 1458 4707 omnes
1503 4649 1687 4701 autem
1743 4637 2062 4696 immutabi-

419 4777 568 4829 mur,
595 4759 655 4813 in
681 4756 886 4818 atomo,
919 4752 979 4806 in
1006 4745 1276 4803 momento
1299 4740 1445 4796 oculi
1476 4735 1608 4807 (56),
1649 4735 1711 4787 in
1764 4729 2065 4785 novissima

416 4820 578 4906 tuba':
613 4848 769 4901 canet
815 4842 963 4898 enim
991 4837 1141 4898 tuba,
1171 4841 1220 4888 et
1262 4829 1466 4885 mortui
1516 4822 1800 4889 resurgant
1885 4820 2060 4871 incor-

413 4940 588 5011 rupti,
652 4937 702 4991 et
755 4947 854 4987 nos
913 4919 1410 4989 immutabimur(1
1473 4917 1592 4970 Cor.
1647 4926 1740 4978 xv,
1796 4906 1886 4972 51,
1944 4905 2058 4974 52).

415 4997 573 5085 Inter
595 5022 960 5085 effusionem,
976 5009 1494 5081 etsusceptionem,
1520 4997 2063 5071 depositionemque

415 5113 698 5190 pignoris,
731 5112 884 5166 inter
913 5107 1114 5162 fletum
1147 5102 1274 5172 ejus
1303 5101 1358 5151 et
1389 5092 1658 5148 nuntium
1694 5092 1836 5158 quot
1883 5082 2060 5139 atomi

416 5172 810 5261 transierunt!
849 5198 916 5252 Et
944 5196 1051 5249 hoc
1086 5197 1149 5246 ut
1181 5184 1526 5258 simpliciter
1584 5180 1696 5234 ista
1755 5172 2057 5229 texuerim.

486 5329 601 5454 $54)
633 5325 774 5380 Mss.
809 5327 937 5378 octo
970 5335 1082 5373 non
1117 5313 1278 5369 malae
1310 5311 1477 5375 notze,
1511 5302 1723 5374 Quodsi
1777 5316 1885 5354 non
1939 5313 2060 5352 crc-

486 5400 702 5454 :issent.

417 5400 1194 5540 dz¢g£)efd:strumentum'ad
1219 5439 2058 5540 notandamh‘oraumm‘ata‘l‘edrq.

623 5536 752 5592 Edit
784 5539 841 5589 et
872 5511 1239 5610 mssrduog,‘
1251 5529 1308 5581 in
1338 5527 1628 5610 momento,
1661 5519 1723 5571 in
1751 5518 1860 5570 ictu
1891 5511 2054 5610 oculi.

415 5587 528 5668 Alii
581 5587 1134 5680 inagnonconse_n_s_u
1219 5587 1278 5652 in
1316 5603 1536 5680 latonia,
1576 5594 1721 5670 etc.;
1771 5599 1972 5680 grauis,
2007 5587 2057 5680 si

411 5654 1130 5759 etiam.
1162 5669 1334 5724 Deest
1363 5654 1540 5719 etiam
1572 5661 1632 5715 in
1665 5654 1835 5722 mss.,
1895 5654 2062 5709 Cane:

2169 1888 2444 1938 errorem,
2479 1874 2665 1924 totum
2728 1867 3027 1938 negotium
3074 1862 3314 1936 plenum
3371 1866 3460 1918 est
3515 1860 3802 1916 vanitatis.

2170 1963 2568 2032 Disputatores
2651 1972 2851 2012 eorum
2928 1970 3056 2024 quae
3145 1969 3255 2007 sua
3313 1955 3474 2018 sunt,
3523 1949 3804 2014 nesciunt,

2170 2050 2462 2123 quomodo
2505 2047 2695 2102 aliena
2750 2042 3082 2099 noverunt?
3141 2041 3290 2106 Quid
3343 2041 3455 2096 sibi
3514 2037 3809 2106 immineat

2171 2142 2459 2212 ignorant,
2496 2135 2786 2208 quomodo
2813 2135 3064 2204 possunt
3118 2129 3248 2186 aliis
3280 2146 3405 2202 quae
3449 2127 3561 2184 sibi
3620 2127 3808 2181 futura

2173 2234 2332 2292 sunt,
2366 2224 2715 2281 denuntiare
2741 2223 2768 2276 ‘?
2801 2219 3136 2276 Ridiculum
3168 2223 3259 2274 est
3295 2218 3547 2283 credere,
3579 2215 3721 2287 quia
3762 2213 3809 2269 si

2172 2321 2430 2391 possent,
2465 2314 2577 2369 sibi
2614 2312 2812 2384 potius
2841 2309 3229 2382 providerent.

2245 2409 2330 2462 15.
2364 2405 2494 2460 Jam
2526 2402 2670 2456 illud
2701 2415 2880 2472 quam
2910 2399 3196 2470 ineptum,
3241 2399 3308 2451 ut
3363 2394 3413 2451 si
3461 2393 3594 2466 quis
3651 2393 3811 2466 signo

2174 2496 2372 2553 arietis
2398 2497 2592 2549 ortum
2623 2507 2751 2545 esse
2781 2505 2843 2544 se
2875 2488 3050 2554 dicat,
3083 2503 3152 2542 ex
3201 2503 3314 2541 usu
3373 2483 3615 2556 pecudis
3669 2481 3813 2537 aesti-

2174 2591 2368 2641 metur
2393 2577 2912 2654 praastantissimus
2945 2574 3210 2642 consilio,
3247 2573 3400 2646 quod
3434 2573 3492 2628 in
3515 2587 3694 2645 grege
3712 2571 3817 2626 hu-

2165 2671 2429 2744 jusmorli
2465 2669 2718 2722 emineat
2742 2681 2952 2737 pecus:
2987 2667 3088 2718 aut
3109 2660 3475 2733 locupletior,
3537 2675 3608 2714 eo
3669 2658 3818 2730 quod

2173 2763 2449 2817 vestitum
2477 2758 2689 2811 habeat
2718 2755 2867 2810 aries
2899 2752 3252 2818 naturalem,
3283 2756 3340 2805 et
3381 2749 3708 2820 quotannis
3736 2746 3823 2802 lu-

2175 2867 2340 2908 crum
2372 2847 2563 2918 capiat
2593 2842 2941 2908 indumenti,
2976 2857 3164 2911 eoque
3195 2839 3318 2894 viro
3358 2836 3442 2892 illi
3505 2836 3830 2892 familiaria

2176 2941 2480 2994 videantur
2509 2939 2840 3006 quaestuum
2872 2947 3000 2986 esse
3043 2925 3422 3000 compendia!
3459 2924 3750 2982 Similiter
3777 2927 3829 2980 et

2175 3030 2246 3085 de
2272 3025 2424 3082 tauri
2455 3029 2512 3080 et
2540 3025 2610 3078 de
2651 3021 2902 3094 piscium
2960 3017 3148 3089 signis
3207 3018 3713 3088 argumentatur;
3770 3017 3831 3067 ut

2177 3136 2245 3174 ex
2273 3119 2482 3170 natura
2509 3111 2712 3166 vilium
2746 3108 3144 3163 animantium
3175 3104 3300 3159 οωΙί
3360 3108 3583 3174 motus,
3633 3107 3691 3158 et
3753 3100 3827 3157 si-

2179 3220 2428 3280 gnorum
2459 3198 2937 3272 interpretandas
2965 3195 3301 3252 existiment
3331 3196 3682 3264 potestates.
3745 3190 3828 3246 Ci-

2181 3296 2290 3351 bus
2321 3309 2457 3365 ergo
2489 3294 2686 3345 noster
2713 3285 2940 3341 vivendi
2975 3283 3145 3339 nobis
3202 3283 3436 3336 decreta
3499 3278 3830 3344 constituit,

2179 3390 2235 3441 et
2261 3383 2539 3439 alimenta
2569 3381 2771 3433 nostra
2801 3373 2989 3440 nobis,
3015 3372 3073 3426 id
3119 3374 3209 3426 est
3253 3370 3425 3437 aries,
3488 3372 3731 3435 taurus,
3781 3368 3832 3421 et

2180 3472 2376 3546 piscis,
2413 3483 2643 3524 morum
2674 3463 3024 3536 imprimunt
3064 3458 3459 3532 disciplinam.
3516 3454 3826 3520 Quomodo

2179 3563 2357 3635 igitur
2383 3560 2453 3614 de
2484 3555 2624 3612 ccelo
2656 3553 2824 3610 nobis
2855 3567 3063 3607 causas
3090 3565 3305 3616 rerum,
3339 3551 3396 3602 et
3425 3545 3829 3602 substantiam

2177 3653 2306 3710 vitze
2337 3649 2514 3719 hujus
2537 3646 2861 3709 arcessunt,
2894 3656 3028 3696 cum
3073 3637 3216 3711 ipsis
3247 3635 3589 3692 cmlestibus
3650 3633 3830 3706 signis

2179 3756 2357 3797 causa
2403 3741 2598 3792 motus
2641 3733 2733 3788 sui
2783 3747 2851 3786 ex
2883 3727 3268 3801 qualitatibus
3317 3740 3460 3780 escae
3515 3723 3666 3780 vilis
3727 3723 3831 3777 im-

2178 3829 2432 3902 pertiant
2452 3825 2478 3880 ?
2504 3821 2827 3879 Liberalem
2853 3819 3019 3874 aiunt
3043 3816 3211 3889 signo
3240 3817 3443 3870 natum
3483 3812 3719 3880 arietis,
3767 3825 3829 3865 eo

2179 3918 2332 3992 quod
2362 3916 2557 3970 lanam
2589 3927 2760 3966 suam
2791 3907 2940 3964 aries
2971 3923 3088 3962 non
3149 3903 3367 3960 invitus
3419 3901 3718 3973 deponat:
3775 3900 3832 3954 et

2177 4002 2518 4078 hujusmodi
2545 4001 2817 4055 virtutem
2856 3995 2989 4052 vilis
3046 3992 3364 4050 animantis
3425 3989 3671 4046 malunt
3731 4003 3831 4042 na-

2175 4077 2318 4152 turae
2397 4094 2696 4164 deputare,
2758 4103 2937 4159 quam
2981 4083 3142 4150 coalo,
3199 4081 3353 4136 unde
3414 4083 3472 4136 et
3534 4077 3831 4136 serenitas

2178 4185 2346 4242 nobis
2378 4182 2579 4254 fulget,
2619 4182 2674 4233 et
2727 4176 2926 4249 pluvia
2965 4189 3117 4246 saepe
3167 4167 3488 4227 descendit.
3545 4166 3832 4224 Laborio-

2177 4292 2273 4332 sos
2319 4279 2375 4328 et
2419 4270 2705 4343 patientes
2764 4263 3004 4331 servitii,
3039 4277 3188 4333 quos
3240 4260 3556 4314 nascentes
3622 4260 3834 4311 taurus

2176 4361 2480 4436 aspexerit,
2525 4359 2664 4430 quia
2719 4353 2938 4410 animal
2989 4350 3350 4408 laboriosum
3399 4351 3455 4401 et
3513 4349 3836 4401 assuetum

2167 4433 2308 4526 jugo
2339 4453 2671 4522 spontaneae
2705 4442 2971 4502 servituti
3003 4440 3148 4497 colla
3175 4435 3474 4494 submittit
3516 4435 3663 4506 (58).
3701 4433 3835 4487 Per-

1872 4549 2066 4605 Omnes
2095 4561 2142 4625 D
2173 4555 2474 4599 cussorem
2505 4551 2765 4609 quoque,
2796 4533 2964 4603 cujus
3023 4528 3390 4585 nativitatem
3451 4523 3734 4596 scorpius
3777 4519 3836 4574 in

2174 4648 2282 4686 sua
2309 4632 2471 4701 parte
2487 4624 2828 4696 complexus
2857 4621 2953 4686 sit,
2986 4624 3044 4675 et
3092 4614 3328 4672 malitia
3377 4629 3612 4670 venena
3680 4624 3839 4665 revo-

2175 4698 2452 4782 mentem,
2480 4732 2546 4770 eo
2559 4713 2713 4785 quod
2733 4707 2954 4766 animal
2980 4710 3330 4764 venenatum
3358 4701 3633 4765 sit.Quid
3653 4698 3841 4772 igitur

2173 4807 2574 4866 auctoritatem
2605 4799 2834 4857 vivendi
2867 4799 3144 4858 daturum
3175 4799 3231 4849 te
3283 4793 3599 4865 signorum
3661 4787 3838 4844 coele-

2172 4898 2350 4954 stium
2382 4891 2668 4966 dignitate
2702 4887 3036 4961 praetendis,
3066 4888 3125 4941 et
3153 4885 3224 4940 de
3244 4882 3418 4954 nugis
3459 4879 3842 4951 quibusdam

2171 4988 2585 5058 argumentum
2617 4976 2956 5036 assertionis
2981 4972 3272 5032 assumis?
3303 4971 3449 5028 Nam
3489 4969 3547 5025 si
3582 4969 3660 5024 de
3711 4966 3840 5022 ani-

2173 5057 2429 5132 malibus
2461 5072 2773 5142 assumpta:
2803 5064 3146 5138 hujusmodi
3174 5077 3402 5118 morum
3431 5057 3843 5132 proprietates

2172 5165 2294 5221 creti
2326 5163 2581 5220 motibus
2612 5158 3054 5230 imprimuntur,
3087 5158 3141 5210 et
3173 5153 3366 5225 ipsum
3424 5148 3678 5203 videtur
3737 5147 3842 5200 be-

2170 5292 2318 5348 enim
2351 5290 2498 5355 tuba,
2523 5284 2678 5357 quod
2711 5281 2950 5357 in_edi_t.
2978 5277 3254 5357 omnibus
3281 5275 3470 5357 legere
3495 5342 3508 5354 .
3535 5277 3659 5357 est.
3711 5269 3848 5357 H‘am

2170 5367 2364 5418 autem
2393 5341 2568 5414 verba
2593 5373 2660 5412 eo
2692 5353 3064 5414 retinuimus,
3099 5348 3254 5420 quod
3300 5341 3365 5402 in
3385 5342 3714 5420 Scriptura
3748 5341 3847 5396 ha-

2171 5437 2444 5492 beantur.
2481 5445 2585 5483 nec
2616 5427 2886 5480 videatur
2915 5416 3134 5478 sensus
3144 5419 3310 5476 aliter
3331 5416 3660 5472 cohaerere.

2239 5505 2351 5575 (57)
2383 5487 2535 5557 Edit.
2564 5498 2981 5575 omnes,inq_uo
3002 5493 3332 5575 semesimo
3359 5495 3434 5544 tot
3454 5487 3850 5559 sexagesima

2172 5617 2185 5632 .
2237 5567 2255 5631 .’
2296 5617 2308 5629 .
2335 5567 2366 5630 ’.
2415 5615 2427 5629 .
2460 5571 2742 5628 momenta.
2767 5567 3089 5624 consistant.

2243 5623 2366 5723 ζὸὲί
2386 5623 2813 5718 antiquissimi
2854 5653 3000 5698 mss.
3050 5635 3223 5695 Cara.
3279 5633 3336 5689 et
3391 5628 3606 5700 ϐοτὰ,
3664 5633 3724 5690 et
3779 5623 3850 5686 ad
