3932 6212
159 326 242 404 stt
1394 335 1939 406 aaxanuaaon
1981 339 2132 402 LIB.
2175 339 2283 403 1v.

3417 325 3539 409 9ίὸ

159 475 306 533 stillis
340 478 561 531 naturae
605 474 918 548 potestati
970 489 1093 532 esse
1143 475 1498 547 subjectum.
1550 492 1617 530 ex
1666 491 1778 546 qua
1811 473 1861 537 Α
1895 474 2188 541 transivit,
2223 479 2276 530 et
2309 492 2504 531 casses
2557 477 2715 550 rupit
2765 477 3055 546 inﬁrmos,
3101 481 3276 553 atque
3328 479 3536 538 inanes

156 584 328 624 causas
371 564 567 621 vitalis
622 566 1014 630 substantiae,
1063 583 1223 637 quas
1279 564 1620 620 hominibus
1670 565 1780 619 im-

151 657 380 732 pertiret,
432 657 684 728 accepit.
741 656 913 721 Quod
956 656 1003 710 si
1053 656 1161 709 hoc
1221 655 1496 709 abhorret
1534 672 1568 709 a
1623 671 1777 718 vero,

148 747 314 802 multo
368 745 558 817 magis
613 743 772 799 illud
827 744 1160 800 ridiculum.
1218 744 1333 797 veri
1368 760 1468 797 eos
1515 743 1779 797 subsidio

145 835 464 899 destitutos,
515 833 654 888 hinc
713 834 895 888 ﬁdem
943 850 1058 887 suae
1117 831 1532 905 disputationis
1585 848 1781 886 arces-

141 942 274 981 sere.

205 1017 283 1069 16.
318 1012 542 1068 Deinde
589 1011 738 1066 illud
787 1011 1247 1072 consideremus,
1301 1009 1455 1080 quod
1508 1008 1780 1080 planetas

135 1104 226 1160 illa
258 1103 436 1175 signa
466 1100 786 1174 appellant,
818 1115 1068 1170 quorum
1099 1099 1358 1153 motibus
1405 1097 1640 1152 formari
1688 1114 1778 1152 as-

134 1195 328 1250 serunt
350 1193 489 1244 vita:
541 1194 756 1244 nostra:
814 1187 1210 1243 necessitates.
1261 1188 1388 1241 Sive
1451 1187 1649 1258 igitur,
1711 1191 1776 1241 ut

129 1299 339 1338 nomen
399 1284 596 1344 sonat,
656 1293 888 1348 semper
939 1281 1252 1348 vagentur:
1314 1277 1455 1332 sive.
1521 1280 1585 1329 ut
1661 1275 1775 1346 ipsi

131 1373 355 1432 dicunt,
422 1367 584 1439 quod
641 1367 867 1421 concito
925 1371 1087 1419 motu
1143 1365 1425 1426 ferantur,
1476 1369 1530 1418 et
1590 1363 1780 1418 decies

128 1459 344 1516 millies
406 1458 470 1512 in
527 1456 642 1522 die,
703 1461 826 1523 aut,
873 1455 920 1509 si
969 1453 1077 1509 hoc
1132 1452 1472 1508 incredibile
1529 1452 1774 1517 videtur,

126 1546 532 1621 multiplicem
591 1543 842 1616 speciem
902 1543 1170 1597 inumera
1231 1543 1321 1596 sui
1406 1541 1780 1597 conversione

123 1639 532 1700 commutent;
567 1633 682 1688 ﬁde
713 1637 868 1687 caret
896 1632 1050 1703 quod
1082 1637 1202 1686 tam
1231 1645 1378 1702 vago
1421 1630 1515 1684 sui
1565 1647 1777 1700 errore,

117 1732 170 1784 et
229 1732 360 1782 tam
425 1723 602 1779 celeri
662 1727 826 1776 motu
895 1720 1068 1774 ﬁxam
1128 1719 1296 1774 nobis
1345 1724 1518 1790 atque
1575 1719 1779 1773 immo~

116 1817 296 1873 bilem
349 1815 458 1870 τυ
513 1810 745 1865 vivendi
805 1809 1216 1873 substantiam,
1277 1813 1614 1879 sortemque
1680 1808 1856 1907 de-B

116 1906 386 1962 cernant.
426 1900 648 1957 Ferunt
681 1904 876 1953 tamen
910 1914 1024 1952 non
1054 1913 1180 1952 esse
1211 1896 1466 1968 aequales
1505 1897 1770 1951 omnium

114 2000 338 2059 motus,
373 1990 484 2047 sed
519 1988 770 2043 aliorum
811 1985 1136 2051 celeriores,
1187 1985 1437 2040 aliorum
1491 1985 1772 2040 tardiores

113 2101 238 2140 esse
269 2080 603 2142 circuitus;
647 2082 716 2131 ut
763 2077 822 2130 in
864 2076 1067 2130 eadem
1115 2075 1261 2129 hora
1311 2079 1366 2128 et
1420 2073 1655 2129 videant
1712 2090 1773 2128 se

113 2175 460 2244 frequenter
491 2171 549 2221 et
609 2165 942 2236 frequenter
990 2163 1374 2227 abscondant,
1421 2163 1562 2216 dum
1612 2161 1767 2216 aliud

118 2263 185 2317 ab
218 2261 339 2316 alio
370 2255 733 2330 praeteritur.

184 2353 277 2405 i7.
309 2346 502 2403 Aiunt
534 2347 731 2398 autem
771 2341 1090 2413 plurimum
1141 2341 1376 2404 referre,
1423 2343 1624 2394 utrum
1679 2356 1770 2393 or-

117 2445 242 2494 tum
278 2433 552 2509 generati
588 2431 847 2486 beneﬁca
902 2430 1069 2501 signa
1109 2429 1342 2483 videant
1390 2445 1462 2483 an
1511 2427 1775 2482 maleﬁca

126 2534 179 2583 et
230 2524 444 2582 noxia:
504 2526 562 2575 et
617 2520 679 2574 in
737 2535 803 2573 eo
860 2517 1176 2572 nativitatis
1228 2533 1355 2571 esse
1406 2517 1772 2583 distantiam,

125 2616 272 2688 quod
303 2611 560 2669 beneﬁci
604 2607 756 2680 signi
801 2611 1070 2679 aspectus
1121 2605 1443 2677 plurimum
1492 2606 1770 2669 conferat,

129 2702 377 2760 maleﬁci
410 2705 472 2755 et
504 2698 662 2753 noxii
693 2695 1014 2768 plurimum
1062 2698 1285 2749 noceat.
1333 2694 1428 2748 Sic
1476 2693 1630 2748 enim
1680 2709 1774 2747 ea-

135 2795 260 2848 dem
294 2792 473 2862 signa
506 2804 636 2858 qua:
685 2789 1056 2849 venerantur,
1111 2781 1403 2853 appellare
1461 2797 1775 2836 consueve-

133 2886 281 2937 runt.
313 2880 576 2934 Necesse
608 2873 764 2929 enim
802 2871 985 2927 habeo
1024 2888 1224 2926 eorum
1275 2871 1357 2924 uti
1411 2869 1773 2939 nominibus,

135 2986 382 3042 quorum
437 2971 578 3020 utor
636 2961 1081 3026 assertionibus,
1131 2976 1203 3014 ne
1260 2959 1528 3030 ignorata
1588 2959 1776 3029 magis

131 3075 299 3131 quam
331 3053 681 3110 vacuefacta
711 3054 886 3120 atque
937 3050 1230 3104 destructa
1277 3064 1385 3102 sua
1434 3051 1777 3118 argumenta

128 3147 613 3203 commemorent.
669 3139 870 3209 Itaque
917 3153 1052 3191 cum
1099 3136 1268 3191 illum
1313 3151 1548 3207 vagum,
1619 3135 1772 3190 cele-

132 3251 365 3306 remque
397 3235 638 3287 motum
673 3243 787 3281 non
820 3231 1037 3296 queant
1067 3224 1578 3296 comprehendere,
1623 3239 1772 3294 saepe
1804 3205 1846 3270 C

127 3325 188 3380 ﬁt
217 3331 283 3378 ut
311 3339 422 3395 per
453 3318 623 3373 illam
651 3315 854 3388 puncti
884 3318 940 3368 et
968 3314 1246 3369 momenti
1279 3311 1778 3384 incomprehensi-

121 3412 251 3468 bilis
283 3408 693 3467 subtilitatem
726 3406 946 3476 pouant
975 3401 1220 3457 beneﬁci
1252 3401 1406 3472 signi
1449 3405 1775 3472 aspectum,

124 3501 221 3555 ubi
271 3497 477 3572 gravis
534 3499 713 3565 atque
768 3490 1016 3545 nocituri
1071 3490 1334 3544 incurrat
1390 3489 1652 3544 offensio.
1712 3489 1779 3543 Et

122 3590 259 3661 quid
291 3587 527 3642 mirum
571 3582 623 3638 si
655 3581 735 3636 ibi
786 3579 1072 3634 luduntur
1119 3579 1409 3643 homines,
1460 3578 1560 3632 ubi
1609 3577 1780 3649 signa

121 3677 358 3733 innoxia
384 3669 924 3743 blasphemantur?
954 3667 1089 3732 Quae
1124 3667 1173 3722 si
1205 3671 1414 3721 natura
1443 3667 1615 3721 noxia
1650 3683 1778 3721 esse

116 3767 468 3829 creduntur,
506 3760 666 3816 Deus
697 3773 833 3830 ergo
884 3773 1156 3812 summus
1206 3755 1490 3827 arguitur,
1543 3755 1592 3808 si
1643 3755 1780 3809 fecit

117 3855 274 3926 quod
332 3851 571 3908 malum
628 3851 739 3913 est,
792 3849 849 3900 et
905 3845 1017 3900 fuit
1055 3843 1450 3915 improbitatis
1489 3846 1776 3914 operator.

117 3945 172 3999 Si
219 3959 362 3998 vero
414 3957 488 3994 ex
538 3953 648 3993 sua
695 3934 992 3989 voluntate
1038 3937 1325 4004 putantur
1387 3932 1781 4002 assumpsisse

119 4032 270 4102 quod
299 4031 524 4085 noceat
550 4022 886 4078 insontibus
916 4027 971 4076 et
997 4020 1216 4075 nullius
1271 4019 1462 4075 adhuc
1509 4019 1780 4074 facinoris

116 4119 366 4190 pessimi
400 4114 520 4172 sibi
553 4111 828 4177 consciis,
879 4110 1097 4181 quibus
1140 4125 1310 4180 pmna
1357 4107 1631 4162 scribitur
1679 4124 1780 4160 an-

116 4211 362 4278 tequam
396 4201 608 4272 culpa;
643 4199 782 4271 quid
812 4203 933 4253 tam
965 4195 1386 4266 irrationabile,
1418 4195 1573 4267 quod
1605 4195 1781 4250 etiam

117 4289 634 4350 irrationabilium
665 4286 990 4342 bestiarum
1049 4286 1287 4341 excedat
1333 4285 1782 4348 immanitatem,

121 4387 185 4438 ut
215 4399 370 4438 usus
402 4377 637 4435 fraudis
669 4381 770 4431 aut
799 4375 995 4447 gratiae
1039 4391 1154 4429 non
1204 4373 1428 4428 meritis
1475 4371 1785 4427 hominum

124 4471 476 4542 deputetur,
521 4465 624 4521 sed
645 4465 949 4532 signorum
969 4462 1227 4518 motibus
1259 4461 1554 4517 deferatur
1569 4459 1783 4526 ?Nihil,

1891 563 2132 636 laqueos
2162 565 2485 638 dissipavit.
2515 567 2678 622 Talia
2721 575 2858 624 sunt
2911 569 3055 624 retia
3102 570 3526 638 Chaldaeorum,

1889 659 1954 708 ut
1989 656 2047 708 in
2079 655 2169 709 his
2202 656 2420 710 inﬁrmi
2451 657 2727 722 ha‘reant,
2777 658 3086 714 validiores
3140 675 3317 715 sensu
3352 662 3532 715 oﬁen-

1892 743 2114 798 sionem
2147 744 2361 799 habere
2392 763 2506 800 non
2541 748 2786 818 possint.
2837 753 3037 821 Itaque
3080 765 3180 803 vos
3232 749 3335 818 qui
3385 749 3530 804 vali-

1891 831 2080 887 diores
2103 833 2265 894 estis,
2306 851 2440 888 cum
2485 836 2747 891 videritis
2799 837 3267 905 mathematicos,
3321 838 3527 894 dicite:

1890 921 2089 975 Telam
2123 939 2346 976 araneae
2380 929 2705 989 texuerunt,
2757 944 2880 996 qua‘
2930 943 3033 981 nec
3077 942 3253 982 usum
3276 926 3531 999 aliquem

1891 1016 2078 1080 potest
2114 1010 2346 1076 habere,
2382 1029 2484 1066 nec
2525 1013 2778 1076 vincula,
2831 1016 2877 1068 si
2929 1020 2992 1069 tu
3041 1032 3159 1070 non
3207 1017 3374 1088 quasi
3427 1032 3531 1071 cu-

1891 1097 1979 1152 lex
2030 1107 2128 1152 aut
2178 1117 2383 1155 musca
2428 1101 2597 1173 lapsu
2649 1109 2759 1157 ture
2810 1102 3170 1158 idﬁrmitatis
3230 1103 3527 1161 incurras:

1890 1188 1989 1242 sed
2037 1190 2205 1259 quasi
2257 1206 2462 1261 passer
2513 1197 2614 1246 aut
2659 1191 2931 1247 columba
2981 1209 3177 1248 casses
3244 1191 3531 1249 invalidos

1889 1279 2158 1346 praepetis
2189 1279 2418 1334 volatus
2447 1279 2737 1335 celeritate
2768 1280 3072 1336 dissolvas.
3119 1281 3341 1336 Etenim
3397 1281 3531 1352 quis

1888 1367 2264 1437 prudentium
2300 1369 2492 1422 credat
2526 1370 2680 1439 quod
2715 1370 3017 1441 signorum
3051 1375 3269 1436 motus,
3309 1372 3408 1442 qui
3458 1371 3528 1425 ad

1888 1455 2043 1509 diem
2099 1473 2248 1527 serpe
2297 1462 2623 1526 mutantur,
2673 1463 2726 1512 et
2775 1457 3179 1530 multipliciter
3224 1459 3283 1512 in
3332 1473 3392 1513 se
3441 1474 3530 1514 re-

1890 1550 2152 1602 currunt.
2185 1545 2442 1617 insignia
2474 1547 2734 1601 deferant
2769 1546 3162 1618 potestatum?
3190 1545 3335 1601 Nam
3369 1546 3417 1600 si
3448 1547 3531 1602 ita

1887 1639 2063 1696 esset,
2114 1640 2346 1704 quantae
2392 1636 2462 1689 ad
2516 1636 2670 1690 diem
2722 1634 3009 1705 regalium
3058 1634 3378 1690 navitatum
3431 1652 3530 1690 ex-

1888 1723 2281 1794 primerentur
2320 1724 2563 1794 ﬁgurae?
2610 1724 2881 1788 Quotidie
2936 1739 3069 1794 ergo
3121 1739 3285 1794 reges
3325 1739 3528 1779 nasce-

1888 1817 2108 1877 rentur,
2135 1828 2239 1866 nec
2282 1811 2494 1883 regalis
2544 1812 2604 1866 in
2655 1812 2805 1865 ﬁlios
2855 1811 3353 1866 transmitteretur
3396 1828 3529 1867 suc—

1885 1901 2104 1958 cessio:
2157 1902 2256 1956 sed
2311 1918 2545 1973 semper
2609 1918 2676 1956 ex
2745 1902 2973 1956 diverso
3040 1905 3220 1964 statu,
3273 1899 3371 1972 qui
3425 1900 3528 1971 jus

1888 1988 2179 2060 imperiali
2229 1989 2602 2059 acquirerent
2640 1989 2968 2060 potestatis.
3021 1990 3330 2044 orirentur.
3385 1988 3526 2053 Quis

1881 2077 2060 2148 igitur
2098 2094 2344 2148 regnum
2393 2079 2720 2148 genituram
2774 2077 2878 2132 ﬁlii
2928 2077 3020 2132 sui
3073 2075 3313 2149 colligit,
3365 2077 3414 2131 si
3474 2077 3526 2132 ei

1881 2167 2162 2222 debeatur
2189 2167 2527 2239 imperium,
2561 2173 2618 2222 et
2649 2184 2764 2221 non
2809 2166 3042 2238 proprio
3092 2165 3522 2221 successionem

1880 2257 2040 2328 regni
2073 2257 2130 2310 in
2162 2273 2300 2311 suos
2329 2256 2667 2310 transcribit
2714 2255 2991 2311 arbitrio?
3037 2253 3313 2326 Legimus
3363 2258 3517 2309 certe

1881 2346 2035 2417 quod
2084 2345 2217 2399 Aln'a
2268 2348 2456 2415 genuit
2499 2346 2622 2408 Asa,
2657 2348 2708 2399 et
2760 2347 2866 2398 Asa
2909 2345 3099 2413 genuit
3138 2342 3412 2414 Iosophat,
3470 2348 3522 2398 et

1879 2433 2138 2504 Iosophat
2166 2435 2352 2504 genuit
2387 2435 2479 2487 τι
2519 2434 2726 2495 Joram,
2767 2437 2816 2486 et
2864 2434 3049 2487 Joram
3094 2433 3284 2502 genuit
3331 2429 3519 2485 Otium

1883 2522 2090 2593 (Matth.
2143 2540 2185 2587 ι,
2232 2524 2287 2585 7,
2337 2523 2447 2588 8);
2511 2525 2566 2574 et
2631 2519 2855 2592 reliqua
2919 2520 3112 2574 omnis
3182 2533 3372 2589 usque
3447 2513 3530 2573 ad

1883 2611 2276 2682 captivitatem
2311 2627 2413 2681 per
2443 2625 2606 2681 reges
2639 2608 2867 2679 generis
2915 2608 3133 2680 pariter
3179 2612 3236 2662 et
3283 2606 3522 2661 honoris

1883 2701 2056 2756 ducta
2089 2698 2382 2754 successio
2409 2703 2515 2752 est.
2549 2695 2845 2767 Numquid
2895 2695 3034 2767 quia
3079 2711 3244 2767 reges
3291 2695 3526 2749 fuerunt

1884 2789 2069 2860 signis
2103 2787 2437 2842 cmlestibus
2467 2785 2803 2840 formandos
2835 2789 3028 2839 motus
3058 2799 3197 2838 suos
3236 2783 3523 2854 imperare

1883 2877 2250 2950 potuerunt?
2282 2876 2421 2939 Quis
2452 2876 2606 2930 enim
2639 2873 2945 2929 hominum
2980 2876 3170 2944 potest
3205 2871 3420 2927 habere
3461 2871 3523 2924 in

1883 2967 1977 3022 his
2007 2966 2372 3020 dominatum
2391 2966 2420 3018 ?

1956 3054 2043 3108 19.
2091 3053 2306 3108 Deinde
2349 3052 2397 3107 si
2443 3053 2514 3106 ad
2566 3051 2972 3106 necessitatem
3026 3048 3361 3121 genitalem,
3405 3064 3524 3104 non

1885 3143 1956 3197 ad
2008 3143 2275 3198 instituta
2324 3157 2554 3196 morum
2606 3144 2772 3194 actus
2821 3138 3005 3193 nostri
3059 3125 3330 3208 factaque
3378 3130 3524 3191 refe-

1886 3238 2112 3301 rantur,
2144 3248 2248 3285 cur
2276 3230 2432 3300 leges
2461 3227 2767 3300 propositae
2827 3230 2983 3289 sunt,
3009 3227 3148 3296 jura
3176 3223 3352 3279 etiam
3393 3239 3525 3295 pro-

1885 3320 2166 3392 mulgata,
2211 3318 2425 3390 quibus
2475 3322 2575 3370 aut
2621 3332 2792 3386 pcena
2836 3312 3122 3384 improbis
3170 3310 3524 3374 decernitur,

1887 3413 1989 3465 aut
2038 3407 2326 3463 securitas
2380 3405 2640 3459 defertur
2686 3401 2981 3458 innoxiis?
3028 3401 3145 3456 Cur
3189 3415 3304 3454 non
3354 3397 3529 3453 venia

1886 3499 2060 3553 datur
2096 3495 2231 3564 reis,
2287 3510 2421 3550 cum
2471 3494 2700 3564 utique,
2751 3497 2818 3546 ut
2865 3489 2978 3562 ipsi
3026 3488 3209 3556 aiunt,
3257 3503 3372 3543 non
3419 3501 3530 3543 sua

1883 3586 2204 3648 voluntate,
2237 3584 2338 3638 sed
2373 3600 2440 3637 ex
2474 3581 2823 3638 necessitate
2853 3577 3250 3651 deliquerint?
3288 3575 3404 3633 Cur
3449 3575 3531 3632 la-

1884 3678 2051 3731 borat
2081 3673 2354 3746 agricola,
2389 3677 2444 3727 et
2493 3688 2607 3726 non
2660 3671 2850 3742 magis
2895 3671 3190 3741 exspectat
3233 3670 3299 3722 ut
3348 3664 3532 3720 inela-

1887 3765 2121 3819 boratos
2169 3762 2392 3817 fructus
2437 3759 2733 3832 privilegio
2786 3774 2903 3814 suae
2937 3755 3256 3812 nativitatis
3296 3753 3534 3810 invehat

1889 3850 2271 3923 receptaculis
2316 3848 2700 3904 horreorum?
2749 3846 2810 3902 Si
2863 3847 2944 3900 ita
2993 3849 3168 3900 natus
3214 3846 3322 3908 est,
3367 3845 3434 3896 ut
3479 3840 3531 3895 ei

1890 3939 2098 3995 divitia:
2139 3940 2360 4008 absque
2391 3953 2566 4008 opera
2609 3935 2874 3999 afﬂuant,
2920 3933 3123 4004 utique
3171 3929 3530 4001 opperiatur‘,

1890 4036 1955 4085 ut.
1987 4029 2096 4083 sibi
2133 4031 2486 4097 spontaneos
2518 4023 2739 4077 reditus
2771 4022 2896 4077 sine
2933 4020 3052 4076 ullo
3107 4017 3330 4074 semine
3378 4020 3534 4071 terra

1891 4117 2179 4190 parturiat
2209 4113 2320 4182 (59)
2346 4131 2358 4180 ;
2393 4129 2508 4166 non
2539 4126 2831 4166 vomerem
2864 4108 3015 4164 arvis
3043 4105 3365 4178 imprimat,
3414 4119 3531 4159 non

1893 4223 2076 4263 curvae
2109 4214 2348 4258 manum
2384 4200 2514 4256 falci
2565 4200 2893 4263 admoveat,
2941 4211 3058 4251 non
3105 4194 3360 4266 legendis
3405 4192 3532 4247 vin-

1894 4295 2095 4350 demim
2148 4291 2356 4347 subeat
2403 4303 2738 4360 expensam,
2788 4286 2889 4340 sed
2935 4282 3088 4339 ultro
3125 4281 3178 4338 ei
3220 4281 3280 4337 in
3329 4293 3536 4339 omnes

1895 4383 2076 4439 serias
2121 4381 2236 4450 (60)
2283 4379 2418 4434 vina
2482 4377 2804 4432 fundantur
2874 4371 3134 4440 ﬂuentia,
3207 4375 3414 4443 sponte
3484 4370 3536 4425 ei

1897 4471 2090 4527 oleum
2143 4468 2320 4524 nullis
2370 4468 2589 4522 inserta
2641 4461 2984 4519 caudicibus
3043 4458 3330 4516 silvestris
3401 4456 3538 4514 olea;

125 4559 346 4630 inquit,
410 4554 516 4611 ille
575 4552 844 4624 deliquit,
899 4551 1000 4607 sed
1030 4550 1204 4606 noxia
1231 4566 1365 4605 eum
1419 4548 1587 4604 stella
1644 4565 1779 4603 con-

1966 4576 2068 4615 cca
2098 4557 2383 4622 desudet;
2418 4570 2521 4609 nec
2552 4552 2749 4616 diﬁ‘usi
2774 4550 3028 4622 aaquoris
3049 4549 3540 4606 transfretaturus

124 4647 340 4720 spexit.
410 4641 657 4701 Saturni
715 4640 769 4696 ei
825 4641 992 4696 sidus
1061 4638 1346 4696 occurrit:
1426 4637 1630 4693 avertit
1723 4652 1786 4691 se

125 4734 471 4806 paululum,
507 4735 566 4787 et
594 4745 919 4784 arumnam
951 4729 1022 4784 ab
1056 4744 1118 4783 se
1147 4725 1413 4794 abstulit,
1462 4731 1519 4782 et
1567 4725 1786 4780 crimen

127 4823 402 4880 absolvit.

199 4913 291 4967 {8.
322 4910 445 4968 Sed
479 4909 603 4964 haec
635 4922 838 4963 eorum
870 4905 1158 4978 sapientia
1188 4903 1314 4960 telae
1359 4919 1583 4958 araneae
1631 4917 1789 4958 com-

133 5006 399 5071 paratur,
451 4999 516 5053 in
575 5011 755 5068 quam
797 4993 848 5049 si
894 4993 1060 5049 culex
1107 4997 1208 5049 aut
1253 5009 1457 5047 musca
1501 4990 1787 5053 inciderit,

136 5104 346 5144 exuere
405 5103 468 5143 se
536 5101 655 5140 non
705 5087 916 5155 potest:
969 5082 1017 5136 si
1061 5098 1194 5137 vero
1253 5079 1600 5135 validiorum
1668 5079 1790 5133 ani-

139 5177 433 5232 mantium
469 5174 660 5231 ullum
691 5188 882 5245 genus
906 5171 1223 5226 incurrisse
1267 5169 1458 5224 visum
1509 5172 1618 5235 est,
1662 5183 1790 5240 per-

142 5373 462 5429 mulcendum
483 5375 684 5444 iugum
730 5370 1030 5444 spontanea
1067 5367 1333 5444 servitute
1375 5364 1514 5444 colla
1559 5363 1786 5418 submit—

148 5446 224 5498 tit.
283 5449 406 5502 γει.
457 5434 626 5510 θᾉὶῖη
676 5434 824 5496 colla
899 5437 1238 5493 submittens.
1290 5434 1558 5506 Quinque
1619 5451 1786 5499 mss.,

146 5515 430 5662 ‘id‘sa’iéa
457 5583 736 5662 melioris
778 5583 932 5636 ποίεε
975 5595 1114 5662 mss
1165 5577 1436 5662 Pieriae?
1465 5580 1686 5662 “tamet!
1734 5578 1793 5662 et,

145 5647 273 5718 edit.
298 5647 530 5732 omnes,
564 5659 636 5716 Si
665 5657 753 5710 ita
792 5668 874 5707 na
899 5666 967 5705 us
1011 5659 1102 5719 est,
1157 5653 1216 5705 ut
1259 5651 1313 5705 ei
1346 5647 1573 5704 divitiae
1632 5654 1794 5716 atque

1897 4647 2242 4724 periculum,
2305 4643 2552 4717 propriae
2617 4641 2826 4697 salutis
2893 4639 3180 4696 sollicitus
3253 4640 3542 4693 mercator

1896 4740 2211 4801 horrescat,
2245 4734 2338 4790 cui
2370 4732 2555 4788 otioso
2586 4734 2776 4802 potest
2805 4729 3082 4800 quadam,
3101 4732 3166 4782 ut
3186 4725 3543 4792 aiunt,sorte

1897 4824 2135 4900 genitali
2165 4822 2499 4878 divitiarum
2531 4819 2847 4875 thesaurus
2877 4816 3059 4872 illabi.
3102 4815 3212 4870 Sed
3254 4827 3370 4868 non
3418 4811 3541 4900 hinc

1899 4897 1988 4972 est
2016 4913 2420 4970 universorum
2470 4907 2779 4964 sententia.
2831 4905 3090 4974 Denique
3145 4899 3396 4971 impiger
3439 4897 3542 4952 de-

1899 5019 2100 5078 presso
2132 5005 2322 5056 aratro
2353 5002 2570 5054 terram
2617 4995 2790 5050 scidit
2831 4990 3106 5064 agricola,
3153 4988 3349 5043 nudus
3392 4988 3539 5051 arat,

1899 5072 2095 5148 nudus
2126 5089 2288 5150 serit,
2339 5085 2533 5140 nudus
2575 5081 2694 5138 sole
2738 5079 3242 5150 fervente_tostas_
3279 5076 3431 5150 aastu
3480 5072 3544 5126 in

1901 5143 2206 5220 Haterii
2256 5143 2453 5228 fruges
2499 5154 2641 5225 (6t):
2706 5156 2764 5206 et
2837 5147 3161 5220 negotiator
3227 5143 3545 5217 impatiens

1903 5374 2024 5430 apes
2074 5355 2332 5424 afﬂuant,
2383 5353 2444 5403 ut
2492 5347 2598 5430 sibi
2640 5351 2963 5430 spontaneos
3009 5339 3222 5398 reditus
3268 5339 3388 5395 sine
3433 5337 3548 5393 ulla

1903 5418 2118 5485 semina
2134 5418 2297 5493 atque
2325 5435 2480 5492 opere
2501 5422 2660 5493 terra
2681 5418 2977 5493 parturiat.

1983 5479 2093 5565 {60)
2112 5479 2294 5565 Seria,
2327 5479 2428 5546 vas
2460 5479 2773 5565 vinarium,
2806 5479 3371 5565 pb19ngumiﬁ°ti_l°'

1999 5519 2090 5565 Ου)
2114 5519 2294 5557 acria,
2333 5519 2428 5546 πω
2465 5519 2773 5549 Vluuuuux,
2807 5519 3150 5556 υυιυυδυιμ,
3176 5519 3371 5538 υυυιιυ.

1976 5519 2087 5641 ξω)
2118 5566 2224 5621 Ms.
2255 5564 2418 5620 Car.:
2453 5560 2851 5641 tostasnw'sta‘te
2901 5558 2962 5611 in
3015 5568 3152 5611 area
3177 5555 3307 5610 terit
3364 5554 3554 5624 fruge:

1907 5627 2083 5707 Edit.,
2117 5641 2280 5693 tostas
2309 5639 2496 5693 aestate
2524 5631 2738 5700 colligit
2772 5627 2982 5700 fruges.
