3932 6212
414 338 534 417 Si!

1892 342 1958 406 S.
2003 335 2382 407 AMBROSII

3687 347 3797 416 ΜΞ
3838 386 3851 397 -

420 481 700 538 ﬂantibus
736 478 894 537 curis
945 476 1138 535 intuto
1183 476 1525 552 plerumque
1575 476 1803 547 navigio
1864 475 2056 531 sulcat
2093 477 2141 542 Α
2170 477 2288 532 aeri
2315 478 2452 533 huic
2480 477 2789 552 c0pulatur
2818 483 2991 554 atque
3020 478 3321 552 miscetur,
3351 497 3418 540 eo
3466 483 3715 558 amplius
3742 492 3796 545 et

419 588 601 628 mare.
634 571 796 627 Unde
829 569 1328 641 importunitatem
1368 584 1590 629 eorum,
1642 566 2060 620 temeritatem-

423 677 537 734 que
581 661 977 717 condemnans
1028 659 1309 728 propheta
1354 657 1470 710 ait:
1523 655 1808 719 Erubesce,
1860 653 2057 719 Sidon;

421 750 567 806 dixit
593 765 747 804 mare
775 750 902 817 (Isa.
935 764 1093 813 xxm,
1127 748 1205 812 4),
1238 746 1348 800 hoc
1392 749 1498 809 est,
1552 746 1601 798 si
1654 742 1913 815 pericula
1959 758 2063 798 vos

423 855 539 894 non
598 841 847 904 movent,
918 835 1005 889 vel
1055 836 1243 906 pudor
1288 833 1656 904 comprimat,
1712 830 2063 887 verecundia

422 927 753 984 confundat.
792 926 1078 991 Erubesce,
1113 924 1297 991 Sidon,
1351 922 1411 977 in
1457 938 1574 993 qua
1621 920 1820 975 nullus
1859 918 2060 973 virtuti

422 1014 607 1081 locus,
640 1013 801 1069 nulla
830 1012 1038 1069 salutis
1068 1029 1225 1075 cura,
1260 1009 1421 1065 nulla
1443 1011 1721 1079 juventus
1754 1024 1857 1079 pro
1888 1023 2064 1062 excu-

421 1103 535 1159 biis
584 1103 781 1174 patriae
822 1101 974 1157 bello
1023 1100 1240 1164 dedita,
1287 1098 1585 1168 armisque
1634 1096 1903 1161 exercita,
1958 1095 2059 1149 sed

422 1192 616 1248 omnis
647 1190 977 1247 sollicitudo
1010 1189 1079 1244 de
1109 1192 1358 1259 quaestu,
1391 1202 1563 1241 omne
1594 1185 1860 1240 studium
1903 1199 2060 1239 mer-

420 1284 653 1337 caturae.
710 1277 1182 1348 Semen,-inquit,
1227 1278 1593 1353 mercatorum
1665 1274 1809 1327 sicut
1871 1273 2063 1327 messis

419 1370 577 1440 (Ibid.
610 1369 686 1439 3).
730 1370 866 1433 Quae
915 1372 1107 1422 autem
1158 1380 1379 1419 merces
1422 1361 1644 1417 homini
1704 1360 2056 1426 Christiano,

420 1458 471 1515 si
500 1474 617 1513 non
648 1474 716 1512 ex
737 1454 1055 1521 voluntate,
1092 1454 1193 1509 sed
1226 1470 1293 1507 ex
1324 1449 1667 1506 necessitate
1698 1465 1871 1504 curas
1920 1464 2060 1504 suas

416 1549 474 1603 et
500 1561 678 1619 opera
718 1542 1055 1615 componit?
1104 1541 1206 1597 Ubi
1254 1540 1409 1596 enim
1458 1541 1689 1593 decreta
1736 1536 2054 1592 necessitas

419 1636 554 1709 (62),
587 1635 668 1691 ibi
701 1633 1050 1689 inhonorata
1077 1628 1390 1685 industria.

1070 1718 1303 1775 CAPUT
1340 1716 1409 1770 V.

420 1815 808 1874 Luminarium
836 1810 1118 1866 vicinitate
1144 1808 1225 1862 vel
1255 1808 1552 1861 remotione
1597 1820 1810 1859 annuas
1861 1808 2057 1875 tempe-

494 1890 656 1943 states
702 1883 952 1953 deﬁniri:
1009 1878 1149 1953 quod
1205 1877 1437 1953 Christo,
1506 1876 1828 1953 Sgnagogee,
1865 1883 2055 1953 “atque

493 1947 1252 2015 Ecelesiee'accommodatur.
1312 1948 1422 2002 Cur
1462 1949 1669 2001 umbrae
1710 1947 1947 2017 majores
1995 1948 2057 2000 in

495 2030 690 2093 hieme,
721 2029 783 2081 in
809 2029 999 2082 aestate
1026 2023 1298 2093 minores:
1330 2024 1382 2093 et
1411 2019 1674 2093 quaedam
1719 2018 1836 2093 alia
1865 2017 1937 2093 id,
1962 2033 2058 2093 αξ-

490 2117 613 2156 nus.
674 2090 917 2169 Denique
971 2092 1229 2165 quomodo
1277 2090 1464 2146 eadem
1495 2090 1800 2144 luminaria
1829 2090 1941 2143 sint
1996 2090 2057 2143 in

492 2173 629 2228 dies.

490 2260 626 2333 (20.)
656 2256 841 2313 Multa
870 2255 1147 2323 diximus,
1180 2251 1348 2322 plura
1378 2248 1683 2315 nolumus;
1720 2265 1791 2303 ne
1824 2247 1957 2319 quis
1988 2264 2057 2304 ea

419 2367 547 2425 quas
574 2367 608 2406 a
637 2348 804 2405 nobis
830 2347 902 2402 de
942 2345 1178 2399 illorum
1223 2339 1645 2396 assertionibus
1692 2341 2057 2409 usurpentur

418 2441 490 2497 ad
534 2436 938 2503 refellendum,
988 2433 1059 2487 ad
1078 2429 1612 2502 recognoscendum
1638 2431 1945 2498 assumpta
1963 2443 2055 2481 ar-

413 2528 683 2585 bitretur.
715 2526 861 2580 Nam
892 2539 1017 2595 quae
1049 2519 1210 2593 pueri
1247 2519 1507 2584 risimus,
1565 2531 1635 2571 ea
1684 2532 1854 2570 senes
1908 2531 2060 2569 com-

412 2630 738 2673 memorare
769 2611 869 2684 qui
900 2610 1253 2683 possumus?
1282 2606 1445 2660 Nunc
1477 2604 1546 2659 ad
1581 2620 1649 2658 ea
1679 2620 1807 2674 quae
1848 2618 2055 2658 secun-

412 2706 554 2763 dum
585 2703 893 2759 lectionem
921 2698 1259 2770 supersunt,
1295 2693 1621 2765 dirigamus
1652 2690 1894 2762 stylum.

478 2794 569 2849 2i.
601 2793 745 2857 Sint,
776 2787 988 2859 inquit,
1021 2783 1323 2839 luminaria
1366 2782 1427 2834 in
1473 2780 1654 2849 signa,
1702 2786 1757 2833 et
1814 2780 1872 2832 in
1921 2782 2055 2832 tem-

408 2899 567 2957 pora,
600 2881 699 2936 12
729 2881 779 2934 et
810 2878 870 2931 in
900 2876 1036 2940 dies,
1059 2875 1109 2929 et
1132 2874 1190 2925 in
1211 2885 1383 2925 annos
1402 2869 1552 2939 (Gen.
1576 2868 1749 2937 1,14).
1772 2872 1847 2920 De
1870 2866 2055 2938 signis

415 2953 693 3027 diximus.
720 2968 1011 3035 Tempora
1039 2964 1236 3015 autem
1268 2974 1396 3028 qum
1427 2960 1587 3021 sunt,
1619 2955 1732 3010 nisi
1776 2953 2053 3009 mutatio-

415 3075 561 3117 num
604 3056 780 3119 vices,
828 3051 1038 3115 hiems,
1083 3064 1201 3114 ver,
1251 3050 1424 3101 testas
1471 3053 1642 3115 atque
1694 3043 2055 3098 autumnus?

418 3154 481 3209 In
511 3148 642 3206 istis
670 3144 852 3218 igitur
878 3136 1242 3210 temporibus
1272 3138 1373 3189 aut
1416 3133 1666 3188 velocior
1706 3135 1794 3187 est
1840 3131 2051 3186 transi-

2171 566 2366 639 ipsum
2411 584 2602 624 aerem
2646 575 2906 643 vaporat,
2951 576 3008 627 et
3052 576 3342 628 terrarum
3409 573 3658 631 exsiccat
3694 575 3794 632 hu-

2172 673 2415 721 morem,
2476 658 2803 715 adolescere
2846 660 2985 715 facit
3033 661 3280 730 semina,
3313 666 3372 717 et
3416 666 3694 735 tanquam
3741 665 3795 721 in

2173 761 2375 800 succos
2405 746 2599 803 viriles
2633 753 3019 804 maturescere
3077 766 3252 821 poma
3297 750 3598 806 silvarum.
3645 754 3796 809 Tunc

2172 834 2311 904 quia
2339 834 2679 906 ﬂagrantior
2706 842 2814 904 est,
2849 838 3107 894 minores
3137 840 3381 895 umbras
3413 840 3553 895 facit
3574 841 3636 895 in
3693 859 3799 897 me-

2173 922 2420 985 ridiano,
2474 925 2751 995 quoniam
2794 943 2863 981 ex
2911 926 3027 982 alto
3074 927 3231 983 hunc
3278 926 3576 984 illuminat
3619 928 3793 987 locum

2240 1014 2330 1065 22.
2367 1012 2525 1067 Unde
2578 1017 2635 1068 et
2680 1014 2985 1088 Synagoga
3032 1016 3177 1071 dicit
3220 1016 3279 1070 in
3323 1016 3576 1073 Canticis
3625 1020 3797 1074 canti-

2171 1116 2374 1155 corum
2409 1102 2724 1157 :Annuntia
2773 1105 2915 1159 mihi
2978 1120 3138 1175 quem
3199 1105 3398 1160 dilexit
3444 1108 3630 1162 anima
3686 1124 3797 1163 mea

2170 1190 2271 1244 ubi
2294 1192 2493 1260 pascis,
2526 1191 2623 1246 ubi
2661 1208 2849 1248 manes
2896 1194 2957 1248 in
3006 1193 3333 1261 meridiano,
3378 1210 3449 1250 ne
3496 1199 3633 1266 forte
3678 1195 3798 1265 ﬁam

2170 1279 2581 1334 circumamicta
2607 1297 2772 1352 super
2811 1297 2996 1352 greges
3047 1282 3319 1337 sodalium
3368 1291 3588 1338 tuorum
3629 1283 3797 1355 (Cant.

2172 1384 2205 1421 ι.
2241 1368 2317 1437 6),
2378 1367 2487 1423 hoc
2516 1372 2635 1424 est:
2669 1370 2968 1426 Annuntia
2999 1370 3167 1439 mihi,
3201 1370 3454 1436 Christe,
3506 1388 3678 1444 quem
3721 1373 3801 1428 di-

2171 1453 2311 1510 lexit
2345 1456 2544 1512 anima
2592 1474 2740 1513 mea.
2789 1459 2905 1513 Cur
2953 1475 3069 1514 non
3114 1459 3311 1530 potius
3359 1475 3536 1531 quem
3586 1458 3799 1532 diligit?

2170 1544 2281 1599 Sed
2333 1545 2639 1618 Synagoga
2686 1546 2907 1611 dilexit,
2953 1544 3209 1603 Ecclesia
3262 1547 3474 1620 diligit,
3539 1564 3644 1604 nec
3700 1565 3800 1603 un-

2171 1650 2347 1705 quam
2378 1634 2531 1690 circa
2559 1635 2853 1690 Christum
2880 1652 3055 1691 suum
3106 1638 3298 1692 mutat
3341 1637 3635 1693 affectum.
3687 1638 3795 1704 Ubi,

2165 1721 2377 1794 inquit,
2427 1725 2628 1794 pascis,
2649 1723 2746 1778 ubi
2790 1740 2978 1779 manes
3025 1726 3085 1779 in
3136 1724 3465 1781 meridiano.
3526 1725 3702 1798 Sequi
3746 1730 3799 1781 te

2089 1836 2137 1901 Β
2171 1811 2342 1901 cupio
2368 1811 2534 1883 quasi
2565 1811 2829 1879 alumna,
2862 1829 2989 1883 quae
3024 1811 3193 1884 quasi
3227 1812 3499 1885 copulata
3534 1818 3669 1870 ante
3714 1831 3801 1870 re-

2168 1900 2424 1957 tinebam
2457 1901 2592 1972 (64),
2623 1905 2681 1956 et
2708 1916 2913 1973 greges
2954 1906 3089 1956 tuos
3134 1916 3414 1973 quaerere,
3461 1902 3605 1974 quia
3640 1902 3801 1959 amisi

2169 2005 2350 2045 meos.
2399 1989 2461 2045 In
2510 1988 2832 2045 meridiano
2881 1988 3093 2062 pascis,
3139 1990 3249 2045 hoc
3298 1994 3390 2046 est
3435 1991 3497 2046 in
3546 1991 3800 2048 Ecclesiae

2167 2077 2313 2145 loco,
2347 2077 2448 2132 ubi
2469 2078 2704 2149 justitia
2733 2077 3084 2151 resplendet,
3144 2077 3247 2134 ubi
3294 2078 3481 2151 fulget
3518 2079 3799 2151 judicium

2168 2168 2322 2223 sicut
2350 2167 2643 2231 meridies,
2676 2167 2777 2222 ubi
2809 2167 3020 2222 umbra
3049 2184 3164 2223 non
3198 2167 3480 2234 cernitur,
3532 2168 3634 2225 ubi
3682 2184 3799 2224 ma-

2161 2258 2322 2327 jores
2366 2259 2505 2311 sunt
2552 2255 2699 2322 dies,
2746 2255 2901 2327 quod
2949 2254 3034 2311 eis
3080 2254 3175 2311 Sol
3215 2255 3462 2327 justitia:
3527 2261 3799 2328 tanquam

2167 2344 2379 2401 aestivis
2406 2343 2709 2400 mensibus
2739 2344 2964 2399 diutius
2995 2344 3362 2400 immoratur.
3395 2343 3661 2418 Denique
3692 2345 3806 2401 dies

2168 2433 2395 2489 Domini
2446 2449 2561 2488 non
2604 2438 2692 2489 est
2739 2432 2948 2502 brevis,
3000 2434 3101 2488 sed
3145 2449 3430 2506 magnus;
3481 2434 3622 2506 quia
3673 2433 3805 2490 scri-

2166 2526 2333 2593 ptum
2363 2525 2479 2577 est:
2513 2523 2689 2577 Donec
2735 2523 2917 2577 veniat
2974 2520 3087 2577 dies
3129 2521 3350 2576 Domini
3396 2538 3638 2592 magnus
3683 2522 3805 2593 (loel

2167 2628 2227 2677 ιι,
2258 2612 2375 2679 31).
2408 2610 2573 2666 Unde
2601 2614 2660 2666 et
2685 2610 2865 2666 Jacob
2899 2609 3018 2665 ait:
3066 2614 3272 2667 Omnes
3322 2609 3440 2666 dies
3484 2612 3610 2667 vita
3678 2624 3808 2667 mea?

2166 2716 2297 2771 quos
2343 2716 2465 2771 ago,
2517 2700 2698 2755 breves
2747 2703 2799 2754 et
2844 2699 3083 2769 maligni
3130 2699 3287 2769 (Gen.
3348 2715 3526 2768 van,
3576 2699 3652 2771 9).
3715 2698 3807 2753 Est

2167 2788 2323 2844 enim
2358 2786 2615 2859 maligna
2644 2786 2744 2841 lux
2772 2786 2970 2842 dubia.
3004 2787 3154 2858 Ergo
3184 2786 3309 2841 dies
3364 2787 3574 2843 breves
3621 2786 3804 2842 dubia:

2167 2877 2317 2933 lucis
2347 2881 2506 2943 sunt,
2539 2880 2596 2931 et
2642 2875 2945 2931 umbrosi:
2996 2876 3122 2930 dies
3171 2874 3371 2947 magni
3419 2875 3553 2930 sine
3606 2875 3807 2931 umbra

2166 2968 2324 3032 sunt,
2358 2969 2424 3020 ut
2453 2963 2773 3036 plurimiin
2818 2962 3116 3034 aliquibus
3163 2962 3307 3018 locis
3357 2962 3805 3020 ferventioribus

2164 3071 2298 3119 usu,
2323 3052 2703 3125 exemploque
2733 3055 3148 3123 cognoverunt.
3181 3051 3493 3124 Synagoga
3521 3052 3718 3124 itaque
3748 3051 3802 3106 in

2164 3143 2373 3199 diebus
2401 3141 2675 3197 brevibus
2703 3145 2761 3196 et
2790 3140 3083 3213 malignis,
3118 3140 3288 3211 cujus
3319 3144 3528 3212 typum
3554 3140 3802 3213 plerum-

406 3196 835 3303 t‘u-sus'olisvfa‘ut
878 3196 1116 3283 tardior.
1164 3224 1292 3278 Alia
1338 3222 1493 3277 enim
1548 3219 1905 3293 praestringit
1954 3236 2045 3274 ra-
2082 3196 2125 3262 (ἶ
2162 3196 2287 3304 (inve?
2314 3196 2507 3286 nasot}
2559 3230 2619 3284 in
2665 3246 2913 3301 persona
2932 3196 3402 3300 usualexprimiut:
3464 3196 3573 3285 vel‘
3610 3228 3803 3302 pOpuli

408 3329 523 3387 diis
561 3326 708 3389 suis,
758 3319 875 3376 alia
921 3316 1251 3371 inflammat
1297 3310 1609 3366 caloribus.
1662 3310 1862 3379 Itaque
1913 3324 2048 3363 cum

406 3419 495 3477 sol
528 3408 869 3472 meridianis
906 3403 1169 3476 partibus
1218 3400 1587 3463 immoratur,
1633 3395 1823 3452 hiems
1872 3395 2043 3451 nobis

404 3510 496 3563 est
524 3503 657 3577 (63).
688 3498 837 3555 Nam
867 3509 1000 3548 cum
1032 3489 1119 3546 sol
1168 3486 1400 3560 longius
1446 3487 1630 3577 abest,
1667 3489 1836 3577 terra
1889 3484 2041 3577 rige-

404 3572 716 3663 scit'gelu,
766 3581 1074 3653 stringitur
1119 3577 1354 3648 frigore,
1402 3579 1461 3629 et
1511 3572 1787 3663 plurima
1855 3572 2043 3628 noctis

401 3661 615 3738 umbra
640 3681 827 3731 terras
857 3668 1064 3741 operit,
1094 3670 1159 3721 ut
1187 3664 1373 3719 multo
1405 3661 1714 3734 prolixiora
1768 3661 1887 3716 sint
1935 3679 2037 3717 no-

401 3768 511 3825 ctis
542 3763 732 3838 spatia
768 3775 947 3831 quam
994 3755 1126 3811 diei.
1173 3753 1320 3808 Hinc
1357 3750 1539 3806 oritur
1587 3766 1783 3816 causa,
1835 3754 1901 3805 ut
1946 3750 2035 3805 hi-

395 3837 595 3915 bernis
643 3850 879 3907 ﬂatibus
926 3844 1110 3901 nimia
1156 3842 1244 3896 vis
1292 3839 1534 3904 nivium,
1586 3837 2035 3910 pluviarumque

394 3945 696 4003 fundatur.
728 3939 872 3993 Cum
903 3950 1036 3990 vero
1068 3949 1137 3986 ex
1178 3927 1516 3985 meridianis
1561 3927 1847 3983 decedens
1894 3944 2027 3999 par-

394 4035 554 4092 tibus
584 4045 763 4102 supra
784 4031 1002 4082 terram
1033 4020 1200 4087 redit,
1253 4017 1439 4073 noctis
1488 4033 1553 4071 ac
1603 4016 1716 4071 diei
1768 4020 2034 4087 exaequat

391 4127 682 4193 tempora:
716 4119 774 4171 et
802 4130 915 4186 quo
948 4111 1134 4183 magis
1167 4123 1362 4163 moras
1406 4104 1531 4160 suis
1579 4105 1852 4177 abjungit
1899 4121 2031 4159 cur-

391 4212 653 4278 sibus,eo
687 4202 971 4279 paulatim
1003 4197 1340 4270 temperiem
1370 4194 1519 4249 aeris
1550 4193 1730 4264 hujus
1778 4193 2025 4259 reducit,

390 4303 450 4357 et
474 4299 706 4355 revocat
725 4306 1004 4349 aurarum
1024 4284 1419 4348 clementiam,
1437 4299 1561 4353 qua:
1586 4282 1783 4336 fovens
1804 4281 2025 4349 omnia,

387 4386 732 4458 repetendos
755 4381 908 4451 cogit
935 4379 996 4432 in
1028 4379 1251 4448 partus,
1304 4376 1367 4426 ut
1396 4377 1551 4426 terra
1604 4370 1908 4443 germinet,
1957 4386 2023 4424 ac

387 4473 645 4532 resoluta
696 4467 875 4525 sulcis
923 4464 1147 4521 semina
1194 4459 1559 4529 reviviscent,
1608 4458 1897 4513 virescant
1936 4474 2021 4512 ar-

2160 3322 2289 3392 ejus
2333 3320 2544 3375 umbra
2598 3318 2851 3374 habebat
2899 3316 3240 3390 plurimam,
3291 3332 3419 3388 qua:
3478 3316 3671 3373 solem
3709 3317 3803 3388 ju-

2157 3409 2328 3465 stitia:
2361 3425 2476 3463 non
2507 3407 2761 3473 videbat,
2794 3410 2851 3462 et
2892 3406 3125 3462 videbat
3171 3404 3338 3460 illum
3384 3421 3508 3460 non
3568 3421 3637 3461 ex
3694 3404 3801 3459 alto

2156 3514 2333 3570 super
2361 3501 2537 3569 caput
2584 3512 2781 3559 suum,
2830 3495 2931 3551 sed
2976 3511 3044 3549 ex
3087 3493 3409 3549 meridiano
3458 3493 3800 3550 illuminan—

2152 3591 2294 3655 tem,
2325 3586 2559 3658 quando
2590 3584 2673 3640 illi
2708 3584 2900 3640 hiems
2957 3588 3099 3640 erat.
3153 3581 3423 3639 Ecclesia:
3474 3587 3677 3638 autem
3724 3581 3799 3636 di-

2158 3676 2342 3731 citur:
2396 3677 2578 3731 Hiems
2624 3675 2787 3739 abiit,
2835 3673 3083 3728 discessit
3124 3672 3253 3739 sibi,
3303 3671 3472 3741 ﬂores
3537 3672 3640 3729 τι
3698 3670 3798 3725 visi

2147 3769 2277 3820 sunt
2304 3766 2365 3819 in
2385 3768 2559 3831 terra,
2593 3770 2801 3833 tempus
2836 3763 3028 3818 messis
3060 3759 3279 3816 advenit
3328 3758 3545 3831 (σηπίη
3599 3777 3663 3825 n,
3712 3757 3793 3821 ll,

2145 3853 2256 3921 42).
2281 3855 2430 3908 Ante
2459 3852 2772 3908 adventum
2803 3849 3017 3906 Christi
3047 3849 3238 3904 hiems
3250 3851 3393 3913 erat,
3416 3852 3566 3921 post
3593 3847 3794 3903 adven-

2143 3947 2271 3996 tum
2301 3940 2513 3995 Christi
2562 3940 2732 3995 flores
2786 3942 2925 3994 sunt
2978 3936 3152 4002 veris,
3181 3940 3238 3991 et
3289 3936 3513 3992 messis
3556 3934 3789 3992 aestatis.

2143 4029 2225 4084 Ex
2254 4028 2578 4084 meridiano
2607 4043 2743 4099 ergo
2774 4030 2830 4081 et
2849 4043 2917 4081 ex
2937 4025 3207 4097 gentium
3225 4025 3612 4079 conversione
3629 4021 3788 4078 illum

2140 4116 2568 4172 illuminantcm
2598 4115 2801 4169 videns
2831 4114 3237 4169 obumbratur.
3282 4111 3548 4183 Populus
3599 4116 3790 4167 autem

2138 4204 2402 4278 gentium
2452 4204 2551 4275 qui
2593 4206 2718 4258 erat
2765 4200 3127 4257 confusionis
3182 4199 3321 4270 (65),
3382 4198 3644 4272 gentiles
3693 4197 3786 4268 qui

2137 4294 2421 4350 sedebant
2466 4293 2522 4347 in
2570 4290 2851 4359 tenebris,
2906 4290 3096 4345 lucem
3134 4287 3408 4344 viderunt
3486 4302 3786 4361 magnam,

2136 4382 2234 4454 qui
2269 4381 2549 4438 sedebant
2576 4380 2637 4433 in
2669 4379 2902 4451 regione
2954 4378 3176 4433 umbra:
3227 4376 3463 4442 mortis,
3516 4373 3621 4431 lux
3669 4378 3789 4431 orta

2133 4476 2222 4526 est
2250 4468 2387 4525 illis.
2422 4469 2632 4540 Magna
2661 4466 2759 4521 lux
2789 4464 3139 4531 Divinitatis,
3172 4480 3351 4536 quam
3385 4462 3562 4519 nulla
3581 4462 3790 4519 umbra

386 4563 579 4628 bores.
644 4558 715 4613 ad
796 4552 1242 4627 perpetuitatem
1327 4564 1563 4619 (Ιυοίίυθ
1637 4545 2019 4602 conservandi
2052 4557 2100 4622 D
2131 4558 2337 4614 mortis
2368 4556 2699 4629 interpolat.
2736 4555 2986 4627 Ideoque
3014 4570 3085 4609 ex
3116 4552 3233 4608 alto
3264 4551 3603 4619 illuminat,
3653 4550 3789 4622 quia

380 4647 613 4723 generis
642 4660 844 4701 eorum
901 4658 1025 4712 quae
1055 4638 1141 4694 vcl
1192 4639 1251 4692 in
1297 4635 1467 4692 terris
1510 4640 1668 4701 sunt,
1713 4634 1799 4688 vel
1848 4634 2019 4706 aquis

2175 4646 2323 4702 thoc
2349 4646 2631 4717 scriptum
2675 4647 2786 4710 est,
2831 4642 3058 4699 dicente
3099 4640 3415 4697 Zacharia:
3471 4644 3545 4697 In
3591 4639 3785 4713 quibus

378 4736 658 4812 gaudent,
688 4732 859 4789 annis
890 4731 1102 4786 fetibus
1153 4726 1445 4783 successio
1497 4727 1866 4812 propagetur.
1910 4724 2016 4777 Ast

2175 4736 2370 4791 fsitavit
2398 4751 2494 4790 nos
2544 4733 2734 4789 Oriens
2778 4749 2847 4789 ea:
2886 4733 3029 4801 alto;
3082 4732 3411 4786 illuminare
3456 4731 3533 4785 iis
3582 4730 3683 4801 qui
3728 4728 3784 4781 in

375 4825 477 4883 ubi
523 4825 595 4880 ad
626 4822 856 4878 aestivas
898 4817 1303 4875 conversiones
1342 4814 1401 4867 in
1424 4811 1889 4883 Septentrionem
1953 4826 2016 4866 se
2125 4825 2354 4881 tenebris
2382 4826 2431 4878 ει
2461 4825 2523 4879 in
2546 4822 2741 4877 umbra
2771 4822 2961 4877 mam-3
3002 4819 3187 4876 sedem
3242 4820 3397 4888 (Luc.
3458 4836 3503 4887 Ι,
3549 4819 3624 4871 78
3678 4814 3780 4885 χρ).

373 4913 645 4986 subrigit,
707 4911 896 4983 spatia
949 4908 1161 4964 diurna
1240 4901 1528 4977 producit,
1602 4903 1800 4953 noctes
1878 4915 2012 4954 vero

2175 4917 2223 4967 st
2248 4929 2390 4968 sane
2418 4917 2473 4967 et
2514 4909 2713 4981 aliqua
2760 4910 2970 4966 salutis
3015 4908 3228 4964 umbra
3275 4923 3393 4962 non
3430 4906 3675 4972 mortis,
3723 4906 3784 4957 ut

374 5006 563 5061 arctat
591 5005 650 5058 et
679 4998 972 5069 astringit.
1018 4996 1221 5065 Itaque
1268 5006 1383 5062 quo
1407 4987 1595 5060 magis
1625 5003 1734 5042 usu
1776 4986 2011 5042 assiduo
2122 5006 2212 5057 εει
2257 5000 2385 5056 illa;
2435 5000 2546 5056 sub
2592 5000 2792 5054 umbra
2840 4999 3059 5054 αιαηιηι
3107 5000 3330 5051 tuarum
3392 5003 3635 5067 ρνοιερε
3698 5005 3784 5046 me

442 5225 556 5297 (62)
586 5222 853 5293 Quinque
881 5219 1052 5289 ιηδεῖ
1055 5222 1112 5272 et
1135 5214 1351 5271 omnes
1371 5212 1531 5278 edit.,
1581 5211 1788 5267 directa
1830 5226 2009 5265 neces-
2117 5208 2437 5297 reti‘nequ.
2472 5205 2654 5297 Unus;
2686 5218 2898 5297 quaex"
2928 5203 3211 5297 retinergt.

366 5267 555 5352 mari
590 5267 852 5293 ἐ’-”Ὗη
881 5267 1109 5289 “““””
1292 5267 1295 5268 ⁷
1322 5267 1331 5269 ‘
1519 5267 1530 5278 '
2188 5280 2301 5349 (65)
2337 5279 2415 5352 Its
2446 5293 2603 5352 mss._
2626 5267 2741 5352 fere
2772 5274 2844 5328 ad
2872 5290 3079 5352 unum.
3128 5277 3267 5352 Ben-
3297 5276 3512 5352 “£11,189
3535 5267 3777 5352 ,Ἀφθίῑ

436 5338 547 5437 ἰδέ)
578 5362 772 5429 Carn.,
804 5363 940 5417 Ben.
974 5363 1031 5415 et
1056 5357 1154 5413 alii
1188 5352 1476 5420 nonnulli,
1508 5352 1620 5408 dies
1645 5353 1835 5424 procul
1850 5352 2005 5407 nobis
2238 5338 2356 5406 erat
2372 5350 2446 5429 .in
2470 5348 2799 5427 confusione.
2820 5345 3037 5415 gentili,
3067 5346 3165 5416 qui
3191 5352 3243 5425 et
3260 5340 3490 5424 sedebat
3520 5343 3582 5396 in
3636 5346 3779 5419 tene;

436 5444 441 5462 ’
2149 5438 2247 5476 ris.
2282 5420 2433 5475 Edit.
2486 5435 2640 5477 vero.
2700 5433 2798 5477 aut
2852 5419 2968 5471 erat
3025 5417 3366 5477 confusionis
3427 5427 3500 5469 ac
3559 5408 3781 5477 gentilis

2114 5417 2247 5477 bris.
2282 5420 2433 5475 Edit.
2486 5435 2640 5482 vero,
2700 5418 2799 5489 qui
2852 5419 2968 5471 erat
3025 5417 3366 5486 confusionis
3427 5427 3500 5469 ac
3559 5417 3775 5480 gentili:

2112 5493 2391 5547 omittunt
2420 5490 2689 5563 quaedam
2743 5488 2925 5543 Paris.
2970 5503 3034 5542 ac
3078 5485 3322 5557 gentilis)
3372 5486 3479 5555 qui
3538 5482 3775 5544 sedebat,

362 5444 546 5630 “3.24)
574 5502 703 5557 Vat.
737 5503 876 5557 edit.
917 5517 1050 5554 cum
1079 5498 1277 5569 paucis
1305 5512 1495 5576 .mss.,
1543 5509 1668 5566 qur
1715 5492 1868 5565 quasi
1913 5507 2001 5546 co-
2112 5444 2220 5547 didi

354 5592 435 5647 pu
494 5582 554 5647 ta_
612 5572 1116 5647 anle__rctinebar.
1216 5567 1386 5647 Ed1t._
1460 5566 1653 5647 Rom.,
1746 5580 1997 5635 quem“,
2110 5568 2220 5619 etc.

494 5565 549 5629 td
612 5577 740 5629 ante
823 5565 1116 5626 retinebar.
1216 5565 1386 5643 Edit._
1460 5566 1653 5643 Rom_.,
1746 5580 1997 5635 quem“,

356 5636 676 5703 retinebam.
749 5643 890 5699 Mss.
967 5645 1096 5697 octo
1162 5636 1423 5692 melioris
1516 5640 1685 5704 notes,
1779 5648 1994 5706 qua...
