3932 6212
171 372 278 441 213

1466 363 2006 433 HEXAEMERON
2049 362 2197 429 LIB.
2241 362 2350 429 IV.

3468 360 3589 430 2M

177 509 335 585 (Psal.
363 525 483 578 m,
514 506 597 582 8).
629 505 862 567 Umbra
891 505 1149 582 quidem,
1182 503 1320 579 quia
1369 504 1627 577 corporis
1684 506 1773 559 est
1806 519 1818 558 :
1848 502 1904 568 Α
1934 499 2026 558 sui
2057 498 2333 574 sumpsit,
2368 494 2634 555 recurrit.
2666 494 2875 555 Annua
2917 495 3100 556 fertur
3153 494 3206 556 ei
3235 495 3415 557 totius
3447 514 3582 572 spa-

178 601 402 669 umbra,
436 598 577 670 quia
609 598 832 671 crucis,
865 598 965 655 sed
996 597 1207 653 umbra
1263 593 1474 651 salutis
1506 611 1520 657 ;
1580 593 1720 665 quia
1764 592 1825 648 in

173 707 238 748 ea
265 694 393 746 erat
421 692 803 762 peccatorum
853 686 1120 743 remissio
1150 685 1284 757 (66),
1316 688 1373 739 et
1424 680 1825 739 rescuscitatio

171 784 545 837 mortuorum
557 820 571 832 .
762 788 783 798 κ

237 878 335 933 23.
366 874 722 947 Exemplum
779 890 916 946 ergo
974 888 1291 946 possumus
1321 870 1627 942 accipere:
1689 868 1828 940 quia

166 965 461 1024 hiemales
491 964 618 1021 dies
644 964 871 1030 breves,
896 966 992 1018 sed
1029 961 1272 1017 umbras
1302 960 1556 1030 majores
1575 958 1822 1013 habent:

164 1055 355 1111 astivi
391 1036 521 1109 dies
551 1052 827 1123 majores,
852 1050 954 1106 sed
984 1050 1223 1104 umbras
1270 1048 1526 1103 minores
1583 1046 1823 1103 habent.

163 1144 365 1202 Medio
398 1157 635 1214 quoque
668 1140 761 1195 die
791 1138 983 1194 minor
1009 1138 1240 1204 umbra,
1275 1153 1454 1209 quam
1478 1135 1565 1191 vel
1590 1135 1645 1189 in
1664 1134 1825 1207 prin-

162 1232 325 1306 cipio
346 1236 442 1288 est
473 1228 590 1285 diei
618 1228 709 1285 vel
740 1228 855 1284 ﬁne
887 1246 901 1283 :
952 1234 1006 1283 et
1054 1227 1165 1282 hoc
1205 1226 1360 1298 apud
1394 1242 1501 1281 nos
1560 1224 1620 1279 in
1653 1227 1822 1296 parte

164 1319 524 1378 occidentis.
557 1319 838 1375 Caeterum
872 1319 1009 1372 sunt
1039 1315 1138 1388 qui
1169 1331 1275 1388 per
1304 1315 1453 1370 duos
1483 1314 1597 1385 (67)
1644 1311 1827 1367 totius

167 1409 320 1466 anni
350 1408 484 1463 dies
513 1407 642 1462 sine
673 1405 883 1461 umbra
912 1403 1129 1460 fuerint
1161 1403 1222 1458 in
1253 1403 1520 1475 partibus
1554 1400 1825 1456 meridia-

159 1499 286 1565 nis,
318 1514 387 1553 eo
410 1495 569 1567 quod
602 1494 884 1550 habentes
915 1508 1091 1565 super
1116 1492 1390 1548 verticem
1414 1507 1589 1547 suum
1619 1488 1825 1556 solem,

159 1586 447 1658 undique
478 1601 582 1657 per
636 1582 948 1639 circuitum
992 1580 1417 1647 illuminentur,
1487 1579 1642 1635 unde
1671 1578 1831 1626 ἄσκιοι

155 1676 460 1732 dicuntur
488 1673 698 1730 Graece.
732 1670 1003 1742 Plerique
1031 1668 1207 1726 etiam
1266 1670 1465 1724 ferunt
1514 1666 1600 1724 sic
1655 1683 1686 1723 e
1737 1682 1826 1721 re-

150 1763 346 1837 gioue
374 1778 449 1819 ex
477 1760 593 1817 alto
626 1759 751 1815 ﬁeri
783 1758 991 1826 solem,
1016 1761 1082 1814 ut
1109 1773 1213 1830 per
1241 1760 1494 1830 angusta
1512 1760 1827 1829 puteorum

1934 591 2001 647 tii
2033 607 2161 647 esse
2192 589 2537 664 perfunctio.

2561 678 2796 734 CAPUT
2852 678 2946 734 VI.

1936 769 2077 825 Solis
2104 785 2169 823 ac
2197 769 2341 823 luna:
2370 766 2687 838 magnitudo
2718 767 2849 822 hinc
2876 768 3157 837 probatur,
3210 765 3350 838 quod
3400 768 3585 821 omni-

2008 841 2105 895 bus
2127 840 2313 895 eadem
2342 841 2621 909 appareat.
2652 839 2899 893 Solvitur
2926 839 3151 909 objectio
3207 846 3258 892 et
3286 837 3351 893 de
3405 853 3582 893 remo-

2004 915 2185 966 torum
2236 918 2454 980 aspectu
2509 909 2737 980 pulchre
2783 909 3098 979 disputatur
3128 926 3146 962 :
3199 917 3317 963 tum
3375 911 3584 963 asserta

2004 984 2133 1038 solis
2156 982 2551 1052 magnitudine,
2574 981 2830 1037 nonnihil
2870 981 2938 1035 de
2967 988 3388 1052 temperamento
3432 981 3577 1048 eius-

2005 1053 2125 1109 dem
2156 1052 2437 1124 adjicitur.

2005 1143 2095 1197 25.
2128 1140 2281 1197 Fecit
2309 1157 2448 1213 ergo
2478 1139 2633 1195 Deus
2662 1139 2785 1195 haec
2814 1141 2931 1195 duo
2973 1138 3289 1195 luminaria
3346 1155 3577 1212 magna.

1932 1231 2255 1286 Possumus
2286 1231 2546 1301 accipere
2575 1245 2690 1284 non
2717 1232 2838 1284 tam
2870 1228 3117 1284 aliorum
3140 1228 3575 1300 comparatione

1936 1335 2170 1392 magna,
2194 1335 2373 1390 quam
2400 1334 2507 1373 suo
2539 1332 2803 1383 munere,
2835 1321 2899 1372 ut
2927 1321 3017 1373 est
3040 1316 3249 1372 cmlum
3273 1334 3578 1391 magnum,

1936 1412 1993 1463 et
2023 1424 2182 1464 mare
2204 1423 2507 1479 magnum.
2538 1405 2685 1460 Nam
2716 1409 2773 1461 et
2820 1422 3073 1478 magnus
3121 1405 3229 1475 sol,
3263 1406 3364 1478 qui
3418 1423 3576 1463 com-

1936 1496 2054 1569 plet
2135 1496 2335 1552 orbem
2390 1498 2677 1551 terrarum
2735 1511 2842 1550 suo
2890 1494 3100 1562 calore,
3133 1493 3220 1550 vel
3281 1493 3422 1550 luna
3474 1512 3581 1551 suo

1935 1584 2179 1652 lumine,
2205 1600 2308 1639 nec
2331 1582 2521 1639 solum
2553 1587 2759 1651 terras,
2806 1583 2907 1639 sed
2938 1582 3114 1638 etiam
3165 1598 3359 1639 aerem
3424 1582 3582 1639 hunc

1937 1677 1994 1729 et
2049 1689 2229 1739 mare,
2291 1671 2538 1744 coelique
2592 1671 2820 1727 faciem.
2899 1673 3034 1738 Quae
3080 1670 3140 1726 in
3226 1687 3583 1744 quacunque

1938 1766 2101 1835 parte
2168 1762 2386 1817 fuerint
2431 1760 2582 1829 coeli,
2644 1759 2981 1815 illuminant
3038 1759 3256 1825 omnia,
3313 1763 3370 1816 et
3417 1778 3583 1834 asque

155 1867 396 1924 aquam
428 1867 559 1922 quae
605 1849 666 1905 in
726 1847 1013 1920 profundo
1071 1851 1179 1915 est,
1206 1846 1462 1901 viderint
1516 1844 1826 1935 refulgere.
1856 1869 1907 1935 Β
1938 1854 2276 1925 spectantur
2306 1867 2340 1907 a
2368 1850 2594 1906 cunctis
2627 1868 2641 1918 ;
2674 1852 2739 1904 ut
2768 1867 2835 1904 ea
2867 1852 3147 1920 tauquam
3169 1850 3294 1904 suis
3348 1851 3581 1906 tantum

154 1941 319 1998 Esse
365 1943 566 1995 autem
622 1936 899 1993 dicuntur
928 1935 989 1991 in
1046 1934 1369 1991 meridiano
1426 1934 1529 2006 qui
1575 1932 1827 1997 ἀμφίσιιιοι

153 2033 491 2095 vocantur,
567 2043 633 2082 eo
681 2026 839 2097 quod
893 2025 1165 2081 umbram
1219 2040 1288 2079 ex
1343 2027 1594 2095 utroque
1647 2022 1829 2077 latere

153 2117 605 2174 transmittant.
641 2114 862 2170 Umbra
881 2112 1036 2169 enim
1061 2129 1092 2168 e
1112 2110 1351 2185 regione
1367 2110 1509 2168 solis
1527 2109 1828 2166 ambulan-

154 2205 340 2262 tibus
370 2207 503 2276 post
534 2207 764 2275 tergum
796 2206 885 2258 est
916 2218 929 2256 :
955 2205 1019 2256 ut
1055 2204 1195 2272 puta
1226 2200 1275 2255 si
1312 2204 1518 2256 contra
1544 2199 1827 2255 orientem

156 2310 414 2367 pergas,
471 2290 778 2346 matutinis
821 2289 1027 2357 horis;
1080 2289 1129 2345 si
1183 2294 1388 2345 contra
1441 2287 1829 2344 meridianam

156 2381 415 2454 plagam
438 2379 778 2445 contendas,
811 2378 1000 2435 medio
1031 2378 1123 2434 die
1155 2396 1170 2446 ;
1224 2379 1270 2434 si
1303 2381 1504 2433 contra
1562 2377 1829 2432 occiden-

160 2474 324 2536 tem,
354 2469 417 2524 in
454 2485 664 2525 occasu
696 2467 832 2522 diei.
886 2466 964 2522 Ex
992 2467 1182 2523 tribus
1209 2466 1391 2539 igitur
1446 2466 1715 2538 partibus
1768 2464 1834 2518 ﬁt

162 2559 281 2615 tibi
350 2557 440 2614 sol
498 2556 726 2624 obvius,
784 2573 854 2612 ex
937 2555 1177 2621 oriente,
1231 2572 1299 2611 ex
1356 2553 1704 2620 meridiano,
1764 2569 1832 2609 ex

165 2648 506 2704 occidente.
539 2646 705 2701 Mane
735 2650 791 2701 et
823 2661 953 2700 sero
983 2650 1116 2717 post
1155 2648 1384 2717 tergum
1419 2648 1528 2711 est,
1590 2641 1832 2698 meridie

170 2752 423 2809 quoque
453 2753 489 2790 a
510 2734 691 2790 latere
724 2752 738 2802 ;
772 2738 832 2789 at
854 2750 983 2789 vero
1019 2750 1053 2789 a
1081 2732 1479 2805 septentrione
1527 2747 1831 2803 nunquam

171 2830 270 2881 est
303 2823 419 2892 sol,
445 2828 504 2878 et
530 2823 660 2878 ideo
691 2822 904 2878 umbra
934 2822 1044 2893 (68)
1066 2822 1116 2877 si
1143 2825 1343 2877 contra
1378 2820 1832 2892 septentrionem

172 2913 433 2985 dirigas,
470 2910 592 2966 sive
620 2925 819 2977 mane,
878 2910 998 2966 sive
1024 2926 1173 2975 sero,
1229 2909 1348 2965 sive
1403 2908 1665 2975 meridie,
1717 2924 1832 2961 non

171 3004 382 3071 potest
406 3014 537 3055 esse
569 3002 702 3070 post
746 3002 999 3069 tergum.
1032 2996 1144 3053 Soli
1200 3002 1339 3052 sunt
1393 2997 1546 3053 enim
1605 2995 1667 3051 in
1721 2995 1833 3050 hoc

172 3105 366 3161 quem
396 3103 505 3142 nos
534 3085 847 3142 incolimus
868 3086 1004 3141 orbe
1025 3090 1311 3141 terrarum
1343 3085 1497 3141 circa
1527 3084 1830 3139 meridiem

176 3176 366 3248 positi
424 3176 559 3246 (69),
594 3175 692 3246 qui
752 3174 811 3228 in
860 3173 1176 3229 australem
1235 3173 1468 3245 plagam
1524 3172 1834 3228 videantur

176 3239 463 3321 umbram
522 3239 952 3318 transmittere.
1007 3262 1125 3317 Hoc
1181 3239 1374 3316 autem
1432 3259 1556 3315 ﬁeri
1618 3239 1903 3315 diciturC

168 3369 424 3412 summo
454 3356 623 3418 testu,
656 3368 790 3407 cum
821 3351 893 3407 ad
925 3349 1259 3422 aquilonem
1282 3349 1365 3404 sol
1392 3349 1612 3421 dirigit.
1668 3349 1830 3404 Post-

170 3460 251 3500 ea
318 3458 431 3497 nos
501 3445 825 3497 autumnus
898 3439 1216 3511 excipiens,
1274 3438 1545 3510 infringit
1592 3438 1831 3509 quidem

174 3534 442 3587 astuum
474 3528 942 3602 magnitudinem
977 3544 989 3583 :
1042 3528 1143 3583 sed
1174 3526 1472 3600 paulisper
1502 3527 1755 3582 relaxato
1768 3541 1835 3581 ac

176 3618 456 3693 deposito
499 3617 709 3686 calore,
742 3634 846 3688 per
874 3616 1216 3689 temperiem
1248 3615 1425 3671 medii
1483 3614 1833 3669 moderami-

175 3708 278 3764 nis
309 3707 444 3762 sine
475 3705 680 3761 fraude
711 3722 818 3761 nos
849 3708 1025 3777 atque
1064 3703 1185 3759 ulla
1213 3720 1364 3759 noxa
1393 3702 1630 3758 ﬂatibus
1660 3703 1838 3758 tradit

181 3794 568 3852 hiemalibus.

257 3894 351 3948 25.
409 3892 553 3956 Sint,
613 3890 827 3963 inquit,
868 3892 1034 3945 etiam
1067 3892 1128 3945 in
1157 3889 1293 3945 dies.
1345 3889 1469 3944 Non
1501 3894 1567 3945 ut
1622 3889 1840 3945 faciant

188 3980 336 4049 dies,
360 3980 463 4035 sed
500 3984 563 4034 ut
592 3979 651 4034 in
681 3978 765 4035 eis
797 3978 1053 4034 habeant
1082 3976 1499 4049 principatum,
1531 3980 1597 4031 ut
1643 3981 1837 4032 ortum

189 4069 302 4125 diei
336 4068 609 4124 uberiore
639 4066 725 4122 sol
773 4065 1069 4121 illuminet
1126 4066 1335 4138 gratia,
1390 4070 1458 4120 ut
1487 4082 1591 4137 per
1647 4068 1837 4121 totUm

193 4157 349 4213 diem
391 4155 736 4229 designandi
790 4155 919 4225 ejus
970 4153 1182 4210 habeat
1237 4157 1582 4226 potestatem
1629 4171 1838 4209 cursus

200 4245 294 4301 sui
322 4260 586 4300 munere.
622 4243 718 4299 Sic
747 4242 1041 4315 accipiunt
1070 4241 1336 4298 nonnulli
1368 4242 1521 4313 quod
1571 4242 1652 4297 ait
1706 4259 1837 4314 pro-

199 4332 378 4406 pheta
411 4349 425 4387 :
455 4333 640 4388 Solem
686 4334 749 4387 in
798 4335 1115 4403 potestatem
1140 4330 1270 4397 diei,
1331 4331 1525 4385 lunam
1552 4333 1602 4385 et
1655 4331 1841 4386 stellas

1935 1939 2272 2014 regionibus
2301 1938 2624 2007 immorari,
2655 1942 2712 1994 et
2733 1937 2845 1994 sibi
2876 1941 3106 1993 tantum
3138 1938 3343 1994 adesse
3398 1943 3576 2011 atque

1937 2030 2129 2086 lucere
2205 2027 2421 2101 singuli
2502 2026 2699 2101 populi
2742 2027 3028 2093 credant;
3110 2043 3246 2082 cum
3306 2026 3584 2084 similiter

1937 2118 2172 2174 luceant
2200 2116 2509 2182 universis,
2536 2120 2602 2171 ut
2631 2132 2802 2171 nemo
2834 2115 2929 2172 his
2985 2115 3316 2188 propiorem
3375 2115 3583 2185 alium,

1939 2224 2115 2280 quam
2145 2207 2269 2279 ipse
2289 2210 2397 2275 est,
2429 2204 2763 2261 arbitretur.
2796 2204 3141 2277 Exemplum
3162 2204 3585 2279 magnitudinis

1939 2312 2141 2351 eorum
2178 2295 2432 2363 evidens,
2486 2293 2640 2365 quod
2701 2293 2977 2350 omnibus
3028 2293 3369 2350 hominibus
3426 2293 3587 2350 orbis

1939 2385 2090 2439 lunae
2126 2384 2279 2438 idem
2329 2384 2575 2438 videtur.
2614 2383 2759 2438 Nam
2792 2383 2901 2439 etsi
2953 2383 3249 2439 interdum
3303 2387 3588 2456 augeatur

1940 2474 2139 2529 lumen
2172 2473 2299 2544 ejus
2325 2478 2499 2544 atque
2530 2472 2854 2539 minuatur,
2913 2476 3108 2529 tamen
3160 2473 3361 2529 eadem
3419 2476 3589 2529 nocte

1942 2562 2135 2635 qualis
2166 2560 2310 2617 mihi
2340 2565 2599 2633 apparet,
2623 2560 2756 2617 talis
2786 2565 2845 2616 et
2872 2561 3149 2616 omnibus
3184 2580 3197 2630 ;
3233 2578 3370 2616 nam
3400 2561 3450 2616 si
3468 2560 3591 2617 lon-

1941 2666 2011 2722 ge
2041 2650 2248 2722 positis
2280 2649 2473 2704 minor
2497 2648 2806 2720 videretur,
2832 2649 3073 2722 propius
3097 2648 3433 2705 constitutis
3463 2665 3587 2705 ma-

1935 2739 2033 2810 jor
2061 2737 2391 2810 refulgeret,
2425 2742 2479 2793 et
2512 2738 2780 2810 proderet
2819 2737 3227 2811 angustiarum
3260 2741 3317 2793 et
3364 2736 3589 2811 exigui-

1941 2827 2081 2882 tatis
2112 2825 2415 2881 indicium.
2449 2826 2678 2882 Etenim
2743 2825 2969 2899 reliqua
3024 2826 3140 2882 alia
3198 2826 3370 2900 longe
3414 2826 3589 2899 positi

1944 2916 2174 2971 minora
2223 2915 2598 2983 arbitramur,
2661 2915 2901 2989 propius
2962 2920 3305 2971 contuentes
3362 2917 3589 2987 majora

1943 3004 2285 3059 credimus:
2320 3020 2435 3076 quo
2492 3004 2681 3077 magis
2738 3004 3028 3060 finitimus
3088 3005 3292 3073 fueris,
3355 3021 3421 3061 eo
3478 3004 3585 3061 tibi

1944 3094 2073 3164 ejus
2104 3093 2183 3148 rei
2217 3109 2394 3164 quam
2427 3093 2616 3148 cernis
2648 3093 2992 3166 magnitudo
3024 3094 3381 3149 cumulatur.
3433 3092 3587 3149 Solis

1944 3182 2145 3237 radius
2176 3180 2322 3236 nulli
2350 3181 2585 3253 propior
2616 3182 2747 3252 (70),
2806 3180 2960 3245 nulli,
3014 3180 3391 3253 longinquior
3447 3186 3536 3236 est
3569 3197 3582 3235 :

1943 3269 2215 3326 similiter
2244 3274 2300 3325 et
2328 3270 2479 3324 lunae
2509 3269 2721 3343 globus
2752 3269 2992 3341 aequalis
3021 3274 3111 3325 est
3166 3268 3461 3325 omnibus.
3495 3269 3584 3324 Si-

1945 3359 2103 3415 milis
2134 3358 2221 3414 sol
2251 3363 2307 3414 et
2339 3359 2497 3414 Indis
2527 3364 2584 3415 et
2613 3358 2908 3413 Britannis
2933 3358 3137 3414 eodem
3169 3361 3469 3413 momento
3498 3357 3582 3412 vi-

1945 3448 2137 3517 detur,
2171 3464 2304 3503 cum
2337 3447 2542 3503 oritur.
2600 3448 2715 3503 Nec
2746 3464 2881 3502 cum
2931 3447 3120 3520 vergit
3176 3447 3235 3501 in
3291 3461 3582 3513 occasum,

1946 3536 2139 3591 minor
2168 3542 2407 3608 apparet
2436 3535 2831 3593 Orientalibus
2861 3552 3039 3608 quam
3065 3534 3536 3592 Occidentalibus
3570 3551 3583 3590 :

1948 3640 2054 3679 nec
2108 3623 2579 3680 Occidentalibus
2624 3641 2759 3679 cum
2821 3623 3025 3694 oritur,
3085 3624 3325 3680 inferior
3408 3640 3584 3696 quam

1946 3711 2339 3769 Orientalibus
2393 3712 2733 3769 aestimatur.
2801 3714 3076 3782 Quantum
3129 3712 3315 3781 distat,
3375 3711 3588 3785 inquit,

1945 3803 2126 3857 oriens
2156 3803 2231 3857 ab
2260 3801 2528 3857 occidente
2559 3802 2728 3873 (Psal.
2762 3819 2858 3871 cu,
2890 3802 3011 3864 t2)!
3046 3802 3175 3857 Haec
3200 3801 3447 3857 invicem
3477 3801 3591 3857 sibi

1948 3889 2174 3945 distant
2206 3907 2219 3945 :
2254 3891 2355 3945 sed
2408 3889 2553 3945 sola
2581 3890 2743 3946 nullo
2783 3891 2984 3959 distat,
3018 3889 3165 3945 nulli
3224 3890 3589 3962 praesentior,

1950 3977 2096 4033 nulli
2125 3978 2401 4033 remotior
2429 3983 2537 4033 est.

2017 4068 2108 4121 26.
2142 4066 2341 4137 Neque
2380 4070 2436 4121 tc
2486 4069 2713 4121 moveat
2766 4067 2921 4138 quod
2978 4071 3259 4137 tanquam
3318 4063 3592 4121 cubitalia

1946 4155 2054 4211 tibi
2084 4153 2239 4210 orbis
2268 4152 2707 4221 videatursolis,
2740 4170 2875 4209 cum
2906 4152 3091 4209 oritur
3123 4171 3136 4209 ε
3165 4154 3265 4210 sed
3289 4152 3591 4209 considera

1950 4248 2239 4315 quantum
2270 4243 2502 4298 intersit
2531 4242 2702 4314 spatii
2737 4243 2887 4297 inter
2915 4241 3097 4298 solem
3121 4246 3178 4298 et.
3209 4247 3412 4310 terras,
3438 4242 3593 4314 quod

1953 4335 2226 4403 aspectus
2258 4331 2440 4387 nostri
2473 4330 2787 4386 inﬁrmitas
2817 4330 2945 4386 sine
2976 4346 3190 4403 magno
3220 4329 3312 4387 sui
3344 4347 3459 4386 non
3492 4347 3594 4403 po-

194 4425 259 4477 in
280 4424 599 4493 potestatem
624 4422 801 4475 noctis
836 4420 1008 4490 (Psal.
1032 4418 1379 4490 cxxxv,8,9).
1413 4418 1846 4480 Circumferunt
1953 4425 2068 4476 test
2098 4418 2346 4475 transire
2375 4419 2701 4491 dispendio.
2763 4419 2986 4493 Caligat
3042 4424 3314 4492 aspectus
3372 4422 3591 4487 noster,

193 4511 351 4566 enim
382 4507 602 4564 lumen.
630 4511 731 4563 74
762 4507 828 4563 In
862 4524 1049 4563 annos
1071 4523 1303 4578 quoque
1323 4508 1575 4563 ordinati
1597 4512 1738 4564 sunt
1758 4507 1845 4564 sol
1954 4508 2244 4580 numquid
2277 4507 2362 4563 sol
2412 4508 2643 4581 caligat,
2695 4512 2796 4563 aut
2820 4507 2960 4564 luna
2988 4508 3017 4563 ‘l
3062 4509 3363 4581 Augustus
3400 4512 3599 4565 noster

196 4603 256 4655 et
281 4597 422 4652 luna
450 4614 463 4651 :
496 4597 639 4652 luna
670 4613 773 4669 per
803 4600 1098 4652 trecentos
1128 4596 1254 4651 dies
1285 4596 1574 4653 duodenis
1616 4597 1842 4654 vicibus
1871 4604 1918 4669 1)
1950 4597 2214 4663 obtutus,
2241 4597 2532 4668 numquid
2562 4596 2692 4652 ideo
2750 4598 3092 4670 angustiora
3147 4598 3327 4654 efﬁcit
3355 4614 3483 4671 quas
3514 4596 3598 4653 vi-

195 4702 371 4743 suum
406 4701 644 4741 cursum
666 4685 1007 4753 conﬁciens,
1041 4690 1414 4740 consummat
1459 4702 1701 4753 annum,
1752 4703 1843 4742 se-
1953 4686 2167 4741 dentur
2198 4687 2221 4740 Ρ
2249 4686 2483 4758 Species
2513 4686 2819 4757 minuitur,
2852 4704 2967 4742 non
2996 4687 3092 4742 τε
3126 4687 3470 4760 magnitudo
3499 4687 3599 4743 de-

195 4774 459 4831 cundum
486 4775 765 4839 Hebreos,
810 4772 1105 4844 aliquibus
1134 4772 1343 4828 diebus
1405 4773 1687 4844 adjectis;
1750 4791 1845 4830 se-
1954 4774 2229 4830 trahitur.
2255 4773 2453 4846 Neque
2474 4775 2631 4830 enim
2664 4775 3025 4830 inﬁrmitatis
3055 4780 3270 4832 nostras
3298 4775 3601 4847 passiones

196 4861 459 4921 cundum
518 4861 836 4928 Romanos,
894 4861 986 4915 bis
1027 4865 1186 4917 sexto
1235 4860 1413 4918 semel
1464 4862 1616 4917 intra
1673 4863 1847 4934 quin-

197 4949 521 5025 quennium
552 4950 730 5005 unius
760 4948 874 5005 diei
920 4949 1244 5020 adjectione
1286 4948 1592 5005 celebrato.
1643 4950 1846 5007 Solsti-

196 5038 354 5097 tialis
381 5055 613 5110 quoque
645 5056 841 5094 annus
874 5041 982 5104 est,
1015 5054 1149 5094 cum
1182 5036 1290 5106 sol,
1324 5038 1552 5110 expleto
1591 5056 1693 5111 per
1723 5058 1847 5095 om-

198 5128 298 5186 nia
324 5127 499 5199 signa
526 5126 796 5192 circuitu,
858 5127 919 5181 in
952 5126 1011 5181 id
1047 5126 1203 5181 unde
1235 5125 1592 5198 principium
1642 5144 1851 5184 cursus

271 5322 386 5394 (66)
419 5320 556 5377 Mss.
591 5321 768 5394 multi
801 5338 869 5376 ac
916 5320 1077 5394 b_o_ni,
1110 5322 1243 5394 quia
1300 5322 1568 5377 intererat
1611 5328 1852 5394 peccato-

199 5410 326 5451 rum
352 5390 625 5450 remissio.
657 5392 773 5448 Alii
807 5410 875 5448 ac
906 5390 1043 5448 edit.
1076 5390 1144 5447 ut
1171 5392 1229 5446 in
1259 5396 1441 5447 textu.

272 5464 385 5536 (67)
414 5464 561 5521 Edit.
596 5482 736 5521 cum
764 5481 911 5520 mss.
945 5463 1169 5536 aliquot
1193 5463 1410 5517 inﬁmae
1456 5466 1624 5531 notas,
1686 5463 1853 5521 Caete-

197 5534 323 5610 rum
348 5534 474 5610 sunt
499 5539 601 5610 qui
617 5536 812 5610 dicant
844 5535 984 5608 quod
1009 5534 1108 5606 per
1137 5534 1287 5610 duos,
1320 5540 1427 5610 cet:

270 5609 377 5680 (68)
407 5604 696 5680 lta'Rom.
719 5604 867 5680 edit:
889 5604 1024 5680 cuni
1040 5622 1189 5680 mss.
1216 5605 1379 5680 γαίη
1412 5605 1550 5661 Ben.
1574 5608 1628 5660 et
1661 5604 1855 5680 Germ.

198 5676 543 5752 quibuscum
582 5679 735 5738 facit
780 5678 961 5736 Basil.
994 5677 1132 5734 Alia
1166 5676 1303 5735 edit.
1336 5681 1395 5734 et
1423 5693 1592 5747 mss.,
1642 5677 1857 5733 umbra.

1961 4864 2226 4936 passioni
2257 4863 2639 4919 luminarium
2670 4865 2952 4920 debemus
2982 4864 3292 4919 ascribere.
3324 4862 3604 4918 Mentitur

1958 4957 2155 5008 noster
2174 4957 2483 5024 aspectus;
2519 4953 2638 5009 noli
2671 4970 2805 5026 ergo
2833 4951 2999 5008 ﬁdele
3029 4951 3317 5007 aastimare
3347 4951 3474 5021 ejus
3496 4950 3603 5020 ju-

1960 5040 2199 5095 dicium.
2222 5041 2313 5096 Fit
2329 5040 2651 5096 caelestium
2682 5042 2875 5096 minor
2904 5037 3219 5112 spectaculi
3253 5037 3461 5109 ﬁgura,
3485 5053 3601 5093 non

1962 5128 2050 5185 sui
2074 5129 2280 5185 forma.
2304 5129 2384 5184 De
2411 5145 2644 5184 summo
2658 5129 2872 5185 vertice
2889 5128 3181 5184 montium
3204 5126 3253 5183 si
3270 5126 3603 5197 subjectum

1963 5324 2024 5380 Si
2052 5325 2240 5378 contra
2282 5322 2776 5392 Septentrionem...
2809 5337 2920 5376 non
2973 5327 3147 5392 potest
3200 5338 3313 5378 esse
3337 5328 3456 5394 post
3502 5324 3608 5394 ter-

1963 5412 2091 5466 gum
2118 5393 2219 5466 ,ςοιἶ
2253 5393 2389 5466 Sunt
2417 5394 2585 5466 enim,
2614 5394 3031 5466 etc._Attamen
3072 5409 3260 5462 voces,
3293 5393 3374 5449 sol
3405 5397 3462 5449 et
3478 5393 3603 5463 soli,

1967 5463 2325 5537 quibusdam
2352 5463 2415 5537 in
2436 5463 2567 5537 cod.
2592 5464 3015 5537 desiderantur.

2062 5537 2152 5606 69)
2183 5535 2371 5595 Codex
2402 5534 2530 5590 Vat.
2564 5533 2851 5606 ethasil.,
2883 5535 3033 5591 ultra
3063 5533 3324 5606 Arabiam
3347 5538 3533 5606 positi.

2062 5537 2131 5590 69
2183 5537 2371 5595 Codex
2402 5537 2530 5590 Vat.
2564 5539 2621 5590 et
2650 5537 2851 5599 Basil.,
2883 5537 3033 5591 ultra
3063 5537 3324 5590 Arabiam
3347 5538 3486 5606 posit

2039 5537 2152 5679 imi
2185 5607 2351 5663 Rom.
2384 5607 2521 5663 edit.
2556 5605 2699 5675 sola,
2731 5606 2872 5664 Solis
2900 5606 3047 5663 orbis
3074 5605 3220 5661 nulli
3242 5607 3486 5679 propior.
