3910 6210
411 379 531 446 215

1875 386 1938 447 s.
1986 350 2360 452 AMBaosn

3674 388 3795 454 ἰθ

412 518 599 575 oculis
629 514 748 575 tuis
773 535 1046 591 campum
1078 521 1337 590 spectare
1367 517 1686 587 desideras,
1719 523 1895 591 atque
1929 518 2050 575 illic
2087 522 2136 588 Α
2166 525 2223 578 et
2253 540 2383 579 cum
2417 522 2494 580 sit
2522 522 2857 596 imminuta,
2892 522 3242 595 cumulatur.
3303 522 3368 582 In
3423 538 3536 598 quo
3581 524 3783 598 grande

412 612 680 665 armenta
702 609 1019 680 pascentia,
1055 625 1243 664 nonne
1276 607 1651 663 formicarum
1685 608 1904 663 similia
1924 626 2050 664 cor-

412 714 555 770 pora
584 697 872 754 iudicabis
901 704 923 753 Ξ)
948 694 1006 752 Si
1036 714 1194 752 mare
1217 701 1442 769 spectes
1474 714 1503 752 e
1562 696 1801 768 specula
1857 697 2058 770 aliqua

410 785 669 855 littorali,
700 803 893 842 nonne
924 785 1027 840 tibi
1060 785 1293 841 navium
1319 786 1586 840 maximae
1606 785 1758 841 inter
1780 786 2055 843 caeruleos

409 875 644 943 ﬂuctus,
676 879 734 930 et
755 874 887 931 vela
923 876 1233 931 candentia
1263 874 1616 946 refulgentes
1644 874 1804 930 velut
1833 875 2053 931 colum-

408 963 618 1020 barum
646 962 1013 1020 volitantium
1044 964 1297 1036 speciem
1343 962 1575 1020 eminus
1606 963 1794 1034 posito
1850 964 2054 1019 viden-

406 1054 507 1109 tur
533 1053 841 1109 obtexere?
857 1053 1002 1117 Quid
1034 1052 1173 1124 ipsa:
1204 1051 1410 1107 insulae
1443 1069 1571 1123 quae
1585 1070 1745 1108 mare
1767 1052 2055 1124 dividunt,

409 1144 700 1197 terrarum
732 1141 1238 1211 arvaﬁdifﬁndunt,
1272 1158 1447 1213 quam
1481 1145 1731 1213 angusto
1760 1141 2055 1197 aestiman—

409 1229 673 1298 turzlﬁne'
707 1227 971 1283 concludi
993 1229 1574 1300 ?,_‘:Quemadmodum
1599 1230 1848 1285 rotunda
1877 1247 2054 1301 appa-

410 1315 644 1387 rentjde
666 1317 1138 1389 asperisfd’spissa
1167 1318 1237 1373 de
1270 1319 1416 1374 raris
1439 1318 1468 1372 ?
1496 1318 1779 1391 Hasﬁergo
1811 1317 2054 1373 inﬁrmi-

408 1407 561 1461 tates
590 1406 753 1462 visus
776 1405 870 1474 (tui
904 1407 1196 1479 perpende
1224 1425 1236 1470 ;
1262 1412 1320 1463 et
1350 1423 1551 1462 eorum
1576 1406 2057 1480 quatiastruimus

407 1492 636 1568 ﬁdem:
641 1512 708 1551 ex
734 1500 790 1552 te
819 1496 945 1568 ipso
978 1497 1196 1553 arbiter
1215 1498 1418 1569 justus
1446 1497 1698 1553 accersi.

475 1587 566 1641 27.
599 1586 659 1641 Si
688 1585 777 1642 vis
818 1585 1288 1659 magnitudinem
1342 1584 1632 1657 solis:non
1664 1585 1856 1641 solum
1888 1583 2056 1641 oculo

408 1676 646 1742 mentis,
693 1677 792 1732 sed
842 1677 1019 1731 etiam
1074 1674 1333 1749 corporis
1386 1675 1696 1741 aestimare,
1756 1675 2061 1731 considera

408 1765 614 1843 quanti
651 1764 954 1820 stellarum
985 1765 1141 1839 globi
1164 1782 1327 1820 axem
1356 1764 1480 1820 coeli
1514 1764 1824 1820 videantur
1848 1763 2063 1819 intexe-

2164 608 2525 683 Mysterium.
2577 611 2723 668 Nam
2777 616 2833 669 et
2879 612 3131 673 defectui
3191 614 3316 685 ejus
3375 611 3790 685 compatiuntur

2164 698 2455 756 elementa
2489 717 2501 757 :
2537 706 2593 757 et
2622 719 2899 774 processu
2929 703 3059 774 ejus
3088 719 3219 776 qua:
3248 700 3463 758 fuerint
3493 701 3787 769 exinanita,

2165 787 2565 860 cumulantur,
2602 793 2665 845 ut
2718 791 3109 846 animantium
3171 792 3493 859 cerebrum,
3525 794 3580 846 et
3629 791 3791 846 mari«

2162 877 2442 933 timorum
2472 878 2733 935 humida.
2769 878 3071 952 Siquidem
3102 878 3392 953 pleniores
3420 880 3617 936 ostreae
3642 894 3789 951 repe-

2165 964 2268 1019 riri
2292 966 2580 1034 feruntur,
2612 968 2915 1040 multaque
2975 967 3107 1035 alia,
3141 984 3275 1023 cum
3322 965 3529 1041 globus
3584 966 3792 1022 lunaris

2166 1053 2464 1111 adolescit.
2498 1056 2578 1112 De
2608 1057 2880 1113 arborum
2929 1073 3162 1129 quoque
3191 1056 3435 1112 internis
3464 1054 3617 1112 idem
3667 1055 3791 1113 alle-

2164 1147 2326 1215 gant,
2362 1144 2459 1216 qni
2491 1144 2600 1201 hoc
2630 1162 2740 1201 usu
2775 1145 3006 1219 proprio
3040 1146 3466 1218 compererunt.
3526 1143 3789 1200 Videmus

2165 1248 2301 1306 ergo
2322 1234 2525 1304 fortum
2557 1235 2686 1305 ejus
2716 1239 2773 1291 et
2803 1235 3093 1291 defectum
3127 1234 3370 1291 rationis
3399 1250 3549 1301 esse,
3580 1251 3692 1289 non
3715 1233 3789 1288 in-

2165 1321 2480 1378 ﬁrmitatis.
2516 1323 2829 1396 Nunquam
2860 1325 3013 1380 enin:
3049 1327 3274 1379 tantam
3306 1323 3481 1380 rebus
3543 1322 3788 1379 mutatio-

2165 1428 2299 1467 nem
2330 1412 2511 1480 daret,
2546 1412 2658 1468 nisi
2692 1415 3068 1486 praestantem
3125 1409 3401 1469 virtutem
3454 1412 3699 1468 haberet
3744 1415 3792 1466 et

2164 1501 2413 1573 gratiam
2448 1518 2480 1557 a
2505 1500 2816 1558 Conditore
2847 1499 3138 1558 collatam.
3716 1572 3721 1581 Ι

2233 1590 2322 1644 30.
2357 1594 2565 1646 Aerem
2594 1607 2829 1665 quoque
2861 1590 3104 1647 nonnuli
3137 1589 3315 1646 etiam
3346 1587 3503 1646 docti
3534 1591 3591 1646 et
3646 1588 3793 1645 Chri-

2164 1677 2338 1734 stiani
2370 1679 2480 1733 viri
2510 1679 2911 1753 allegaverunt
2932 1679 3084 1735 lunae
3106 1681 3311 1735 exortu
3343 1677 3532 1735 solere
3562 1677 3791 1743 mutari;

2166 1768 2267 1823 sed
2299 1767 2347 1824 si
2383 1766 2440 1823 id
2494 1769 2837 1826 mutationis
2869 1768 3093 1825 lunaris
3121 1769 3379 1840 quadam
3410 1768 3574 1824 fleret
3600 1766 3793 1824 violen-

408 1870 491 1922 re,
525 1853 939 1910 et'innumeris
970 1853 1254 1926 insignire
1283 1853 1644 1921 luminibus;
1677 1869 1794 1908 non
1834 1856 2056 1925 queunt
2089 1888 2136 1954 Β
2164 1856 2265 1933 tia,
2298 1856 2371 1913 ad
2401 1873 2605 1915 omnes
2635 1862 2798 1914 ortus
2828 1858 2958 1930 ejus
2987 1858 3342 1914 intexeretur
3388 1855 3649 1913 nubibus
3694 1873 3791 1912 cea-

407 1942 913 2017 tamenLtenebras
965 1942 1173 2019 noctis,
1207 1946 1264 1998 et
1293 1941 1420 1998 coeli
1474 1941 1680 1998 nubila
1736 1943 2053 2010 detergere.

409 2030 598 2087 Simul
628 2035 694 2087 ut
715 2030 801 2087 sol
824 2036 988 2088 ortus
1005 2031 1098 2087 sui
1125 2031 1295 2105 signa
1315 2031 1895 2103 praemiserit,omnes
1913 2031 2052 2089 stel-

405 2119 597 2177 larum
618 2119 785 2193 ignes
812 2120 923 2175 sub
936 2119 2049 2193 uniusluminarialtulgorejvanescunt,

407 2208 665 2285 aperitur
685 2223 802 2275 aer,
840 2208 1085 2281 ccelique
1128 2209 1308 2265 facies
1338 2208 1783 2281 purpurascenti
1842 2209 2053 2266 rubore

405 2297 807 2371 perfunditur.)
828 2299 1034 2353 Adhuc
1057 2297 1288 2370 spirans
1320 2296 1642 2365 exordium,
1677 2301 1733 2352 et
1754 2299 1878 2369 jam
1932 2315 2053 2353 mo-

404 2387 694 2467 mentaria
722 2387 1016 2444 celeritate
1047 2387 1200 2460 pleni
1244 2386 1487 2443 luminis
1521 2387 1697 2442 micat
1753 2386 2048 2459 splendor,

403 2480 459 2533 et
489 2477 786 2550 surgentis
818 2477 960 2533 solis
992 2476 1203 2549 prmvia
1233 2475 1620 2547 aura'ﬁdulcis
1652 2476 1873 2549 aspirat
1913 2477 2046 2549 (71),

401 2563 505 2622 Dic
536 2565 701 2636 mihi,
736 2582 953 2638 quaeso,
985 2564 1099 2621 nisi
1122 2582 1370 2638 magnus
1402 2565 1562 2621 orbis
1582 2578 1758 2632 esset,
1808 2581 2050 2638 quomo-

401 2650 476 2711 do
507 2671 791 2729 magnum
821 2658 1022 2727 posset
1051 2654 1249 2710 orbem
1282 2653 1621 2709 iliuminare
1650 2657 1941 2708 terrarum
1978 2654 2007 2708 ‘I

470 2745 560 2799 28.
592 2744 739 2811 Quid
763 2748 957 2799 autem
983 2744 1052 2798 de
1082 2747 1242 2797 tanto
1274 2741 1481 2813 loquar
1499 2746 1960 2813 temperamento
1991 2746 2049 2798 et

403 2831 1184 2903 moderamineiConditoris,
1203 2830 1302 2902 qui
1332 2834 1821 2901 eammensuram
1847 2848 2048 2888 mune-

402 2920 452 2977 ri
470 2920 611 2977 solis
640 2920 947 2992 attribuit";
972 2924 1035 2975 ut
1066 2935 1257 2990 neque
1310 2935 1491 2991 vapor
1519 2919 1679 2991 ejus:
1704 2920 1933 2992 igneus,
1984 2926 2047 2977 ut

399 3010 666 3076 videtur,’
683 3013 975 3066 terrarum
999 3025 1195 3073 venas,
1219 3024 1447 3075 succos,
1482 3024 1793 3079 rerumque
1823 3009 2045 3081 species

399 3100 633 3169 infusus
664 3098 1162 3169 exureretfneque
1200 3097 1415 3152 iterum
1465 3097 1593 3169 per]
1620 3101 1784 3152 tanta
1838 3098 2044 3153 mundi

398 3187 588 3261 spatia
618 3184 1287 3260 refrigeratus,jnullum
1343 3186 1515 3241 terris
1575 3202 1775 3241 semen
1833 3184 2044 3243 caloris

394 3258 659 3345 inoleret,
693 3258 793 3332 sed
818 3277 1303 3349 jujunamjatque
1333 3275 1598 3347 inopem?
1628 3275 1884 3330 fructum
1941 3276 2038 3332 de-
2071 3258 2113 3323 (ἶ

394 3366 760 3439 relinquens,
789 3367 861 3422 ad
892 3364 1119 3421 nullam
1175 3364 1498 3420 fertilitatis
1526 3364 1773 3435 gratiam
1807 3381 2045 3437 vapora-

395 3459 484 3511 ret
498 3455 527 3510 ?

1016 3577 1252 3634 CAPUT
1314 3577 1414 3632 VII

394 3688 651 3743 Plurima
681 3699 807 3757 quae
834 3685 901 3740 de
921 3685 1337 3751 solefdicuntur,
1359 3683 1502 3757 luna
1527 3684 1693 3757 etiam
1721 3686 2007 3741 convenire
2016 3703 2037 3747 ;

466 3774 589 3815 eam
615 3755 798 3812 tainen
824 3757 1074 3829 proprios
1104 3771 1313 3827 quoque
1359 3755 1557 3810 habere
1605 3756 1847 3827 eﬂectus,
1904 3773 2035 3829 quo-

458 3846 585 3886 rum
614 3829 794 3901 aliqui
819 3829 909 3883 hic
936 3835 1304 3883 recensentur.

455 3944 804 4018 29.;Similia
834 3926 905 3998 de
934 3943 1085 3997 lunae
1114 3942 1336 3998 ratione
1367 3942 1749 4009 conveniunt,
1775 3958 1901 4014 quae
1961 3941 2033 3997 de

380 4035 813 4107 consorteiejus
842 4050 908 4090 ac
939 4033 1116 4089 fratre
1146 4031 1623 4088 memoravimus.
1655 4028 2030 4102 Siquidemin

377 4126 438 4182 id
470 4142 533 4181 se
562 4125 755 4181 induit
782 4123 1197 4187 ministerium,
1227 4121 1286 4177 in
1320 4121 1477 4193 quod
1508 4124 1565 4176 et
1595 4119 1772 4175 frater
1805 4138 1817 4188 ;
1870 4123 1935 4175 ut
1966 4118 2031 4174 il-

376 4215 624 4271 luminet
644 4213 915 4270 tenebras
931 4214 1138 4279 ,foveat
1162 4211 1409 4278 semina,
1427 4210 1905 4283 augeatfructus.
1921 4212 2031 4265 Ha-

373 4303 678 4373 hetjetiam
710 4299 1533 4373 pleraqueafratre'distincta
1566 4300 1679 4369 ἦρι
1709 4313 1883 4369 quem
1908 4301 2029 4353 toto

373 4390 1004 4461 dieﬁcalor;humorem
1038 4396 1204 4445 terra;
1237 4388 1561 4457 siccaverit,
1595 4387 1868 4443 eumdem
1909 4386 2026 4442 exi-

370 4476 710 4552 guofnoctis
743 4481 1008 4548 tempore
1037 4495 1133 4532 ros
1153 4481 1396 4548 reponat
1430 4494 1444 4544 ;
1480 4492 1614 4531 nam
1646 4480 1706 4530 et
1733 4474 1865 4547 ipsa
1886 4474 2029 4529 luna

370 4566 714 4638 largaﬁroris
737 4565 1305 4636 asseritur.Deniquc
1327 4581 1460 4620 cum
1493 4563 1739 4620 serinior
1768 4581 1880 4619 nox
1910 4567 2017 4630 est,

2164 1944 2311 2013 lum,
2344 1944 2550 2019 pluviae
2580 1945 2980 2002 funderentur.
3016 1944 3275 2017 Denique
3304 1960 3440 2000 cum
3498 1947 3631 2001 ante
3685 1942 3790 2000 dies

2162 2040 2316 2091 esset
2404 2051 2596 2093 sermo
2683 2036 2754 2091 de
2810 2032 3027 2108 pluvia,
3086 2051 3213 2107 quae
3284 2033 3447 2090 utilis
3500 2033 3788 2102 diceretur,

2163 2124 2245 2180 ait
2273 2116 2514 2196 quidam
2550 2140 2563 2179 :
2598 2124 2739 2180 Ecce
2770 2123 3077 2180 neomenia
3104 2121 3270 2178 dabit
3298 2139 3451 2179 eam.
3487 2122 3557 2179 Et
3601 2137 3787 2195 quam-

2160 2213 2247 2269 vis
2265 2213 2457 2285 cupidi
2485 2229 2750 2270 essemus
2795 2212 3096 2279 imbrium,
3123 2216 3321 2267 tamen
3372 2209 3664 2282 ejusmodi
3716 2226 3792 2265 as-

2159 2302 2442 2359 sertiones
2471 2318 2636 2358 veras
2670 2319 2818 2368 esse,
2852 2299 3142 2357 nolebam.
3175 2299 3438 2373 Denique
3493 2299 3790 2357 delectatus

2160 2408 2315 2458 sum,
2348 2391 2502 2463 quod
2534 2390 2731 2447 nullus
2760 2390 2950 2445 imber
2978 2389 3200 2446 effusus
3228 2394 3319 2445 est
3347 2414 3361 2457 ;
3394 2390 3581 2445 donec
3627 2387 3791 2460 preci-

2158 2480 2269 2535 bus
2301 2480 2571 2536 Ecclesiae
2601 2481 2796 2547 datus,
2822 2478 3224 2535 manifestaret
3252 2493 3369 2534 non
3394 2478 3468 2534 de
3513 2473 3694 2532 initiis
3717 2474 3791 2530 lu-

2159 2586 2243 2623 nae
2274 2585 2407 2625 eum
2440 2569 2797 2641 sperandum
2819 2582 2968 2635 esse,
3002 2567 3104 2623 sed
3138 2567 3209 2622 de
3232 2565 3602 2639 providentia
3628 2569 3680 2620 et
3701 2562 3792 2619 mi-

2156 2657 2471 2713 sericordia
2508 2657 2814 2713 Creatoris.
2861 2656 3013 2712 Sane
3068 2653 3268 2727 Euripi
3321 2670 3461 2710 cum
3520 2652 3793 2710 exundant

2158 2745 2418 2818 undique
2450 2746 2774 2802 secundum
2805 2743 3061 2816 reliquas
3088 2742 3312 2816 species
3342 2742 3518 2811 luna,
3552 2746 3609 2798 et
3646 2756 3789 2797 acce-

2155 2838 2284 2907 ptos
2303 2834 2514 2891 ﬂuctus
2528 2832 2949 2898 refundant,vel
2969 2831 3144 2888 etiam
3166 2830 3279 2904 ipsi
3303 2847 3520 2904 magno
3538 2830 3782 2887 ferantur

2155 2924 2377 2996 impetu
2407 2942 2420 2992 ;
2454 2924 2515 2978 in
2545 2928 2674 2979 ortu
2706 2927 2902 2979 tamen
2925 2923 3054 2993 ejus
3080 2924 3240 2977 stant
3269 2917 3788 2992 placidi,quoadus—

2155 3030 2268 3085 que
2298 3013 2441 3069 luna
2469 3011 2595 3068 sine
2624 3011 2845 3067 lumine
2875 3014 2985 3066 est.
3016 3011 3087 3065 At
3115 3025 3248 3065 vero
3280 3008 3380 3064 ubi
3410 3025 3541 3064 eam
3573 3000 3781 3062 dierum

2154 3117 2394 3157 accesus
2426 3099 2693 3157 retexerit
2721 3098 2854 3170 (72),
2878 3102 3027 3153 tunc
3052 3096 3111 3152 in
3154 3113 3291 3152 suos
3321 3112 3536 3152 cursus
3587 3093 3783 3150 refluos

2152 3192 2542 3245 revertuntur.
2572 3187 2839 3259 Ampotis
2866 3186 2978 3259 (73)
3010 3201 3261 3257 quoque,
3295 3201 3425 3256 quae
3458 3184 3519 3241 in
3573 3183 3780 3239 Oceano

2151 3295 2280 3333 esse
2316 3277 2673 3351 perhibetur,
2706 3291 2841 3331 cum
2870 3273 3109 3346 reliquis
3141 3273 3349 3329 diebus
3381 3272 3645 3328 ordinem
3691 3285 3778 3325 su-

2150 3384 2251 3422 um
2282 3382 2511 3423 servare
2542 3365 2789 3432 dicatur,
2812 3363 3001 3419 lunari
3033 3365 3235 3418 exortu
3264 3360 3506 3417 evidens
3524 3357 3777 3416 mutatio-

2149 3456 2242 3512 nis
2274 3473 2393 3511 suas
2426 3456 2608 3510 fertur
2634 3451 2920 3509 indicium
2947 3451 3087 3508 dare
3120 3470 3134 3519 ;
3170 3454 3236 3506 ut
3264 3466 3428 3506 mare
3460 3449 3650 3521 ipsum
3694 3460 3775 3501 oc-

2147 3543 2452 3612 cidentale,
2485 3543 2544 3597 in
2578 3558 2693 3614 quo
2723 3544 3018 3613 spectatus
3048 3537 3321 3612 ampotis,
3348 3537 3524 3594 solito
3542 3533 3776 3607 amplius

2147 3633 2385 3691 accedat
2409 3648 2474 3687 ac
2512 3631 2763 3696 recedat,
2796 3632 2853 3685 et
2898 3628 3119 3700 majore
3151 3631 3293 3684 metu
3350 3625 3596 3693 feratur,
3653 3627 3775 3678 tan-

2146 3738 2323 3795 quam
2358 3721 2509 3777 lunze
2551 3719 2908 3792 quibusdam
2960 3714 3424 3789 aspirationibus
3473 3712 3773 3770 retrorsum

2142 3811 2430 3877 trahatur,
2463 3812 2521 3864 et
2547 3808 2761 3864 iterum
2788 3806 2999 3862 iisdem
3030 3803 3353 3877 impulsum
3386 3820 3456 3860 ac
3477 3802 3771 3859 retractum

2142 3901 2202 3956 in
2234 3913 2574 3954 mensuram
2606 3894 2900 3968 propriam
2930 3893 3298 3950 refundatur.

2744 4009 2979 4066 CAPUT
3035 4008 3183 4064 VIII.

2138 4107 2309 4161 Lunae
2344 4102 2573 4157 mutatio
2614 4115 2803 4155 rerum
2832 4096 3246 4153 instabilitatem
3302 4092 3455 4150 docet
3489 4110 3503 4150 :
3552 4095 3609 4163 at
3662 4092 3773 4163 ipsa

2206 4160 2442 4247 turpiter
2498 4176 2557 4226 in
2614 4170 2857 4247 moribus
2905 4169 3130 4247 nostris
3175 4168 3530 4247 exprimitur.
3583 4160 3772 4247 Chrith

2203 4235 2529 4318 mysterium
2569 4246 2731 4318 atque
2785 4240 3093 4318 Ecclesium
3373 4235 3765 4318 repraesentat}

2204 4304 2495 4442 qu’aénenqdui
2523 4304 2753 4382 modicis
2783 4311 3031 4367 cantibus
3059 4309 3124 4365 de
3151 4309 3283 4364 caelo
3298 4304 3520 4364 detrahi
3536 4304 3767 4368 credant,

2204 4406 2288 4442 ΙΓΓ
2452 4403 2493 4442 ἶ.

2542 4473 2592 4529 si
2652 4469 2888 4527 miraris
2946 4467 3239 4541 quomodo
3295 4466 3593 4522 defectum
3640 4461 3769 4518 luna

2131 4566 2404 4640 patiatur,
2431 4580 2565 4620 cum
2586 4564 2812 4617 tantam
2852 4558 2970 4614 vim
3001 4555 3348 4613 mutationis
3378 4554 3595 4612 habeat
3619 4565 3763 4640 sum,

372 4659 431 4712 et
458 4653 602 4710 luna
631 4657 1016 4726 pernox,tunc
1050 4653 1267 4725 largior
1295 4670 1389 4708 ros
1420 4654 1602 4708 fertur
1626 4669 1762 4707 arva
1791 4653 2022 4726 perﬁxo:
2051 4631 2097 4695 D
2129 4631 2434 4712 considera
2462 4659 2518 4709 et
2545 4652 2607 4706 in
2638 4665 2704 4705 eo
2736 4663 3019 4721 magnum
3046 4662 3174 4702 esse
3204 4644 3579 4718 mysterium,
3623 4635 3766 4720 quod

372 4747 529 4803 dere.
564 4723 921 4817 Etplerique
952 4723 1223 4811 subaere
1254 4723 2019 4814 quiescenteSIquo‘m‘a-g'is

370 4836 481 4892 sub
511 4833 734 4890 lumine
767 4833 1016 4888 fuissent
1039 4831 1212 4900 lunae,
1246 4848 1312 4887 eo
1342 4829 1475 4903 plus
1533 4829 1797 4886 humoris
1827 4846 1890 4885 se
1920 4847 2017 4886 ca-

367 4925 489 4999 pite
534 4923 839 4996 collegisse
871 4925 1201 4979 senserunt.
1236 4919 1397 4975 Unde
1427 4923 1481 4974 et
1522 4919 1593 4987 in
1614 4917 1863 4975 Canticis
1885 4935 2016 4974 can-

362 5014 615 5071 ticorum
645 5013 912 5075 Christus
952 5010 1094 5067 dicit
1122 5010 1192 5066 ad
1226 5008 1540 5065 Ecclesiam
1576 5025 1587 5064 :
1627 5009 1722 5063 76
1748 5009 2016 5077 Quoniam

360 5113 524 5176 caput
552 5120 735 5160 meum
756 5103 1024 5175 repletum
1054 5104 1133 5156 est
1161 5116 1301 5167 rore,
1343 5107 1395 5154 et
1412 5172 1423 5179 Γ
1449 5101 1628 5153 crines
1684 5102 1794 5153 mei
1841 5099 2014 5165 guttis

358 5179 559 5248 {iactis
585 5194 601 5264 (
630 5194 843 5251 Cantic.
902 5210 932 5247 ν
968 5236 982 5259 ,
1071 5197 1105 5246 2
1136 5179 1209 5264 )ζ“
1251 5190 1401 5245 Tum
1432 5180 1665 5243 'deinde
1726 5186 2013 5241 minuitur

359 5284 752 5354 et_augetur,
806 5288 873 5339 ut
929 5284 1119 5338 minor
1172 5281 1297 5349 sit,
1354 5295 1487 5334 cum
1529 5276 1785 5348 resurgit
1813 5291 2005 5331 nova:

429 5435 544 5576 (71)
575 5434 687 5489 Sex
716 5451 882 5503 mss.,
925 5450 1132 5490 aurora
1160 5433 1337 5487 dulcis
1366 5434 1596 5513 aspirat.

451 5506 521 5558 72
573 5505 723 5559 Edit.
757 5511 867 5561 vet.
901 5511 957 5560 et
987 5505 1249 5575 quaedam
1287 5503 1467 5573 Paris,
1501 5519 1596 5557 cur

451 5503 542 5575 72)
573 5505 723 5559 Edit.
757 5511 867 5561 vet.
901 5511 957 5560 et
987 5505 1249 5575 quaedam
1287 5503 1467 5573 Paris,
1501 5519 1635 5557 cum
1668 5516 1811 5555 mss.
1866 5514 2006 5570 qua-

359 5578 537 5642 tuor.,
573 5590 812 5629 accessus
848 5578 1088 5633 auxerit.

358 5654 411 5724 μ’
433 5645 548 5717 (73)
583 5646 871 5724 Ampotis,
905 5647 1098 5700 Graece
1126 5642 1359 5702 ἄμπωτις,
1390 5645 1447 5700 id
1472 5646 1561 5699 est
1593 5642 1882 5699 undarum
1915 5655 2002 5693 re-

363 5717 698 5790 ciprocatio.

2118 4746 2224 4818 jus
2255 4740 2520 4814 exemplo
2551 4737 2874 4811 cognoscis,
2916 4753 2948 4793 o
2979 4735 3176 4803 homo,
3210 4732 3361 4790 nihil
3415 4747 3616 4789 rerum
3670 4727 3767 4782 hu-

2127 4846 2437 4890 manarum
2485 4833 2543 4886 et
2590 4826 2904 4883 mundana
2934 4823 3115 4880 totius
3145 4825 3421 4879 creaturae
3450 4836 3581 4878 esse
3636 4831 3781 4891 ρος-κ

2125 4939 2207 4989 se,
2242 4911 2394 4992 quod
2428 4934 2543 4973 non
2576 4914 2891 4986 aliquando
2941 4911 3285 4969 resolvatur.
3340 4910 3493 4966 Nam
3523 4908 3574 4964 si
3597 4906 3762 4963 etiam

2122 5011 2284 5075 luna,
2305 5007 2398 5064 cui
2450 5010 2681 5061 tantum
2714 5002 3001 5059 Dominus
3032 4999 3328 5056 commisit
3375 4994 3779 5063 ministerium

2123 5105 2188 5156 ut
2212 5096 2506 5153 illuminet
2535 5094 2736 5150 orbem
2795 5096 3111 5160 terrarum,
3147 5091 3204 5144 et
3232 5086 3466 5155 crescit,
3525 5088 3583 5141 et
3632 5079 3761 5137 deﬁ-
3812 5076 3817 5081 ’

2120 5188 2218 5254 cit,
2260 5184 2541 5242 deﬁciunt
2574 5184 2662 5237 77
2697 5180 2853 5237 enim
2886 5179 3087 5234 omnia
3141 5193 3269 5249 quae
3301 5175 3412 5249 (74)
3471 5188 3542 5230 ex
3586 5165 3758 5226 nihilo

2119 5281 2246 5333 orta
2274 5289 2462 5347 usque
2491 5272 2562 5329 ad
2596 5268 3013 5344 perfectionem
3036 5268 3342 5333 venerunt,
3373 5264 3590 5320 iterum
3638 5272 3755 5331 per-

2188 5426 2301 5498 (74)
2324 5425 2409 5481 Ita
2456 5419 3090 5498 melioris_notae_mss.
3126 5413 3362 5498 Reliqui
3387 5413 3755 5498 autem,

2114 5484 2243 5566 tim,
2267 5484 2453 5552 omnia
2495 5509 2636 5565 quae,
2657 5489 2745 5547 vel
2776 5491 3084 5566 omniaque,
3118 5504 3189 5544 ea:
3217 5484 3394 5566 nihilo
3442 5489 3565 5552 orta
3591 5490 3757 5566 usque

2113 5569 2182 5624 ad
2205 5559 2592 5640 perfectionem
2608 5571 2889 5630 venerunt,
2912 5559 3217 5619 et'iterum.’
3240 5559 3479 5639 partim,
3501 5559 3635 5636 quia
3652 5563 3753 5605 om-

2113 5643 2210 5694 nia
2250 5653 2443 5694 aug...
2478 5638 2703 5694 iterum.
2733 5636 2831 5693 etc.
2892 5632 3075 5689 Vatic.
3136 5627 3318 5694 solus,
3378 5637 3671 5694 omniaque
3692 5633 3755 5689 ea:

2110 5632 2443 5723 uinique.”
2478 5638 2703 5717 iterum,
2733 5636 2831 5693 etc.
2892 5632 3075 5689 Vatic.
3120 5632 3318 5711 solus,
3378 5632 3671 5703 omniaque
3690 5633 3749 5717 ea

2111 5712 2288 5767 nihle
2336 5716 2459 5767 orta
2502 5706 2671 5761 simul
2724 5708 2888 5775 atque
2915 5703 2986 5759 ad
3036 5702 3423 5775 perfectionem
3475 5698 3749 5756 venerunt,
