3910 6210
189 382 303 477 2n

1451 404 1994 470 HEXAEMERON
2035 404 2183 466 LIB.
2228 403 2333 466 IV.

3469 408 3589 469 918

189 547 339 604 {ecta
366 542 951 616 minuuntur,ccelum
981 541 1139 601 enim
1160 546 1215 599 et
1244 546 1400 599 terra
1428 539 1830 614 prateribunt;
1863 539 1918 606 Α
1948 540 2023 595 tia
2077 539 2251 612 pacis,
2303 536 2496 593 donec“
2521 538 2744 594 tollatur
2791 539 2923 596 luna
2965 538 3136 611 (Psal.
3190 557 3340 606 Lxxr,
3385 544 3461 616 7).
3521 544 3592 599 Et

187 653 292 691 cur
320 653 438 692 non
465 635 520 692 id
559 635 971 693 moderationis
1015 632 1397 701 assumimus,
1429 635 1495 686 ut
1539 647 1726 703 neque
1775 629 1832 684 in

187 725 447 782 adversis
480 725 828 796 abjiciamus
861 725 1146 791 animum,
1172 721 1272 794 qui
1304 720 1459 776 enim
1483 719 1680 776 omnia
1705 719 1838 774 fecit

185 830 257 870 ex
287 813 491 882 nihilo,
525 813 691 869 facile
740 818 795 868 te
842 829 1075 886 quoque
1105 814 1312 882 potens
1344 815 1433 864 est
1478 809 1549 864 ad
1603 824 1837 863 summa

183 908 242 959 et
273 904 528 976 perfecta
557 903 905 975 provehere;
949 905 1004 956 et
1040 916 1275 955 rursum
1328 913 1442 952 non
1491 895 1840 952 extollamur

180 992 245 1049 in
291 993 608 1065 prosperis,
644 1008 830 1063 neque
879 991 936 1044 in
987 993 1268 1060 potestate
1299 986 1496 1058 aliqua
1528 1002 1656 1050 nos,
1688 984 1837 1039 divi-

176 1080 402 1154 tiisque
451 1082 768 1151 jactemus,
805 1095 994 1152 neque
1049 1077 1109 1132 in
1164 1076 1384 1132 viribus
1416 1073 1692 1147 corporis,
1742 1077 1841 1128 aut

177 1169 628 1243 pulchritudine
658 1169 998 1242 gloriemur,
1031 1167 1092 1222 in
1121 1183 1236 1238 quo
1267 1169 1356 1220 est
1387 1162 1572 1219 facilis
1600 1178 1838 1234 corrup-

175 1259 290 1325 tio,
339 1259 547 1315 crebra
602 1257 869 1323 mutatio,
918 1255 1016 1310 sed
1074 1256 1406 1309 manentem
1464 1253 1523 1307 in
1574 1252 1839 1306 futurum

175 1348 373 1406 animi
407 1347 658 1422 gratiam
690 1361 1129 1418 persequamur.
1157 1343 1303 1397 Nam
1356 1341 1404 1396 si
1434 1345 1490 1396 te
1519 1340 1670 1395 luna
1703 1356 1838 1395 con-

175 1437 387 1494 tristat
415 1453 679 1501 occasus,
712 1451 838 1507 qua
884 1450 946 1489 se
995 1447 1226 1503 semper
1271 1433 1499 1502 reparat
1541 1446 1606 1484 ac
1661 1429 1840 1484 refor-

178 1529 342 1593 mat;
377 1524 566 1580 multo
616 1525 805 1595 magis
853 1521 1194 1578 contristare
1238 1523 1294 1575 te
1338 1519 1526 1584 debet,
1560 1518 1609 1574 si
1646 1517 1842 1573 anima

177 1614 454 1689 profectu
485 1612 715 1668 virtutis
747 1610 985 1683 impleta
1016 1626 1150 1664 cum
1184 1607 1373 1675 fuerit,
1391 1612 1591 1679 postea
1622 1623 1723 1679 per
1751 1608 1842 1660 in-

180 1702 590 1762 constantiam
623 1700 857 1766 mentis,
891 1704 1065 1770 atque
1091 1697 1378 1754 incuriam
1411 1714 1444 1750 a
1476 1713 1581 1753 suo
1622 1697 1843 1751 deﬂexa

180 1791 493 1867 proposito
539 1790 736 1846 studia
792 1805 926 1844 sua-
956 1803 1104 1858 sape
1161 1789 1517 1842 commutet:
1554 1785 1708 1856 quod
1753 1787 1844 1839 est

182 1880 546 1954 insipientia
593 1883 650 1934 et
698 1877 1036 1934 inscientia.
1069 1875 1232 1931 Unde
1279 1878 1336 1930 et
1375 1875 1665 1947 scriptura
1702 1873 1784 1929 ait
1826 1892 1838 1929 :
1872 1911 1919 1975 B

185 1971 404 2029 Stultus
450 1973 509 2024 ut
553 1969 688 2023 luna
734 1969 982 2022 mutatur
1010 1965 1199 2037 (Eccli.
1245 1966 1443 2028 XXVIII,
1477 1963 1583 2035 12).
1616 1963 1686 2017 Et
1715 1963 1842 2018 ideo

184 2060 433 2133 sapiens
487 2075 603 2113 non
652 2072 786 2112 cum
836 2055 977 2109 luna
1009 2057 1288 2120 mutatur,
1331 2053 1431 2107 sed
1482 2050 1846 2124 permanebit

187 2165 332 2207 cum
364 2146 486 2204 sole
515 2147 686 2212 (Psal.
722 2161 868 2210 LXXI,
900 2144 976 2215 5).
1011 2142 1173 2198 Unde
1222 2158 1336 2196 non
1383 2139 1525 2196 luna
1576 2143 1664 2195 est
1721 2157 1848 2212 par-

184 2239 381 2310 ticeps
409 2235 705 2292 stultitia:
732 2233 872 2305 quia
903 2249 1016 2288 non
1048 2230 1188 2285 luna
1219 2234 1482 2285 mutatur
1511 2233 1576 2283 ut
1607 2227 1844 2297 stultus,

189 2328 294 2385 sed
333 2324 554 2380 stultus
586 2326 650 2379 ut
674 2322 836 2378 luna.
863 2319 1123 2392 Denique
1147 2335 1344 2374 semen
1369 2316 1517 2389 justi
1543 2316 1850 2373 sicutluna

190 2415 454 2489 perfecta
483 2413 542 2468 in
574 2406 864 2468 aeternum
892 2412 1106 2477 manet,
1139 2411 1196 2462 et
1226 2406 1392 2462 testis
1424 2407 1482 2461 in
1513 2405 1657 2461 coelo
1709 2406 1849 2461 ﬁde-

192 2505 267 2575 lis
294 2503 473 2576 (Psal.
508 2517 770 2566 Lxxxvm,
797 2498 910 2569 38).
943 2497 1113 2552 Aliud
1164 2496 1322 2551 enim
1374 2498 1462 2550 est
1519 2494 1683 2566 fungi
1741 2494 1848 2548 mi-

195 2590 462 2658 nisterio.
498 2588 658 2645 aliud
707 2585 1068 2643 circumferri
1116 2582 1370 2657 ingenio,
1403 2588 1460 2639 et
1499 2599 1707 2639 sensus
1756 2582 1850 2637 in-

195 2683 484 2739 ﬁrmitate
516 2681 689 2735 ﬁxam
720 2694 836 2733 non
867 2676 1080 2731 habere
1133 2671 1502 2730 sententiam.
1541 2673 1704 2727 Luna
1747 2688 1850 2743 pro

198 2776 253 2828 te
291 2771 608 2836 laborat,et
655 2770 891 2840 propter
935 2765 1290 2820 voluntatem
1325 2761 1422 2816 Dei
1453 2761 1690 2816 subdita
1741 2764 1848 2816 est.

199 2859 461 2917 Vanitati
494 2857 649 2913 enim
695 2858 960 2912 creatura
1009 2853 1272 2922 subjecta
1319 2854 1406 2908 est
1453 2867 1569 2906 non
1623 2853 1849 2922 sponte,

203 2950 302 3005 sed
337 2950 578 3021 propter
603 2960 737 3000 eum
769 2943 869 3015 qui
901 2941 1149 3013 subjecit
1179 2941 1240 2996 in
1271 2957 1373 3011 spe
1404 2940 1576 3010 (Rom.
1611 2939 1848 3005 vm,20).

99 3025 106 3030 ’
202 3037 309 3108 Illa
338 3051 480 3108 ergo
511 3050 628 3090 non
659 3036 866 3105 sponte
897 3034 1159 3086 mutatur
1191 3046 1203 3083 :
1238 3033 1300 3084 tu
1341 3033 1546 3101 sponte
1581 3027 1850 3083 mutaris.

204 3125 308 3184 Illa
339 3120 723 3196 congemiscit
752 3124 808 3176 et
838 3118 1219 3190 comparlurit
1271 3116 1329 3172 in
1381 3134 1488 3172 sua
1531 3116 1854 3171 mutatione

206 3213 365 3286 (Ibid.
397 3215 488 3278 2‘2)
523 3228 534 3266 :
568 3215 631 3266 tu
663 3226 778 3264 non
809 3205 1107 3279 intelligis,
1141 3209 1198 3262 et
1226 3204 1541 3277 gratularis
1590 3204 1856 3275 frequen-

1944 629 2005 684 in
2037 627 2288 683 Canticis
2316 626 2598 683 Dominus
2643 628 2713 683 de
2760 645 2867 684 sua
2914 647 3131 702 sponsa
3161 633 3240 689 ait
3274 652 3286 689 :
3323 634 3590 704 Quanam

1944 725 2022 773 est
2077 717 2194 773 haec
2242 717 2582 788 prospiciens
2637 719 2901 788 tanquam
2967 721 3293 789 diluculum,
3350 728 3591 798 speciosa

1945 807 2086 861 sicut
2133 807 2286 871 luna,
2336 806 2501 860 electa
2549 814 2611 860 ut
2655 807 2735 860 sol
2783 807 2960 873 (Cant.
3009 827 3086 878 vr,
3133 811 3228 879 9)?
3275 817 3340 868 Et
3384 815 3588 871 merito

1947 895 2209 969 speciosa
2239 895 2392 950 sicut
2420 895 2560 950 luna
2589 894 2866 965 Ecclesia,
2910 914 3034 970 qua
3083 904 3201 956 toto
3250 906 3471 964 mundo
3501 923 3591 963 re-

1949 984 2131 1054 fulsit,
2163 987 2219 1039 et
2249 987 2518 1039 tenebras
2568 985 2762 1040 saeculi
2805 985 2981 1056 hujus
3027 988 3374 1048 illuminans
3405 995 3544 1050 dicit
3577 1012 3590 1049 :

1948 1075 2065 1130 No.1:
2095 1075 2392 1145 praecessit,
2425 1073 2538 1129 dies
2567 1077 2750 1129 autem
2778 1079 3237 1150 apprOpinquavit
3267 1082 3439 1152 (Rom.
3472 1101 3594 1150 xm,

1951 1163 2059 1234 12).
2094 1161 2341 1218 Pulchre
2373 1163 2472 1231 ait,
2507 1164 2863 1235 Prospiciens,
2898 1167 3067 1238 quasi
3120 1185 3258 1226 suos
3304 1171 3375 1228 de
3421 1189 3594 1246 supe-

1950 1251 2098 1307 riore
2145 1255 2543 1322 prospectans,
2598 1253 2750 1307 sicut
2794 1253 2974 1311 habes
3028 1275 3040 1312 :
3100 1259 3197 1315 78
3231 1263 3498 1318 Dominus
3533 1264 3598 1319 de

1949 1339 2078 1395 caelo
2104 1341 2381 1410 prospexit
2421 1355 2583 1411 super
2628 1342 2772 1411 ﬁlios
2818 1343 3104 1402 hominum
3147 1347 3316 1419 (Psal.
3360 1370 3481 1416 xm,
3512 1357 3594 1422 2).

1953 1427 2318 1500 Prospiciens
2349 1443 2485 1500 ergo
2516 1428 2788 1498 Ecclesia,
2823 1432 2975 1488 sicut
3020 1434 3159 1491 luna
3207 1440 3464 1497 defectus
3499 1444 3597 1499 ba-

1951 1516 2048 1573 bet
2079 1521 2135 1572 et
2166 1521 2328 1572 ortus
2361 1517 2692 1590 frequentes
2725 1535 2738 1573 :
2773 1521 2872 1576 sed
2898 1522 3221 1583 defectibus
3239 1529 3368 1585 suis
3398 1532 3596 1599 crevit,

1951 1609 2009 1662 et
2039 1605 2131 1660 bis
2165 1607 2377 1662 meruit
2438 1607 2730 1680 ampliari,
2761 1609 2900 1665 dum
2955 1617 3460 1683 persecutionibus
3491 1621 3599 1676 mi-

1951 1694 2154 1749 nuitur
2195 1699 2252 1750 et
2290 1696 2690 1752 confessorum
2740 1700 3036 1769 martyriis
3091 1710 3419 1762 coronatur.
3470 1709 3599 1765 Hac

1951 1787 2040 1839 est
2076 1799 2212 1839 vera
2261 1783 2421 1852 luna,
2456 1801 2584 1856 qua
2638 1787 2708 1841 de
2759 1787 2954 1844 fratris
3003 1791 3094 1845 sui
3142 1791 3272 1849 luce
3323 1803 3603 1869 perpetua

1951 1871 2147 1928 lumen
2183 1872 2293 1928 sibi
2326 1873 2784 1930 immortalitatis
2814 1880 2870 1932 et
2899 1878 3100 1948 gratia
3123 1887 3444 1941 mutuatur.
3462 1888 3601 1943 Ful-

1953 1966 2049 2033 get
2079 1961 2234 2016 enim
2267 1962 2522 2018 Ecclesia
2554 1980 2668 2019 non
2702 1981 2829 2032 suo,
2864 1967 2964 2022 sed
2999 1968 3212 2024 Christi
3249 1971 3508 2043 lumine;
3542 1982 3601 2033 et

1955 2049 2321 2121 splendorem
2350 2050 2461 2106 sibi
2492 2053 2734 2108 arcessit
2764 2055 2834 2109 de
2865 2054 2995 2111 Sole
3008 2057 3276 2126 justitia,
3308 2066 3374 2117 ut
3393 2063 3550 2121 dicat
3584 2083 3596 2120 :

1960 2140 2083 2195 Vivo
2113 2147 2292 2194 autem
2315 2141 2437 2212 jam
2483 2157 2594 2196 non
2623 2158 2737 2212 ego,
2771 2144 2907 2199 vivit
2935 2149 3116 2201 autem
3145 2149 3208 2202 in
3243 2166 3330 2204 me
3359 2151 3601 2210 Christus

1956 2227 2156 2296 (Galat.
2188 2246 2246 2296 ιι,
2277 2230 2389 2300 20).
2441 2229 2617 2286 Beata
2669 2231 2840 2302 plane
2900 2250 3026 2304 qua
3085 2239 3314 2294 tantum
3372 2241 3603 2315 insigne

1959 2317 2258 2372 meruisti!
2292 2317 2454 2373 Unde
2502 2324 2557 2373 te
2608 2335 2721 2374 non
2772 2321 2889 2376 tuis
2941 2325 3282 2397 neomeniis,
3318 2329 3435 2385 sed.
3467 2335 3602 2404 typo

1962 2405 2223 2463 Ecclesia
2273 2407 2502 2462 beatam
2555 2407 2822 2464 dixerim.
2875 2411 2938 2466 In
2970 2411 3087 2470 illis
3135 2415 3289 2473 enim
3331 2421 3512 2477 servis
3543 2423 3601 2477 in

1959 2496 2070 2551 hoc
2097 2493 2376 2567 diligeris.
2770 2556 2774 2561 ,

2029 2584 2117 2638 33.
2152 2585 2337 2650 Quam
2376 2583 2685 2640 ridiculum
2735 2590 2928 2643 autem
2979 2593 3132 2661 quod
3165 2597 3220 2648 te
3259 2593 3606 2670 plerumque

1961 2672 2206 2728 credunt
2234 2671 2502 2728 homines
2525 2674 2771 2747 magicis
2802 2677 3158 2735 carminibus
3181 2698 3353 2754 posse
3376 2685 3603 2742 deduci!

1959 2760 2156 2817 Aniles
2185 2759 2307 2815 ista
2340 2760 2568 2826 fabula,
2602 2777 2667 2818 ac
2696 2763 2854 2836 vulgi
2890 2767 3214 2838 opiniones.
3260 2772 3401 2837 Quis
3451 2775 3603 2832 enim

1965 2867 2112 2922 opus
2143 2849 2243 2905 Dei
2277 2853 2436 2905 tanto
2468 2850 2794 2910 ministerio
2832 2853 3175 2926 deputatum
3226 2862 3610 2921 arbitraretur

1961 2937 2288 2994 Chaldaicis
2305 2940 2820 3010 superstitionibus
2839 2960 3008 3015 posse
3027 2948 3267 3003 tentari?
3286 2951 3509 3024 Lapsus
3532 2956 3611 3010 sit

1961 3026 2078 3092 ille,
2111 3027 2210 3098 qui
2256 3043 2318 3082 se
2363 3029 2746 3100 transﬁgurat
2792 3031 2852 3086 in
2903 3034 3172 3106 angelum
3219 3037 3389 3106 lucis,
3421 3046 3480 3098 et
3511 3043 3608 3099 de-

1963 3116 2175 3171 ductus
2205 3116 2501 3170 voluntate
2531 3118 2902 3189 propria,non
2941 3124 3268 3182 carminum
3301 3132 3606 3200 potestate.

1967 3205 2117 3261 Sane
2161 3208 2218 3259 et
2264 3205 2322 3258 in
2374 3205 2483 3260 hoc
2533 3207 2699 3276 quasi
2751 3207 3004 3265 Ecclesia
3051 3214 3275 3283 putaris
3323 3233 3495 3287 posse
3540 3221 3610 3276 de

205 3279 312 3359 ter.
348 3299 457 3356 Illa
485 3303 651 3355 tuam
683 3296 1143 3368 redemptionem
1173 3294 1503 3366 frequenter
1545 3297 1856 3365 exspectat,
1891 3279 1933 3346 C
1967 3293 2091 3349 loco
2150 3297 2251 3348 tuo
2310 3296 2366 3348 et
2396 3292 2644 3349 statione
2697 3295 2926 3351 deduci.
2964 3279 3127 3353 Multi
3161 3279 3388 3358 tentant
3417 3306 3608 3363 Eccle-

209 3395 272 3458 ut
311 3407 347 3446 a
395 3386 696 3446 communi
740 3385 922 3442 totius
971 3387 1245 3440 creatura
1277 3380 1509 3438 servitio
1539 3380 1852 3438 liberetur:

210 3484 271 3535 tu
303 3483 361 3534 et
389 3481 504 3532 tua
536 3472 942 3546 redemptioni,
977 3476 1034 3528 et
1063 3471 1222 3526 illius
1251 3469 1503 3526 libertati
1538 3470 1707 3525 affers
1746 3470 1856 3524 im-

209 3568 636 3640 pedimentum.
669 3555 808 3619 Tua
836 3577 1117 3634 ergo,uon
1149 3576 1267 3615 sua
1301 3558 1560 3615 stultitia
1583 3559 1856 3631 est,quod

209 3656 348 3712 dum
381 3660 444 3710 tu
469 3651 843 3726 exspectaris,
875 3654 931 3706 et
961 3666 1065 3708 nec
1095 3663 1223 3705 sero
1264 3647 1632 3714 converteris,
1667 3647 1858 3702 adhuc

211 3749 266 3802 et
296 3743 400 3800 illa
433 3745 762 3798 mutantur.

277 3835 366 3890 32.
391 3831 522 3888 Noli
552 3847 688 3904 ergo
718 3829 919 3885 lunam
952 3827 1118 3884 oculo
1144 3827 1230 3883 tui
1261 3825 1520 3898 corporis
1549 3825 1858 3893 aestimare,

213 3923 310 3979 sed
341 3920 560 3979 mentis
605 3918 924 3974 vivacitate.
955 3915 1240 3973 Minuitur
1281 3914 1424 3970 luna
1469 3918 1534 3969 ut
1576 3913 1862 3969 elementa

213 4011 449 4084 repleat.
481 4009 601 4066 Hoc
647 4012 735 4064 est
779 4023 911 4062 vere
959 4005 1178 4078 grande
1211 4003 1574 4076 mysterium.
1617 4002 1862 4058 Donavit

212 4099 320 4156 hoc
334 4099 384 4155 ei
406 4097 508 4170 qui
527 4096 802 4153 omnibus
833 4095 1069 4151 donavit
1088 4090 1693 4166 gratiam.Exinanivit
1708 4107 1859 4160 eam,

220 4193 282 4243 ut
311 4187 534 4260 repleat
582 4185 682 4256 qui
713 4183 886 4240 etiam
937 4199 998 4238 se
1048 4181 1383 4248 exinanivit,
1419 4183 1484 4236 ut
1530 4195 1734 4234 omnes
1773 4197 1860 4234 re-

214 4275 412 4349 pleret.
464 4273 794 4330 Exinanivit
821 4271 977 4328 enim
1012 4288 1073 4327 se
1104 4273 1169 4326 ut
1201 4269 1578 4326 descenderet
1624 4267 1795 4323 nobis
1846 4286 1858 4323 :

217 4365 517 4422 descendit
557 4362 726 4418 nobis
774 4365 840 4416 ut
886 4360 1225 4416 ascenderet
1272 4358 1566 4414 omnibus.
1613 4357 1866 4412 Ascendit

215 4455 389 4522 enim,
422 4451 638 4525 inquit,
670 4467 835 4522 super
865 4465 1047 4504 omnes
1078 4449 1234 4504 caelos
1279 4451 1339 4502 ut
1384 4448 1634 4519 impleret
1676 4449 1864 4501 omnia

217 4542 425 4615 (Ephes.
471 4558 546 4609 ιν,
599 4539 707 4611 10).
758 4540 958 4610 Itaque
1011 4537 1112 4611 qui
1160 4536 1489 4592 exinanitus
1527 4535 1858 4601 advenerat,

218 4630 284 4686 de
334 4629 703 4704 plenitudine
759 4645 866 4683 sua
923 4624 1220 4700 apostolos
1281 4623 1638 4695 adimplevit.
1698 4623 1862 4679 Unde
1895 4645 1941 4710 Ι)

218 4736 365 4777 unus
391 4737 461 4776 ex
485 4719 581 4774 his
611 4717 752 4773 dicit
784 4733 796 4771 :
829 4716 978 4773 Nam
1032 4715 1096 4771 de
1139 4713 1487 4786 plenitudine
1515 4714 1634 4785 ejus
1682 4729 1867 4768 omnes

218 4825 311 4863 nos
365 4810 672 4880 accepimus
700 4807 855 4862 Joan.
889 4823 930 4875 1,
976 4806 1001 4858 1
1049 4805 1085 4876 ).
1135 4804 1284 4875 Ergo
1343 4801 1714 4856 annuntiavit
1770 4801 1865 4857 lu-

220 4905 290 4952 na
317 4896 663 4970 mysterium
694 4893 926 4950 Christi.
955 4893 1081 4948 Non
1115 4889 1424 4947 mediocris
1473 4891 1532 4944 in
1583 4906 1702 4961 qua
1748 4890 1864 4963 sig-

221 5001 356 5040 num
386 4985 586 5058 posuit
615 5000 820 5049 suum;
858 4993 972 5037 non
1003 4979 1314 5036 mediocris
1347 4996 1474 5052 qua
1521 4983 1727 5051 typum
1780 4979 1865 5034 di-

218 5071 371 5128 lecta
426 5073 605 5130 habet
660 5070 950 5137 Ecclesia,
1004 5069 1158 5142 quod
1229 5068 1523 5140 signiﬁcat
1576 5067 1867 5140 Propheta

220 5159 413 5219 dicens
446 5179 461 5218 :
491 5164 701 5219 orietur
730 5164 790 5217 in
819 5160 1006 5216 diebus
1059 5161 1173 5231 ejus
1211 5159 1450 5230 justitia,
1484 5159 1533 5211 et
1579 5157 1865 5211 abundan-

223 5305 430 5371 iterum,
462 5309 572 5360 etc.
604 5301 750 5358 Edit.
786 5319 942 5371 vero,
973 5304 1105 5374 quia
1142 5301 1329 5358 omnia
1373 5314 1444 5355 ea:
1483 5299 1680 5366 nihilo,
1732 5302 1864 5364 etc._.

224 5379 282 5428 ut
309 5376 367 5430 in
401 5379 696 5431 contextu.

291 5446 400 5517 (75)
431 5447 573 5502 Mss.
603 5444 848 5517 aliquot,
881 5444 1197 5517 sagacitatis
1204 5459 1242 5517 _:
1267 5440 1371 5517 alii
1399 5438 1864 5517 nonnulli,sacri-

228 5512 352 5586 leg'a
379 5512 560 5582 artis;
587 5512 808 5587 pluras,
838 5512 983 5586 saga
1012 5515 1170 5570 artis.
1204 5513 1380 5582 Edit.,
1421 5512 1652 5580 magica
1689 5512 1868 5576 ams;

225 5588 371 5658 quod
401 5586 618 5658 eodem,
637 5586 859 5642 recidit.

289 5658 398 5729 (76)
432 5659 544 5715 Ms.
596 5657 746 5729 can,
796 5659 1052 5729 Humum,
1103 5657 1263 5729 Ben,
1308 5654 1583 5729 Etymum,
1637 5651 1761 5722 Big.
1813 5655 1870 5705 et

229 5722 410 5799 Gemi,
456 5732 608 5799 Jeu.,
640 5722 790 5785 Can.
828 5722 1019 5801 prima
1063 5732 1119 5782 et
1165 5725 1328 5783 Gem.
1363 5722 1620 5780 secunda
1664 5737 1866 5788 manu,

1968 3381 2116 3437 siam
2169 3399 2180 3436 :
2239 3381 2338 3436 sed
2399 3397 2549 3453 saga
2607 3381 2750 3437 artis
2809 3383 2917 3456 (75)
2975 3386 3024 3440 ei
3085 3389 3347 3446 carmina
3403 3409 3610 3452 nocere

1967 3487 2082 3525 non
2116 3473 2381 3541 possunt.
2415 3469 2570 3524 Nihil
2601 3470 2990 3530 incantatores
3020 3474 3232 3544 valent,
3268 3480 3366 3535 ubi
3399 3481 3610 3540 Christi

1967 3558 2258 3614 canticum
2291 3558 2548 3630 quotidie
2580 3560 2940 3618 decantatur.
2976 3563 3160 3622 Habet
3191 3567 3611 3630 incantatorem

1968 3664 2142 3706 suum
2174 3647 2487 3704 Dominum
2536 3648 2762 3720 Jesum,
2795 3667 2898 3722 per
2944 3669 3115 3724 quem
3162 3674 3467 3733 magorum
3523 3662 3610 3717 in-

1967 3737 2328 3794 cantantium
2375 3737 2655 3804 carmina,
2705 3742 2762 3794 et
2807 3747 3144 3813 serpentum
3203 3763 3425 3805 venena
3481 3767 3612 3807 eva-

1967 3826 2256 3883 cuavit:et
2285 3826 2415 3897 ipsa
2444 3825 2597 3882 sicut
2627 3843 2868 3900 serpens
2899 3830 3182 3889 exaltatus
3201 3835 3437 3893 devorat
3457 3839 3612 3894 colu-

1968 3916 2105 3970 bros
2135 3913 2534 3987 )Egyptiorum
2553 3914 2748 3982 ;ferale
2768 3916 2899 3972 licet
2920 3901 3154 3976 carmen
3178 3923 3612 3996 immurmuret,

1969 4004 2274 4059 hebetatur
2323 4002 2382 4056 in
2431 4001 2643 4058 Christi
2678 4005 2932 4061 nomine.
2969 4007 3063 4063 Sic
3106 4013 3162 4064 et
3212 4011 3474 4084 Elymam
3505 4018 3616 4085 (76)

1972 4107 2212 4165 magum
2245 4089 2461 4146 Paulus
2511 4106 2627 4145 non
2656 4090 2846 4148 solum
2895 4111 3048 4168 saga
3080 4097 3222 4154 artis
3255 4099 3613 4175 inﬁrmitate,

1971 4182 2072 4237 sed
2104 4180 2278 4235 etiam
2312 4177 2613 4234 oculorum
2639 4181 2955 4237 amissione
2985 4186 3213 4241 cacavit
3235 4188 3614 4266 (Act.xm,1l).

1971 4269 2065 4326 Sic
2094 4269 2298 4323 Petrus
2330 4266 2628 4323 Simonem
2662 4268 2776 4324 alia
2806 4269 2933 4324 coeli
2957 4274 3181 4346 magico
3202 4276 3394 4333 volatu
3420 4285 3616 4352 peten-

1970 4355 2404 4428 tem,dissoluta
2424 4355 2754 4412 carminum
2773 4362 3293 4435 potestate,dejecit
3314 4371 3364 4422 et
3393 4369 3614 4426 stravit.

2615 4463 2844 4521 CAPUT
2883 4465 2976 4522 IX.

1974 4552 2256 4629 Conclusio
2286 4554 2472 4629 quarti
2500 4550 2627 4629 diei.
2665 4553 2841 4629 Quam
2885 4572 3091 4613 vanum
3134 4563 3205 4615 sit
3234 4578 3358 4618 eum
3387 4581 3574 4623 cavere
3596 4585 3617 4629 ,-

2044 4623 2631 4750 iﬁougdejnteumdem
2654 4625 2967 4682 daemonum
3008 4647 3072 4686 ac
3116 4635 3410 4700 gentilium
3447 4623 3617 4710 alien;

2191 4711 2337 4750 eriva
2366 4711 2420 4750 a.

2191 4711 2337 4750 ενῑυιι
2345 4711 2420 4750 ια.

2045 4803 2134 4857 3i.
2182 4800 2447 4872 Pulchre,
2499 4805 2564 4857 ut
2617 4803 2886 4875 arbitror,
2937 4807 3113 4864 cessit
3168 4811 3292 4867 dies
3351 4818 3616 4884 quartus.

1975 4891 2274 4958 Quomodo
2329 4906 2465 4963 ergo
2533 4896 2808 4962 quartum
2878 4893 3141 4969 plerique
3199 4908 3622 4959 consueverunt

1977 4983 2260 5044 cavere,et
2289 4976 2494 5033 inutile
2521 4983 2730 5050 putant
2760 4981 2866 5036 hoc
2898 4999 3142 5040 numero
3164 4986 3386 5058 aliquid
3419 4991 3617 5059 ordiri,

1976 5067 2130 5137 quod
2152 5069 2312 5121 totus
2342 5083 2490 5122 nova
2511 5066 2639 5122 luce
2662 5071 2920 5126 mundus
2942 5071 3228 5128 emicuit?
3251 5076 3337 5130 An
3364 5076 3621 5136 sinistris

1976 5155 2062 5211 sol
2092 5154 2264 5228 capit
2294 5155 2610 5227 auspiciis?
2643 5157 2709 5211 Et
2739 5158 3031 5231 quomodo
3062 5160 3192 5217 aliis
3236 5167 3425 5235 potest
3468 5166 3622 5226 bona

1978 5299 2319 5379 Ilgmenum;
2349 5296 2533 5379 Corb.‘
2554 5313 2730 5379 unus,
2764 5303 2995 5379 _Bmy'eu_
3024 5320 3047 5379 :_
3089 5301 3306 5379 Elimas
3337 5310 3463 5362 Act.
3496 5326 3620 5379 xm,

1975 5367 2354 5448 alionom‘ine
2377 5371 2617 5448 vocatur
2647 5367 2999 5448 B_arjesu',vel
3023 5375 3449 5448 juxtaaliquos
3474 5367 3618 5438 mss:

1976 5437 2205 5517 Darjeu.
2237 5439 2309 5491 At
2329 5437 2548 5517 ‘n'ullibi
2582 5437 2832 5517 legimus
2864 5460 2999 5517 eum
3023 5437 3397 5517 appellatum
3439 5437 3623 5509 fuisse

1976 5507 2345 5600 Elymum:qu
2376 5507 3137 5600 ῌὶχρθιιθὺιηιηῆιηευὶἀθῐιί
3179 5520 3396 5600 mentio
3447 5507 3622 5578 unius

1976 5578 2280 5660 Hymenei,
2313 5578 2335 5633 Ι
2367 5578 2542 5660 “Tim.
2577 5587 2704 5660 1,.e‘t
2761 5587 2808 5637 ll
2865 5578 3012 5660 'l‘irn.
3042 5604 3132 5660 _1_I,
3179 5589 3277 5644 oui
3333 5589 3622 5648 hereseos

1977 5656 2177 5706 notam
2226 5651 2409 5721 inurit
2455 5651 2770 5721 Apostolus
2822 5670 2834 5707 :
2887 5657 2987 5711 sed
3037 5651 3203 5711 illum
3252 5661 3526 5716 eumdem
3558 5679 3623 5716 ac

1977 5721 2230 5778 Elimam
2267 5720 2451 5778 fuisse
2480 5719 2679 5778 nullus
2709 5722 2937 5781 dixerit.
