3910 6210
217 361 337 427 219

1671 362 1736 424 8.
1783 359 2167 426 AMBROSII

3501 364 3622 429 220

217 498 468 572 signare,
491 494 589 570 qui
622 495 733 554 sibi
765 493 977 571 eligere
1009 493 1163 554 diem
1195 492 1287 553 sui
1321 494 1563 553 nescivit
1593 493 1857 553 exortus?
1885 506 1941 573 Α
1971 499 2124 551 artes
2155 511 2294 552 suas
2323 509 2526 552 vacare
2555 491 2822 569 coepisse,
2857 496 2914 554 et
2961 493 3208 570 populos
3253 495 3504 571 gentiles
3548 497 3620 554 ad

215 590 329 644 Aut
357 573 652 661 quomodo
683 587 851 660 signa
875 588 1002 658 ejus
1033 587 1299 658 probant,
1325 587 1493 657 cujus
1525 590 1716 641 ortum
1742 603 1856 641 non

215 677 500 749 probant?
549 676 691 742 Quid
745 676 918 731 etiam
976 675 1044 729 de
1103 675 1242 730 luna
1297 675 1572 738 dicimus,
1631 691 1758 746 quae
1803 678 1860 729 et

216 771 423 837 quarto
452 766 544 820 die
576 765 766 837 coepit,
803 768 858 818 et
915 768 1123 835 quarta
1170 764 1398 818 decima
1455 764 1608 817 diem
1664 763 1859 835 signat

216 854 585 924 salutis(‘77)?
611 856 696 908 An
728 851 993 924 dieplicet
1037 869 1338 917 numerus,
1374 869 1488 922 quo
1533 851 1858 906 celebratur

215 943 557 1015 mysterium
619 940 1072 1012 redemptionis?
1132 941 1263 995 Ideo
1323 941 1612 995 daemones
1681 939 1856 995 decli-

214 1033 472 1087 nandum
509 1031 626 1084 fore
660 1029 1012 1102 persuadent
1053 1046 1365 1084 numerum
1414 1046 1569 1098 eum,
1605 1045 1717 1100 quo
1767 1045 1858 1084 e0-

214 1137 342 1176 rum
401 1121 701 1175 destructa
751 1118 1010 1189 nequitia
1071 1123 1176 1173 est.
1220 1118 1354 1172 Ideo
1410 1117 1657 1189 gentiles
1709 1117 1853 1172 nihil

211 1209 596 1266 adoriendum
655 1211 947 1273 asserunt,
1008 1207 1146 1278 quia
1202 1207 1396 1262 sciunt
1431 1211 1569 1261 tunc
1598 1206 1853 1278 primum

1968 584 2226 641 Ecclesia
2282 585 2663 658 demigrasse.
2717 587 2941 642 Lunam
3000 592 3154 643 certe
3215 591 3510 660 quartam,
3572 587 3622 643 si

1969 691 2116 746 pura
2148 675 2338 742 fuerit,
2375 691 2564 747 neque
2595 675 2823 731 obtusis
2855 675 3152 744 cornibus,
3188 677 3326 732 dare
3375 676 3621 749 reliquis

1968 762 2173 818 diebus
2205 780 2392 835 usque
2423 764 2493 819 ad
2526 769 2790 820 exactum
2823 781 3085 820 mensem
3136 765 3420 823 indicium
3473 783 3623 822 sere~

1969 852 2170 908 uitatis
2206 856 2302 909 79
2334 853 2686 909 existimant.
2724 852 2944 909 Nolunt
2997 871 3134 926 ergo
3185 855 3406 910 eisdem
3456 871 3621 910 exor-

1968 941 2080 996 diis
2110 941 2402 1007 inchoare,
2433 941 2649 1014 quibus
2678 942 2961 998 serenitas
2994 943 3320 999 inchoatur.
3353 944 3465 999 Sed
3493 945 3619 1014 jam

1967 1031 2290 1086 cavendum
2325 1047 2396 1087 ne
2429 1031 2598 1087 nobis
2644 1032 2704 1085 in
2750 1045 3017 1087 sermone
3044 1032 3169 1087 dies
3221 1037 3469 1104 quartus
3519 1033 3621 1089 80

1967 1119 2222 1188 occidat;
2247 1120 2464 1175 cadunt
2494 1120 2649 1176 enim
2673 1120 2894 1175 umbrae
2918 1121 3173 1191 majores
3197 1121 3266 1177 de
3290 1119 3619 1186 montibus,

1965 1207 2164 1263 lumen
2198 1208 2508 1278 minuitur,
2541 1210 2751 1266 umbra
2780 1208 3138 1266 cumulatur.

282 1363 393 1432 (77)
425 1360 695 1416 Nonnulli
729 1376 895 1424 mss.,
927 1363 978 1414 et
1007 1361 1198 1431 quinta
1227 1357 1436 1414 decima
1465 1358 1554 1412 die
1576 1359 1738 1426 signa
1767 1359 1981 1413 salutis.

1418 1749 1762 1834 LIBER
1837 1749 2396 1861 QUINTUS.

1285 1927 1406 1986 DE
1467 1925 1795 1986 OPERE
1858 1926 2218 1997 QUINTI
2281 1928 2528 1992 DIEI.

455 2282 550 2337 79
590 2279 820 2334 CAPUT
861 2275 1168 2332 PRIMUM.
1211 2275 1435 2344 (Sermo
1465 2273 1612 2345 VII.)

209 2372 428 2430 Ornatis
458 2369 830 2440 superioribus
852 2366 1064 2440 duobus
1089 2365 1389 2440 elementis,
1431 2363 1580 2416 mari
1623 2363 1851 2440 propria

273 2434 641 2514 praerogativa
669 2437 997 2514 conceditur.
1052 2436 1386 2514 Describitur
1416 2450 1705 2514 _aquarum
1730 2434 1850 2514 obe-

275 2505 504 2576 dientia.
564 2528 628 2566 ac
673 2513 817 2585 inira
869 2507 1196 2585 fecunditas,
1256 2523 1364 2578 qua
1410 2507 1566 2585 ltomo
1624 2505 1849 2585 gustatis

276 2585 583 2641 interdictis
642 2575 904 2636 abutitur.
964 2581 1191 2634 Demum
1261 2575 1558 2634 ostenditur
1622 2575 1850 2647 reptilia

273 2674 381 2712 non
412 2655 566 2711 modo
595 2660 865 2725 serpentes
885 2653 1136 2716 vocitari,
1166 2649 1258 2705 sed
1287 2651 1455 2704 etiam
1474 2651 1668 2719 pisces.

275 2747 326 2801 1.
358 2744 582 2800 Vestita
612 2741 856 2798 diversis
885 2745 1040 2795 terra
1070 2737 1435 2811 germinibus
1464 2736 1687 2790 virebat
1723 2751 1846 2789 om-

206 2833 535 2899 nis,ca:lum
567 2847 798 2902 quoque
830 2828 950 2884 sole
976 2833 1030 2882 et
1060 2827 1220 2894 luna,
1250 2824 1501 2898 geminis
1531 2824 1726 2879 vultus
1757 2824 1847 2879 sui

201 2922 548 2986 luminibus,
582 2919 1002 2987 stellarumque
1040 2915 1388 2986 insignitum
1421 2914 1624 2968 decore
1663 2911 1846 2986 fulge-

202 3011 322 3066 bat.
356 3010 669 3080 Supererat
700 3005 1052 3061 elementum
1083 3004 1342 3069 tertium,
1375 3018 1535 3057 mare
1567 3001 1786 3058 scilicet
1830 3017 1843 3056 :

203 3103 271 3155 ut
326 3102 383 3153 et
441 3096 552 3169 ipsi
613 3095 799 3168 gratia
853 3091 1257 3149 vivificationis
1287 3091 1480 3147 divino
1521 3091 1848 3164 proveniret

203 3203 465 3243 munere.
508 3185 770 3240 [Ethereo
823 3184 978 3238 enim
1038 3181 1244 3254 spiritu
1303 3197 1506 3236 omnes
1561 3184 1844 3235 terrarum

199 3277 352 3332 {etus
414 3274 673 3330 aluntur.
735 3274 913 3328 Terra
967 3287 1199 3344 quoque
1248 3269 1474 3326 semina
1531 3267 1844 3336 resolvens,

201 3364 471 3420 universa
501 3363 752 3417 viviﬁcat
784 3379 797 3417 :
831 3365 888 3416 et
915 3359 1169 3415 maxime
1195 3364 1336 3414 tunc
1382 3357 1638 3430 primum
1671 3356 1845 3412 verbo

198 3453 298 3510 Dei
339 3454 511 3523 jussa
564 3451 929 3516 viridescere,
963 3448 1367 3505 viviﬁcationis
1426 3464 1543 3502 suae
1604 3462 1846 3501 munere

201 3540 546 3614 pullulabat.
580 3539 835 3594 Vacabat
866 3554 1038 3609 aqua,
1070 3541 1127 3593 et
1178 3554 1211 3591 a
1253 3535 1450 3591 divina
1490 3534 1844 3608 operationis

1889 2273 1937 2338 B
1969 2271 2199 2327 conchis
2244 2271 2420 2340 saxis,
2455 2276 2660 2329 ostreaa
2702 2272 3076 2329 adhaerebant
3112 2273 3439 2346 profundis,
3477 2276 3624 2332 ado-

1961 2360 2259 2416 lescebant
2289 2361 2501 2417 echini.
2537 2364 2632 2416 Vae
2675 2361 2852 2416 mihi!
2909 2366 3042 2417 ante
3089 2361 3390 2418 hominem
3441 2366 3626 2437 coepit

1960 2448 2248 2518 illecebra,
2282 2450 2644 2506 abundantia
2674 2450 2996 2522 copiarum,
3032 2455 3244 2507 nostra
3284 2455 3474 2508 mater
3523 2453 3619 2509 lu-

1957 2539 2136 2594 xuriae
2197 2539 2328 2611 (79).
2389 2541 2535 2594 Ante
2593 2538 2892 2594 hominem
2952 2539 3192 2595 deliciae.
3249 2539 3410 2595 Prior
3476 2558 3622 2615 ergo

1959 2627 2265 2682 hominum
2297 2627 2558 2694 tentatio,
2582 2644 2759 2700 quam
2800 2632 3010 2683 natura
3043 2645 3056 2684 :
3090 2629 3187 2684 sed
3223 2627 3369 2684 nihil
3403 2634 3623 2687 natura

1958 2715 2204 2788 deliquit
2247 2717 2387 2788 (80);
2439 2715 2718 2773 alimenta
2763 2717 2943 2787 dedit,
2993 2735 3107 2772 non
3155 2717 3296 2773 vitia
3344 2719 3615 2791 presseri-

1957 2805 2095 2876 psit.
2127 2805 2256 2860 Haec
2301 2805 2640 2860 communia
2687 2805 2866 2871 dedit,
2919 2822 2990 2861 ne
3039 2805 3146 2860 tibi
3196 2806 3394 2878 aliqua
3451 2806 3622 2863 velut

1958 2894 2190 2965 propria
2217 2893 2562 2950 vindicares.
2593 2893 2723 2950 Tibi
2751 2911 2892 2950 suos
2921 2894 3146 2950 fructus
3189 2899 3346 2950 terra
3392 2896 3615 2968 produ-

1957 2982 2063 3049 cit;
2105 2981 2210 3037 tibi
2269 2999 2464 3038 scaros
2517 2987 2575 3038 et
2632 2982 3020 3054 acipenseres,
3079 2987 3136 3038 et
3191 3000 3396 3039 omnes
3453 2985 3616 3040 fetus

1957 3086 2095 3126 suos
2125 3074 2404 3142 generant
2434 3087 2597 3142 aquaa
2630 3087 2643 3126 :
2676 3074 2752 3139 et,
2787 3069 2880 3126 his
2913 3087 3027 3126 non
3063 3074 3393 3138 contentus,
3425 3071 3616 3127 inter-

1956 3158 2110 3215 dicta
2165 3159 2270 3214 tibi
2329 3159 2609 3215 alimenta
2664 3159 2935 3232 gustasti.
2967 3160 3052 3214 Ad
3101 3158 3381 3216 invidiam
3443 3164 3614 3216 tuam

1955 3248 2153 3303 omnia
2183 3251 2596 3320 congeruntur,
2629 3252 2695 3303 ut
2723 3247 3112 3319 praevaricatio
3145 3248 3248 3304 80
3278 3251 3392 3304 tum
3423 3249 3614 3304 avidi-

1954 3336 2091 3392 tatis
2122 3341 2414 3392 oneretur.

2024 3436 2075 3490 3.
2129 3435 2240 3491 Sed
2293 3451 2483 3506 neque
2539 3451 2714 3508 quam
2773 3434 2968 3490 multa:
3027 3434 3250 3506 species
3281 3438 3338 3490 et
3367 3435 3619 3491 nomina

1954 3524 2090 3591 sint,
2116 3540 2432 3596 possumus
2463 3539 2752 3590 enarrare,
2781 3540 2906 3596 quae
2940 3523 3140 3579 omnia
3193 3527 3488 3580 memento
3519 3523 3614 3578 di-

174 3612 407 3700 ,i‘eriata
460 3627 740 3682 beneﬁcio
786 3626 1109 3681 videbatur.
1145 3627 1328 3680 Habet
1376 3624 1567 3679 adhuc
1609 3624 1914 3705 CreatorC
1951 3612 2099 3705 γίῐιεη
2155 3613 2557 3705 praeceptionis
2616 3612 2873 3705 animata
2932 3617 3088 3705 sunt.
3157 3612 3354 3705 Simul
3411 3613 3616 3705 coibat

203 3718 359 3790 quod
408 3715 490 3770 illi
549 3715 807 3771 conferat
873 3731 987 3786 quo
1048 3715 1251 3768 munia
1312 3718 1600 3768 terrarum
1657 3711 1843 3784 possit

199 3822 430 3879 aequare
464 3823 476 3860 :
511 3804 839 3859 reservabat
867 3804 940 3870 ei,
973 3807 1037 3857 ut
1066 3808 1121 3858 et
1151 3803 1275 3874 ipsa
1301 3801 1601 3872 proprium
1633 3799 1744 3855 sibi
1785 3803 1842 3855 et

199 3894 450 3968 speciale
480 3892 701 3965 aliquid
748 3891 1143 3964 prenrogativae
1175 3889 1365 3945 collati
1417 3889 1528 3944 sibi
1581 3888 1842 3944 muneris

196 3985 537 4040 vindicaret.
598 3981 927 4036 Viviﬁcavit
984 3979 1146 4052 prius
1198 3984 1371 4044 terra,
1432 3979 1530 4033 sed
1591 3995 1658 4033 ea
1715 3994 1842 4049 quae

195 4074 514 4146 epirantem
549 4071 805 4126 animam
839 4087 954 4125 non
986 4068 1473 4140 habebant.Aqua
1503 4067 1748 4136 jubetur
1777 4082 1846 4121 ea

195 4162 512 4234 producere
543 4177 668 4231 quae
697 4159 942 4215 viventis
961 4157 1169 4226 animae
1190 4157 1444 4229 vigorem
1477 4155 1846 4228 dignitatem-

195 4267 308 4322 que
343 4251 697 4321 praeferrent,
732 4254 787 4304 et
835 4263 1077 4304 sensum
1126 4247 1354 4302 tuendae
1408 4244 1637 4310 salutis,
1670 4248 1727 4298 et
1754 4243 1839 4297 fu-

194 4337 416 4409 gienda
449 4335 656 4390 mortis
688 4334 1036 4406 acciperent.

264 4428 314 4479 2.
367 4424 520 4478 Dixit
569 4423 767 4493 itaque
824 4423 998 4489 Deus,
1042 4421 1354 4477 Proclucant
1409 4434 1578 4489 aqua:
1623 4418 1846 4488 reptilia

194 4513 511 4568 animarum
567 4513 865 4565 viventium
919 4511 1215 4566 secundum
1272 4525 1462 4576 genus,
1499 4516 1550 4562 et
1595 4507 1846 4562 volatilia

193 4601 441 4656 volantia
487 4615 647 4670 super
703 4608 905 4653 terram
947 4600 1059 4669 (78)
1109 4597 1403 4654 secundum
1433 4597 1844 4666 ﬁrmamentum

193 4689 321 4744 ca’li
349 4687 504 4756 (Gen.
540 4704 578 4754 1,
611 4686 723 4758 20).
758 4686 929 4742 Venit
959 4687 1299 4741 mandatum
1349 4690 1405 4739 et
1453 4684 1644 4740 subito
1693 4701 1845 4754 aqua

187 4779 393 4850 jussos
439 4775 794 4830 fundebatur
843 4774 901 4828 in
938 4778 1142 4846 partus
1173 4791 1184 4828 :
1219 4789 1494 4844 generare
1517 4771 1840 4836 ﬂuvii,vivi-

196 4866 368 4923 ticare
397 4865 582 4930 lacus,
612 4880 772 4918 mare
805 4862 999 4934 ipsum
1051 4862 1224 4933 coepit
1275 4860 1502 4916 diversa
1548 4859 1841 4931 reptilium

195 4971 408 5029 genera
467 4953 775 5027 parturire,
817 4957 873 5008 et
928 4951 1252 5006 secundum
1309 4966 1492 5022 genus
1549 4949 1843 5005 effundere

239 5005 407 5012 """'
468 5005 775 5027 r""*"’—v
826 5005 867 5008 τί
1309 5005 1344 5022 υ

197 5005 588 5116 quodcunque
619 5042 987 5096 formaverat.
1016 5039 1141 5095 Non
1172 5038 1365 5112 exigui
1411 5038 1691 5110 gurgites,
1725 5055 1840 5093 non
1870 5005 1917 5071 D

196 5149 439 5188 cmnosae
472 5131 713 5203 paludes
743 5131 1045 5196 vacabant,
1080 5130 1221 5200 quin
1254 5127 1451 5182 omnia
1488 5129 1684 5182 datam
1731 5127 1842 5183 sibi

197 5221 429 5276 creandi
463 5225 833 5275 assumerent
860 5222 1226 5291 potestatem.
1258 5217 1450 5271 Pisces
1498 5216 1845 5271 exsiliebant

195 5309 266 5365 de
317 5309 578 5376 ﬂumine,
627 5308 932 5379 delphines
987 5306 1388 5378 prazludebant
1437 5305 1496 5359 in
1545 5304 1840 5372 fluctibus,

267 5447 380 5518 (78)
411 5448 642 5516 Septem
671 5465 812 5510 mss.
847 5449 1127 5502 omittunt
1156 5448 1275 5502 haec
1305 5448 1499 5512 verba,
1531 5464 1694 5519 super
1736 5451 1840 5501 ter-

197 5535 338 5582 ram,
371 5519 469 5572 sed
508 5520 607 5588 int.
641 5535 766 5588 cap.
799 5523 888 5583 2:,
923 5519 1176 5574 ostendit
1213 5519 1582 5584 Ambrosius,
1633 5535 1738 5574 cur
1785 5519 1841 5572 in

197 5605 366 5643 sacra
397 5587 696 5656 Scriptura
714 5587 1073 5644 habeantur.

269 5660 382 5731 (77)
409 5657 630 5713 Desunt
658 5657 717 5712 in
747 5676 890 5714 mss.
925 5660 1150 5729 aliquot
1178 5659 1265 5715 hae
1287 5675 1476 5725 voces,
1503 5660 1846 5716 abundantia

1960 3701 2145 3756 forma
2175 3701 2434 3772 corporis
2465 3705 2522 3756 et
2551 3702 2902 3773 operabatur
2947 3701 3162 3768 anima,
3195 3699 3390 3756 vitalis
3428 3700 3614 3757 etiam

1958 3789 2122 3862 vigor
2151 3788 2386 3860 reliquis
2431 3789 2664 3845 virtutis
2696 3790 2829 3863 (81).
2859 3788 3100 3862 Repleta
3128 3794 3254 3844 erat
3283 3793 3440 3845 terra
3466 3805 3611 3862 ger-

1959 3877 2239 3942 minibus,
2271 3894 2431 3933 mare
2461 3877 2770 3950 impletum
2800 3877 3319 3934 animantibus.lbi
3352 3878 3611 3934 insensi-

1953 3965 2094 4021 bilia
2124 3965 2512 4036 pullulabant,
2544 3966 2636 4022 hic
2667 3965 2970 4022 sensibilia
2997 3971 3322 4022 versantur.
3341 3967 3403 4022 In
3429 3969 3613 4026 terris

1955 4071 2186 4126 quoque
2213 4071 2365 4127 aqua
2395 4071 2533 4110 suas
2559 4055 2670 4111 sibi
2701 4055 2959 4111 vindicat
2979 4055 3616 4127 portiones.Lambunt

1952 4147 2168 4198 terram
2229 4143 2417 4215 pisces
2475 4160 2782 4217 aquarum,
2839 4147 2896 4198 et
2942 4160 3010 4199 ex
3057 4160 3124 4199 ea
3179 4143 3290 4199 sibi
3347 4146 3611 4216 praedam

1953 4231 2280 4303 requirunt.
2312 4230 2539 4287 Culices
2569 4247 2800 4304 quoque
2847 4235 2904 4287 et
2951 4230 3261 4286 ranunculi
3311 4233 3464 4287 circa
3507 4248 3613 4304 ge-

1955 4319 2166 4376 nitales
2195 4324 2466 4392 strepunt
2493 4319 2758 4393 paludes,
2781 4325 2838 4375 et
2859 4320 2996 4392 ipsa:
3026 4321 3340 4376 audierunt
3370 4321 3614 4376 Domini

1954 4409 2299 4464 mandatum
2329 4407 2577 4464 dicentis
2611 4425 2623 4463 :
2655 4408 2964 4465 Producant
3010 4425 3168 4480 aqua:
3219 4409 3448 4481 reptilia
3476 4412 3616 4466 ani-

1953 4515 2170 4554 marum
2199 4499 2518 4554 viventium.

2025 4596 2079 4650 4.
2116 4595 2349 4650 Scimus
2408 4591 2645 4666 reptilia
2691 4593 2805 4648 dici
2853 4609 3068 4667 genera
3124 4597 3488 4666 serpentum,
3541 4612 3613 4652 eo

1955 4684 2108 4757 quod
2140 4699 2317 4755 super
2346 4686 2561 4738 terram
2597 4686 2801 4755 repant
2825 4700 2837 4738 :
2863 4683 2963 4740 sed
2997 4681 3182 4739 multo
3212 4683 3402 4756 magis
3433 4699 3618 4740 omne

1959 4773 2111 4844 quod
2143 4774 2324 4837 natat,
2359 4771 2625 4843 reptandi
2658 4770 2834 4827 habet
2870 4771 2959 4827 vel
3007 4772 3282 4844 speciem,
3315 4769 3401 4826 vel
3433 4777 3616 4827 natu-

1953 4878 2098 4916 ram.
2133 4861 2280 4916 Nam
2310 4859 2419 4916 etsi
2450 4859 2509 4914 in
2542 4860 2898 4932 profundum
2929 4860 3032 4933 qui
3079 4877 3141 4916 se
3190 4860 3611 4928 demerserint,

1951 4965 2164 5020 aquam
2194 4948 2505 5004 videantur
2534 4948 2900 5021 ﬁndere(82);
2933 4952 3129 5005 tamen
3154 4965 3289 5004 cum
3311 4965 3492 5020 supra
3523 4948 3618 5003 in-

1950 5042 2172 5105 natant,
2203 5041 2416 5109 repunt
2459 5039 2580 5092 toto
2629 5053 2910 5109 corpore,.
2941 5037 3094 5108 quod
3142 5035 3385 5092 trahunt
3425 5053 3616 5108 super

1951 5128 2219 5200 quaedam
2251 5126 2425 5181 dorsa
2453 5142 2759 5197 aquarum.
2808 5125 2969 5182 Unde
3015 5129 3071 5181 et
3119 5125 3301 5181 David
3332 5123 3413 5179 ait
3449 5141 3462 5180 :
3497 5126 3614 5181 Hoc

1952 5233 2103 5272 mare
2129 5231 2390 5284 magnum
2419 5222 2472 5270 et
2497 5217 2816 5286 spatiosum,
2841 5215 2961 5269 illic
2987 5215 3213 5286 reptilia
3240 5229 3474 5284 quorum
3492 5230 3618 5269 non

1950 5309 2029 5360 est
2077 5319 2338 5360 numerus
2368 5304 2540 5374 (Psal,
2573 5320 2690 5370 cm,
2721 5303 2833 5366 25).
2883 5302 3031 5368 Quia
3076 5302 3250 5358 etiam
3301 5317 3437 5356 cum
3480 5301 3616 5373 ple-

1951 5449 2491 5529 σορέιίιῖίιίηνλιοεενέε
2519 5450 2697 5502 mater
2725 5447 2994 5529 {uestie-
3080 5524 3090 5529 _
3425 5517 3435 5526 .

2167 5519 2417 5600 Quidam
2449 5534 2616 5585 mss.,
2642 5517 2915 5600 sedpihil
2935 5524 3197 5600 creatura
3218 5515 3475 5600 deliquit.

2024 5591 2137 5660 (81)
2167 5589 2305 5646 Mss.
2337 5606 2453 5646 non
2485 5589 2678 5662 pauci,
2708 5591 2864 5657 vigor
2893 5588 3093 5659 aliquis
3124 5588 3359 5642 virtutis.

2025 5662 2138 5730 (82)
2170 5661 2311 5718 Mss.
2345 5661 2592 5732 aliquot,
2620 5659 2913 5717 videantur
2941 5658 3196 5715 incidere.
