3932 6212
225 377 340 449 221
1534 360 2080 432 HEXAEMERON
2123 360 2272 426 LIB.
2319 362 2392 425 V.
3549 364 3668 435 922

243 528 418 586 raque
446 511 634 585 pedes
682 511 972 578 habeant,
995 511 1053 567 et
1081 505 1416 566 ambulandi
1448 518 1726 570 usum,eo
1754 501 1908 574 quod
1941 500 1991 564 Α
2026 503 2215 558 Cavete
2241 519 2418 570 canes,
2451 505 2631 559 cavete
2670 501 2842 560 malos
2872 504 3147 576 operarios
3177 504 3437 579 (Philipp.
3474 524 3557 576 xu,
3589 509 3666 579 2).

249 604 364 661 sint
389 601 877 674 amphibia,quae
901 599 986 655 vel
1009 601 1067 654 in
1097 597 1268 670 aquis
1295 596 1382 651 vel
1412 595 1473 650 in
1501 593 1671 649 terris
1695 591 1908 658 vivant,

250 697 318 748 ut
345 696 483 748 sunt
511 691 742 763 phocae,
788 689 1087 755 crocodili,
1121 686 1255 758 equi
1288 683 1568 748 ﬂuviales,
1604 698 1750 752 quos
1782 680 1910 750 bip-

255 786 599 856 popotamos
628 784 867 846 vocant,
903 796 966 834 eo
1007 777 1160 848 quod
1209 775 1268 830 hi
1317 775 1664 844 generentur
1691 768 1820 824 Nilo
1853 768 1912 822 in

255 870 530 937 ﬂumine;
563 875 770 924 tamen
811 884 946 922 cum
990 868 1049 921 in
1104 865 1218 919 alto
1269 877 1556 935 aquarum
1608 863 1764 922 sunt,
1799 874 1911 912 non

252 958 587 1026 ambulant,
619 959 723 1013 sed
777 960 1001 1021 natant,
1033 971 1138 1009 nec
1184 951 1425 1024 vestigio
1460 953 1703 1004 utuntur
1751 945 1916 1019 pedis

166 1056 170 1058 ’
252 1049 332 1103 ad
364 1048 783 1109 incedendum,
814 1046 916 1100 sed
938 1050 1218 1115 tanquam
1250 1057 1409 1097 remo
1440 1040 1512 1094 ad
1544 1037 1914 1110 reptandum.

253 1137 571 1208 Siquidem
603 1139 660 1190 et
691 1135 858 1190 navis
879 1138 1006 1189 acta
1033 1131 1209 1187 remis
1240 1130 1476 1199 labitur,
1501 1131 1556 1182 et
1587 1143 1770 1198 aquas
1801 1123 1919 1180 sul-

255 1232 358 1283 cat
387 1225 611 1280 carina.

931 1335 1160 1393 CAPUT
1200 1336 1268 1392 lI.

263 1434 478 1488 Virtute
509 1431 672 1501 hujus
699 1430 862 1495 vocis,
905 1426 1232 1501 producant
1263 1439 1425 1494 aqua:
1458 1419 1707 1501 reptilia,
1750 1419 1922 1474 multo

335 1504 510 1575 plura
540 1493 600 1555 in
631 1503 778 1575 mari
806 1493 968 1575 quam
992 1499 1051 1551 in
1081 1501 1227 1575 terra
1255 1493 1670 1575 esse_pr_odueta,
1697 1507 1925 1572 eamque

339 1564 588 1645 prmium
615 1574 772 1642 aquis
811 1564 1075 1633 additam,
1111 1571 1169 1622 ut
1199 1581 1326 1638 qua:
1356 1568 1414 1620 in
1446 1566 1607 1620 terris
1635 1565 1829 1628 noxia,
1865 1564 1925 1616 in

338 1644 492 1700 mari
523 1644 757 1699 innoxia
778 1647 1128 1711 generentur.

340 1763 398 1817 5.
433 1759 755 1816 Producanl
782 1773 934 1830 aqua
976 1755 1217 1828 reptilia,
1261 1753 1406 1807 dixit
1452 1750 1755 1806 Dominus.
1791 1750 1921 1804 Bre-

2022 591 2285 648 Mustelae
2340 592 2533 665 gravis
2592 593 2651 648 in
2711 594 2882 650 terris
2939 595 3101 662 odor,
3131 594 3187 650 in
3223 597 3392 667 aquis
3449 599 3666 654 suavis.

2020 681 2271 736 Terrena
2303 698 2364 737 sc
2394 683 2552 737 novit
2578 682 2834 739 vindicta
2865 683 3088 740 fmtoris
3119 684 3320 740 ulcisci
3357 703 3368 740 :
3404 686 3524 742 haec
3555 705 3669 742 non

2025 770 2310 824 minorem
2344 769 2519 826 habet
2548 771 2796 843 gratiam
2828 777 3016 844 capta,
3043 790 3218 844 quam
3252 774 3450 830 libera.
3475 775 3672 848 Neque

2024 861 2078 913 te
2110 858 2520 915 inhonoratum
2555 864 2755 916 nostra
2798 863 3223 933 prosecutione,
3255 864 3554 937 thymalle,
3588 866 3672 923 di-

2028 947 2279 1012 mittam,
2327 948 2416 1002 cui
2469 966 2501 1003 a
2549 949 2688 1005 ﬂore
2745 967 2954 1006 nomen
3016 952 3294 1009 inolevit:
3330 971 3429 1009 seu
3490 955 3675 1011 Ticini

2028 1037 2186 1090 unda
2213 1039 2270 1090 te
2299 1037 2585 1104 ﬂuminis,
2617 1056 2715 1094 seu
2758 1042 2968 1095 amoeni
3001 1042 3232 1098 Athesis
3285 1045 3440 1098 unda
3489 1045 3677 1100 nutri-

2028 1125 2158 1190 erit,
2191 1126 2297 1181 ﬂos
2338 1143 2418 1181 es.
2453 1127 2713 1199 Denique
2761 1145 2953 1184 sermo
3003 1131 3291 1197 testatior,
3325 1134 3476 1204 quod
3511 1135 3581 1189 de
3612 1151 3677 1189 eo

2029 1215 2130 1286 qui
2189 1219 2414 1287 gratam
2486 1215 2710 1272 redolet
2780 1218 3156 1288 suavitatem,
3218 1221 3439 1278 dictum
3500 1223 3680 1279 facete

2031 1303 2106 1359 sit
2137 1304 2248 1375 (84)
2283 1320 2295 1357 :
2330 1306 2444 1358 Aut
2490 1306 2711 1376 piscem
2769 1307 2884 1363 olet
2936 1311 3038 1362 aut
3095 1308 3324 1378 ﬂorem;
3385 1310 3466 1366 ita
3522 1311 3677 1367 idem

2032 1393 2444 1464 pronuntiatus
2476 1398 2568 1449 est
2609 1395 2789 1466 piscis
2821 1397 2963 1451 odor
2991 1413 3119 1452 esse
3169 1401 3268 1469 qui
3321 1400 3498 1455 ﬂoris.
3532 1402 3677 1465 Quid

2033 1481 2224 1552 specie
2277 1486 2379 1536 tua
2437 1482 2712 1554 gratius?
2771 1483 2917 1548 Quid
2979 1486 3264 1542 suavitate
3315 1489 3682 1558 jucundius?

2035 1570 2182 1636 Quid
2215 1571 2388 1626 odore
2437 1571 2829 1644 ﬂagrantius?
2872 1575 3032 1639 Quod
3068 1574 3241 1631 mella
3274 1577 3540 1650 ﬂagrant,
3574 1580 3683 1636 hoc

2034 1663 2095 1714 tu
2129 1676 2368 1730 corpore
2399 1664 2498 1715 tuo
2543 1661 2751 1732 spiras.
2787 1661 2932 1725 Quid
2969 1661 3178 1735 loquar
3211 1682 3516 1722 corvorum
3550 1668 3681 1741 (85),

2036 1747 2175 1819 quid
2207 1748 2381 1804 etiam
2424 1747 2696 1821 luporum
2741 1750 3206 1809 teneritudines?
3234 1754 3429 1810 Nescit
3457 1756 3565 1812 hos
3595 1757 3684 1813 lu-

264 1851 365 1905 vis
408 1865 627 1915 sermo,
660 1848 758 1903 sed
791 1847 1126 1912 vehemens,
1157 1847 1214 1898 et
1262 1841 1376 1896 late
1405 1845 1609 1912 patens
1659 1853 1927 1894 commu-
1955 1866 2004 1932 B
2038 1852 2143 1909 pos
2175 1852 2362 1908 agnus
2397 1836 2618 1892 timere.
2648 1838 2834 1892 Tanta
2862 1843 2950 1894 est
2979 1856 3268 1911 aquarum
3300 1843 3506 1914 gratia,
3541 1862 3680 1917 qua-

267 1955 414 1994 nem
443 1935 708 1991 minimis
738 1938 794 1990 et
824 1932 1094 1988 maximis
1143 1935 1412 1986 naturam
1444 1927 1676 1982 infudit.
1711 1927 1924 1981 Eodem

271 2029 585 2082 momento
630 2023 970 2096 producitur
1011 2020 1235 2076 balaena
1266 2035 1379 2090 quo
1412 2034 1555 2072 rana
1584 2016 1846 2086 ejusdem
1875 2014 1930 2068 vi

272 2112 644 2188 operationis
666 2111 948 2167 nascitur.
971 2109 1093 2166 Non
1117 2108 1342 2164 laborat
1371 2106 1429 2160 in
1462 2103 1932 2170 maximis'Deus,

272 2220 398 2259 non
429 2200 660 2257 fastidit
688 2201 746 2254 in
783 2198 1067 2254 minimis.
1101 2197 1216 2252 Nec
1259 2194 1447 2250 doluit
1476 2198 1685 2249 natura
1733 2196 1932 2264 partu-

273 2293 445 2349 ciens
477 2289 819 2360 delphinas;
850 2288 1004 2342 sicut
1024 2300 1137 2341 non
1160 2283 1365 2350 doluit,
1389 2299 1522 2338 cum
1547 2283 1784 2354 exiguos
1812 2297 1936 2336 mu-

272 2381 432 2436 rices
482 2377 868 2448 cochleasque
922 2375 1286 2446 produceret.
1338 2373 1602 2437 Adverte,
1655 2389 1687 2426 o
1736 2371 1934 2441 homo,

275 2472 506 2539 quanto
537 2464 710 2537 plura
739 2463 798 2518 in
825 2463 973 2517 mari
998 2477 1172 2539 quam
1204 2461 1262 2514 in
1295 2459 1466 2514 terris
1493 2460 1632 2514 sint.
1658 2459 1934 2523 Numera,

280 2537 335 2612 si
369 2558 560 2628 potes,
583 2552 783 2608 omnia
802 2550 1051 2622 piscium
1083 2537 1293 2621 genera
1321 2547 1407 2602 vel
1441 2547 1827 2612 minutorum,
1851 2545 1938 2600 vel

274 2645 459 2700 etiam
519 2641 936 2706 maximorum,
979 2637 1189 2709 sapias,
1222 2635 1484 2708 polypos,
1537 2635 1931 2702 lithostracos,

282 2733 535 2790 carabos
565 2730 700 2802 (83),
728 2744 992 2793 cancros,
1025 2730 1080 2782 et
1108 2726 1168 2780 in
1218 2724 1310 2780 his
1358 2723 1808 2779 innumerabilia
1841 2724 1934 2780 8|

287 2822 385 2878 sui
417 2819 672 2894 generis.
697 2817 844 2884 Quid
898 2816 1086 2871 dicam
1132 2831 1346 2886 genera
1392 2813 1772 2885 serpentium,
1806 2813 1941 2867 dra-

289 2925 497 2974 cones,
558 2921 871 2972 muraenas,
933 2901 1276 2974 anguillas?
1333 2902 1448 2957 Nec
1504 2901 1944 2973 praetermittam

299 2997 592 3068 scorpios,
624 3011 821 3060 ranas,
879 2991 1223 3056 testudines,
1278 2988 1560 3046 mustelae
1605 3005 1836 3060 quoque
1892 2993 1950 3044 et

299 3101 484 3143 canes
530 3083 879 3149 maritimos,
911 3079 1120 3136 vitulos
1169 3079 1447 3145 marinos,
1483 3084 1606 3134 cete
1645 3078 1947 3146 immania,

297 3174 640 3246 delphinas,
701 3176 942 3242 phocas,
1002 3168 1214 3224 leones.
1265 3167 1412 3231 Quid
1469 3171 1719 3223 attexam
1775 3167 1948 3222 etiam

2040 1942 2171 1980 rum
2201 1925 2415 1981 vitulos
2447 1925 2674 1997 fugiant
2703 1931 2759 1981 et
2787 1926 2984 1982 leones
3014 1929 3150 1999 (86),
3175 1934 3239 1984 ut
3269 1930 3360 1986 his
3391 1933 3686 2004 propheti-

2041 2028 2174 2069 cum
2233 2012 2399 2068 illum
2460 2014 2689 2068 dictum
2739 2015 2811 2069 de
2866 2014 3130 2071 Ecclesiae
3189 2019 3495 2075 sanctitate
3553 2023 3688 2092 jure

2042 2103 2344 2159 conveniat
2372 2119 2385 2157 :
2423 2104 2568 2157 Tunc
2600 2101 2724 2174 lupi
2751 2107 2801 2158 et
2832 2106 2965 2174 agni
2990 2106 3159 2161 simul
3185 2116 3494 2178 pascentur,
3529 2111 3610 2164 leo
3641 2114 3689 2164 et

2044 2193 2132 2248 bos
2190 2193 2357 2247 simul
2406 2192 2598 2263 paleas
2653 2192 3064 2249 manducabunt
3107 2196 3231 2266 (Isa.
3267 2214 3390 2267 va,
3429 2199 3541 2269 25).
3575 2199 3690 2254 Nec

2044 2281 2283 2350 mirum,
2332 2281 2806 2352 quandoquidem
2867 2282 3040 2338 etiam
3101 2284 3158 2338 in
3220 2285 3474 2341 Ecclesia
3529 2303 3691 2359 aqua:

2045 2369 2188 2424 illud
2222 2373 2558 2440 operantur,
2583 2373 2645 2424 ut
2677 2371 3015 2441 praedonum
3039 2372 3239 2428 abluta
3268 2375 3532 2446 nequitia
3557 2393 3691 2432 cum

2045 2459 2456 2514 innocentibus
2513 2464 2901 2530 comparetur.
2964 2461 3111 2524 Quid
3170 2463 3343 2518 etiam
3403 2482 3694 2537 purpuras

2049 2563 2386 2613 memorem,
2429 2563 2556 2618 quae
2601 2551 2811 2602 ornant
2859 2564 3060 2620 regum
3113 2552 3392 2621 convivia,
3445 2556 3696 2610 amictus

2051 2636 2363 2692 imbuunt?
2401 2638 2698 2707 Aquarum
2749 2640 2838 2690 est
2892 2637 3072 2709 igitur
3129 2641 3283 2710 quod
3342 2641 3400 2695 in
3459 2643 3696 2715 regibus

2053 2726 2354 2792 adoretur;
2407 2741 2692 2795 aquarum
2745 2728 2833 2779 est
2879 2725 3100 2797 species
3159 2727 3260 2784 illa
3307 2747 3434 2802 quae
3493 2733 3692 2806 fulget.

2053 2814 2213 2869 Adde
2246 2830 2450 2884 porcos
2476 2813 2656 2868 maris
2681 2813 2854 2868 etiam
2879 2814 3101 2870 Judaeis
3127 2821 3352 2888 gratos;
3383 2821 3521 2891 quia
3552 2822 3699 2878 nihil

2057 2906 2147 2958 est
2175 2918 2504 2968 commune,
2533 2902 2687 2972 quod
2720 2919 2833 2957 non
2866 2919 3018 2974 aqua
3045 2904 3263 2975 abluat,
3299 2913 3355 2963 et
3384 2909 3511 2966 ideo
3542 2928 3700 2967 com-

2058 3006 2268 3046 munes
2297 3008 2396 3046 eos
2436 2991 2587 3045 sicut
2614 2990 2674 3045 in
2704 2995 2859 3047 terra
2883 2992 3074 3048 editos
3103 2995 3394 3053 aestimare
3421 3016 3534 3055 non
3567 3016 3700 3072 pos-

2058 3083 2215 3136 sunt.

2629 3194 2728 3250 82
2771 3195 3000 3250 CAPUT
3039 3197 3132 3251 IlI.

305 3227 479 3246 ..-νε-κέ
565 3227 571 3228 κ
606 3227 640 3239 ν,
704 3227 720 3242 ι
929 3227 941 3236 1
1284 3227 1302 3231 ν
2629 3227 2727 3250 σθ
2772 3227 2988 3250 υΠιυι
3039 3227 3132 3251 ιιι.

299 3260 588 3354 inermus.
621 3260 1055 3354 ιξξτάοειξίινοε
1087 3273 1339 3328 quoque»
1374 3272 1630 3354 ΨΙΟΓΨΠ.
1655 3260 1828 3354 θίξίιῖη
1861 3273 1949 3312 (⁵0·
1981 3227 2022 3294 C
2059 3283 2412 3354 Multiplicem
2435 3281 2678 3354 piscibus
2709 3283 2977 3335 rationem
3005 3299 3115 3337 esse
3144 3288 3463 3354 generandi,
3495 3305 3559 3344 ac
3585 3293 3700 3344 sin-

297 3351 462 3408 lores
493 3350 552 3404 in
586 3348 790 3402 avibus
820 3347 1086 3402 videmus
1125 3361 1448 3418 expressos,
1483 3348 1547 3399 ut
1575 3344 1725 3416 nigri
1757 3361 1949 3400 meru-

299 3439 397 3504 lae,
430 3438 560 3510 pavi
611 3437 838 3491 diverso
870 3434 1058 3490 colore
1086 3435 1259 3490 dorsa
1288 3439 1344 3489 et
1372 3433 1521 3489 colla
1567 3433 1779 3504 depicti
1813 3433 1949 3500 sint,

298 3527 466 3583 turdi
498 3525 624 3580 alvo
653 3523 821 3591 varii,
849 3528 904 3578 et
953 3527 1159 3578 caetera
1189 3539 1438 3594 quorum
1471 3521 1580 3576 sibi
1626 3526 1790 3576 terrze
1821 3538 1950 3593 spe-

301 3616 426 3673 cies
458 3620 519 3669 et
550 3614 791 3670 nomina
832 3612 1251 3667 vindicarunt?
1281 3611 1427 3666 Nam
1477 3611 1641 3682 prius
1691 3611 1750 3665 in
1805 3611 1952 3665 mari

299 3705 421 3762 ista
479 3705 779 3774 coeperunt
827 3699 1188 3772 diversisque
1246 3700 1607 3755 ﬂuminibus.
1653 3700 1950 3771 Siquidem

302 3809 465 3865 aqua
524 3791 679 3862 prior
733 3791 1065 3844 animarum
1103 3789 1420 3844 viventium
1475 3788 1703 3860 reptilia
1759 3789 1952 3844 divino

302 3886 458 3939 nutu
490 3881 776 3952 imperata
811 3877 1101 3950 produxit.

379 3970 434 4024 6.
459 3969 623 4023 Adde
652 3967 802 4023 hanc
837 3967 1106 4040 gratiam,
1131 3967 1284 4038 quod
1332 3983 1399 4021 ea
1429 3983 1553 4038 quae
1585 3966 1864 4020 timemus
1893 3966 1954 4021 in

300 4059 486 4116 terris
517 4073 783 4112 amamus
828 4056 886 4110 in
933 4055 1120 4126 aquis.
1145 4055 1368 4110 Etenim
1404 4055 1576 4109 noxia
1604 4055 1661 4108 in
1695 4055 1865 4110 terris
1895 4056 1955 4110 in

301 4163 467 4219 aqua
495 4144 728 4200 innoxia
758 4148 917 4212 sunt,
943 4148 1116 4214 atque
1153 4143 1267 4215 ipsi
1298 4160 1519 4216 angues
1561 4144 1688 4199 sine
1717 4160 1952 4199 veneno.

303 4237 425 4293 Leo
446 4231 724 4289 terribilis
746 4232 804 4286 in
836 4231 1028 4298 terris,
1052 4230 1240 4286 dulcis
1268 4232 1327 4286 in
1361 4232 1652 4286 ﬂuctibus.
1679 4232 1954 4300 Muraena,

303 4339 494 4397 quam
524 4321 714 4376 ferunt
735 4320 955 4391 aliquid
978 4320 1192 4375 habere
1214 4320 1474 4385 noxium,
1498 4336 1632 4375 esca
1652 4320 1961 4392 pretiosior

302 4416 419 4468 est.
446 4410 610 4464 Rana
637 4408 881 4463 horrens
931 4409 988 4462 in
1031 4407 1366 4479 paludibus,
1401 4408 1610 4464 decora
1658 4408 1716 4462 in
1766 4408 1955 4480 aquis,

302 4498 593 4557 omnibus
623 4497 738 4552 lere
781 4501 1020 4568 praestat
1050 4495 1364 4552 alimentis.
1389 4496 1564 4551 Plura
1592 4497 1641 4551 si
1674 4497 1808 4568 quis
1837 4496 1962 4552 vult

2130 3351 2384 3422 gularem
2442 3353 2499 3426 in
2552 3351 2760 3422 prolem
2815 3354 3034 3426 pietatis
3083 3370 3322 3410 sensum.
3371 3351 3586 3426 Quanta
3635 3364 3705 3416 sit

2131 3440 2318 3479 eorum
2345 3425 2580 3491 puritas,
2602 3440 2708 3493 qua
2733 3439 2846 3477 non
2873 3424 3049 3479 solum
3079 3426 3193 3481 alia
3217 3424 3401 3494 bruta,
3418 3430 3510 3485 sed
3539 3434 3706 3487 etiam

2134 3494 2376 3550 homines
2406 3496 2549 3565 ipsos
2577 3498 2858 3565 supera-nt.

2129 3609 2514 3665 7.1nnumeri
2557 3609 2755 3681 itaque
2803 3626 2970 3678 usus,
2995 3610 3308 3670 innumera
3353 3632 3566 3688 genera
3613 3619 3704 3690 pi-

2063 3698 2270 3754 scium.
2305 3697 2421 3752 Alii
2469 3715 2574 3753 ova
2629 3703 2929 3770 generant,
2964 3703 3028 3755 ut
3056 3700 3196 3756 varii
3257 3705 3506 3775 majores
3558 3723 3706 3778 quos

2062 3792 2280 3843 troctas
2308 3792 2518 3843 vocant
2545 3788 2677 3859 (87),
2702 3791 2759 3842 et
2800 3789 2968 3860 aquis
3019 3789 3262 3846 fovenda
3310 3795 3702 3852 committunt.

2064 3879 2229 3949 Aqua
2258 3876 2440 3948 igitur
2477 3877 2701 3932 animat
2727 3881 2784 3932 et
2812 3883 2988 3944 creat,
3021 3884 3077 3934 et
3106 3880 3298 3936 adhuc
3347 3884 3607 3939 mandati
3637 3884 3706 3938 i1-

2063 3966 2178 4020 lius
2210 3964 2381 4037 primi
2415 3968 2692 4035 tanquam
2725 3965 2870 4037 legis
2888 3970 3177 4037 perpetua
3203 3985 3417 4025 munus
3446 3972 3709 4042 eXsequi-

2064 4058 2181 4124 tur,
2204 4053 2418 4108 blanda
2449 4053 2714 4120 quaedam
2755 4058 2940 4108 mater
2975 4055 3384 4112 animantium.
3410 4057 3516 4113 Alii
3549 4059 3708 4116 vivos

2067 4144 2218 4198 fetus
2247 4143 2430 4196 edunt
2457 4142 2527 4196 de
2558 4158 2663 4196 suo
2695 4158 2953 4213 corpore,
2980 4148 3044 4197 ut
3073 4145 3355 4212 mustela},
3381 4151 3436 4202 et
3475 4148 3707 4203 canicu-

2064 4229 2152 4297 lae,
2186 4234 2243 4285 et
2279 4235 2402 4285 cete
2448 4229 2725 4302 ingentia,
2768 4230 3091 4302 delphines,
3126 4239 3180 4287 et
3227 4233 3443 4304 phocae,
3479 4234 3708 4307 aliaque

2067 4322 2271 4374 cetera
2298 4317 2661 4390 hujusmodi.
2696 4320 2829 4382 Quae
2882 4336 3015 4374 cum
3066 4320 3355 4377 ediderint
3404 4328 3626 4395 partus,
3661 4326 3709 4380 si

2068 4408 2209 4481 quid
2269 4409 2414 4463 forte
2480 4407 2824 4463 insidiarum
2881 4409 3236 4482 terrorisque
3301 4413 3712 4483 praasenserint

2069 4497 2223 4552 circa
2251 4495 2473 4552 catulos
2501 4513 2640 4552 suos
2667 4513 3024 4569 quemquam
3057 4498 3268 4567 moliri,
3294 4517 3408 4571 quo
3438 4505 3714 4558 tueantur

302 4601 684 4659 cognoscere,
715 4602 749 4640 a
781 4583 1027 4640 diversis
1076 4583 1335 4640 locorum
1379 4585 1770 4656 piscatoribus
1802 4602 1956 4657 quae-
1987 4593 2035 4656 Β
2067 4601 2186 4651 eos,
2217 4585 2304 4640 vel
2351 4589 2560 4640 tenerae
2620 4586 2805 4642 aetatis
2856 4603 3126 4658 pavorem
3182 4594 3444 4645 materno
3503 4592 3710 4647 affectu

301 4682 442 4744 rat;
503 4691 674 4730 nemo
729 4674 886 4729 enim
945 4678 1136 4745 potest
1189 4673 1386 4730 omnia
1449 4675 1954 4746 comprehendere.

300 4767 501 4822 Canes
553 4779 690 4818 sane
738 4767 794 4817 et
839 4761 898 4816 in
932 4762 1078 4816 mari
1109 4779 1265 4830 cave,
1289 4779 1436 4834 quos
1488 4770 1544 4818 et
1594 4764 1652 4816 in
1701 4763 1957 4819 Ecclesia

299 4853 595 4912 molestos
624 4867 752 4907 esse
782 4854 838 4906 et
868 4851 1153 4906 cavendos
1175 4851 1486 4923 Apostolus
1520 4851 1689 4907 docet
1720 4851 1916 4908 dicens
1943 4870 1954 4907 :

377 5011 498 5082 (83)
526 5009 664 5065 Mss.
693 5013 946 5082 quatuor
983 5007 1229 5082 habent,
1255 5010 1399 5076 litos,
1431 5013 1702 5076 ostriotas,
1733 5015 1955 5081 tructas,

296 5081 570 5143 car-abas;
599 5083 793 5148 Carn.,
825 5081 1178 5143 olitostriala;
1201 5081 1419 5145 Germ.,
1452 5083 1778 5137 lithostrata.
1807 5083 1955 5138 Czen.

631 5152 889 5234 secunda
931 5167 1138 5234 'manu,
1175 5153 1282 5234 sed
1342 5153 1604 5224 antiqua,
1651 5155 1958 5234 pplypetlcs,

298 5227 494 5291 lithos,
525 5227 756 5290 tractas,
788 5222 1034 5286 earabos,
1082 5223 1225 5278 forte
1248 5222 1614 5295 γλειοστράίιους,
1648 5222 1704 5278 id
1737 5222 1824 5279 est
1853 5225 1961 5280 levi

297 5304 459 5355 testa
508 5295 776 5352 intactos.
811 5295 1095 5350 Caeterum
1128 5293 1378 5349 Basilius
1426 5293 1671 5350 earabos
1719 5299 1776 5349 et
1826 5312 1961 5350 can-

296 5385 434 5427 cros
465 5369 618 5424 inter
647 5382 718 5422 ea
750 5363 982 5437 reponit
1013 5382 1138 5436 qua:
1169 5365 1448 5421 dicuntur
1547 5373 1879 5438 λακόστρακα,
1905 5368 1961 5422 id

296 5447 392 5494 est
420 5456 547 5494 qua
578 5437 756 5494 testis
809 5434 1087 5492 mollibus
1133 5441 1436 5494 teguntur:
1471 5390 1715 5494 ﬁglvnos
1745 5453 1879 5492 vero
1910 5444 1966 5494 et

293 5453 392 5499 est
420 5456 547 5513 qua
578 5453 756 5494 tesus
809 5453 1087 5492 mOlllDUS
1133 5453 1436 5508 teguntur;
1471 5453 1715 5509 t'OIypos
1745 5453 1879 5492 vero
1910 5453 1964 5494 et

292 5513 487 5587 sapias
538 5513 701 5568 inter
728 5517 968 5578 μαλάκια,
1001 5524 1251 5579 quorum
1282 5508 1548 5564 videlicet
1595 5525 1726 5564 caro
1769 5509 1964 5566 mollis

293 5447 551 5524 estquae
578 5437 756 5524 testis
799 5434 1087 5524 incilibus
1133 5441 1436 5524 teguntur‘;

291 5593 379 5645 est
407 5603 472 5644 ac
503 5590 745 5642 tenera.

355 5661 469 5734 (84)
501 5659 643 5734 Non
676 5651 880 5727 pauci.
906 5651 1060 5734 θοᾶς,
1094 5650 1260 5719 dictu,
1293 5648 1385 5706 vel
1419 5650 1624 5705 dictum
1652 5650 1871 5725 facessi,
1907 5653 1962 5707 id

281 5726 384 5808 est,
416 5726 573 5802 abit,
613 5726 728 5786 seu
762 5726 1136 5797 pervagatur.

2069 4673 2476 4745 comprimunt,
2518 4674 2740 4745 aperire
2788 4691 2908 4745 ora,
2941 4679 3000 4730 at
3045 4676 3278 4733 innoxio
3321 4683 3528 4750 partus
3574 4698 3713 4749 suos

2069 4762 2243 4818 dente
2273 4763 2650 4834 suspendere,
2675 4762 2902 4818 interno
2929 4781 3163 4837 quoque
3194 4768 3444 4838 recipere
3476 4785 3713 4839 corpore

2068 4855 2124 4906 et
2153 4850 2393 4923 genitali
2425 4853 2692 4907 feruntur
2712 4852 2837 4908 alvo
2863 4854 3391 4921 abscondere.Quis
3415 4855 3712 4912 humanus

2142 5011 2253 5083 (85)
2284 5012 2422 5066 Mss.
2456 5009 2698 5083 aliquot.
2724 5011 2865 5083 Quid
2895 5012 3088 5081 loquar
3113 5027 3420 5083 porcorum,
3453 5018 3557 5069 etc.

2141 5081 2255 5154 (86)
2286 5083 2380 5137 Sic
2410 5098 2552 5136 mss.
2594 5081 2948 5154 quindecim,
2972 5087 3028 5136 et
3071 5081 3208 5134 edit.
3237 5083 3390 5138 Cost.
3424 5084 3535 5139 Alii
3567 5102 3708 5141 mss.

2072 5153 2358 5224 sequioris
2418 5157 2585 5216 notae,
2643 5169 2708 5206 ac
2766 5153 2901 5205 edit.
2952 5155 3106 5224 Am.,
3162 5156 3308 5224 ljet.,
3360 5155 3510 5221 Era.,
3555 5156 3711 5224 Gill.,

2071 5222 2304 5296 quarum.
2332 5223 2490 5276 vituli
2525 5224 2839 5292 ﬁgurantur
2867 5230 2916 5277 et
2945 5222 3139 5278 leones.
3175 5223 3436 5278 Rom.....
3459 5222 3713 5296 jungunL

2073 5300 2164 5350 tur
2194 5298 2251 5348 ut
2282 5295 2477 5348 leones.

2143 5365 2253 5436 (87)
2284 5363 2434 5418 Edit.
2469 5379 2671 5436 omnes
2704 5379 2834 5417 cum
2869 5363 3070 5434 paucis
3101 5380 3268 5432 mss.,
3292 5375 3352 5420 ut
3373 5367 3418 5419 ii
3444 5382 3577 5434 quos
3598 5381 3714 5423 tru-

2071 5433 2183 5492 clas
2213 5433 2422 5491 vocant.
2445 5433 2555 5488 Alii
2590 5451 2731 5488 mss.
2763 5451 2972 5502 magno
3008 5451 3248 5489 numero
3271 5442 3327 5490 et
3347 5433 3715 5504 auctoritate,

2073 5517 2134 5564 ul
2159 5508 2304 5562 varii
2345 5506 2576 5577 majores
2608 5521 2739 5577 quos
2769 5510 2963 5559 troctas
2993 5509 3200 5577 uocant.
3237 5507 3338 5562 Est
3381 5513 3577 5564 autem
3608 5513 3718 5565 hoc

2073 5578 2387 5652 discrimen
2419 5576 2628 5652 tractas
2651 5580 2979 5652 seutruttas
3012 5576 3164 5652 inter
3214 5582 3271 5633 et
3310 5583 3526 5646 tractas,
3562 5581 3716 5652 quod

2076 5651 2163 5706 ha
2196 5651 2254 5706 in
2288 5649 2435 5705 mari
2465 5649 2680 5718 vivant,
2715 5647 2824 5704 illa:
2857 5649 2915 5704 in
2950 5647 3162 5705 ﬂuviis.
