3932 6212
251 373 375 441 923:

1767 372 1832 436 S.
1875 369 2260 442 amoen-

3538 381 3668 446 9η

247 510 489 566 aﬂ’ectus
513 507 664 564 hanc
694 503 948 580 piscium
977 504 1251 580 pietatem
1284 504 1472 579 possit
1499 501 1716 562 imitari
1736 505 1764 560 ?
1793 509 1891 563 Os-
1920 507 1971 575 Α
2004 515 2159 570 trum
2205 513 2261 569 in
2313 513 2485 583 ﬁlios,
2519 511 2936 589 Separationes,
2987 513 3141 587 odia,
3191 517 3466 585 oﬁ‘ensas,
3498 515 3660 574 disce

246 598 380 654 cula
409 599 599 668 nobis.
627 597 876 653 satietati
928 601 1068 652 sunt
1099 614 1112 651 :
1148 596 1262 651 illis
1305 613 1418 651 non
1453 595 1598 652 satis
1627 599 1716 652 est
1764 613 1901 668 ape-

245 690 360 745 rire
409 688 651 750 viscera,
686 691 974 756 natosque
1025 684 1277 756 recipere
1323 702 1388 740 ac
1437 701 1704 739 revocare
1751 685 1900 740 inte-

246 796 403 853 gros,
430 775 841 848 atque'iterum
869 775 989 828 fotu
1025 774 1276 844 quodam
1301 790 1400 828 eos
1428 774 1518 827 sui
1543 772 1752 829 caloris
1784 775 1904 834 ani-

245 885 424 934 mare,
459 871 513 920 et
546 863 754 936 spiritu
800 862 951 917 alere
983 862 1219 932 (88-89),
1246 862 1510 933 duosque
1557 863 1614 917 in
1665 879 1903 934 corpore

242 974 359 1014 uno
400 955 617 1020 vivere;
652 953 834 1007 donec
883 955 984 1004 aut
1046 952 1420 1006 securitatem
1486 952 1768 1017 deferant,
1803 962 1904 1013 aut

239 1061 476 1116 corpore
525 1059 631 1097 suo
663 1041 887 1112 objecto
918 1044 1086 1094 natos
1121 1057 1260 1095 suos
1311 1040 1624 1096 defendant
1675 1059 1708 1095 a
1750 1041 1900 1112 peri-

238 1135 408 1193 culis.
438 1133 577 1200 Quis
627 1131 747 1186 hasc
795 1130 1021 1193 videns,
1054 1128 1164 1184 etsi
1225 1130 1420 1200 possit
1471 1131 1749 1194 obtinere,
1785 1147 1898 1185 non

236 1230 410 1281 tantm
440 1220 690 1294 piscium
719 1218 922 1291 pietati
970 1219 1176 1273 cedat?
1208 1219 1350 1281 Quis
1401 1236 1514 1274 non
1565 1219 1812 1282 miretur
1841 1227 1899 1279 et

237 1316 490 1386 stupeat,
540 1314 605 1364 ut
653 1311 843 1364 servet
891 1312 1100 1362 natura
1153 1308 1212 1361 in
1258 1307 1539 1378 piscibus.
1573 1309 1746 1379 quod:
1779 1324 1895 1362 non

235 1406 427 1460 servat
456 1401 514 1454 in
545 1396 926 1454 hominibus?
957 1396 1256 1467 Pleraeque
1305 1413 1373 1450 ex
1420 1396 1755 1468 suspicione
1786 1412 1894 1450 no-

230 1491 558 1559 veroalibus
587 1487 738 1542 odiis
788 1487 1074 1556 appetitos
1112 1501 1253 1540 suos
1303 1484 1642 1540 occiderunt
1691 1485 1842 1541 ﬁlios
1878 1483 1890 1521 τ

231 1583 354 1640 alim
387 1581 446 1635 in
500 1579 672 1642 fame,
709 1579 777 1630 ut
823 1574 1096 1644 legimus,
1132 1577 1336 1645 partus
1384 1576 1651 1646 proprios
1700 1592 1888 1630 come-

231 1674 464 1738 derunt.
491 1664 783 1723 Humanis
809 1662 1152 1736 pignoribus
1173 1668 1358 1719 mater
1379 1662 1712 1735 sepulcrum
1742 1665 1892 1720 facta

231 1766 348 1828 est;
383 1758 635 1830 piscium
667 1753 814 1826 proli
853 1752 1110 1824 parentis
1133 1756 1219 1808 est
1250 1756 1455 1808 uterus
1479 1752 1630 1807 sicut
1660 1771 1885 1822 murus,

229 1849 382 1908 vallo
413 1847 670 1920 quodam
711 1843 1077 1898 internorum
1109 1840 1395 1896 viscerum
1445 1842 1690 1914 pignora
1734 1842 1886 1898 inol-

231 1940 398 1995 fensa
422 1937 748 1991 conservat.

295 2029 349 2084 8.
383 2026 621 2081 Diversa
669 2022 849 2094 igitur
898 2018 1148 2092 piscium
1183 2035 1398 2092 genera
1429 2020 1689 2076 diversos
1738 2037 1884 2076 usus

223 2117 470 2182 habent;
506 2113 603 2169 alii
647 2128 752 2167 ova
781 2113 1092 2183 generant,
1117 2107 1214 2163 alii
1247 2109 1406 2164 vivos
1439 2110 1674 2180 pariunt
1709 2116 1886 2183 atque

229 2206 530 2263 formatos.
549 2203 621 2257 Et
643 2200 741 2272 qui
778 2216 883 2255 ova
908 2202 1209 2270 generant,
1235 2215 1350 2252 non
1384 2197 1552 2254 nidos
1583 2203 1786 2256 texunt
1819 2207 1885 2258 ut

225 2311 380 2363 aves,
406 2309 522 2348 non
545 2289 808 2346 diuturni
835 2289 993 2342 fctus
1022 2285 1280 2342 laborem
1307 2287 1582 2353 induunt,
1606 2305 1721 2343 non
1745 2306 1878 2345 cum

224 2382 497 2442 molestia
545 2379 635 2436 sui
695 2377 984 2432 nutriunt.
1010 2376 1232 2432 Cecidit
1286 2392 1478 2442 ovum,
1514 2378 1668 2448 quod
1727 2395 1880 2449 aqua

224 2471 446 2546 gremio
479 2468 732 2542 quodam
768 2469 986 2520 natura:
1037 2481 1154 2520 suae
1203 2464 1370 2536 quasi
1420 2464 1616 2520 nutrix
1663 2464 1878 2523 blanda

226 2559 506 2632 suscepit,
541 2561 599 2614 et
630 2554 847 2612 animal
900 2552 1067 2608 celeri
1121 2554 1243 2608 fotu
1294 2553 1564 2608 reddidit.
1589 2554 1874 2611 Continuo

224 2649 381 2708 enim
425 2650 586 2704 tactu
636 2642 894 2716 parentis
950 2642 1275 2698 animatum
1333 2658 1534 2698 ovum.
1567 2642 1790 2707 cecidit,
1820 2648 1876 2700 et

231 2736 411 2811 piscis
443 2734 636 2790 exivit.

293 2830 348 2880 Ω.
378 2826 529 2880 Tum
560 2821 771 2877 deinde
793 2836 969 2892 quam
994 2836 1140 2892 pura
1165 2822 1222 2874 et
1245 2818 1523 2874 inviolata
1544 2821 1869 2877 successio!

221 2913 432 2972 Nullus
463 2912 650 2976 alteri,
692 2911 791 2966 sed
825 2909 1021 2981 generi
1067 2925 1172 2964 suo
1223 2907 1520 2976 miscetur,
1552 2908 1872 2981 thymallus

221 2998 525 3074 thymallo,
561 2997 736 3069 lupus
766 2995 921 3067 lupo.
947 2996 1254 3066 Scorpaana
1281 3011 1512 3067 quoque
1541 2997 1868 3053 castitatem

221 3087 584 3144 immaculati
618 3085 889 3142 connubii
931 3084 1128 3156 generi
1160 3102 1264 3140 suo
1296 3089 1505 3141 servat.
1531 3086 1730 3156 Itaque
1761 3085 1868 3140 ha-

221 3180 319 3235 bet
347 3176 685 3250 pudicitiam
720 3174 952 3246 generis
1000 3173 1111 3240 sui,
1144 3175 1246 3228 sed
1296 3189 1584 3229 venenum
1633 3175 1866 3246 generis

220 3267 312 3324 sui
342 3284 455 3322 non
487 3265 698 3332 habet;
745 3280 860 3325 non
909 3262 1066 3318 enim
1116 3263 1366 3334 percutit
1414 3279 1729 3335 scorpaana,
1762 3265 1862 3320 sed

217 3355 423 3412 reficit.
456 3353 736 3411 Nesciunt
784 3350 962 3424 igitur
999 3350 1459 3424 alienigenarum
1509 3367 1722 3422 genera
1769 3352 1860 3424 pi-

218 3446 407 3502 scium
465 3442 794 3499 adulterina
855 3441 1149 3512 contagia,
1209 3440 1361 3497 sicut
1417 3445 1556 3496 sunt
1611 3457 1678 3496 ea
1735 3458 1861 3513 quas

217 3535 430 3590 coeunt
457 3531 754 3587 asinorum
781 3545 1184 3601 equarumque
1213 3529 1365 3583 inter
1393 3545 1454 3584 se
1485 3545 1698 3601 genera
1729 3529 1861 3602 (90),

218 3639 346 3696 quae
377 3636 592 3692 magna
619 3618 928 3673 hominum
977 3634 1118 3672 cura
1146 3621 1554 3688 perpetrantur
1578 3636 1590 3673 :
1613 3617 1703 3674 vel
1734 3636 1860 3674 rur-

217 3729 321 3768 sus
353 3724 487 3764 cum
512 3723 698 3778 equus
721 3707 896 3762 ειεὶῐιω
918 3705 1217 3770 miscetur,
1233 3721 1358 3776 quae
1381 3709 1520 3760 sunt
1546 3722 1679 3762 vera
1702 3706 1864 3762 adul-

216 3798 365 3856 teria
393 3801 634 3853 naturae.
659 3795 804 3850 Nam
837 3795 1039 3865 utique
1076 3795 1270 3864 majus
1299 3797 1389 3849 est
1419 3795 1572 3865 quod
1603 3795 1660 3848 in
1693 3799 1863 3850 natu-

216 3905 291 3944 rm
315 3884 698 3942 colluvionem
721 3883 822 3940 88
841 3882 1251 3946 committitur,
1272 3899 1447 3954 quam
1473 3883 1626 3954 quod
1651 3884 1711 3938 in
1733 3900 1860 3955 per-

214 3994 368 4034 sonas
417 3973 715 4045 injuriam.
744 3973 810 4027 Et
863 3970 1037 4026 homo
1095 3971 1207 4026 ista
1241 3987 1518 4042 procuras
1574 3971 1862 4044 interpres

212 4060 882 4134 adulteriijumentalis;
912 4064 969 4115 et
993 4059 1137 4116 illud
1164 4059 1378 4115 animal
1411 4061 1724 4132 pretiosius
1753 4079 1861 4133 pu-

211 4159 323 4220 tas,
351 4152 506 4224 quod
530 4150 950 4218 adulterinum,
976 4165 1158 4220 quum
1184 4149 1338 4220 quod
1365 4165 1565 4205 verum
1588 4150 1713 4206 est?
1733 4150 1863 4222 Ipse

212 4259 425 4317 genera
451 4240 641 4296 aliena
662 4238 994 4305 confundis,
1013 4238 1355 4309 diversaque
1377 4238 1590 4294 misces
1613 4239 1858 4306 semina,

210 4336 388 4402 atque
419 4329 491 4384 ad
523 4328 731 4384 vetitos
762 4331 951 4382 coitus
983 4325 1326 4398 plerumque
1357 4326 1517 4398 cogis
1548 4327 1777 4392 invitos,
1807 4331 1865 4382 et

209 4422 320 4476 hoc
349 4417 702 4473 industriam
733 4415 932 4472 vocas!
969 4415 1086 4470 Hoc
1129 4415 1268 4486 quia
1295 4415 1366 4469 de
1409 4415 1748 4471 hominibus
1778 4417 1861 4472 fa-

209 4523 336 4563 cere
383 4521 500 4560 non
549 4510 734 4576 potes,
768 4508 834 4558 ut
872 4504 1084 4559 diversi
1115 4503 1346 4576 generis
1395 4505 1732 4560 commixtio
1781 4506 1861 4561 fe-

2013 617 2140 672 quas
2194 603 2272 659 sit
2321 605 2579 676 parentis
2626 610 2683 661 et
2729 601 2982 663 ﬁliorum
3029 598 3419 664 necessitudo.
3453 599 3659 662 Vivere

2014 690 2202 762 pisces
2233 694 2358 749 sine
2405 710 2558 767 aqua
2607 713 2719 752 non
2751 700 2995 768 queunt,
3030 713 3135 752 nec
3166 714 3200 752 a
3229 715 3348 752 suae
3398 695 3657 768 parentis

2014 783 2303 838 consortio
2334 785 2612 855 separari,
2647 801 2834 857 neque
2883 803 2917 842 a
2962 802 3082 842 suae
3133 785 3352 842 altricis
3405 786 3660 841 discerni

2013 885 2254 926 munere
2280 889 2291 926 :
2320 877 2377 927 et
2407 872 2515 928 hoc
2545 874 2611 929 ﬁt
2639 879 2849 931 natura
2868 876 3145 946 quadam,
3173 879 3238 929 ut
3259 875 3509 946 separati
3543 891 3662 929 mo-

2013 957 2442 1016 rianturillico.
2468 962 2664 1033 Neque
2711 963 2888 1029 enim,
2914 967 2980 1018 ut
3026 963 3246 1029 omnia,
3277 962 3457 1034 hujus
3509 963 3660 1018 aeris

2009 1048 2211 1102 vivunt
2239 1049 2580 1120 spiramine,
2609 1050 2748 1122 quia
2777 1050 3080 1106 hauriendi
3113 1052 3358 1123 spiritus
3387 1056 3445 1106 et
3474 1051 3656 1123 respi-

2009 1137 2176 1192 randi
2208 1142 2417 1193 natura
2447 1139 2541 1195 his
2571 1157 2686 1195 non
2732 1141 3017 1212 suppetit;
3051 1139 3310 1211 alioquin
3343 1140 3452 1196 sub
3484 1140 3658 1211 aquis

2009 1241 2241 1298 semper
2271 1245 2385 1283 non
2418 1234 2656 1300 possent
2681 1229 2870 1284 vivere
2917 1245 3033 1284 non
3086 1229 3379 1300 capientes
3411 1228 3656 1300 spiritus

2006 1313 2380 1371 infusionem.
2405 1318 2565 1382 Quod
2598 1321 2687 1373 est
2716 1317 2883 1372 nobis
2913 1316 3310 1389 spiritus,illis
3358 1320 3448 1371 est
3476 1333 3649 1387 aqua.

2007 1403 2170 1459 Sicut
2199 1405 2367 1462 nobis
2414 1405 2676 1477 spiritus,
2705 1406 2786 1461 ita
2825 1405 2943 1461 illis
2992 1423 3162 1477 aqua,
3194 1405 3422 1461 vivendi
3475 1404 3653 1460 mini-

2005 1497 2152 1548 strat
2198 1493 2590 1548 substantiam
2627 1512 2640 1550 :
2673 1511 2780 1548 nos
2809 1493 3128 1552 intercluso
3168 1497 3499 1548 commeatu
3529 1493 3648 1566 spi-

2003 1581 2172 1647 ritus,
2209 1581 2346 1653 quia
2377 1598 2447 1637 ne
2477 1582 2634 1638 brevi
2681 1581 2917 1654 quidem
2949 1582 3138 1654 spatio
3189 1597 3507 1653 possumus
3552 1598 3650 1636 ex-

2000 1675 2195 1742 pertes
2227 1687 2354 1726 esse
2407 1669 2656 1743 spiritus
2685 1670 2897 1737 vitalis,
2931 1671 3131 1726 statim
3179 1670 3646 1743 exstinguimur;

1999 1759 2191 1830 pisces
2222 1775 2456 1831 quoque
2475 1755 2699 1815 'sublati
2733 1757 2804 1815 de
2837 1775 3009 1832 aqua,
3039 1759 3164 1816 sine
3193 1758 3525 1815 substantia
3551 1759 3646 1814 sui

1917 1874 1972 1940 Β,
1997 1848 2108 1903 vivi
2139 1864 2269 1905 esse
2300 1865 2414 1904 non
2449 1851 2714 1920 possunt.

2075 1938 2155 1992 t1.
2189 1941 2256 1992 Et
2285 1954 2463 1993 causa
2506 1937 2815 1992 manifesta
2860 1939 2969 1999 est.
3025 1936 3303 2008 quoniam
3355 1935 3414 1990 in
3473 1937 3648 1992 nobis

1995 2025 2198 2099 pulmo
2227 2043 2331 2098 per
2353 2025 2611 2082 thoracis
2641 2024 2859 2082 laxiora
2883 2023 3205 2097 penetralia
3229 2025 3447 2097 recepit
3473 2025 3648 2096 spiri-

1992 2120 2119 2171 tum
2145 2133 2157 2170 :
2189 2119 2246 2171 et
2273 2131 2407 2170 cum
2440 2115 2517 2170 sit
2544 2114 2669 2187 ipse
2697 2113 2856 2187 poris
2898 2113 3193 2186 plerisque
3238 2113 3640 2186 penetrabilis,

1991 2205 2235 2276 spiritus
2275 2203 2569 2260 infusione
2625 2203 2960 2260 interiorem
3011 2199 3261 2258 calorem
3309 2203 3636 2274 refrigerat.

1991 2293 2220 2348 Thorax
2248 2291 2403 2348 enim
2426 2295 2490 2347 ut
2510 2291 2760 2363 suspicit
2789 2290 3086 2359 alimenta,
3115 2291 3193 2345 ita
3222 2292 3520 2363 superﬂua
3551 2291 3640 2345 ci-

1987 2381 2196 2437 borum
2229 2384 2286 2436 et
2315 2396 2521 2437 succos
2548 2378 2815 2436 salubres
2841 2379 3304 2452 sanguinemque
3334 2379 3636 2435 discernit.

1987 2471 2077 2526 Fit
2124 2470 2322 2543 pulmo
2366 2469 2617 2542 pervius,
2652 2469 2808 2524 unde
2856 2467 3086 2524 facilius
3132 2469 3206 2523 ad
3254 2485 3390 2524 eum
3440 2473 3640 2540 potest

1984 2558 2262 2631 aspiratio
2302 2557 2546 2630 spiritus
2574 2557 2892 2629 pervenire;
2915 2557 3110 2613 Pisces
3154 2573 3287 2612 vero
3318 2557 3637 2613 branchias

1983 2647 2094 2718 (92)
2126 2647 2365 2713 habent,
2391 2661 2538 2717 quas
2568 2661 2724 2700 nunc
2770 2644 2988 2718 plicant
3034 2648 3093 2700 et
3140 2643 3442 2717 colligunt,
3474 2661 3636 2701 nunc

1982 2734 2274 2807 explicant
2310 2738 2484 2805 atque
2531 2733 2821 2805 aperiunt.
2857 2734 2919 2788 In
2950 2733 3060 2788 hac
3106 2749 3243 2804 ergo
3293 2732 3637 2789 collectione

1982 2827 2040 2879 et
2067 2823 2362 2896 apertione
2393 2823 2535 2878 dum
2567 2822 2890 2894 suscipitur
2933 2838 3105 2893 aqua,
3128 2825 3185 2877 et
3211 2822 3638 2877 transmittitur

1982 2929 2048 2968 ac
2079 2915 2362 2984 penetrat,
2392 2911 2796 2984 respirationis
2843 2927 3062 2966 munus
3108 2910 3339 2965 videtur
3364 2910 3630 2983 implere.

1979 3001 2219 3072 Propria
2247 2999 2430 3072 igitur
2475 3003 2684 3054 natura
2714 3002 2798 3054 est
2839 2998 3110 3070 piscium,
3144 3015 3249 3054 nec
3297 2999 3636 3055 communis

1977 3105 2110 3146 cum
2142 3088 2392 3157 caeteris;
2446 3087 2714 3160 specialis
2745 3104 2909 3153 usus,
2939 3091 2999 3142 et
3046 3104 3080 3141 a
3127 3087 3352 3142 caeteris
3395 3087 3630 3142 vivendi

1977 3178 2242 3251 quaedam
2273 3181 2542 3250 separata
2579 3181 2636 3232 et
2676 3180 2901 3232 secreta
2930 3175 3279 3232 substantia.
3314 3170 3632 3247 Propterea

1975 3283 2089 3323 non
2124 3266 2484 3334 nutriuntur,
2513 3281 2724 3336 neque,
2748 3268 2814 3319 ut
2836 3269 3067 3320 terrena
3087 3263 3386 3329 animalia,
3410 3279 3629 3321 manus

1971 3356 2240 3411 humanas
2278 3358 2437 3409 tactu
2469 3357 2526 3408 et
2554 3352 2932 3409 delinimento
2977 3352 3176 3425 aliquo
3223 3353 3624 3421 delectantur;

1971 3443 2202 3500 etiamsi
2233 3443 2444 3500 servati
2474 3442 2535 3497 in
2566 3441 2801 3497 vivariis
2831 3442 2957 3497 suis
2986 3441 3202 3497 vivant.

2557 3547 2658 3604 84
2698 3547 2926 3604 CAPUT
2960 3548 3030 3603 V.

1969 3640 2148 3695 Pisces
2177 3655 2301 3694 cum
2332 3642 2444 3693 tam
2465 3637 2598 3693 bene
2619 3635 2845 3693 dentati.
2868 3638 2940 3691 Hi
2959 3637 3070 3692 sibi
3098 3637 3330 3691 invicem
3360 3635 3417 3690 in
3442 3650 3628 3690 escam

2039 3710 2264 3772 cedunt;
2292 3709 2431 3782 quod
2460 3709 2755 3764 imitantur
2782 3709 2958 3775 avari,
2983 3709 3081 3780 qui
3113 3707 3415 3762 vehementi
3442 3707 3628 3776 objur-

2039 3783 2258 3853 gatione
2287 3782 2649 3852 castigantur.

2043 3889 2130 3942 12.
2173 3887 2320 3950 Quid
2369 3890 2566 3942 autem
2617 3885 2687 3940 de
2735 3883 3024 3940 densitate
3069 3883 3260 3939 dicam
3310 3881 3632 3940 dentium?

1970 3977 2098 4032 Non
2132 3976 2289 4031 enim
2322 3979 2387 4030 ut
2417 3976 2524 4031 bos
2554 3977 2656 4029 aut
2685 3972 2808 4030 ovis
2837 3989 2906 4028 ex
2935 3989 3055 4028 una
3095 3976 3257 4045 parte
3286 3973 3490 4028 dentes
3518 3972 3628 4028 ha-

1971 4065 2139 4132 bent;
2173 4063 2273 4119 sed
2305 4067 2553 4135 utraque
2597 4078 2734 4134 pars
2773 4065 2998 4117 armata
3029 4065 3115 4117 est
3147 4061 3449 4128 dentibus;
3483 4061 3630 4132 quia

1970 4154 2030 4209 in
2062 4167 2215 4224 aqua
2243 4157 2401 4218 sunt,
2424 4156 2482 4207 et
2510 4151 2560 4206 si
2593 4149 2817 4206 diutius
2849 4150 3046 4207 cibum
3077 4155 3396 4218 versarent,
3421 4153 3477 4204 et
3505 4165 3644 4205 non

1971 4242 2084 4298 cito
2112 4239 2601 4307 transmitterent,
2625 4253 2915 4311 aquarum
2939 4238 3230 4294 alluvione
3249 4239 3320 4294 de
3345 4238 3628 4294 dentibus

1970 4346 2174 4387 eorum
2204 4346 2338 4386 esca
2367 4332 2566 4401 posset
2613 4327 2828 4384 auferri
2858 4343 2925 4382 ac
2957 4327 3123 4382 dilui.
3146 4327 3278 4382 Ideo
3325 4328 3538 4382 densos
3563 4331 3628 4383 et

1971 4423 2173 4476 acutos
2202 4419 2438 4484 habent,
2470 4421 2536 4472 ut
2564 4417 2678 4472 cito
2725 4416 3006 4484 incidant,
3030 4415 3143 4471 cito
3192 4415 3505 4472 conﬁciant
3535 4415 3624 4471 ci-

1970 4510 2134 4578 bum,
2157 4507 2328 4564 facile
2356 4511 2414 4563 et
2439 4506 2565 4562 sine
2594 4505 2793 4578 aliqua
2838 4521 3005 4561 mora
3035 4508 3092 4561 et
3122 4505 3400 4560 dilatione
3426 4507 3623 4559 trans-

207 4601 338 4652 tum
364 4592 549 4666 possit
577 4591 900 4658 excludere,
923 4591 1078 4647 tollis
1099 4591 1324 4647 homini
1357 4593 1511 4663 quod
1543 4597 1717 4649 natus
1741 4598 1848 4663 est,
1882 4601 1928 4667 1)
1957 4599 2216 4654 mittant.
2244 4596 2505 4667 Denique
2535 4611 2651 4650 non
2683 4594 2986 4649 ruminant
3011 4611 3025 4661 ;
3059 4592 3242 4648 solus»
3263 4596 3462 4648 tamen
3494 4607 3623 4648 soa-

209 4690 269 4741 et
298 4682 490 4738 virum
517 4682 589 4737 de
617 4680 737 4736 viro
769 4681 953 4746 exuis,
979 4681 1358 4751 abscissaque
1387 4682 1646 4754 corporis
1678 4687 1861 4756 parte,

210 4788 415 4830 sexum
447 4786 627 4842 negas
650 4769 784 4840 (91),
810 4769 1130 4840 spadonem
1161 4769 1375 4837 efﬁcis;
1408 4774 1474 4824 ut
1504 4771 1660 4842 quod
1695 4788 1866 4846 nega-

207 4863 292 4918 vit
322 4863 533 4918 natura
562 4859 622 4914 in
656 4857 1019 4926 hominibus,
1044 4857 1315 4930 impleret
1345 4859 1610 4915 audacia.

861 4965 1092 5022 CAPUT
1129 4965 1222 5021 IV.

209 5059 452 5114 Mutuam
481 5073 636 5129 aqua
667 5073 731 5111 ac
755 5057 992 5129 piscium
1023 5056 1474 5129 necessitudinem
1503 5056 1708 5129 (locere,
1732 5073 1862 5128 qua-

281 5131 298 5184 ι
305 5132 350 5184 is
368 5127 660 5202 parentum
678 5131 726 5182 et
751 5128 989 5191 ﬁliorum
1010 5128 1346 5183 necessitudo
1367 5143 1479 5202 esse
1499 5127 1702 5202 debeat.
1727 5127 1863 5202 Quo-

279 5199 434 5257 modo
465 5201 846 5272 respirationis
873 5216 1032 5254 usum
1062 5216 1206 5270 aqua
1230 5200 1479 5271 suppleat
1510 5200 1567 5253 in
1596 5199 1858 5270 piscibus.

289 5308 368 5362 10.
396 5309 578 5371 Quam
613 5307 766 5361 bona
787 5310 980 5361 autem
1008 5309 1196 5359 mater
1225 5305 1301 5359 sit
1329 5321 1501 5376 aqua,
1526 5305 1701 5360 etiam
1723 5305 1861 5362 hinc

210 5395 536 5451 considera.
561 5396 671 5461 'l‘u,
706 5412 738 5450 o
769 5394 965 5460 homo,
1007 5394 1258 5449 docuisti
1309 5393 1708 5450 abdicationes
1756 5411 1858 5466 pa-

304 5519 486 5588 88-89)
520 5520 657 5572 Mss.
692 5518 978 5580 nonnulli,
1011 5527 1063 5573 et
1087 5520 1289 5588 spiritu
1315 5518 1552 5573 adolere.

303 5591 396 5657 90)
428 5589 567 5646 Mss.
604 5588 864 5645 nonnulli
899 5590 1151 5662 antiquae
1182 5605 1414 5652 manus,
1440 5591 1616 5646 alieni
1641 5593 1859 5662 generis

207 5663 482 5717 socium...
535 5677 644 5731 qua
691 5665 922 5715 coeunte
965 5661 1312 5715 asinorum...
1363 5675 1578 5729 genere,
1627 5679 1856 5732 magna,

210 5738 318 5789 etc.

1971 4704 2074 4744 rus
2104 4687 2165 4742 in
2204 4685 2297 4744 his
2347 4684 2645 4740 ruminare
2678 4682 3038 4755 perhibetur,
3071 4686 3137 4737 ut
3166 4682 3361 4737 ferunt
3406 4680 3626 4753 quibus

1971 4779 2074 4833 aut
2101 4779 2366 4842 eventus,
2399 4776 2499 4828 aut
2529 4788 2674 4828 usus
2705 4770 2835 4839 fuit,
2869 4775 2969 4827 aut
2999 4770 3263 4826 studium
3289 4768 3432 4826 talia
3462 4783 3625 4824 com-

1971 4863 2352 4937 prehendere.

2043 4953 2129 5009 13.
2163 4953 2313 5009 Sane
2344 4966 2450 5007 nec
2480 4948 2592 5023 ipsi
2642 4966 2676 5005 a
2723 4947 2847 5005 suis
2899 4947 3170 5021 potentia:
3219 4963 3453 5004 evasere
3497 4947 3623 5004 vio-

1969 5041 2246 5110 lentiam,
2306 5044 2363 5097 et
2420 5038 2672 5096 avaritia
2728 5038 3024 5111 potiorum
3095 5034 3345 5108 subjecti
3400 5035 3623 5108 ubique

1969 5131 2272 5188 inferiores
2303 5133 2462 5186 sunt.
2486 5129 2607 5192 Quo
2657 5126 2909 5200 quisque
2959 5126 3268 5193 infirmior,
3296 5141 3362 5181 eo
3411 5117 3624 5198 praeda:

1971 5219 2158 5292 magis
2196 5221 2373 5290 patet.
2402 5216 2470 5272 Et
2497 5215 2759 5288 plerique
2789 5215 3028 5286 quidem
3072 5214 3269 5270 herbis
3298 5216 3626 5286 pascuntur

1968 5325 2036 5365 ac
2066 5306 2316 5363 minutis
2361 5304 2680 5361 vermibus.
2706 5305 2858 5360 Sunt
2898 5308 3095 5360 tamen
3127 5303 3228 5375 qui
3274 5302 3523 5359 invicem
3555 5317 3624 5358 se

1968 5398 2263 5461 devorent,
2292 5397 2350 5450 et
2379 5411 2488 5450 sua
2506 5383 2688 5450 carne
2717 5395 3054 5465 pascantur.
3080 5391 3268 5449 Minor
3296 5389 3451 5463 apud
3482 5387 3624 5447 illos

2059 5521 2151 5592 91)
2184 5520 2455 5592 Quinque
2483 5534 2653 5592 mss.,
2683 5534 2877 5574 sexum
2903 5534 3086 5575 necas.

2059 5521 2122 5574 91
2184 5521 2455 5592 Quinque
2483 5534 2653 5587 mss.,
2683 5534 2877 5574 sexum
2903 5534 3055 5575 necas

2037 5521 2151 5664 2923
2189 5590 2510 5660 Branchize,
2571 5588 2765 5646 Graece
2814 5597 3055 5664 ppauiqt,

1965 5659 2227 5791 £23133?
2273 5679 2342 5719 ex
2387 5659 2635 5732 utraque
2683 5659 2855 5734 parte
2898 5659 3092 5734 capilli

3148 5591 3302 5644 artes
3357 5589 3498 5648 sunt
3556 5587 3620 5642 in

3173 5658 3401 5716 tollium
3453 5667 3621 5714 more
