3910 6210
218 319 331 393 83.5

1488 315 2049 407 summa
2075 317 2223 387 LIB.
2269 317 2345 382 v.

3486 325 3615 395 sse

220 467 351 509 esca
367 449 614 537 majoris
629 450 1387 535 est:rursusipsemsjora
1403 450 1854 511 validioreinva-
1882 449 1941 525 Α
1967 450 2170 521 angeli,
2202 455 2254 506 et
2279 451 2612 521 separabunt
2660 452 2833 519 malos
2883 451 2952 511 de
2989 453 3166 523 medio
3213 456 3509 527 justorum,
3562 466 3615 517 et

216 540 393 609 ditur,
424 543 482 605 et
508 534 577 597 lit
613 556 748 598 esca
791 534 1033 601 alterius
1080 540 1371 613 praedator
1417 540 1611 597 alieni.
1656 540 1861 612 Itaque

222 644 328 691 usu
356 628 533 698 venit,
560 632 627 685 ut
657 645 791 685 cum
823 627 949 702 ipse
978 628 1161 687 alium
1214 629 1598 697 devoraverit,
1649 630 1720 686 ab
1745 629 1860 686 alio

214 715 544 787 devoretur,
577 721 635 774 et
660 717 724 775 in
750 734 937 775 unum
966 722 1228 774 ventrem
1268 721 1512 789 uterque
1558 716 1864 781 conveniat

219 821 349 861 cum
378 810 645 862 voratore
693 807 929 880 proprio
978 806 1313 874 devoratus,
1357 805 1552 878 sitque
1599 805 1775 865 simul
1802 806 1861 861 in

218 909 329 949 uno
382 894 607 951 viscere
657 895 865 967 praedae
917 894 1308 967 vindictaeque
1362 894 1745 959 consortium.
1794 894 1865 950 Et

206 982 360 1054 ipsis
412 988 620 1055 sponte
662 984 809 1040 forte
856 983 979 1040 haec
1025 983 1275 1040 accrevit
1319 983 1555 1059 injuria,
1606 985 1759 1041 sicut
1798 985 1862 1043 in

214 1071 384 1128 nobis
415 1089 533 1151 non
565 1089 635 1129 ex
677 1078 893 1129 natura
938 1073 1132 1145 coepit,
1190 1073 1289 1130 sed
1330 1089 1410 1130 ex
1459 1074 1719 1130 avaritia.
1750 1076 1866 1131 Aut

212 1159 355 1231 quia
385 1160 460 1217 ad
488 1177 665 1218 usum
696 1161 1005 1218 hominum
1036 1160 1159 1217 dati
1189 1166 1348 1229 sunt,
1368 1162 1428 1217 in
1449 1163 1687 1235 signum
1718 1180 1863 1236 quo-

204 1264 327 1320 que
356 1248 496 1311 facti
519 1254 679 1317 sunt,
711 1254 778 1305 ut
814 1250 875 1307 in
924 1249 1018 1305 his
1068 1254 1400 1307 nostrorum
1446 1266 1679 1308 morum
1726 1253 1867 1310 vitia

208 1335 574 1406 videremus,
606 1345 663 1393 et
691 1354 1028 1394 caveremus
1059 1338 1359 1411 exempla;
1393 1356 1466 1397 ne
1512 1341 1647 1412 quis
1675 1342 1867 1414 potior

205 1424 557 1493 interiorem
609 1425 909 1495 invaderet
972 1426 1217 1484 daturus
1291 1427 1353 1483 in
1425 1445 1489 1485 se
1555 1430 1865 1502 potentiori

202 1513 555 1586 exemplum
583 1514 831 1586 injuriae.
866 1516 1063 1588 Itaque
1097 1516 1198 1588 qui
1244 1514 1497 1575 alterum
1543 1517 1723 1587 laedit,
1749 1519 1864 1576 sibi

208 1599 495 1674 laqueum
525 1607 715 1675 parat,
749 1603 808 1660 in
839 1619 1012 1676 quem
1044 1603 1172 1676 ipse
1200 1604 1438 1660 incidat.

282 1691 369 1745 14.
406 1691 478 1746 Et
505 1694 570 1746 tu
600 1690 780 1762 piscis
822 1707 906 1757 es,
952 1691 1054 1763 qui
1101 1692 1326 1749 viscera
1373 1693 1600 1751 invadis
1649 1695 1861 1768 aliena,

213 1778 639 1852 quidemergis
665 1778 989 1846 infirmum,
1022 1780 1123 1852 qui
1153 1781 1452 1839 cedentem
1495 1785 1862 1859 persequeris
1894 1814 1943 1881 B

206 1883 404 1939 usque
431 1867 495 1923 in
527 1868 882 1939 profundum
916 1868 1049 1940 (93).
1081 1870 1227 1926 Cave
1258 1887 1330 1927 ne
1360 1870 1500 1927 dum
1533 1871 1700 1929 illum
1731 1891 1863 1946 per-

215 1957 503 2028 sequeris,
536 1956 764 2014 incidas
794 1956 1002 2028 ipsein
1033 1957 1398 2027 validiorem,
1445 1964 1503 2017 et
1530 1960 1781 2019 deducat
1807 1968 1865 2020 te

217 2042 275 2099 in
304 2043 532 2102 alienas
562 2044 829 2112 insidias,
863 2045 966 2117 qui
995 2049 1129 2105 tuas
1170 2047 1338 2116 vitat,
1388 2047 1670 2122 priusque
1698 2055 1861 2115 tuam

218 2136 443 2206 spectet
484 2149 830 2205 aerumnam,
881 2135 983 2206 qui
1026 2139 1083 2192 te
1133 2142 1519 2208 persequente
1564 2141 1865 2212 propriam

217 2218 658 2279 reformidabat.
692 2223 800 2290 Qui
830 2222 1074 2281 interest
1102 2224 1255 2283 inter
1301 2226 1538 2289 divitem
1586 2227 1865 2302 improbae

217 2309 562 2384 cupiditatis
592 2310 849 2385 ingluvie
869 2312 1283 2375 absorbentem
1303 2313 1674 2377 infirmorum
1696 2319 1869 2390 patri-

219 2399 435 2468 monia,
468 2402 528 2455 et
552 2398 801 2469 siturum
833 2401 905 2467 de
935 2400 1231 2469 minorum
1262 2403 1515 2475 piscium
1544 2406 1868 2475 visceribus

218 2486 411 2545 alvum
444 2487 1130 2561 repletum‘IDefunctus
1176 2494 1266 2548 est
1311 2492 1493 2561 dives,
1537 2498 1595 2551 et
1641 2495 1786 2552 nihil
1814 2497 1867 2561 ei

220 2592 323 2635 sua
352 2574 552 2650 spolia
578 2576 941 2648 profuerunt,
973 2577 1093 2634 imo
1118 2578 1313 2651 magis
1342 2594 1478 2637 eum
1526 2581 1864 2653 rapinarum

221 2680 464 2721 suarum
496 2664 993 2727 detestabiliorem
1034 2666 1171 2722 fecit
1216 2667 1478 2731 infamia.
1530 2670 1747 2743 Captus
1776 2676 1868 2729 est

218 2751 460 2827 silurus,
493 2744 806 2825 etinutilis
833 2753 1033 2826 praeda
1060 2755 1289 2836 detecta
1317 2760 1423 2814 est.
1467 2758 1678 2823 Quanti
1708 2760 1769 2817 in
1798 2778 1865 2819 eo

222 2842 612 2915 reperiuntur,
654 2842 755 2919 qui
803 2842 949 2899 alios
991 2844 1545 2915 devoraveraut‘lEt
1590 2852 1653 2903 tu
1705 2850 1865 2907 dives

220 2929 398 3005 habes
428 2931 496 2987 in
525 2931 658 2987 sinu
684 2939 779 2988 tuo
801 2931 1044 2989 alterius
1062 2934 1467 3005 pradatorem.
1490 2934 1594 2993 Ille
1616 2937 1867 2996 habebat

221 3018 528 3093 facultates
554 3020 830 3094 pauperis
862 3037 1011 3093 quas
1042 3021 1371 3081 invaserat:
1405 3029 1469 3081 tu
1506 3042 1643 3082 eum
1669 3028 1863 3100 oppri-

219 3122 378 3165 mens
401 3108 522 3166 duo
548 3108 903 3181 patrimonia
928 3110 1047 3166 tuis
1079 3110 1453 3170 facultatibus
1483 3104 1785 3183 addidisti,
1807 3120 1865 3177 et

1968 541 2184 594 mittent
2213 555 2300 595 eos
2340 542 2403 594 in
2447 542 2728 596 caminum
2787 543 2934 611 ignis
2964 543 3171 614 (Matth.
3210 562 3335 611 xm,
3392 547 3611 621 47-50).

1968 631 2115 681 Sunt
2144 644 2279 699 ergo
2300 628 2436 682 boni
2472 634 2528 684 et
2553 628 2691 691 mali
2724 629 2950 701 pisces;
2984 632 3118 687 boni
3177 638 3484 697 servantur
3540 637 3613 695 ad

1970 715 2245 786 pretium,
2271 715 2409 771 mali
2433 717 2633 772 statim
2666 718 3120 776 ardent.Bonum
3154 722 3510 793 piscem;nec
3532 743 3616 782 re-

1969 802 2498 875 tiainvolvunt,sed
2548 811 2800 873 elevant;
2860 824 2965 863 nec
3021 809 3231 867 hamus
3288 812 3614 873 internecat

1972 898 2146 965 atque
2179 894 2577 961 interﬁcit,sed
2607 894 2841 966 pretiosi
2873 895 3127 965 vulneris
3156 901 3455 970 perfundit
3483 920 3616 961 san-

1960 982 2166 1054 ,guine,
2200 982 2260 1037 in
2290 983 2461 1053 cujus
2507 981 2625 1037 oris
2656 984 3023 1040 confessione
3079 985 3302 1044 bonum
3360 991 3612 1061 pretium

1970 1069 2277 1141 reperitur,
2328 1086 2443 1141 quo
2500 1071 2785 1129 tributum
2843 1072 3230 1143 apostolicum
3286 1078 3344 1132 et
3401 1094 3615 1137 census

1968 1158 2177 1214 Christi
2212 1158 2396 1230 possit
2425 1158 2661 1214 exsolvi.
2694 1160 2785 1217 Sic
2814 1161 2971 1216 enim
3009 1163 3296 1235 scriptum
3352 1171 3462 1234 est,
3521 1169 3616 1225 di-

1972 1250 2135 1303 cente
2166 1247 2439 1303 Domino:
2471 1249 2635 1317 Reges
2666 1258 2823 1305 terrae
2852 1267 2886 1305 a
2914 1252 3110 1321 quibus
3137 1254 3416 1325 accipiunt
3438 1257 3613 1317 tribu-

1972 1344 2089 1392 tum
2116 1336 2198 1391 vel
2225 1352 2446 1391 censum
2473 1340 2497 1390 .9
2526 1337 2564 1391 Α
2596 1338 2734 1406 ﬁliis
2761 1341 2897 1402 suis,
2931 1356 3004 1394 an
3032 1340 3100 1396 ab
3131 1342 3378 1400 alienis?
3403 1345 3470 1401 Et
3524 1363 3612 1405 re-

1973 1424 2265 1496 spondente
2290 1426 2470 1491 Petro,
2502 1426 2578 1480 Ab
2635 1426 2852 1494 alienis,
2886 1429 2966 1482 ait
2994 1429 3259 1486 Dominus
3280 1435 3309 1486 ?
3362 1434 3496 1490 Vade
3545 1437 3617 1497 ad

1974 1530 2146 1581 mare,
2178 1521 2230 1569 et
2258 1516 2413 1569 mitte
2442 1511 2688 1580 hamum,
2720 1523 2772 1569 et
2825 1531 2950 1570 eum
3002 1519 3210 1587 piscem
3253 1523 3350 1592 qui
3399 1524 3617 1593 primus

1973 1601 2452 1668 ascenderit,tolle,
2483 1610 2535 1657 et
2556 1612 2746 1674 aperto
2782 1619 2875 1658 ore
2920 1605 3036 1675 ejus
3089 1607 3333 1663 invenies
3384 1610 3469 1666 ibi
3512 1620 3620 1671 sta-

1973 1698 2141 1746 terem
2166 1707 2179 1758 ;
2213 1691 2375 1747 illum
2403 1707 2622 1749 sumens
2649 1692 2807 1747 dabis
2835 1694 2915 1747 eis
2938 1708 3042 1765 pro
3067 1710 3157 1751 me
3202 1702 3254 1752 et
3306 1704 3358 1754 te
3407 1698 3645 1771 (Matth!

1972 1796 2107 1847 xvn,
2130 1780 2341 1851 24-26).

2046 1869 2133 1923 16.
2166 1867 2293 1924 Noli
2327 1868 2527 1941 igitur,
2561 1886 2593 1923 o
2627 1869 2774 1924 bone
2806 1869 3005 1941 piscis,
3041 1870 3192 1928 Petri
3241 1872 3485 1933 hamum
3541 1879 3617 1935 ti-

1973 1972 2169 2013 mere:
2203 1973 2319 2013 non
2349 1957 2577 2024 cecidit,
2611 1958 2711 2012 sed
2745 1963 3066 2015 consecrat.
3111 1960 3240 2017 Noli
3300 1965 3472 2036 quasi
3528 1968 3617 2024 vi-

1972 2046 2089 2102 lem
2118 2049 2174 2102 te
2204 2050 2597 2113 contemnere,
2625 2046 2763 2117 quia
2793 2047 2954 2103 vides
3001 2064 3212 2121 corpus
3269 2051 3613 2114 infirmum:

1974 2134 2155 2201 habes
2175 2134 2236 2190 in
2267 2151 2364 2190 ore
2390 2140 2492 2191 tuo
2523 2137 2678 2206 quod
2710 2140 2766 2191 et
2798 2153 2899 2207 pro
2933 2136 3099 2194 Petro
3121 2142 3178 2194 et
3226 2155 3330 2211 pro
3386 2142 3617 2205 Christo

1974 2223 2198 2283 oll‘eras.
2231 2222 2358 2280 Noli
2387 2223 2592 2280 timere
2623 2224 2774 2280 Petri
2827 2225 2990 2293 retia,
3050 2226 3143 2282 cui
3198 2228 3340 2286 dicit
3391 2231 3613 2290 Jesus:

1974 2312 2087 2369 Duc
2108 2314 2169 2368 in
2197 2315 2392 2381 altum,
2416 2323 2467 2369 et
2499 2314 2685 2370 laxato
2715 2316 2855 2370 retia
2880 2315 3030 2386 (Luc.
3062 2332 3117 2370 v.
3144 2316 3218 2387 4).
3278 2317 3402 2377 Non
3457 2322 3615 2379 enim

1978 2399 2038 2455 in
2068 2399 2369 2457 sinistram
2399 2405 2622 2473 partem
2656 2400 2852 2468 mittit,
2888 2403 2988 2459 sed
3019 2402 3080 2459 in
3111 2404 3429 2475 dexteram,
3463 2410 3618 2469 sicut

1971 2489 2177 2560 jussus
2208 2506 2242 2544 a
2270 2489 2498 2545 Christo
2523 2494 2633 2546 est.
2665 2490 2794 2547 Noli
2823 2490 3028 2547 timere
3061 2492 3259 2549 sinum
3288 2496 3441 2566 ejus,
3472 2500 3614 2570 quia

1975 2578 2197 2633 dictum
2230 2582 2320 2634 est
2348 2577 2434 2634 ei:
2464 2583 2560 2634 Ea:
2586 2577 2684 2634 hoc
2723 2580 2832 2634 eris
2869 2579 3115 2636 homines
3168 2582 3451 2652 viviﬁcans
3500 2587 3614 2659 (94)

1975 2666 2137 2739 (Ibid,
2170 2667 2268 2739 I0).
2302 2666 2437 2722 Ideo
2468 2666 2630 2723 misit
2676 2668 2840 2735 retia,
2891 2671 2949 2723 et
2989 2668 3329 2741 complexus
3377 2677 3467 2729 est
3493 2677 3615 2732 Ste-

1975 2755 2263 2828 phanum,
2295 2755 2395 2826 qui
2428 2754 2500 2810 de
2530 2754 2842 2827 Evangelia
2863 2755 3091 2827 primus
3107 2760 3372 2816 ascendit
3394 2760 3616 2823 habens

1974 2843 2035 2899 in
2057 2860 2154 2899 ore
2176 2859 2281 2898 suo
2302 2847 2574 2899 staterem
2590 2843 2854 2914 justitiae.
2881 2842 3043 2899 Unde
3069 2846 3433 2906 confessione
3452 2867 3618 2909 cons-

1970 2932 2115 2988 tanti
2170 2930 2441 2987 clamavit
2505 2932 2745 2988 dicens:
2819 2936 2954 2989 Ecce
3022 2934 3174 2990 video
3238 2939 3399 2994 oculos
3453 2956 3615 3013 aper-

1968 3026 2073 3087 tos,
2121 3029 2173 3076 et
2225 3021 2433 3076 Filium
2480 3020 2723 3077 hominis
2758 3025 2995 3078 stantem
3040 3023 3111 3078 ad
3161 3024 3443 3083 dexteram
3488 3033 3613 3090 Dei.

1972 3109 2108 3182 (Act.
2138 3125 2240 3176 vn,
2265 3109 2379 3180 55).
2404 3109 2511 3164 Pro
2542 3109 2652 3165 hoc
2682 3109 2841 3181 pisce
2869 3112 3064 3166 stabat
3095 3112 3380 3171 Dominus
3398 3118 3611 3189 Jesus;

221 3196 409 3253 adhuc
435 3175 603 3255 tanto
634 3214 752 3254 non
783 3198 1018 3256 satiaris
1063 3205 1411 3273 augmento;
1441 3206 1501 3258 et
1527 3203 1675 3260 dicis
1705 3204 1861 3277 quod
1893 3175 1936 3243 (ἶ
1968 3198 2190 3259 sciebat
2221 3197 2378 3254 enim
2409 3213 2537 3253 esse
2564 3198 2624 3251 in
2656 3214 2755 3254 ore
2785 3198 2912 3268 ejus
2939 3200 3192 3269 pretium
3249 3204 3341 3257 sui
3383 3221 3613 3264 census.

225 3284 362 3357 alios
386 3286 795 3355 vindicaveris,
826 3303 960 3344 cum
1007 3289 1209 3345 eadem
1254 3291 1588 3348 committas
1617 3309 1744 3365 quae
1777 3296 1866 3352 ul-

226 3372 477 3445 cisceris,
536 3375 758 3447 injuste
818 3376 1109 3447 injustior,
1138 3381 1196 3433 et
1245 3378 1451 3451 iniquo
1477 3379 1753 3453 iniquior,
1809 3389 1868 3443 et

227 3477 392 3519 avaro
422 3463 675 3535 avarior.
708 3463 854 3520 Vide
886 3481 956 3521 ne
988 3465 1142 3523 idem
1174 3467 1348 3540 tequi
1368 3467 1590 3540 piscem
1612 3469 1782 3528 illum
1807 3473 1870 3528 ﬂ-

228 3549 315 3607 nis
343 3551 608 3625 inveniat
635 3568 649 3607 :
683 3551 928 3610 hamum
960 3570 1116 3621 cave,
1147 3544 1284 3613 cave
1310 3556 1480 3615 retia.
1513 3557 1622 3615 Sed
1653 3576 1868 3631 praesu-

227 3639 334 3694 mis
365 3640 436 3696 de
465 3641 751 3713 potentia,
786 3642 942 3714 quod
975 3658 1146 3699 nemo
1184 3643 1292 3699 tibi
1336 3644 1529 3717 possit
1558 3647 1865 3707 resistere:

223 3726 315 3784 85
345 3730 739 3802 praesumebat
766 3734 825 3793 et
854 3729 1074 3787 silurus
1103 3732 1260 3804 quod
1301 3750 1498 3791 amum
1551 3753 1722 3797 nemo
1754 3738 1867 3795 sibi

215 3814 450 3887 iaceret,
483 3834 658 3875 nemo
689 3819 832 3875 retia
861 3820 1146 3889 tenderet,
1176 3824 1254 3887 et,
1286 3821 1335 3877 si
1381 3823 1703 3893 incidisset,
1735 3826 1866 3882 uni-

219 3917 379 3977 versa
404 3906 811 3979 dirumperet;
842 3911 899 3963 et
943 3911 1141 3975 tamen
1184 3908 1476 3969 fuscinam
1515 3929 1633 3969 non
1662 3913 1865 3983 evasit,

221 3996 317 4046 aut
344 4010 530 4052 nexus
560 3995 777 4052 vinculi
809 3995 1109 4063 validioris
1140 3997 1648 4072 incurrit,.quibus
1670 4018 1732 4059 se
1747 4018 1865 4061 non

222 4087 413 4152 posset
438 4099 673 4141 exuere.
710 4084 846 4142 Sine
894 4085 1072 4155 dubio
1119 4091 1177 4155 et
1223 4086 1532 4147 hominum
1580 4090 1866 4164 iniquitas

224 4185 333 4241 quo
361 4174 635 4257 graviora
662 4175 1045 4244 commiserit,
1074 4193 1144 4233 eo
1165 4177 1355 4257 magis
1373 4179 1590 4239 scelere
1610 4197 1719 4245 suo
1739 4184 1868 4239 tuta

220 4272 339 4315 esse
358 4278 478 4318 non
498 4252 713 4336 poterit
734 4280 750 4332 ;
783 4263 925 4336 quin
946 4263 1263 4337 aliquando
1282 4252 1564 4325 dissolvat
1583 4270 1739 4341 quod
1760 4286 1864 4343 pro

224 4346 504 4407 scelerum
534 4351 724 4424 pretio
754 4356 985 4421 constat
1014 4352 1252 4411 difﬁcile
1292 4371 1466 4427 posse
1493 4357 1685 4417 vitari.

856 4459 1088 4517 CAPUT
1125 4461 1221 4517 VI.

1968 3287 2237 3358 Denique
2266 3285 2517 3358 glorioso
2544 3285 2822 3357 martyrio
2852 3290 2909 3341 et
2928 3288 3083 3341 Petri
3108 3289 3422 3359 judicium,
3441 3298 3617 3364 atque

1975 3374 2323 3445 doctrinam,
2362 3378 2421 3430 et
2478 3372 2692 3431 Christi
2737 3374 2986 3445 gratiam
3046 3373 3306 3447 locuples
3364 3387 3619 3440 assertor

1976 3462 2258 3535 implevit.

2595 3549 2828 3605 CAPUT
2864 3549 2982 3606 VII.

1975 3646 2085 3720 Per
2110 3639 2658 3720 mare_l_£vangelium
2687 3640 3061 3720 etEchesiam
3109 3644 3342 3720 signari,
3369 3651 3447 3720 Aet
3485 3649 3618 3720 quid

2047 3714 2115 3788 in_
2127 3713 2275 3788 mari
2298 3713 2395 3767 hoc
2434 3715 2696 3783 praestare
2719 3711 2926 3788 debeat
2947 3712 3110 3788 homo
3126 3711 3315 3787 piscis.
3329 3711 3337 3715 ⁷
3351 3711 3617 3788 Conjuges

2044 3783 2116 3839 ad
2147 3786 2391 3862 mutuam
2420 3781 2637 3862 morum
2661 3781 3036 3862 tolerantiam,
3059 3781 3408 3862 maritalem,
3432 3781 3613 3862 ﬁdém,

2044 3853 2289 3933 exemplo
2318 3855 2524 3926 viperae
2552 3849 2932 3933 impelluntur.
2969 3849 3088 3911 cur
3116 3857 3263 3913 idem
3304 3849 3617 3933 exemplum

2044 3927 2102 3982 in
2133 3934 2422 3998 utramque
2445 3928 2657 3997 partem
2680 3930 3028 3997 usurpatum.

2046 4016 2138 4069 17.
2181 4013 2292 4069 Nec
2316 4018 2373 4068 te
2429 4016 2657 4068 moveat
2685 4014 2841 4085 quod
2892 4030 2993 4084 pro
3043 4015 3189 4071 mari
3237 4017 3615 4090 Evangelium

1974 4102 2166 4175 posui.
2201 4100 2576 4174 Evangelium
2605 4106 2712 4169 est,
2746 4102 2802 4156 in
2836 4117 2952 4174 quo
2983 4103 3086 4158 80
3116 4103 3384 4161 Christus
3414 4110 3614 4165 ambu-

1973 4190 2142 4247 lavit:
2177 4190 2550 4263 Evangelium
2580 4193 2691 4259 est,
2723 4189 2781 4245 in
2817 4206 2954 4261 quo,
2985 4189 3122 4247 licet
3148 4193 3484 4251 titubaverit
3511 4198 3616 4255 Pe-

1970 4283 2101 4337 trus
2131 4280 2365 4352 quando
2414 4278 2648 4350 negavit
2699 4277 2833 4350 (95),
2882 4282 3103 4343 tamen,
3161 4297 3265 4354 per
3315 4282 3614 4345 dexteram

1972 4368 2185 4425 Christi
2218 4368 2353 4424 ﬁdei
2383 4365 2842 4436 munimentum,
2895 4367 3164 4426 stationis
3215 4369 3434 4430 invenit
3480 4388 3615 4449 gra-

1972 4456 2143 4513 tiam:
2177 4455 2551 4530 Evangelium
2598 4458 2706 4523 est,
2759 4456 2832 4511 de
2880 4472 2996 4528 quo
3045 4463 3266 4533 martyr
3312 4465 3612 4523 ascendit:

220 4542 501 4626 [,an
553 4563 670 4626 ηδε
715 4550 976 4626 nam,
1007 4550 1099 4626 sed
1150 4551 1362 4623 piscem
1417 4554 1595 4609 auum
1625 4553 1866 4626 panum,
1894 4546 1944 4613 Β
1972 4545 2350 4619 Evangelium
2382 4548 2471 4601 est
2501 4560 2679 4611 mare,
2713 4546 2772 4601 in
2819 4562 2935 4618 quo
2990 4546 3293 4619 piscantur
3342 4554 3614 4626 apostoli,

286 4616 461 4699 alium
482 4616 977 4699 πιαζᾳηίίηυεηίνέ
1001 4639 1029 4699 ;_
1046 4616 1247 4679 bonum
1272 4639 1400 4685 vero
1436 4626 1590 4683 Petri
1616 4616 1862 4699 hamum;

286 4703 347 4743 ac
368 4688 556 4746 sinum
582 4691 777 4755 timere
802 4708 912 4750 non
942 4688 1152 4749 debere.

285 4809 371 4865 45.
406 4811 594 4871 Piscis
623 4830 760 4889 ergo
784 4832 868 4887 es,
903 4833 936 4872 ο
960 4815 1155 4874 homo.
1188 4818 1337 4876 Audi
1369 4819 1509 4891 quia
1555 4820 1735 4893 piscis
1765 4838 1861 4878 es:

220 4894 403 4955 Simile
430 4904 508 4957 est
534 4918 773 4977 regnum
796 4905 1056 4962 calorum
1082 4908 1193 4981 reti
1218 4908 1380 4964 misso
1409 4909 1468 4964 in
1518 4925 1693 4977 mare,
1725 4909 1866 4981 quod

221 4998 289 5041 es:
326 4990 477 5061 omni
531 5008 727 5064 genere
774 4996 1017 5066 piscium
1071 4999 1442 5066 congregavit.
1502 4998 1640 5054 Cum
1679 5002 1866 5057 autem

222 5083 348 5131 esset
372 5079 685 5151 impletum,
733 5083 1011 5139 duxerunt
1056 5083 1114 5139 id
1170 5084 1241 5140 ad
1293 5084 1469 5151 littus,
1528 5090 1583 5141 et
1625 5087 1865 5143 sedentes

223 5161 500 5239 elegerant
524 5171 757 5241 optimos
802 5173 864 5227 in
909 5175 1056 5239 vasis
1100 5175 1237 5244 suis,
1288 5175 1461 5231 malos
1495 5183 1681 5232 autem
1710 5179 1865 5247 [oras

534 5256 629 5313 Sic
658 5261 763 5317 erit
792 5261 854 5316 in
881 5264 1354 5339 consumatione
1380 5265 1592 5322 saeuit.
1620 5263 1866 5320 Exibunt

290 5394 397 5478 (93)
428 5397 637 5478 Carm,
660 5404 758 5478 qui
784 5403 1061 5460 cedentem
1091 5408 1455 5477 persequeris,
1514 5406 1721 5463 incides
1749 5407 1865 5478 ipse

316 5482 392 5544 ue
414 5471 479 5544 in
496 5471 863 5544 profundum.

309 5536 400 5623 94)
457 5536 617 5600 Μεε.’
662 5549 916 5617 quatuor
966 5544 1186 5623 inﬁma
1228 5551 1402 5618 notis,
1451 5551 1563 5605 eris
1617 5548 1863 5606 homines

224 5619 517 5759 “(agite
545 5696 694 5749 mss.
721 5702 789 5749 ac
817 5686 956 5765 edit,
984 5688 1116 5753 Am.
1146 5693 1206 5753 et
1232 5686 1354 5756 Pet.
1380 5707 1395 5766 ;
1418 5688 1549 5752 Era.
1571 5706 1706 5754 vero
1727 5706 1862 5754 cum

1974 4636 2035 4691 in
2065 4652 2181 4709 quo
2209 4635 2467 4691 mittitur
2494 4638 2633 4701 rete,
2669 4636 2823 4706 quod
2864 4635 3055 4693 simile
3106 4643 3196 4697 est
3241 4655 3419 4715 regno
3449 4644 3614 4701 caeloo

1974 4740 2145 4780 rum:
2178 4722 2557 4797 Evangelium
2592 4728 2682 4779 est
2717 4741 2897 4794 mare,
2930 4725 2989 4781 in
3040 4744 3156 4800 quo
3202 4729 3418 4787 Christi
3460 4733 3615 4806 ﬁgu-

1974 4818 2182 4869 rantur
2210 4812 2526 4886 mysteria:
2585 4810 2961 4885 Evangelium
3014 4821 3105 4872 est
3151 4833 3330 4886 mare,
3381 4820 3441 4874 in
3500 4834 3616 4893 quo

1973 4901 2250 4959 Hebraeus
2276 4903 2481 4969 evasit,
2515 4902 2817 4975 [Egyptius
2846 4903 3263 4976 interremptus
3282 4911 3404 4962 est:
3438 4908 3617 4966 Evan-

1974 4991 2189 5063 gelium
2224 4996 2313 5047 est
2342 5007 2524 5057 mare,
2559 4992 2699 5063 quia
2729 5007 2942 5063 sponsa
2979 4992 3194 5048 Christi
3225 4994 3479 5052 Ecclesia
3503 5002 3614 5068 est,

1972 5084 2030 5135 et
2060 5079 2266 5134 divina:
2294 5079 2495 5152 gratiae
2529 5078 2852 5150 plenitudo,
2887 5096 3014 5151 quae
3047 5096 3227 5151 supra
3264 5083 3450 5139 maria
3480 5084 3613 5141 fun-

1972 5168 2109 5223 data
2156 5172 2264 5237 est,
2317 5169 2471 5225 sicut
2510 5168 2656 5225 dixit
2693 5168 3013 5240 propheta:
3064 5169 3182 5240 Ipse
3226 5185 3390 5243 super
3432 5177 3616 5231 maria

1970 5255 2225 5327 fundavit
2252 5272 2373 5312 eam
2411 5258 2582 5329 (Psal.
2635 5274 2792 5324 XXIII,
2841 5257 2917 5329 2).
2974 5255 3151 5313 Exsili
3199 5276 3378 5331 super
3400 5263 3614 5336 undas,

1972 5397 2376 5470 sequentibus,
2401 5400 2461 5452 in
2483 5414 2587 5470 quo
2617 5400 2742 5454 licet
2786 5400 3109 5456 titubaverit
3137 5402 3354 5470 Petrus,
3392 5421 3502 5461 non
3530 5414 3614 5463 ta-

1969 5468 2095 5525 men
2122 5470 2363 5547 negavit,
2392 5468 2630 5547 quando,
2663 5474 2772 5547 etc.
2808 5471 3029 5547 ibidem
3048 5488 3191 5528 mss.
3217 5468 3457 5547 aliquot.
3487 5478 3617 5534 ﬁdei

1969 5542 2401 5618 m_unim_entum_
2415 5541 2670 5618 stationes
2719 5542 2961 5618 invenit;
3010 5541 3469 5618 nonnullifﬁde;
3497 5552 3613 5604 vet.

1970 5610 2295 5685 edit.»,ﬁdei
2312 5610 2558 5685 ,{Romn
2590 5610 2720 5683 ﬁda
2744 5613 3149 5672 munimentum
3186 5610 3614 5680 statiomsinve-

2113 5682 2497 5763 Ettaugelium,
2526 5685 2635 5744 etc.
