3910 6210
277 335 405 395 22⁸7

1741 327 1805 386 8.
1851 322 2227 386 AMBROSII

3573 320 3692 386 228

291 485 322 521 ο
354 466 552 532 homo,
583 463 722 535 quia
751 462 929 536 piscis
959 477 1052 518 es:
1088 479 1206 518 non
1250 465 1306 517 te
1353 459 1688 532 opprimant
1735 456 1930 514 saeculi
1959 462 2014 523 Α
2044 459 2140 514 liis
2173 457 2423 530 repellis.
2458 459 2668 529 Vipera
2695 473 2853 515 mare
2892 462 3242 532 prospectat,
3289 457 3554 530 explorat
3581 457 3690 514 iter

291 555 460 610 istius
487 555 725 608 fluctus:
761 552 810 607 si
841 556 1158 624 tempestas
1190 555 1300 617 est,
1335 553 1464 622 pete
1495 549 1680 604 altum
1712 552 1767 604 et
1798 563 1929 619 pro-

291 643 540 698 fundum
567 659 579 696 :
614 641 660 696 si
684 640 988 708 serenitas,
1014 640 1148 695 lude
1169 640 1227 693 in
1253 638 1527 694 fluctibus
1553 654 1566 693 :
1593 638 1636 691 si
1661 636 1929 708 procella,

290 749 424 788 cave
455 749 488 787 a
515 729 821 803 scepuloso
852 729 1079 793 littore;
1115 746 1183 784 ne
1204 732 1258 783 te
1281 728 1336 782 in
1364 744 1568 799 rupem
1592 728 1790 781 furens
1823 742 1931 779 (es-

289 826 386 876 tus
418 819 624 875 illidat.
655 818 947 890 Scriptum
997 824 1087 872 est
1132 817 1321 873 enim:
1357 817 1533 871 Estote
1589 816 1758 870 astuti
1793 815 1934 868 sicut

287 913 561 981 serpentes
590 907 796 980 (Matth.
830 924 886 978 x,
928 906 1039 977 46).

363 1001 446 1054 18.
476 999 544 1053 Et
591 997 730 1070 quia
771 997 841 1051 de
890 995 1262 1066 serpentibus
1307 995 1520 1050 astutis
1567 993 1932 1064 propositum

289 1087 619 1159 exemplum
652 1089 759 1150 est,
795 1084 983 1139 simus
1015 1083 1196 1138 astuti
1229 1083 1379 1138 circa
1401 1081 1713 1153 quaerenda
1742 1085 1801 1134 et
1821 1096 1934 1135 ser-

289 1178 480 1233 vanda
512 1173 807 1245 conjugia,
842 1171 1157 1244 diligamus
1191 1171 1410 1226 tributa
1432 1169 1599 1225 nobis
1621 1167 1930 1224 consortia.

290 1268 358 1321 Et
387 1266 436 1320 si
467 1265 505 1318 ii
535 1265 634 1335 qui
677 1261 1014 1334 longinquis
1056 1261 1284 1315 fuerant
1330 1264 1492 1314 ortus
1535 1259 1626 1314 sui
1677 1263 1933 1329 tempore

291 1353 628 1427 regionibus
659 1352 910 1422 separati
944 1351 1094 1404 inter
1125 1366 1185 1404 se
1226 1348 1621 1413 convenerint,
1662 1351 1726 1402 et
1767 1346 1816 1400 si
1849 1345 1934 1400 vir

290 1445 360 1500 ad
393 1441 698 1515 peregrina
729 1439 1109 1504 contenderit,
1133 1435 1736 1509 nullalonginquitas,
1770 1433 1932 1488 nulla

287 1530 552 1587 absentia
579 1527 986 1600 complacitam
1032 1527 1260 1581 minuat
1303 1525 1666 1580 charitatem.
1715 1520 1930 1578 Eadem

283 1621 376 1676 lex
405 1623 716 1690 praesentes
747 1617 1133 1687 absentesque
1163 1614 1490 1670 connectit:
1525 1614 1678 1668 idem
1710 1616 1929 1666 naturae

241 1702 266 1725 ⁸
286 1708 581 1764 vinculum
609 1707 762 1760 inter
792 1705 1078 1759 distantes
1107 1708 1164 1759 et
1193 1703 1580 1758 consistentes
1603 1699 1931 1772 conjugalis

286 1796 588 1855 charitatis
644 1796 782 1864 jura
823 1792 1204 1848 constrinxit:
1257 1793 1458 1848 eodem
1500 1792 1647 1863 jugo
1691 1789 1929 1845 benedi-

287 1887 497 1943 ctionis
528 1883 834 1953 utriusque
877 1880 1027 1936 colla
1079 1881 1394 1946 sociantur,
1443 1880 1620 1935 etiam
1681 1879 1729 1933 si
1787 1877 1931 1933 alter

287 1977 457 2032 obeat
486 1976 888 2043 separatarum
922 1971 1223 2040 regionum
1258 1968 1432 2040 longa
1482 1967 1758 2034 divortia;
1793 1965 1933 2037 quia

285 2081 401 2120 non
433 2060 692 2133 corporis
735 2059 972 2124 cervice,
1020 2057 1120 2112 sed
1172 2056 1407 2121 mentis,
1471 2057 1673 2128 iugum
1733 2054 1928 2127 gratiae

284 2156 642 2225 receperunt.
672 2148 883 2220 Vipera
916 2144 1344 2217 nequissimum
1377 2161 1562 2216 genus
1603 2144 1821 2208 bestiae,
1873 2147 1931 2197 et

285 2258 461 2314 super
490 2239 688 2295 omnia
708 2253 834 2308 quae
867 2233 1184 2306 serpentini
1218 2239 1357 2288 sunt
1386 2233 1616 2304 generis
1661 2230 1927 2296 astutior,

283 2331 384 2386 ubi
415 2325 1052 2397 coeundicupiditatem
1078 2321 1486 2394 assumpserit,
1513 2337 1784 2375 muraenae
1810 2337 1931 2374 ma-

283 2419 493 2474 ritima:
535 2420 732 2470 notam
785 2412 896 2467 sibi
949 2410 1194 2483 requirit
1239 2408 1528 2482 copulam,
1579 2408 1669 2464 vel
1717 2424 1928 2464 novam

283 2510 605 2582 praeparat:
639 2517 1064 2576 progressaque
1095 2500 1163 2554 ad
1220 2499 1410 2566 littus,
1471 2497 1664 2554 sibillo
1719 2497 1925 2553 testifi-

281 2602 413 2653 cata
459 2592 828 2668 praasentiam
890 2590 1002 2657 sui,
1064 2589 1133 2644 ad
1163 2587 1530 2659 conjugalem
1589 2586 1926 2659 amplexum

281 2686 442 2742 illam
473 2686 693 2740 evocat.
728 2681 986 2734 Muraena
1014 2682 1212 2733 autem
1246 2676 1489 2732 invitata
1519 2693 1633 2731 non
1658 2676 1838 2740 deest,
1872 2678 1928 2731 et

279 2777 570 2831 venenatae
605 2768 856 2840 serpenti
891 2766 1174 2838 expetitos
1198 2781 1343 2820 usus
1367 2782 1484 2820 suae
1515 2763 1775 2835 impertit
1796 2780 1928 2818 cou-

276 2861 622 2934 junctionis.
657 2857 804 2920 Quid
837 2856 946 2911 sibi
988 2853 1109 2908 vult
1156 2870 1347 2908 sermo
1397 2852 1757 2923 hujusmodi,
1813 2852 1925 2907 nisi

284 2950 554 3007 ferendos
585 2963 714 3002 esse
748 2960 941 2999 mores
973 2943 1292 3013 eonjugum
1320 2960 1332 3009 ;
1369 2946 1427 2995 et
1475 2941 1524 2996 si
1573 2941 1786 2996 absens
1815 2944 1922 3009 est,

281 3041 411 3111 ejus
441 3034 856 3109 opperiendam
891 3031 1276 3104 praesentiam,
1311 3029 1388 3084 sit
1423 3028 1556 3084 licet
1600 3046 1787 3100 asper,
1822 3028 1924 3085 fal-

279 3130 394 3195 lax,
428 3124 784 3192 inconditus,
827 3119 1110 3187 lubricus,
1155 3118 1509 3174 temulentus
1533 3123 1555 3174 P
1578 3119 1725 3183 Quid
1759 3119 1925 3189 pejus

2043 549 2343 619 conjugis:
2378 552 2440 603 tu
2473 546 2703 619 injuriis
2734 548 2886 602 viam
2917 548 3037 603 viro
3067 545 3324 602 obstruis
3345 565 3363 601 :
3397 552 3463 602 tu
3493 545 3687 602 litium

2043 653 2239 691 moves
2271 654 2578 704 venenum,
2621 654 2735 692 non
2789 637 3017 708 rejicis:
3073 641 3131 691 tu
3185 635 3515 708 conjugalis
3563 652 3686 691 am-

2044 725 2248 797 plexus
2283 729 2538 798 tempore
2568 726 2762 781 dirum
2795 727 2954 781 virus
2983 731 3302 781 exmstuas:
3334 742 3439 781 nec
3479 725 3688 780 erube-

2043 814 2158 869 scis
2191 815 2444 886 nuptias,
2478 831 2582 869 nec
2613 814 2890 870 revereris
2933 815 3228 870 maritum.

2117 903 2201 958 19.
2233 903 2342 958 Sed
2375 903 2573 970 etiam,
2605 907 2691 968 tu,
2740 903 2845 969 vir,
2900 920 3215 974 possumus
3262 903 3438 959 etiam
3484 902 3569 958 sic
3598 917 3688 958 ac-

2045 991 2258 1063 cipere,
2289 992 2513 1063 depone
2537 997 2828 1046 tumorem
2883 993 3092 1060 cordis,
3143 992 3518 1064 asperitatem
3569 1007 3688 1048 mo-

2044 1098 2196 1147 rum,
2263 1097 2396 1136 cum
2461 1080 2564 1136 tibi
2627 1081 2831 1136 sedula
2885 1098 3026 1136 uxor
3074 1079 3368 1136 occurrit:
3431 1078 3686 1152 propelle

2043 1169 2529 1241 indignationem,
2562 1187 2694 1224 cum
2727 1170 2941 1225 blanda
2973 1171 3182 1241 conjux
3218 1170 3288 1224 ad
3338 1169 3686 1224 charitatem

2044 1264 2332 1330 provocat.
2365 1259 2490 1315 Non
2513 1276 2575 1314 es
2604 1258 2900 1324 dominus,
2945 1259 3044 1313 sed
3095 1259 3379 1314 maritus:
3434 1275 3552 1313 non
3584 1274 3684 1312 au-

2041 1347 2236 1404 cillam
2273 1349 2516 1404 sortitus
2545 1365 2628 1414 es,
2677 1349 2776 1402 sed
2832 1365 3089 1402 uxorem.
3139 1347 3602 1403 Gubernatorem
3631 1352 3684 1402 te

2043 1437 2195 1492 Deus
2226 1437 2406 1493 voluit
2445 1453 2572 1492 esse
2622 1453 2796 1492 sexus
2843 1437 3154 1504 inferioris,
3201 1453 3314 1492 non
3362 1439 3683 1508 praepoten-

2039 1530 2176 1581 tem.
2219 1525 2409 1581 Redde
2449 1526 2644 1581 studio
2697 1524 2900 1592 vicem,
2949 1525 3121 1580 redde
3170 1525 3352 1580 amori
3411 1524 3682 1597 gratiam.

2036 1615 2248 1687 Vipera
2272 1631 2558 1670 venenum
2590 1631 2764 1669 suum
2798 1613 3021 1669 fundit:
3057 1619 3120 1669 tu
3151 1630 3268 1669 non
3307 1617 3471 1686 potes
3527 1611 3684 1668 duri-

2040 1705 2180 1758 tiam
2212 1705 2424 1759 mentis
2456 1702 2790 1775 deponere?
2818 1703 2925 1758 Sed
2959 1702 3137 1758 habes
3169 1701 3496 1758 naturalem
3528 1702 3682 1774 rigo-

2040 1810 2192 1861 rem;
2227 1794 2403 1848 debes
2448 1798 2776 1864 temperare
2822 1808 2954 1846 eum
3010 1791 3500 1863 contemplatione
3548 1807 3684 1846 con-

2035 1882 2208 1955 jugii,
2241 1887 2297 1937 et
2329 1882 2649 1936 reverentia
2696 1881 3122 1952 conjunctionis
3171 1881 3460 1952 deponere
3504 1877 3688 1934 animi

2041 1972 2326 2026 feritatem
2359 1972 2492 2042 (97).
2528 1971 2723 2024 Potest
2754 1975 2811 2024 et
2854 1969 2957 2023 sic.
3007 1968 3197 2026 Nolite
3246 1984 3524 2040 quaerere,
3556 1967 3684 2034 viri,

2040 2060 2295 2116 alienum
2340 2060 2598 2125 thorum,
2645 2059 2822 2114 nolite
2867 2058 3132 2114 insidiari
3191 2059 3390 2114 alienae
3438 2057 3683 2129 copula.

2038 2150 2218 2206 Grave
2244 2153 2333 2205 est
2363 2148 2736 2215 adulterium,
2770 2152 2828 2202 et
2860 2153 3080 2202 natura;
3110 2148 3347 2218 injuria.
3383 2147 3544 2203 Duos
3573 2146 3688 2219 pri-

2039 2255 2201 2293 mum
2235 2239 2388 2293 Deus
2420 2237 2573 2304 fecit,
2607 2237 2794 2291 Adam
2825 2241 2881 2291 et
2912 2237 3107 2302 Evam,
3141 2235 3250 2292 hoc
3275 2240 3381 2305 est,
3404 2236 3599 2292 virum
3631 2240 3686 2292 et

2039 2345 2298 2396 uxorem,
2350 2331 2407 2382 et
2460 2342 2697 2381 uxorem
2757 2326 2826 2381 de
2882 2325 3025 2396 viro,
3086 2325 3195 2380 hoc
3249 2329 3339 2381 est
3397 2325 3469 2380 de
3527 2329 3688 2382 costa

2037 2418 2224 2472 Adam
2251 2435 2264 2484 ;
2298 2415 2556 2486 etjussit
2585 2415 2790 2470 ambos
2819 2431 2947 2470 esse
2980 2414 3036 2468 in
3095 2431 3211 2470 uno
3243 2431 3510 2486 corpore,
3544 2419 3602 2472 et
3625 2414 3684 2470 in

2037 2522 2152 2561 uno
2199 2505 2408 2576 spiritu
2457 2504 2663 2558 vivere.
2714 2503 2861 2566 Quid
2925 2520 3108 2558 unum
3158 2519 3396 2575 separes
3443 2520 3679 2576 corpus,

2038 2611 2222 2651 unum
2266 2592 2478 2648 dividis
2522 2592 2841 2664 spiritum?
2886 2591 3112 2647 Natura:
3166 2590 3522 2647 adulterium
3573 2597 3679 2649 est.

2034 2684 2152 2738 Hoc
2200 2682 2366 2736 docet
2424 2697 2693 2735 muraenae
2737 2684 2796 2735 et
2842 2679 3048 2751 viperae
3093 2697 3207 2736 non
3246 2681 3381 2750 jure
3424 2680 3677 2752 generis,

2037 2772 2136 2827 sed
2169 2771 2373 2826 ardore
2403 2769 2666 2824 libidinis
2688 2769 2974 2840 expetitus
3005 2768 3327 2841 amplexus.
3377 2769 3615 2836 Discite,
3647 2785 3680 2824 ο

2033 2861 2163 2926 viri,
2199 2859 2298 2932 qui
2329 2859 2580 2914 alienam
2624 2857 2943 2929 permolere
2993 2857 3104 2929 (98)
3154 2859 3363 2930 quierit
3411 2874 3672 2924 uxorem,

2035 2951 2202 3019 cujus
2251 2949 2539 3020 serpentis
2604 2946 2715 3000 sibi
2761 2946 3053 3002 adscieere
3109 2947 3307 3018 cupiat
3369 2950 3678 3005 contuber-

2036 3040 2221 3106 nium,
2257 3038 2356 3109 qui
2401 3035 2574 3092 etiam
2625 3035 3054 3107 comparandus
3106 3034 3230 3107 ipse
3274 3037 3533 3108 serpenti
3579 3038 3676 3094 sit.

2036 3127 2291 3184 Festinat
2319 3126 2390 3180 ad
2420 3125 2699 3196 viperam,
2733 3140 2862 3194 qua:
2890 3140 2952 3178 se
2993 3123 3052 3178 in
3100 3123 3386 3195 gremium
3421 3125 3533 3179 viri
3566 3143 3678 3182 non

281 3191 522 3282 veneno,
557 3213 712 3284 quod
744 3191 802 3265 in
836 3209 1082 3280 conjuge
1105 3224 1360 3262 muraena
1390 3225 1502 3262 non
1527 3205 1783 3280 refugit?
1811 3206 1921 3262 Vo-

2110 3221 2252 3272 recto
2283 3215 2514 3269 tramite
2545 3213 2826 3278 veritatis,
2867 3212 2966 3267 sed
3008 3211 3229 3268 lubrico
3267 3213 3415 3268 devii
3461 3213 3679 3270 amoris

283 3311 412 3362 cata
441 3320 557 3360 non
579 3303 762 3367 deest,
795 3305 851 3355 et
881 3298 1168 3370 serpentis
1215 3296 1507 3352 lubricum
1556 3295 1762 3352 sedula
1785 3296 1922 3351 cha-

283 3396 452 3450 ritate
483 3390 912 3464 complectitur.
948 3386 1048 3442 Ille
1078 3390 1181 3442 tua
1209 3385 1366 3442 mala
1395 3391 1608 3457 portat,
1641 3389 1698 3440 et
1728 3385 1924 3440 levita-

282 3485 356 3539 tis
385 3481 612 3537 feminze
645 3477 1018 3533 facilitatem:
1054 3481 1117 3530 tu
1148 3475 1338 3530 virum
1369 3479 1539 3529 tuum
1574 3491 1688 3529 non
1733 3479 1920 3546 potes,

280 3589 312 3626 ο
392 3569 622 3635 mulier,
692 3565 1028 3622 sustinere?
1099 3564 1284 3619 Adam
1357 3581 1457 3634 per
1515 3563 1687 3618 Evam
1755 3565 1920 3620 dece-

283 3663 422 3731 ptus
479 3661 586 3724 est,
647 3671 760 3709 non
815 3654 929 3708 Eva
993 3669 1093 3724 per
1165 3652 1349 3706 Adam
1425 3652 1538 3718 (33,
1607 3669 1664 3723 q.
1742 3656 1794 3708 5.
1871 3670 1921 3709 c.

281 3748 453 3804 Adam
478 3762 578 3818 pcr
614 3746 781 3798 Evam
826 3742 872 3812 (1
919 3742 1050 3795 Tim.
1102 3758 1159 3805 II,
1206 3740 1314 3810 ita).
1362 3743 1542 3803 Quem
1587 3742 1810 3796 vocavit
1851 3744 1924 3798 ad

283 3835 516 3908 culpam
549 3831 1030 3902 mulier,justum
1062 3833 1150 3884 est
1179 3833 1244 3882 ut
1290 3845 1424 3883 eum
1473 3829 1923 3901 gubernatorem

283 3927 584 3990 assumat;
619 3920 928 3976 neiterum
959 3918 1210 3973 feminea
1240 3916 1514 3973 facilitate
1539 3917 1788 3974 labatur.
1812 3920 1921 3975 Sed

281 4012 552 4070 horridus
582 4015 638 4065 et
668 4006 923 4063 incultus
955 4010 1062 4061 est.
1097 4005 1286 4061 Semel
1337 4005 1573 4078 placuit.
1627 4007 1925 4080 Numquid

283 4104 367 4158 vir
397 4103 731 4172 frequenter
751 4101 839 4152 est
868 4095 1174 4168 eligendus
1196 4095 1224 4150 ‘t
1269 4096 1612 4166 Comparem
1663 4113 1832 4152 suum
1869 4102 1928 4152 et

281 4192 388 4246 bos
418 4187 682 4261 requirit,
712 4190 768 4242 et
799 4202 987 4257 equus
1019 4183 1246 4256 diligit;
1289 4189 1346 4239 et
1375 4183 1424 4238 si
1471 4188 1729 4240 mutetur
1753 4185 1922 4254 alius,

281 4285 476 4336 tamen
509 4277 738 4332 trahere
759 4276 974 4347 jugum
1009 4273 1193 4329 nescit
1223 4289 1464 4344 compar
1493 4271 1753 4346 alterius,
1778 4278 1833 4330 et
1863 4291 1925 4331 se

281 4385 398 4423 non
449 4371 636 4423 totum
688 4369 889 4437 putat:
921 4367 985 4417 tu
1025 4361 1285 4434 jugalem
1335 4361 1609 4433 repudies
1651 4367 1842 4432 tuum,
1872 4369 1928 4420 et

281 4461 454 4529 putas
485 4470 636 4526 saepe
663 4453 1009 4507 mutandum
1038 4469 1050 4518 ;
1085 4456 1143 4505 et
1173 4451 1221 4505 si
1264 4467 1378 4505 uno
1411 4449 1660 4506 defuerit
1688 4453 1800 4520 die,
1835 4469 1926 4509 su-

2034 3304 2309 3360 infundit.
2340 3302 2596 3359 Festinat
2621 3301 2692 3356 ad
2723 3318 2851 3356 eam
2883 3319 3007 3372 quas
3037 3317 3325 3356 venenum
3376 3318 3556 3358 suum
3588 3319 3674 3358 re-

2033 3393 2232 3460 sumit,
2269 3396 2332 3446 ut
2355 3391 2550 3464 vipera
2578 3407 2704 3462 quae
2738 3391 2919 3445 fertur
2967 3393 3196 3462 peracto
3244 3391 3675 3462 conjunctionis

2032 3498 2272 3538 munere
2297 3495 2581 3536 venenum
2604 3480 2758 3550 quod
2782 3483 3135 3545 evomuerat,
3164 3496 3370 3534 rursus
3395 3479 3634 3537 haurire
3658 3498 3670 3549 ;

2033 3571 2296 3626 adultera
2325 3570 2483 3626 enim
2514 3569 2710 3640 vipera
2738 3571 2825 3624 est
2854 3569 3034 3640 (Prov.
3069 3585 3226 3637 χχιιι,
3258 3569 3370 3636 32).
3427 3567 3592 3624 Unde
3623 3573 3678 3624 et

2031 3660 2304 3717 Salomon
2353 3660 2432 3714 ait
2481 3657 2636 3730 quod
2685 3657 2735 3713 is
2785 3657 2882 3728 qui
2928 3657 3102 3712 fuerit
3140 3657 3498 3713 temulentus
3541 3674 3676 3714 cum

2034 3767 2135 3822 per
2165 3750 2364 3804 vinum
2395 3747 2573 3802 libido
2627 3747 2842 3802 fervere
2895 3747 3277 3811 consueverit,
3328 3751 3616 3817 tanquam
3648 3763 3680 3803 a

2035 3837 2258 3895 colubri
2290 3837 2405 3891 ictu
2437 3835 2786 3902 extenditur,
2821 3838 2876 3889 et
2907 3839 3188 3907 tanquam
3221 3851 3255 3890 a
3292 3839 3542 3891 cornuta
3572 3835 3680 3890 dif-

2035 3923 2300 3979 funditur
2329 3921 2413 3976 illi
2445 3938 2754 3976 venenum.
2787 3922 2856 3976 Et
2887 3926 2950 3976 ut
2973 3923 3124 3977 scias
3146 3923 3300 3994 quod
3324 3922 3395 3977 de
3417 3923 3684 3978 adultera

2035 4011 2474 4082 dixitgadjecit:
2525 4010 2682 4066 Oculi
2731 4012 2814 4064 tui
2853 4027 2977 4065 cum
3023 4011 3265 4066 viderint
3307 4012 3576 4079 alienam,
3627 4027 3682 4068 os

2035 4110 2190 4157 tuum
2221 4101 2464 4172 loquitur
2487 4115 2740 4172 perversa
2769 4099 2926 4168 (Ibid.
2973 4100 3081 4170 33).

2104 4191 2192 4245 20.
2227 4190 2341 4245 Nec
2371 4189 2688 4261 quisquam
2737 4187 2894 4244 velut
2937 4189 3230 4244 contraria
3274 4189 3548 4260 posuisse
3578 4205 3684 4245 nos

2035 4281 2250 4346 credat,
2279 4284 2344 4334 ut
2381 4283 2440 4334 et
2469 4279 2538 4333 ad
2566 4278 2787 4333 bonum
2818 4282 2875 4333 et
2900 4279 2974 4341 ad
3011 4277 3229 4334 malum
3259 4277 3468 4350 viperae
3503 4277 3684 4349 hujus

2036 4368 2299 4442 exemplo
2330 4372 2664 4436 uteremur;
2699 4383 2833 4421 cum
2864 4367 2933 4422 ad
2975 4367 3404 4423 institutionem
3449 4371 3685 4424 utrum-

2037 4475 2150 4531 que
2177 4457 2462 4529 proficiat,
2497 4455 2544 4510 si
2577 4454 2994 4511 erubescamus
3025 4459 3125 4511 aut
3151 4456 3327 4512 fidem
3375 4473 3493 4512 non
3521 4455 3686 4512 exhi-

281 4541 551 4616 perducis
601 4539 838 4595 rivalem
887 4540 1022 4610 (96),
1073 4542 1131 4594 et
1177 4538 1378 4594 statim
1426 4537 1722 4611 incognita
1751 4558 1927 4599 causa
1957 4560 2005 4625 D
2037 4549 2172 4604 bere
2203 4545 2432 4613 dilecto,
2468 4545 2567 4616 qui
2599 4543 2830 4600 exhibet
2860 4561 3130 4616 serpens;
3164 4549 3266 4600 aut
3289 4544 3686 4616 relinquentes

281 4630 448 4704 quasi
475 4629 705 4701 cognita
731 4627 970 4699 pudoris
1007 4627 1340 4697 exsequeris
1384 4626 1684 4695 injuriam.
1717 4629 1930 4702 Vipera

280 4721 579 4776 absentem
616 4715 882 4787 requirit,
917 4715 1010 4770 81
1048 4715 1348 4769 absentem
1393 4719 1578 4783 vocat,
1629 4722 1685 4771 et
1714 4717 1926 4776 blando

279 4807 602 4881 proclamat
632 4803 836 4861 sibilo:
873 4808 1047 4885 atque
1079 4803 1178 4857 ubi
1233 4804 1546 4859 adventare
1593 4821 1926 4880 comparem

277 4897 544 4964 senserit,
578 4911 868 4952 venenum
896 4893 1110 4950 evomit
1158 4895 1540 4951 reverentiam
1585 4897 1794 4952 marito
1825 4898 1926 4953 de-

277 4988 491 5056 ferens,
523 4985 916 5041 verecundata
962 4981 1284 5054 nuptialem
1334 4983 1624 5056 gratiam:
1675 4991 1760 5052 tu,
1793 5003 1928 5042 mu-

277 5076 403 5144 lier,
440 5073 846 5131 advenientem
879 5073 949 5129 de
975 5072 1295 5145 longinquo
1327 5074 1604 5130 maritum
1637 5081 1930 5132 contume-

347 5183 459 5252 (96)
487 5181 732 5247 Quidem
766 5198 910 5236 mss.
943 5189 1190 5252 suspecta
1236 5181 1463 5236 rivalem
1513 5198 1610 5244 es;
1663 5185 1764 5236 aut
1793 5199 1927 5238 cum

277 5253 417 5308 edit.
457 5253 778 5320 nonnullis,
810 5254 1114 5323 suspicaris
1164 5253 1415 5318 rivalem,
1458 5260 1506 5306 et
1559 5255 1746 5307 statim
1778 5256 1928 5310 inco-

275 5326 428 5393 gnita
457 5339 646 5389 causa,
689 5325 849 5394 quasi
893 5326 1205 5391 cognitam;
1253 5329 1355 5378 aut
1411 5339 1545 5378 cum
1602 5323 1732 5378 aliis
1763 5325 1925 5392 edit.,

277 5403 331 5449 et
357 5395 544 5465 statim
573 5397 934 5465 incognitam,
968 5397 1125 5464 quasi
1153 5398 1450 5465 cognitam,
1483 5399 1592 5449 etc.
1639 5396 1748 5450 Sed
1785 5413 1922 5454 mss.

279 5463 589 5517 duodecim
623 5463 1021 5534 probatissimi
1049 5481 1192 5520 cum
1218 5463 1379 5521 fodit.
1431 5465 1552 5521 Pet.
1581 5470 1638 5521 et
1686 5465 1820 5522 Gill.
1847 5467 1927 5524 le-

280 5536 436 5606 gunt
452 5537 535 5606 ut;
553 5550 657 5606 nos
690 5535 746 5588 in
779 5539 958 5590 textu.

352 5603 465 5677 (97)
498 5602 650 5677 Edit.
679 5621 884 5677 omnes
922 5622 1054 5660 cum
1105 5623 1248 5677 mss.
1305 5606 1554 5677 aliquot,
1604 5609 1927 5666 Reverentia

278 5673 700 5752 conjunctionis.
730 5676 914 5734 Potest
955 5685 1006 5737 et
1035 5678 1133 5750 sic,
1193 5676 1335 5742 Mss.
1386 5673 1592 5740 novem
1622 5677 1684 5741 in
1726 5679 1926 5743 lectio-

2039 4640 2242 4691 sancta
2289 4633 2579 4705 conjugia,
2628 4632 2854 4689 lubrica
2913 4638 2971 4688 et
3010 4633 3276 4689 nocitura
3325 4633 3688 4690 salutaribus

2037 4722 2596 4798 praeferamus,quod
2631 4721 2768 4777 facit
2797 4721 2895 4794 qui
2923 4739 3055 4778 cum
3087 4726 3353 4794 serpente
3384 4721 3685 4779 miscetur.

2591 4828 2690 4884 88
2724 4827 2956 4883 CAPUT
2985 4827 3132 4884 VIII.

2037 4941 2109 4996 De
2165 4937 2372 5019 astutia
2418 4935 2610 5060 poti/pi
2659 4945 2710 4989 et
2786 4936 2991 4999 cancri,
3073 4935 3269 5005 quibus
3303 5008 3311 5017 I
3338 4935 3693 5006 fraudulenti

2110 5010 2355 5060 homines
2385 5007 2548 5060 adum
2587 5013 2819 5060 rantur:
2855 5022 2979 5060 cum
3035 5008 3416 5060 exhortatione
3461 5007 3534 5060 ad
3598 5009 3688 5060 fu-

2110 5010 2355 5064 homines
2385 5007 2819 5078 adumbrantur;
2855 5022 2979 5061 cum
3035 5008 3416 5062 exhortatione
3461 5007 3534 5061 ad
3596 5009 3688 5078 fu-

2108 5079 2365 5150 giendam
2391 5077 2759 5149 cupiditatem.

2038 5203 2172 5242 nem
2206 5189 2464 5256 nostram
2499 5183 2892 5256 consentiunt,
2925 5183 3036 5256 nisi
3061 5184 3214 5256 quod
3237 5183 3436 5256 plures
3467 5183 3688 5256 habent

2037 5259 2286 5330 deponat,
2337 5255 2424 5330 vel
2475 5255 2719 5330 deponet.
2775 5253 3481 5330 Dion.‘depone,‘meliu_s
3525 5255 3684 5311 Casu.

2037 5325 2318 5400 deponere.
2364 5325 2894 5400 Omittitur_etiam
2941 5326 3013 5400 in
3056 5325 3371 5391 'nonnulis,
3429 5327 3610 5382 Potest
3636 5333 3686 5381 et

2036 5397 2146 5456 sic:
2180 5415 2381 5453 verum
2414 5397 2740 5454 necessaria
2768 5397 3037 5453 transitio
3080 5404 3182 5453 est.

2111 5472 2222 5550 (98)
2254 5469 2492 5550 Aliquot
2545 5486 2688 5550 mss.
2745 5485 3078 5550 permovere,
3112 5486 3295 5550 Aunus
3320 5469 3685 5550 praemollire.

2038 5540 2246 5597 Melius
2275 5540 2395 5609 alii,
2427 5548 2482 5596 et
2508 5541 2648 5596 edit.
2677 5540 2997 5611 permolere.
3034 5545 3129 5595 Est
3157 5541 3313 5595 enim
3361 5557 3468 5595 vox
3502 5543 3686 5594 meta-

2037 5614 2297 5690 phorica,
2319 5613 2490 5686 cujus
2508 5627 2652 5668 usus
2673 5615 2762 5669 est
2781 5611 2842 5668 in
2864 5612 3122 5670 obcenis.
3143 5611 3338 5670 Horat.
3360 5611 3402 5668 l.
3424 5617 3598 5690 1,8at.
3630 5613 3686 5670 2.
