3910 6210
184 329 280 390 229

1424 317 1972 388 HEXAEMERON
2017 319 2164 386 LIB.
2211 325 2284 390 ν.

3434 331 3552 396 930

238 463 314 515 2t.
346 459 417 515 Et
446 459 586 532 quia
614 456 685 516 de
715 453 932 516 astutia
962 458 1248 531 coepimus
1279 474 1610 515 sermonem
1658 458 1796 512 sub-
1828 458 1882 524 Α
1913 456 2077 512 fratri
2100 456 2299 512 dolum
2325 460 2576 525 nectant,
2600 457 2910 516 etalterius
2927 465 3247 533 pascantur
3265 480 3548 523 aerumna.

177 554 362 617 texere,
415 565 532 621 qua
572 549 983 622 unusquisque
1037 550 1277 605 fratrem
1327 566 1505 604 suum
1545 548 1794 603 circum-

172 637 343 693 venire
373 642 431 694 et
479 639 744 712 decipere
791 639 1020 706 nititur,
1080 644 1138 694 et
1168 639 1227 692 in
1261 655 1438 694 novas
1467 654 1529 693 se
1562 637 1797 692 fraudes

173 743 536 799 componere;
572 731 637 782 ut
667 745 843 800 quem
896 728 951 782 vi
997 727 1260 784 obtinere
1294 744 1406 781 non
1443 730 1651 799 potest,
1686 725 1798 780 cir-

174 815 512 880 cumscribat
541 815 694 883 dolo,
745 822 803 872 et
842 817 970 872 fuco
1003 816 1257 888 quodam
1313 816 1456 872 artis
1507 815 1794 870 obducat:

174 903 595 960 fraudulentum
626 904 773 960 illud
797 904 990 978 polypi
1011 904 1314 977 ingenium
1335 920 1448 959 non
1473 903 1796 976 preteribo,

172 989 260 1060 qui
289 991 500 1047 vadoso
553 993 611 1046 in
664 992 860 1048 littore
903 996 1128 1064 petram
1179 996 1405 1056 nactus,
1439 991 1696 1063 afﬁgitur
1725 991 1796 1057 ei,

173 1083 332 1148 atque
371 1079 499 1150 ejus
532 1079 813 1136 nebuloso
845 1080 1080 1153 ingenio
1129 1080 1379 1136 colorem
1421 1081 1600 1146 subit,
1631 1084 1688 1134 et
1718 1080 1800 1133 si-

173 1165 286 1220 mili
318 1167 508 1239 specie
555 1172 715 1241 terga
743 1170 1034 1224 obductus
1073 1169 1360 1241 plurimos
1394 1169 1645 1240 piscium
1675 1169 1802 1224 sine

171 1253 280 1309 ulla
302 1255 636 1328 suspicione
662 1258 886 1312 fraudis
908 1257 1182 1330 allapsos,
1205 1259 1348 1313 dum
1370 1261 1507 1313 nota
1533 1275 1646 1312 non
1665 1275 1805 1329 prae-

171 1348 385 1417 cavent,
408 1349 466 1399 et
496 1361 703 1400 saxum
748 1345 1082 1417 opinantur,
1115 1345 1380 1402 cassibus
1412 1346 1632 1400 furtivae
1662 1345 1804 1401 artis

168 1415 433 1498 includit,
469 1437 524 1487 et
556 1433 688 1488 sinu
713 1415 968 1505 quodam
1000 1451 1118 1489 suae
1140 1434 1332 1489 carnis
1363 1433 1678 1506 intercipit.
1712 1434 1804 1490 Sic

168 1524 486 1592 spontanea
537 1524 694 1577 venit
739 1523 954 1594 praeda,
1007 1527 1062 1577 et
1111 1522 1327 1578 talibus
1377 1523 1603 1594 capitur
1631 1540 1804 1595 argu-

171 1607 396 1674 mentis,
433 1607 631 1680 qualia
681 1615 822 1665 sunt
871 1626 1071 1665 eorum
1121 1611 1220 1682 qui
1281 1610 1582 1682 ingenium
1629 1628 1804 1666 suum

172 1712 313 1768 saepe
365 1702 750 1764 commutant,
807 1702 862 1754 et
909 1699 1165 1754 diversas
1199 1700 1441 1754 nocendi
1487 1705 1640 1755 artes
1684 1717 1804 1756 mo-

1905 546 1988 601 Tu
2041 551 2237 600 autem
2294 547 2543 618 propriis
2601 552 2723 602 esto
2773 553 3100 616 contentus,
3157 555 3212 606 et
3262 552 3450 609 aliena
3497 560 3552 611 te

1907 635 2122 689 damna
2154 651 2268 688 non
2329 639 2588 705 pascant.
2625 640 2816 691 Bonus
2850 638 3016 693 cibus
3075 645 3162 696 est
3202 641 3552 714 simplicitas

1909 722 2269 777 innocentia.
2300 722 2418 777 Sua
2449 723 2598 778 bona
2621 723 2863 790 habens,
2899 726 3161 784 insidiari
3197 731 3380 786 nescit
3414 731 3553 788 alie-

1909 812 2023 878 nis,
2074 827 2179 865 nec
2238 811 2489 865 avaritiae
2547 813 2770 867 facibus
2832 815 3164 880 inardescit,
3198 819 3288 873 cui
3323 818 3552 876 lucrum

1911 915 2083 955 omne
2113 899 2183 954 ad
2217 900 2488 954 virtutem
2522 901 2895 971 dispendium
2926 909 3032 966 est,
3067 906 3136 966 ad
3172 907 3549 978 cupiditatem

1908 986 2264 1042 incendium.
2302 988 2367 1042 Et
2397 988 2526 1044 ideo
2559 989 2726 1044 beata
2757 995 2863 1056 est,
2912 992 2958 1045 si
2991 992 3145 1046 bona
3175 1011 3283 1048 sua
3312 999 3555 1064 noverit,

1911 1092 2041 1130 cum
2091 1077 2329 1131 veritate
2385 1083 2715 1148 paupertas,
2774 1085 2829 1133 et
2878 1082 3153 1137 omnibus
3203 1085 3560 1154 praeferenda

1910 1164 2242 1232 thesauris;
2295 1165 2432 1236 quia
2481 1165 2690 1220 melius
2731 1174 2817 1222 est
2849 1169 3124 1238 exiguum
3158 1173 3363 1228 datum
3425 1192 3558 1231 cum

1913 1253 2014 1309 Dei
2059 1254 2286 1320 timore,
2341 1272 2516 1325 quam
2564 1256 2820 1310 thesauri
2872 1261 3066 1329 magni
3129 1260 3254 1317 sine
3325 1262 3554 1322 timore.

1913 1342 2205 1405 Quantum
2250 1349 2337 1397 est
2384 1343 2539 1397 enim
2585 1346 2736 1414 quod
2790 1347 3083 1402 hominem
3135 1350 3312 1406 alat?
3361 1354 3476 1408 Aut
3507 1355 3557 1410 si

1915 1429 2126 1500 quaeris
2159 1431 2312 1500 quod
2370 1431 2543 1486 etiam
2597 1432 2725 1486 aliis
2776 1436 3030 1490 abundet
3089 1439 3160 1493 ad
3192 1442 3463 1511 gratiam,
3503 1444 3560 1498 id

1916 1535 2150 1590 quoque
2200 1536 2313 1574 non
2352 1519 2602 1575 multum
2627 1526 2734 1576 est.
2768 1521 2969 1578 Melior
2999 1526 3155 1581 enim
3188 1533 3277 1583 est
3305 1529 3564 1604 hospita-

1915 1606 2052 1660 litas
2089 1607 2146 1661 in
2181 1607 2436 1662 oleribus
2468 1626 2601 1663 cum
2633 1611 2836 1681 gratia,
2873 1630 3051 1682 quam
3085 1613 3403 1674 vitulorum
3436 1621 3564 1692 pin-

1915 1693 2120 1766 guium
2183 1697 2526 1767 praeparatio
2585 1715 2715 1752 cum
2779 1700 3070 1756 discordia
3118 1704 3299 1774 (Prov.
3327 1724 3418 1776 xv,
3456 1711 3562 1779 17).

171 1789 335 1853 vent;
370 1790 433 1840 ut
466 1785 835 1857 singulorum
857 1792 1080 1842 mentes
1110 1805 1436 1860 sensusque
1458 1792 1803 1860 pertentent,
1839 1823 1887 1887 B
1918 1782 2162 1838 Utamur
2192 1801 2327 1856 ergo
2379 1785 2611 1857 ingenio
2672 1788 2739 1840 ad
2805 1791 3176 1858 quaerendam
3231 1797 3477 1865 gratiam
3511 1804 3568 1855 et

175 1889 300 1928 cum
331 1873 769 1930 continentibus
812 1876 985 1947 positi
1034 1878 1456 1932 continentiam
1489 1877 1810 1949 praedican-

176 1966 274 2028 tes,
297 1961 354 2016 in
378 1967 524 2018 cmtu
559 1963 1073 2036 intemperantium
1091 1969 1373 2037 tanquam
1421 1966 1568 2020 devii
1595 1967 1666 2021 ab
1698 1971 1817 2022 stu-

178 2049 266 2105 dio
287 2051 590 2118 castitatis,
615 2057 670 2106 et
690 2052 942 2108 demersi
966 2054 1428 2125 intemperantiae
1463 2054 1810 2124 volutabris;

181 2143 240 2192 ut
267 2138 361 2210 qui
392 2155 492 2195 eos
524 2139 771 2196 audiunt
801 2147 903 2197 aut
931 2142 1148 2210 vident,
1183 2142 1419 2198 incauta
1449 2142 1722 2199 facilitate
1752 2161 1814 2200 se

181 2228 449 2295 credant;
502 2245 687 2302 eoque
739 2231 913 2286 citius
970 2230 1272 2299 labuntur,
1326 2233 1467 2287 dum
1528 2232 1816 2288 declinare

181 2331 286 2370 non
315 2320 552 2383 norunt,
605 2333 708 2372 nec
753 2335 953 2374 cavere
979 2319 1133 2391 quod
1167 2323 1390 2388 noceat,
1424 2337 1558 2375 cum
1590 2321 1818 2394 gravior

181 2404 250 2458 sit
276 2409 330 2459 et
360 2406 552 2478 magis
583 2408 754 2461 noxia
802 2407 1148 2480 improbitas
1197 2408 1576 2481 benignitatis
1607 2410 1816 2465 obum-

179 2490 331 2548 brata
371 2493 682 2551 velamine.
736 2495 806 2550 Et
849 2495 982 2552 ideo
1032 2497 1273 2552 cavendi
1322 2502 1461 2553 sunt
1492 2497 1592 2570 qui
1623 2499 1816 2554 crines

181 2596 288 2635 sua
330 2582 576 2654 fraudis,
631 2589 688 2639 et
716 2584 958 2640 brachia
983 2585 1154 2659 longe
1185 2586 1417 2659 lateque
1446 2587 1812 2659 dispergunt,

183 2668 261 2723 vel
293 2672 549 2742 speciem
598 2673 855 2728 induunt
910 2674 1354 2730 multiformem.
1417 2675 1484 2730 Et
1530 2675 1627 2730 isti
1659 2676 1816 2730 enim

184 2757 362 2831 polypi
393 2765 540 2816 sunt
568 2778 750 2817 nexus
810 2761 1098 2834 plurimos
1155 2763 1458 2830 habentes,
1490 2767 1546 2818 et
1575 2762 1816 2819 callido-

187 2861 303 2900 rum
332 2847 703 2920 ingeniorum
737 2849 996 2922 vestigia,
1048 2849 1263 2921 quibus
1316 2850 1542 2905 irretire
1592 2851 1819 2922 possint

186 2931 456 3007 quidquid
493 2936 551 2991 in
585 2935 855 3008 scopulos
881 2955 999 2993 suae
1032 2938 1255 2994 fraudis
1279 2937 1566 2995 inciderit.

119 3028 121 3030 ’
245 3025 330 3078 22.
361 3024 586 3080 Cancer
635 3042 868 3097 quoque
918 3044 1066 3098 quas
1115 3026 1227 3082 cibi
1275 3027 1462 3100 gratia
1494 3028 1816 3101 praestigias

187 3107 378 3166 intruit
404 3113 416 3166 l
441 3113 713 3185 Namque
750 3119 806 3169 et
846 3116 970 3187 ipse
1003 3121 1191 3172 ostreo
1238 3115 1576 3186 delectatur,
1605 3122 1661 3172 et
1692 3134 1832 3190 car;

1925 1871 2196 1940 salutem,
2230 1878 2286 1927 et
2306 1873 2552 1930 salutem
2587 1877 2889 1940 tuendam,
2923 1896 3035 1933 non
3071 1881 3140 1934 ad
3173 1881 3422 1941 alienam
3453 1887 3566 1942 cir-

1924 1961 2431 2017 cumscribendam
2511 1963 2926 2020 innocentiam.
3014 1968 3170 2024 Licet
3228 1973 3396 2029 nobis
3481 1977 3564 2032 uti

1924 2048 2205 2120 exemplis
2259 2051 2571 2106 maritimis
2623 2054 2690 2106 ad
2735 2057 3062 2125 profectum
3094 2063 3302 2115 nostra;
3335 2062 3564 2133 salutis,

1925 2154 2040 2192 non
2070 2139 2141 2193 ad
2175 2137 2376 2194 alienas
2409 2140 2758 2211 periculum.

2561 2247 2792 2302 CAPUT
2835 2249 2922 2304 1X.

1925 2333 2371 2411 Depraegcientia
2400 2335 2583 2411 echini
2608 2339 2856 2411 [lituram
2899 2343 3270 2411 tempestatem
3299 2349 3566 2403 nuntian-

1996 2406 2084 2459 tis.
2119 2407 2265 2486 lium
2295 2407 2556 2487 accepisse
2608 2407 2704 2487 hoc
2745 2408 2946 2487 donum
2972 2406 3164 2487 Vri-Deo,
3195 2417 3348 2487 cujus
3381 2419 3565 2476 indul-

1996 2477 2183 2545 gentia
2216 2492 2274 2530 ιη
2297 2479 2481 2531 omnia
2509 2481 2690 2533 creata
2717 2483 3066 2549 praedicatur.

1997 2580 2086 2634 24.
2121 2581 2396 2649 Echinus,
2449 2583 2666 2638 animal
2715 2586 3009 2658 exiguum,
3060 2590 3168 2647 vile
3209 2609 3274 2647 ac
3305 2595 3568 2667 despica-

1927 2668 2058 2735 bile,
2094 2670 2456 2726 maritimum
2506 2671 2732 2743 loquor,
2782 2674 3126 2749 plerumque
3155 2680 3329 2737 index
3358 2683 3568 2740 futuras

1923 2758 2418 2828 tempestatis,aut
2443 2761 2885 2833 tranquillitatis
2917 2769 3239 2825 annuntius
3265 2771 3412 2827 solet
3442 2789 3569 2831 esse

1925 2847 2354 2917 navigantibus.
2418 2849 2670 2923 Denique
2723 2868 2856 2907 cum
2919 2856 3229 2925 procellam
3259 2866 3566 2917 ventorum

1925 2937 2292 3006 praesenserit
2348 2937 2635 2993 calculum
2693 2939 2950 2997 validum
3011 2946 3236 3018 arripit,
3316 2966 3571 3023 eumque

1923 3023 2080 3077 velut
2105 3025 2407 3080 saburram
2438 3027 2614 3092 vehit,
2645 3033 2702 3082 et
2730 3032 3012 3102 tanquam
3035 3035 3349 3093 anchoram
3369 3040 3566 3108 trahit,

1925 3128 1998 3166 ne
2027 3113 2355 3167 excutiatur
2384 3114 2679 3170 fluctibus.
2731 3118 2930 3189 Itaque
2989 3139 3101 3175 non
3148 3125 3272 3179 suis
3305 3143 3364 3180 se
3397 3126 3571 3182 librat

186 3197 268 3253 nis
305 3201 430 3271 ejus
456 3201 699 3273 epulum
736 3203 846 3258 sibi
868 3205 1094 3275 quam,
1139 3205 1249 3260 sed
1275 3205 1412 3276 quia
1442 3209 1505 3260 ut
1535 3188 1888 3278 appetenst
1924 3200 2170 3266 viribus,
2200 3201 2298 3256 sed
2332 3201 2532 3258 aliena:
2554 3188 2892 3261 stabilitatis
2919 3209 3142 3279 regitur
3169 3213 3420 3280 pondere
3469 3217 3566 3285 (2).

188 3285 308 3358 cibi,
354 3289 434 3345 ita
488 3291 848 3364 prospiciens
898 3297 987 3348 est
1033 3293 1313 3365 periculi;
1367 3293 1644 3366 quoniam
1683 3311 1816 3350 cum

188 3374 432 3435 difficilis
464 3385 558 3436 est
586 3381 834 3449 venatio,
857 3385 985 3436 tum
1007 3381 1369 3453 periculosa;
1398 3381 1823 3454 difﬁcilis,quia

190 3465 344 3522 testis
390 3467 776 3525 validioribus
826 3487 960 3525 esca
1004 3470 1246 3526 interior
1286 3470 1650 3540 includitur;
1685 3488 1821 3526 nam

189 3550 334 3608 velut
363 3555 552 3613 muris
583 3558 937 3629 quibusdam
988 3558 1294 3615 mollitiem
1327 3559 1522 3615 carnis
1553 3559 1820 3632 praecepti

155 3701 159 3706 ,
192 3637 498 3712 imperialis
530 3646 818 3719 interpres
870 3655 1080 3703 natura
1118 3647 1388 3716 munivit,
1423 3665 1599 3720 quam
1633 3647 1823 3703 medio

192 3730 462 3788 testarum
494 3735 751 3807 quodam
786 3735 916 3790 sinu
951 3752 1199 3792 concavo
1252 3736 1437 3791 nutrit
1471 3752 1537 3790 ac
1568 3736 1736 3804 fovet,
1769 3739 1826 3790 et

197 3819 350 3886 quasi
399 3821 459 3877 in
509 3824 766 3895 quadam
814 3823 963 3880 valle
1009 3824 1285 3879 diffundit
1324 3842 1340 3892 ;
1384 3829 1442 3879 et
1488 3825 1614 3880 ideo
1658 3841 1826 3880 cassa

196 3907 380 3963 omnia
408 3913 773 3967 tentamenta
819 3917 958 3967 sunt
986 3913 1204 3980 cancri,
1248 3912 1385 3984 quia
1415 3911 1638 3983 aperire
1668 3911 1823 3968 clau-

197 4008 319 4048 sum
340 4002 604 4054 ostreum
627 3998 791 4054 nulla
810 4000 862 4054 vi
897 4005 1121 4072 potest;
1146 4006 1203 4057 et
1234 4000 1627 4073 periculosum
1659 4007 1746 4057 est
1776 4001 1825 4056 si

195 4080 405 4141 chelam
458 4088 574 4159 (99)
603 4089 730 4158 ejus
762 4088 1043 4156 includat,
1067 4090 1139 4144 ad
1167 4095 1514 4162 argumenta
1543 4089 1826 4162 confugit,

194 4172 244 4222 et
273 4170 512 4231 insidias
546 4193 695 4232 nova
718 4177 917 4233 fraude
939 4177 1195 4234 molitur.
1230 4179 1431 4250 Itaque
1462 4179 1601 4250 quia
1629 4179 1828 4233 omnia

194 4271 391 4328 genera
421 4265 803 4322 delectatione
839 4267 1188 4336 mulcentur,
1222 4267 1483 4340 explorat
1513 4269 1562 4324 si
1595 4269 1826 4340 quando

197 4351 436 4406 ostreum
465 4355 709 4409 remotis
742 4355 799 4409 in
835 4354 978 4411 locis
1005 4357 1078 4410 ab
1119 4357 1280 4411 omni
1305 4361 1474 4412 vento
1506 4361 1707 4412 contra
1735 4373 1826 4411 so-

194 4429 259 4489 lis
286 4439 478 4497 radios
513 4443 860 4515 diptychum
923 4445 1000 4514 (1)
1059 4443 1204 4500 illud
1265 4462 1440 4502 suum
1501 4445 1742 4517 aperiat,
1772 4449 1829 4500 et

1929 3289 2050 3352 Quo
2083 3288 2296 3343 indicio
2330 3296 2516 3344 nautas
2566 3291 2720 3346 velut
2752 3293 2985 3363 signum
3030 3297 3235 3352 futurae
3268 3305 3574 3369 perturba-

1928 3377 2106 3430 tionis
2133 3383 2466 3448 capessunt,
2493 3383 2548 3433 et
2578 3380 2688 3434 sibi
2717 3389 3058 3451 praecavent,
3093 3401 3162 3439 ne
3194 3402 3291 3441 eos
3322 3387 3572 3460 impara-

1930 3468 2021 3519 tos
2043 3466 2212 3520 turbo
2244 3465 2596 3537 improvisus
2646 3467 2921 3524 inveniat.
2960 3472 3066 3538 Qui
3103 3475 3570 3547 mathematicus,

1933 3552 2034 3624 qui
2065 3553 2410 3626 astrologus,
2446 3556 2617 3627 quive
2647 3555 2947 3614 Chaldaeus
2979 3561 3063 3616 sic
3097 3569 3285 3633 potest
3315 3565 3574 3623 siderum

1933 3659 2160 3709 cursus,
2196 3642 2302 3698 hos
2334 3642 2459 3699 caeli
2492 3650 2688 3700 motus
2720 3650 2776 3700 et
2826 3649 2994 3720 signa
3043 3653 3578 3724 comprehendere?

1934 3731 2055 3796 Quo
2086 3731 2317 3803 ingenio
2350 3731 2463 3787 ista
2513 3733 2792 3807 collegit?
2823 3738 2944 3802 Quo
2995 3738 3230 3794 doctore
3273 3743 3577 3814 percepit?

1933 3820 2071 3884 Quis
2091 3819 2141 3874 ei
2170 3821 2277 3875 fuit
2297 3822 2441 3875 tanti
2477 3822 2762 3894 interpres
2797 3826 3026 3898 augurii
3061 3828 3087 3881 ?
3119 3829 3279 3899 Saepe
3310 3831 3577 3886 homines

1935 3908 2334 3963 confusionem
2353 3910 2502 3964 aeris
2515 3911 2956 3984 vident,etsaepe
2972 3914 3436 3986 falluntur,quod
3455 3917 3577 3988 ple-

1934 4012 2183 4067 rumque
2215 4013 2340 4051 eam
2357 3997 2480 4052 sine
2497 4002 2843 4069 tempestate
2864 4002 3159 4057 discutiat.
3186 4003 3437 4059 Echinus
3463 4022 3577 4061 non

1935 4083 2177 4150 fallitur,
2198 4083 2471 4139 echinum
2490 4102 2598 4140 sua
2624 4104 2994 4159 nequaquam
3019 4090 3185 4160 signa
3207 4095 3575 4162 praetereunt.

2005 4175 2093 4226 25.
2130 4171 2290 4227 Unde
2321 4172 2527 4244 exiguo
2558 4174 2796 4228 animali
2830 4181 2993 4231 tanta
3024 4179 3290 4244 scientia,
3326 4183 3390 4234 ut
3422 4181 3578 4236 futu-

1936 4278 2000 4316 ra
2049 4262 2442 4332 praenuntlet?
2489 4264 2610 4327 Quo
2661 4263 2847 4334 magis
2896 4264 2953 4318 in
2997 4282 3061 4320 eo
3113 4265 3258 4321 nihil
3311 4273 3417 4335 est,
3462 4286 3578 4341 quo

1934 4353 2158 4404 tantam
2191 4349 2376 4421 possit
2405 4350 2618 4406 habere
2652 4352 3046 4423 prudentiam,
3089 4356 3259 4411 crede
3290 4358 3444 4428 quod
3478 4375 3580 4431 per

1936 4437 2362 4511 indulgentiam
2413 4439 2642 4494 Domini
2697 4457 2890 4496 rerum
2940 4443 3204 4499 omnium
3255 4446 3312 4500 id
3345 4463 3578 4519 quoque

194 4532 393 4582 reseret
421 4530 683 4586 claustra
735 4536 1018 4587 testarum
1049 4551 1062 4600 ;
1095 4538 1160 4588 ιη
1214 4533 1394 4589 libero
1426 4550 1556 4589 aere
1585 4534 1823 4590 visceris
1854 4557 1901 4620 Β
1937 4527 2308 4598 prcescientiae
2357 4527 2538 4598 hujus
2572 4546 2783 4585 manus
2815 4532 3117 4602 acceperit.
3153 4534 3379 4590 Etenim
3415 4536 3462 4592 si
3498 4538 3577 4592 fe-

194 4610 274 4664 sui
300 4615 655 4689 voluptatem
689 4621 1006 4691 quamdam
1039 4622 1266 4694 capiat:
1298 4626 1355 4677 et
1384 4626 1522 4678 tunc
1554 4621 1820 4678 clanculo

192 4698 462 4760 calculum
495 4706 846 4777 immittens,
879 4709 1125 4782 impedit
1145 4709 1582 4766 conclusionem
1608 4711 1780 4767 ostrei
1805 4729 1818 4780 ;

196 4791 358 4844 acsic
408 4800 614 4866 aperta
665 4795 924 4853 claustra
979 4799 1298 4871 reperiens,
1347 4803 1404 4855 et
1451 4803 1577 4855 tuto
1616 4799 1825 4855 inserit

198 4873 398 4948 chelas,
430 4883 773 4957 visceraque
803 4886 1033 4942 interna
1058 4888 1412 4959 depascitur.

258 4964 350 5022 89
379 4971 470 5027 23.
523 4973 672 5028 Sunt
723 4991 861 5047 ergo
909 4975 1182 5031 homines
1231 4976 1331 5048 qui
1381 4977 1574 5032 cancri
1622 4995 1732 5032 usu
1766 4977 1823 5032 in

195 5051 382 5113 aliena:
412 5077 593 5117 usum
627 5062 1479 5137 circumscriptionisirrepant,
1499 5069 1555 5120 et
1584 5065 1827 5120 inﬁrmi-

197 5141 358 5200 tatem
416 5150 666 5222 preprize
723 5151 956 5208 virtutis
1007 5158 1138 5210 astu
1179 5154 1433 5225 quodam
1467 5153 1821 5223 suﬂ‘ulciant,

255 5335 357 5421 t9?)
391 5342 686 5421 Che_Lz,_in
720 5347 948 5421 cancris
1006 5347 1471 5421 quasipforcipes
1516 5353 1676 5416 sunt,
1726 5352 1827 5404 aut

195 5409 421 5491 (ιιιρῤαεῃ
449 5409 622 5491 digiti
653 5419 873 5490 quibus
899 5409 1067 5475 obvia
1097 5409 1405 5491 arripiunt.

255 5480 324 5552 (1)
353 5480 689 5562 Ηὶρτῃξιιιιηὶ
714 5494 882 5562 vocat
903 5480 1396 5562 utrumquelatus
1424 5495 1583 5547 testae
1606 5494 1824 5545 ostreo-

195 5562 331 5638 ξυω,
377 5560 542 5638 quod
577 5575 737 5616 more
777 5559 922 5638 libri
947 5559 1260 5638 claudatur
1288 5566 1462 5638 atque
1491 5561 1822 5638 aperiatur:

193 5633 224 5678 ει
272 5629 559 5700 particula
615 5639 681 5705 δις
735 5635 795 5694 et
848 5633 1020 5696 verbo
1049 5642 1304 5709 πτύσσειν,
1334 5629 1395 5695 id
1451 5629 1547 5694 est
1586 5631 1822 5711 plicare.

1934 4633 2076 4671 num
2119 4621 2267 4671 Deus
2316 4617 2400 4672 sic
2421 4618 2611 4684 vestit,
2640 4623 2701 4672 ut
2728 4618 3009 4676 miremur
3039 4639 3052 4688 ;
3087 4622 3134 4677 si
3169 4625 3353 4694 pascit
3381 4625 3582 4681 volati-

1932 4704 2042 4773 lia;
2077 4705 2125 4760 si
2181 4706 2406 4777 paravit
2451 4723 2619 4762 corvo
2673 4725 2888 4774 escam,
2943 4710 3085 4780 pulli
3137 4713 3294 4769 enim
3346 4715 3473 4784 ejus
3505 4715 3577 4769 ad

1935 4795 2243 4850 Dominum
2291 4794 2596 4863 clamant;
2649 4797 2700 4851 si
2753 4798 3099 4854 mulieribus
3149 4801 3309 4856 dedit
3341 4806 3578 4856 texturae

1934 4884 2280 4955 sapientiam
2322 4902 2334 4951 ;
2384 4885 2430 4939 si
2482 4902 2776 4953 araneam,
2830 4904 2957 4957 quas
3006 4892 3125 4941 tam
3178 4888 3470 4942 subtiliter
3512 4906 3578 4944 ac

1935 4973 2098 5027 docte
2149 4971 2308 5027 laxos
2338 4989 2533 5027 casses
2564 4974 2875 5045 suspendit
2903 4975 2961 5027 in
2997 4975 3242 5039 foribus,
3279 4975 3577 5046 sapientiae

1936 5079 2048 5116 non
2073 5060 2307 5132 reliquit
2330 5061 2652 5116 immunem
2676 5080 2689 5130 ;
2715 5062 2762 5117 si
2787 5063 2908 5132 ipse
2932 5062 3201 5118 virtutem
3225 5080 3372 5134 equo
3395 5063 3574 5130 dedit,

1935 5155 1991 5205 et
2029 5149 2200 5205 solvit
2225 5150 2295 5204 de
2325 5150 2543 5204 cervice
2565 5151 2692 5220 ejus
2716 5149 3107 5218 formidinem,
3139 5156 3203 5206 ut
3240 5151 3491 5207 exsultet
3518 5153 3577 5210 in

2006 5346 2080 5414 (2)
2112 5346 2378 5420 Ita__mss.
2430 5346 2597 5420 Corb.
2649 5351 2836 5411 vetus,
2886 5347 2993 5413 'I‘h,
3045 5363 3110 5404 ac
3156 5347 3293 5420 Reg.
3330 5348 3440 5403 Alii
3474 5348 3578 5405 ali-

1936 5423 2096 5488 quot,
2157 5417 2338 5489 alieno
2405 5417 2712 5471 stabilitum
2777 5421 2986 5487 regitur
3056 5417 3311 5489 pondere.
3381 5421 3579 5489 Carn.,

1935 5487 2118 5564 atiena
2147 5487 2444 5564 stabilitate
2473 5490 2680 5564 regitur
2708 5487 3306 5564 et_pondere.‘Reliqui
3337 5499 3392 5549 et
3413 5487 3575 5564 edit.,

1935 5559 2118 5616 alieno
2149 5558 2359 5615 stabilit
2387 5561 2437 5618 et
2466 5560 2603 5634 regit
2625 5558 2882 5634 pondere.
