3932 6212
327 262 440 348 εθι

1777 263 1844 323 S.
1885 262 2257 326 AMBROSII

3609 266 3719 328 232

327 408 554 466 campo,
587 393 643 448 et
665 405 977 449 occurrens
1008 391 1244 465 regibus
1274 391 1530 460 irrideat,
1561 393 1664 449 ου
1694 393 1967 449 odoretur
1995 394 2049 460 Α
2073 394 2344 468 jungere,
2379 393 2619 448 domum
2652 392 2724 448 ad
2755 393 3017 450 domum.
3051 393 3256 450 Deﬁcit
3285 396 3440 451 terra
3469 394 3719 453 homini-

327 480 541 536 bellum
576 481 828 545 eminus,
883 480 1166 536 excitetur
1196 497 1337 536 sono
1369 481 1520 535 tuba:
1547 499 1559 548 ;
1597 481 1645 537 si
1677 481 1798 536 hac
1824 481 1970 536 irra-

322 569 626 625 tionabilia
658 569 956 641 pleraque,
1009 573 1064 624 et
1103 568 1217 623 alia
1245 568 1631 634 insensibilia,
1668 573 1732 623 ut
1772 569 1966 624 fenum

322 663 378 714 et
407 657 551 726 lilia,
601 657 843 730 replevit
873 674 990 712 suae
1039 657 1424 729 dispositione
1473 657 1790 729 sapientiae,
1826 658 1967 729 quid

321 746 664 808 dubitamus
696 747 850 818 quod
884 746 1057 802 etiam
1092 746 1148 800 in
1202 745 1475 802 echinum
1517 745 1828 801 contulerit
1857 746 1965 800 hu-

314 837 416 907 jus
434 836 681 909 gratiam
707 834 1078 906 prazscientiae
1100 833 1127 888 ?
1156 833 1310 890 Nihil
1335 834 1489 890 enim
1519 834 1966 906 inexploratum,

323 924 468 980 nihil
496 923 933 979 dissimulatum
951 921 1202 995 reliquit.
1231 922 1440 979 Omnia
1458 924 1634 994 videt,
1659 924 1756 996 qui
1779 921 1969 996 pascit

321 1013 759 1082 omnia;omnia
779 1011 963 1084 replet
980 1012 1284 1083 sapientia,
1320 1013 1416 1084 qui
1444 1012 1714 1067 omniain
1743 1011 1966 1084 sapien-

317 1103 401 1158 tia
428 1102 580 1168 fecit,
613 1107 679 1157 ut
709 1101 991 1174 scriptum
1024 1105 1112 1156 est
1157 1102 1330 1170 (Psal.
1363 1118 1481 1170 cm,
1514 1100 1626 1172 21).
1661 1101 1728 1154 Et
1759 1101 1886 1155 ideo
1916 1099 1965 1155 si

319 1191 593 1247 echinum
627 1189 979 1246 visitationis
1012 1207 1130 1246 sua:
1177 1195 1466 1246 exsortem
1499 1206 1612 1244 non
1647 1187 1966 1261 praetermi-

320 1281 428 1336 sit:
464 1281 514 1336 si
544 1297 677 1336 eum
711 1278 1060 1348 considerat,
1093 1283 1148 1334 et
1181 1278 1511 1334 futurorum
1569 1278 1844 1333 informat
1881 1278 1966 1332 in-

319 1369 512 1435 diciis,
543 1374 645 1424 tua
693 1385 809 1423 non
861 1365 1240 1423 considerat?
1289 1365 1410 1422 Imo
1448 1383 1580 1422 vero
1613 1367 1960 1431 considerat,

319 1456 473 1512 sicut
528 1459 778 1510 testatur
824 1457 950 1525 ejus
1004 1455 1200 1512 divina
1250 1454 1548 1527 Sapientia
1608 1455 1849 1510 dicens:
1902 1453 1961 1508 Si

319 1544 556 1617 respicit
596 1543 876 1610 volatilia,
920 1543 968 1598 si
1019 1543 1205 1614 pascit
1247 1542 1367 1612 illa,
1423 1560 1614 1598 nonne
1645 1560 1744 1598 vos
1777 1542 1963 1614 pluris

316 1635 458 1690 estis
488 1632 602 1689 illis
633 1633 841 1703 (Matth.
870 1649 948 1698 vx,
971 1632 1110 1703 26)?
1139 1631 1198 1687 Si
1225 1636 1414 1704 fenum
1469 1633 1599 1701 agri
1640 1631 1778 1703 quod
1809 1630 1964 1686 hodie

316 1728 414 1792 est,
445 1731 497 1780 et
522 1739 644 1778 cras
674 1724 734 1776 in
763 1724 945 1792 ignem
974 1722 1236 1790 mittitur,
1275 1723 1410 1777 Deus
1438 1723 1516 1776 sic
1545 1723 1720 1786 vestit,
1764 1723 1962 1791 quanto
1993 1761 2038 1825 Β

316 1815 492 1884 magis
525 1827 630 1879 vos,
663 1809 893 1866 modicae
921 1809 1094 1880 ﬁdei?

970 1899 1200 1955 CAPUT
1239 1899 1304 1953 X.

319 1993 524 2062 Cuique
552 1991 740 2059 generi
765 1989 1003 2062 piscium
1026 1989 1338 2060 praescripta
1369 2005 1482 2044 esse
1511 2005 1615 2062 sua
1640 1986 1921 2062 domicilia
1939 2002 1959 2047 ,'

386 2060 530 2117 unde
572 2062 814 2116 humu-na
863 2061 1050 2114 levitas
1097 2077 1161 2115 ac
1208 2062 1437 2114 luxuria
1479 2060 1959 2118 condemnentur;

387 2139 570 2188 tamen
619 2132 876 2204 quosdam
921 2133 1092 2204 pisces
1142 2131 1212 2185 ad
1262 2132 1495 2204 sobolem
1544 2132 1658 2185 loca
1704 2134 1961 2204 mutare;

383 2206 540 2275 cujus
568 2199 651 2259 rei
696 2205 838 2257 ratio
879 2199 1226 2275 expenditur,
1266 2207 1317 2258 et
1347 2203 1586 2275 hominis
1615 2199 1960 2275 reprehendi-

383 2273 478 2330 tur
520 2275 939 2330 incontinentia.
994 2275 1128 2328 Item
1171 2273 1237 2327 de
1281 2273 1607 2344 specialibus
1646 2274 1961 2344 aliquorum

377 2348 620 2419 piscium
644 2346 951 2401 virtutibus.

383 2437 473 2492 26.
506 2441 595 2490 An
646 2451 778 2489 vero
828 2433 955 2490 sine
1004 2434 1258 2506 quadam
1307 2433 1441 2488 dote
1471 2437 1692 2490 naturae
1723 2451 1960 2494 manere

313 2525 574 2597 piscibus
630 2522 806 2578 etiam
869 2521 1030 2577 illam
1103 2527 1375 2594 putamus
1449 2523 1720 2595 gratiam,
1802 2526 1958 2596 quod

313 2611 775 2684 unumquodque
814 2627 998 2684 genus
1036 2610 1287 2683 piscium
1327 2611 1666 2683 praescripta
1704 2612 1815 2667 sibi
1849 2614 1957 2669 do-

313 2702 532 2758 micilia
568 2701 763 2770 habet,
799 2717 922 2772 qua:
955 2701 1046 2755 sui
1069 2699 1298 2772 generis
1327 2699 1525 2755 nullus
1550 2701 1806 2767 excedat,
1841 2719 1955 2758 non

310 2792 577 2847 incurset
615 2787 886 2845 alienus?
925 2788 1065 2854 Quis
1095 2793 1392 2860 geometra
1430 2788 1523 2843 bis
1563 2787 1758 2845 divisit
1797 2790 1957 2847 babi-

311 2878 506 2934 tacula
544 2873 724 2932 nullis
764 2877 1088 2948 rumpenda
1125 2876 1537 2948 temporibus?
1576 2877 1685 2934 Sed
1725 2885 1954 2951 geome-’

313 2972 463 3022 tram
504 2965 857 3031 audivimus,
899 2963 1405 3020 thalassometram
1447 2983 1748 3037 nunquam
1790 2968 1954 3023 audi-

309 3057 543 3123 vimus;
585 3057 642 3109 et
678 3058 873 3108 tamen
916 3053 1105 3126 pisces
1137 3071 1473 3109 mensuram
1513 3072 1683 3110 suam
1715 3062 1950 3126 norunt,

311 3161 425 3199 non
458 3142 645 3198 muris
667 3141 901 3196 urbium
925 3125 1222 3213 portisque
1245 3141 1661 3214 praiscriptam,
1687 3159 1802 3197 non
1824 3125 1954 3198 aedi-
1985 3125 2052 3192 C-

310 3233 458 3289 ticiis
491 3233 820 3297 domorum,
862 3247 976 3286 non
1031 3247 1304 3302 agrorum
1358 3230 1575 3286 ﬁnibus
1615 3231 1946 3300 limitatam,

309 3323 408 3378 sed
451 3337 790 3377 mensuram
819 3320 945 3390 ejus
975 3319 1128 3390 quod
1161 3323 1426 3392 oporteat
1455 3337 1468 3386 ;
1503 3323 1568 3374 ut
1596 3323 1825 3375 tantum
1857 3337 1948 3376 sa-

306 3411 382 3467 tis
413 3411 490 3467 sit
510 3411 845 3481 unicuique,
889 3412 1174 3481 quantum
1200 3408 1272 3462 ad
1296 3425 1470 3463 usum
1511 3409 1790 3476 abundet,
1831 3426 1948 3464 non

306 3504 593 3572 quantum
633 3499 882 3553 aviditas
916 3497 1182 3570 quaedam
1204 3495 1588 3552 immoderata
1617 3497 1728 3553 sibi
1759 3496 1946 3554 vindi-

305 3593 414 3644 cet.
478 3587 592 3642 Lex
646 3587 911 3658 quaedam
966 3589 1185 3641 natura:
1253 3589 1342 3640 est
1398 3589 1625 3641 tantum
1692 3603 1949 3658 quaerere

307 3682 596 3748 quantum
614 3674 868 3731 sufﬁciat
889 3675 962 3729 ad
977 3674 1219 3742 victum,
1244 3679 1300 3728 et
1331 3671 1740 3729 alimentorum
1775 3674 1946 3730 modo

304 3771 522 3821 sortem
563 3780 798 3820 censere
828 3762 1162 3834 patrimonii
1202 3761 1299 3835 (3).
1332 3763 1450 3818 Hoc
1481 3779 1666 3835 genus
1697 3762 1947 3835 piscium

301 3855 362 3909 in
395 3852 491 3909 illo
541 3853 672 3909 sinu
708 3850 889 3907 maris
921 3850 1099 3906 alitur
1128 3855 1185 3906 et
1233 3851 1515 3924 gignitur,
1548 3851 1690 3906 illud
1722 3852 1780 3906 in
1813 3851 1944 3908 alio.

301 3943 561 4016 Denique
592 3960 706 3998 non
731 3941 983 4014 reperies
1015 3940 1256 3996 confusa
1285 3956 1497 4013 genera
1519 3941 1768 4013 piscium
1797 3959 1809 3996 :
1845 3941 1946 3997 sed

301 4033 455 4106 quod
494 4031 589 4087 hic
629 4031 911 4096 abundat,
955 4027 1092 4084 alibi
1132 4029 1312 4084 deest.
1371 4030 1439 4084 Et
1478 4030 1688 4085 iterum
1730 4027 1829 4086 ille
1867 4030 1945 4084 si-

300 4141 412 4178 nus
442 4121 621 4178 maris
664 4119 937 4193 cephalos
985 4119 1109 4184 alit,
1142 4118 1314 4192 lupos
1343 4118 1440 4174 ille
1470 4139 1482 4176 :
1517 4119 1612 4175 ille
1651 4119 1946 4186 saxatiles,

297 4211 556 4268 locustas
586 4211 756 4267 alius.
793 4211 917 4265 Non
941 4213 1026 4265 est
1051 4207 1235 4264 libera
1253 4208 1503 4281 vagandi
1522 4213 1778 4281 potestas
1803 4226 1815 4274 ;
1842 4224 1946 4264 nec

299 4305 493 4356 tamen
527 4303 629 4355 aut
657 4297 975 4353 interclusa
1043 4297 1345 4351 montibus
1387 4296 1572 4368 copia,
1617 4300 1718 4350 aut
1756 4294 1946 4351 ﬂuviis

301 4387 787 4444 interlabentibus
809 4385 1092 4441 transitus
1115 4383 1454 4457 impeditur,
1479 4385 1580 4440 sed
1615 4401 1755 4440 usus
1781 4388 1945 4439 natu-

220 4461 232 4472 .
297 4495 372 4532 rae
400 4477 728 4549 impressus
779 4479 1060 4546 tanquam
1094 4473 1291 4546 patriae
1309 4473 1528 4529 finibus
1551 4489 1943 4544 unumqucm-
1973 4497 2020 4562 D

297 4583 410 4640 que
451 4579 579 4620 sese
627 4568 844 4632 tenere,
894 4567 951 4619 et
998 4562 1152 4618 ultra
1199 4562 1420 4618 incolas
1474 4561 1706 4634 prodire
1736 4577 1941 4634 suspe-

301 4659 461 4710 ctum
495 4653 590 4725 (4).

365 4747 456 4799 27.
497 4745 569 4799 At
608 4742 776 4798 nobis
833 4741 1004 4816 longe
1060 4741 1174 4796 alia
1231 4739 1518 4796 sententia
1565 4743 1675 4808 est,
1717 4743 1944 4798 mutare

294 4832 496 4890 exsilio
537 4833 764 4899 domos,
807 4830 1131 4886 incolarum
1175 4826 1410 4883 fastidio
1451 4827 1655 4895 teneri,
1697 4829 1979 4888 advena-.

294 4939 424 4978 rum
448 4925 681 4993 captare
703 4918 1294 4994 gratiam,transl‘erre
1306 4917 1588 4974 terminos
1611 4923 1943 4990 perpetuos,

293 5028 443 5084 quos
490 5013 816 5083 posuerunt
860 5012 1054 5080 patres
1100 5007 1304 5074 nostri,
1355 5023 1560 5080 agrum
1612 5008 1684 5062 ad
1734 5024 1943 5080 agrum

365 5154 440 5226 (3)
474 5154 612 5226 Mss.
645 5151 775 5207 Vat.
835 5154 890 5206 et
947 5149 1126 5205 (3mm.
1164 5157 1457 5226 Aquantum
1512 5151 1717 5226 efﬁciat
1756 5150 1826 5205 ad
1855 5153 1946 5226 vi-

365 5167 440 5226 ta)
474 5167 612 5208 Mss.
654 5167 775 5207 vat.
835 5167 890 5206 et
947 5167 1126 5205 υωῑι..
1223 5167 1457 5205 uantum
1512 5167 1717 5220 emetat
1756 5167 1825 5205 aa
1855 5168 1944 5206 vi-

291 5229 459 5280 ctum.
517 5225 706 5293 Dion.,
758 5230 1021 5294 quantum
1077 5167 1329 5294 sufﬁciat
1377 5221 1446 5275 ad
1497 5225 1700 5276 victum
1738 5230 1787 5278 et
1836 5223 1944 5277 ati-

291 5299 554 5361 mentum,
589 5299 639 5350 et
670 5295 787 5351 haec
816 5295 1186 5350 tantummodo
1237 5297 1379 5349 sorte
1427 5308 1644 5348 censere
1671 5295 1943 5365 patrimo-

293 5383 406 5421 πη.

367 5435 443 5507 (4)
497 5437 746 5501 Quinam
797 5453 940 5492 mss.
993 5439 1048 5490 et
1096 5435 1234 5490 edit.
1289 5435 1456 5491 Rom.
1508 5435 1729 5507 prodire
1806 5435 1943 5506 facit

294 5511 618 5578 suspectum.
653 5507 767 5560 Alii
800 5507 1006 5578 majori
1042 5521 1287 5578 numero
1320 5513 1377 5562 et
1407 5507 1760 5577 antiquitate
1806 5522 1940 5578 cum

297 5576 438 5636 edit.
468 5584 561 5636 vet
616 5576 908 5637 omittunt
936 5578 1090 5655 facit.
1125 5577 1250 5634 Non
1308 5577 1499 5646 male;
1551 5576 1744 5651 potest
1788 5576 1944 5634 enim

2080 482 2210 549 bus,
2246 487 2591 538 sternuntur
2618 484 2674 537 et
2704 482 2908 538 maria.
2942 481 3167 539 Rursus
3199 500 3302 556 pro
3352 483 3714 557 singulorum

2079 568 2321 627 libidine
2343 571 2622 626 inciditur
2650 572 3366 640 terra,mareinfi1nditur,
3401 575 3465 628 ut
3493 573 3714 630 insulas

2080 658 2388 725 faciant,ut
2431 659 2770 731 possideant
2818 659 2994 715 freta:
3032 661 3222 733 spatia
3252 661 3431 717 maris
3463 661 3574 716 sibi
3602 662 3716 717 vin-

2079 745 2276 801 dicant
2300 747 2433 819 jure
2464 746 2763 818 mancipii,
2799 746 3166 819 pisciumque
3191 748 3329 817 jura
3351 747 3506 802 sicut
3526 763 3720 804 verna-

2081 835 2344 891 culorum
2376 835 2709 892 conditione
2737 836 2830 890 9|
2870 834 2982 892 sibi
3014 835 3233 891 servitii
3269 837 3532 908 subjecta
3562 853 3717 892 com-

2079 928 2426 980 memorant.
2462 924 2594 990 Iste,
2621 923 2830 994 inquit,
2857 924 3022 979 sinus
3048 925 3228 980 maris
3252 941 3437 992 meus,
3464 923 3561 980 ille
3582 925 3718 981 alte-

2077 1011 2217 1067 rius.
2252 1011 2527 1066 Dividunt
2575 1011 2862 1068 elementa
2910 1011 3022 1067 sibi
3072 1017 3356 1084 potentes.
3391 1013 3491 1068 His
3521 1017 3714 1070 ostreae

2076 1101 2135 1155 in
2185 1100 2460 1156 ﬂuctibus
2506 1101 2888 1156 nutriuntur:
2943 1100 3035 1157 his
3068 1101 3125 1156 in
3177 1101 3395 1156 vivario
3425 1102 3602 1174 piscis
3630 1102 3714 1157 in-

2075 1188 2346 1245 cluditur.
2380 1189 2642 1245 Luxuriae
2697 1205 2800 1244 nec
2851 1206 3008 1245 mare
3058 1190 3298 1259 sufficit,
3332 1190 3445 1247 nisi
3479 1190 3710 1264 apothe-

2074 1296 2170 1336 cas
2200 1279 2453 1334 habeant
2497 1283 2841 1334 ostrearum.
2876 1283 3078 1352 Itaque
3135 1283 3332 1335 aetates
3375 1295 3576 1336 earum
3607 1297 3711 1336 nu-

2075 1372 2320 1434 merant,
2355 1372 2411 1422 et
2443 1367 2691 1440 piscium
2724 1367 3085 1439 receptacula
3117 1368 3455 1436 instruunt;
3487 1387 3557 1425 ne
3588 1386 3712 1425 con-

2073 1456 2221 1510 vivia
2251 1455 2445 1511 divitis
2505 1473 2664 1512 mare
2696 1473 2810 1511 non
2855 1457 3040 1528 possit
3079 1456 3339 1528 implere.
3369 1457 3514 1512 Nam
3545 1456 3709 1512 vicini

2073 1561 2282 1600 nomen
2307 1545 2522 1617 quibus
2552 1545 2798 1600 audiunt
2829 1545 3069 1601 auribus
3103 1544 3117 1599 l
3154 1545 3377 1609 Quibus
3407 1546 3590 1602 oculis
3621 1545 3710 1601 in-

2071 1636 2312 1688 tuentur
2340 1633 2740 1706 possessiones
2779 1651 2979 1689 eorum
3006 1635 3018 1689 l
3054 1635 3559 1699 Quemadmodum
3591 1635 3710 1691 dies

2073 1727 2388 1794 noctesque
2409 1722 2754 1794 excogitant,
2781 1727 2844 1777 ut
2874 1722 3094 1794 aliquid
3127 1723 3376 1795 proximi
3409 1723 3708 1780 auferantl

2069 1812 2357 1882 Numquid
2383 1812 2486 1866 soli
2524 1811 2841 1866 habitabitis
2892 1829 3054 1883 super
3101 1821 3303 1868 terram
3345 1815 3473 1882 (Isa.
3507 1830 3562 1880 v,
3595 1811 3649 1885 8)
3685 1809 3711 1868 ?

2070 1900 2284 1956 clamat
2331 1900 2630 1973 propheta.
2667 1899 2972 1973 Cognoscit
3009 1901 3129 1957 haec
3158 1899 3462 1970 Dominus,
3505 1906 3566 1957 et
3589 1901 3709 1957 vin-

2069 1990 2236 2045 dictae
2269 1993 2540 2045 reservat.

2139 2079 2226 2132 28.
2257 2079 2549 2142 Quantum
2574 2076 2763 2133 aliena
2783 2095 2817 2133 a
2837 2078 3098 2149 piscibus
3141 2078 3432 2135 aviditatis
3463 2079 3704 2152 rapina!

2070 2165 2157 2221 Illi
2209 2165 2499 2221 naturalia
2547 2170 2782 2238 captant
2829 2172 3069 2235 secreta,
3116 2170 3172 2223 et
3225 2167 3378 2223 ultra
3427 2167 3708 2225 terminos

2070 2254 2225 2310 orbis
2255 2259 2542 2310 terrarum
2575 2270 2735 2310 mare
2767 2259 3000 2324 norunt,
3063 2257 3214 2329 quod
3250 2256 3423 2312 nullae
3455 2257 3708 2331 interpo-

2069 2343 2194 2398 lant
2225 2342 2450 2410 insula,
2484 2359 2588 2399 nec
2638 2348 2792 2400 terra
2836 2344 3034 2417 aliqua
3061 2344 3386 2418 interjacet,
3416 2345 3506 2402 vel
3559 2345 3705 2403 ulte-

2069 2433 2192 2488 rius
2225 2432 2343 2488 ulla
2375 2433 2452 2488 sit
2499 2433 2707 2505 posita.
2757 2432 2879 2488 Illic
2935 2434 3116 2507 igitur
3145 2434 3245 2490 ubi
3280 2435 3566 2491 diffusum
3597 2435 3708 2493 late

2068 2539 2227 2578 mare
2257 2538 2489 2577 omnem
2521 2521 2818 2595 spectandi
2850 2540 3044 2592 usum,
3086 2523 3354 2580 utilitatis
3386 2526 3579 2598 gratia
3609 2542 3708 2580 na-

2065 2610 2299 2683 vigandi
2330 2609 2680 2666 intercludat
2713 2611 3039 2679 audaciam,
3075 2613 3319 2668 condere
3350 2629 3411 2669 se
3443 2613 3711 2670 feruntur

2066 2704 2207 2767 cete,
2240 2698 2340 2754 illa
2380 2699 2670 2756 immensa
2707 2715 2921 2771 genera
2950 2700 3220 2772 piscium,
3263 2701 3516 2774 aequalia
3543 2719 3708 2759 mon-

2063 2788 2222 2844 tibus
2261 2805 2522 2860 corpora,
2574 2793 2637 2843 ut
2683 2789 3053 2844 tradiderunt
3104 2790 3292 2857 nobis,
3344 2791 3446 2864 qui
3513 2791 3711 2848 videre

2065 2881 2379 2950 potuerunt
2403 2893 2414 2931 :
2452 2876 2569 2932 illic
2592 2876 2854 2949 quietum
2876 2895 3061 2933 avum
3085 2879 3324 2952 exigunt
3353 2879 3612 2938 discreta
3638 2881 3710 2938 ab

2063 2964 2356 3034 insulis,et
2386 2966 2457 3021 ab
2489 2967 2761 3022 omnibus
2793 2967 3221 3022 maritimarum
3246 2968 3481 3024 urbium
3516 2974 3714 3026 conta-

2064 3055 2174 3129 giis
2205 3060 2470 3127 separata
2486 3055 2705 3110 habent
2725 3073 2863 3111 suas
2895 3056 3160 3130 regiones
3181 3057 3251 3130 (5)
3283 3062 3338 3113 et
3367 3057 3712 3116 habitacula

2065 3144 2394 3200 distributa.
2455 3143 2690 3200 Manent
2742 3144 2802 3199 in
2834 3144 2925 3200 his
2965 3145 3247 3202 inoffenso
3278 3145 3610 3215 vicinorum
3642 3145 3711 3202 li-

2062 3234 2222 3302 mite,
2254 3249 2359 3288 nec
2389 3249 2534 3306 vago
2564 3234 2814 3289 transitu
2849 3235 3203 3290 mutationes
3244 3239 3519 3306 quaerunt
3549 3235 3710 3293 loco-

2058 3340 2188 3378 rum
2215 3341 2228 3390 ;
2261 3323 2364 3378 sed
2397 3326 2679 3394 tanquam
2710 3322 2965 3395 patrium
2997 3323 3187 3379 solum
3243 3321 3524 3396 diligunt,
3559 3331 3620 3382 et
3652 3325 3711 3381 in

2057 3410 2151 3468 his
2195 3411 2494 3467 immorari
2541 3410 2711 3466 dulce
2763 3410 3140 3467 arbitrantur.
3188 3413 3324 3477 Quae
3352 3413 3480 3469 ideo
3519 3413 3708 3488 elege-

2056 3504 2214 3569 runt,
2250 3504 2313 3556 ut
2343 3499 2662 3555 solitariam
2693 3499 2868 3556 vitam
2915 3505 3137 3557 remota
3188 3501 3415 3574 possint
3445 3503 3710 3560 arbitro-

2056 3607 2186 3644 rum
2221 3587 2684 3661 interpellatione
2714 3589 3055 3662 transigere.

2125 3677 2211 3732 29.
2248 3678 2396 3733 Sunt
2425 3681 2622 3752 tamen
2651 3677 2849 3750 aliqua
2877 3695 3089 3750 genera
3117 3679 3388 3752 piscium,
3442 3680 3549 3752 qui
3590 3697 3709 3738 non

2056 3766 2274 3839 ingenii
2308 3765 2584 3822 facilitate
2631 3765 2760 3822 loca
2811 3771 3061 3837 mutent,
3107 3768 3207 3824 sed
3241 3768 3470 3824 fovendi
3502 3772 3711 3842 partus

2057 3855 2399 3911 necessitate
2423 3873 2435 3924 ;
2461 3871 2634 3928 quem
2666 3858 2990 3927 opportuno
3015 3861 3186 3929 atque
3215 3855 3481 3930 legitimo
3505 3867 3712 3931 procu-

2055 3948 2252 3999 rantes
2294 3947 2573 4017 tempore,
2607 3961 2674 4000 ex
2718 3943 2988 4016 plurimis
3020 3944 3180 4013 locis,
3215 3963 3281 4001 ac
3313 3946 3545 4004 diverso
3579 3945 3714 4003 sinu

2057 4032 2256 4103 maris,
2273 4032 2566 4088 innumeri
2598 4032 2754 4088 velut
2775 4035 3072 4089 communi
3096 4034 3332 4090 consilio
3354 4035 3714 4094 convenien-

2056 4126 2144 4177 tes
2175 4122 2485 4191 conjuncto
2509 4121 2741 4193 agmine
2771 4121 3080 4204 Aquilonis
3103 4123 3278 4178 ﬂatus
3297 4127 3533 4194 petunt,
3557 4127 3616 4180 et
3641 4121 3714 4178 ad

2055 4207 2198 4263 illud
2232 4207 2786 4279 Septentrionalium
2817 4225 2975 4264 mare
3020 4209 3274 4281 partium
3307 4211 3574 4282 quadam
3606 4226 3714 4266 na-

2054 4302 2197 4352 turae
2219 4297 2346 4370 lege
2374 4297 2754 4352 contendunt.
2784 4297 2977 4365 Dicas,
2999 4297 3048 4353 si
3075 4299 3456 4355 ascendentes
3486 4299 3712 4367 videas,

2054 4385 2301 4440 rbeuma
2323 4385 2394 4456 (6)
2427 4385 2722 4457 quoddam
2747 4401 2894 4451 esse,
2928 4385 3008 4441 ita
3039 4391 3345 4458 proruunt,
3377 4380 3716 4458 fluctusque

2053 4473 2431 4541 intersecant,
2464 4491 2568 4545 per
2599 4473 3010 4546 Propontidem
3042 4475 3102 4530 in
3133 4476 3423 4532 Euxinum
3457 4479 3714 4548 pontum

2054 4563 2305 4619 violento
2359 4561 2582 4635 impetu
2647 4563 3022 4636 profluentes.
3078 4564 3217 4630 Quis
3275 4565 3545 4637 piscibus
3593 4564 3716 4622 hac

2055 4652 2370 4707 annuntiat
2419 4651 2566 4720 loca,
2616 4653 2888 4724 praecepit
2946 4652 3263 4725 tempora?
3311 4655 3455 4718 Quis
3507 4651 3717 4710 tribuit

2056 4740 2503 4813 dispositionem
2552 4741 2769 4807 viandi,
2817 4742 3133 4797 comitandi
3178 4743 3466 4811 ordinem,
3527 4746 3718 4798 metas

2055 4835 2111 4886 et
2141 4833 2407 4901 tempora
2438 4829 2811 4886 revertendi?
2841 4830 3119 4886 Homines
3174 4847 3346 4888 suum
3389 4831 3715 4904 imperato-

2056 4935 2177 4974 rem
2211 4918 2447 4987 babent,
2481 4919 2650 4990 cujus
2681 4923 3051 4992 exspectatur
3081 4919 3414 4992 imperium,
3445 4917 3718 4992 procedit

2053 5013 2297 5076 tessera,
2330 5012 2742 5080 proponuntur
2769 5009 2958 5065 edicta
2988 5008 3442 5082 provincialibus
3475 5014 3546 5065 ut
3578 5023 3716 5064 con-

2057 5148 2419 5222 subintelligi
2470 5150 2900 5206 substantivum
2947 5159 3042 5220 est,
3090 5156 3223 5223 post
3266 5167 3436 5207 voces
3479 5153 3716 5223 impres-

2053 5238 2234 5276 sus....
2267 5225 2323 5276 et
2349 5230 2678 5288 suspectum.

2127 5293 2204 5363 (5)
2237 5292 2345 5347 Ms.
2378 5292 2544 5348 Dion.
2599 5292 2859 5349 discretas
2899 5293 2964 5348 ab
3008 5294 3226 5362 insutis,
3259 5301 3311 5349 et
3335 5292 3402 5348 ab
3459 5295 3717 5354 omnium

2053 5365 2468 5418 maritimarum
2536 5365 2760 5437 urbium
2822 5366 3106 5437 contagiis,
3157 5371 3440 5437 separatas
3513 5365 3718 5420 habent

2052 5451 2178 5489 suas
2228 5438 2492 5506 regiones.
2553 5435 2733 5503 Coen.,
2781 5435 3013 5493 remotas
3066 5435 3186 5492 illic
3212 5435 3434 5491 ‘habent
3465 5452 3604 5493 suas
3631 5443 3717 5492 re-

2091 5507 2256 5571 iones,
2293 5512 2401 5562 etc.

2054 5523 2256 5578 gzones,
2293 5523 2401 5562 etc.

2126 5576 2200 5654 (6)
2232 5577 2408 5636 Basil.
2443 5587 2618 5657 ῥεῦμα,
2644 5578 2704 5636 id
2737 5583 2826 5636 est
2853 5583 3029 5639 aestus
3060 5595 3126 5638 ac
3158 5582 3406 5636 torrens.
