3932 6212
58 4328 69 4409 i

66 4604 77 4645 l

145 432 240 496 233
1450 435 1832 501 HEXAEME

2042 439 2191 501 LIB.
2238 440 2314 503 ν.
3455 443 3578 513 93.4

148 566 372 645 veniant,
405 566 707 625 tribunis
743 567 1008 627 militum
1039 568 1237 626 litterae
1286 569 1638 644 diriguntur,
1699 571 1823 627 dies
1848 571 1906 639 Α
1939 572 2214 643 mysterio
2246 572 2393 628 dixit
2424 571 2695 629 Salomon
2729 572 2785 627 in
2843 572 3167 645 sapientia:
3227 574 3396 630 Novit
3422 577 3576 631 tem-

152 657 443 726 statuitur;
483 662 553 714 et
618 658 901 731 plerique
931 658 1002 714 ad
1035 658 1158 714 dies
1217 661 1466 715 statutos
1524 676 1825 716 occurrere
1935 678 2047 733 pus
2077 661 2253 716 eundi
2286 666 2458 734 atque
2492 661 2809 717 redeundi:
2844 661 3003 717 novit
3056 666 3291 734 tempus
3348 664 3580 734 perfun-

157 763 249 802 non
276 750 532 818 queunt.
575 747 733 813 Quis
789 746 1108 819 imperator
1154 748 1414 819 piscibus
1472 753 1821 819 praeceptum

163 834 336 891 dedit?
364 835 523 899 Quis
560 836 783 893 doctor
811 835 965 892 hanc
993 836 1198 891 tribuit
1240 835 1610 908 disciplinam
1630 836 1657 892 ?
1715 835 1822 902 Qui

168 928 454 981 metatores
490 924 725 981 itinera
753 925 1125 997 disponunt?
1150 925 1256 989 Qui
1299 925 1475 981 duces
1517 924 1628 980 iter
1681 925 1820 980 diri-

171 1019 310 1087 gunt,
342 1019 409 1069 ut
437 1012 684 1069 nullius
715 1014 872 1069 desit
905 1013 1226 1069 occursus?
1254 1014 1366 1069 Sed
1398 1030 1647 1087 agnosco
1688 1015 1821 1087 quis

167 1102 252 1159 ille
301 1104 376 1157 sit
402 1101 765 1174 imperator,
800 1101 904 1174 qui
926 1102 1289 1158 ordinatione
1321 1102 1518 1157 divina
1548 1102 1819 1159 sensibus

168 1192 563 1248 universorum
598 1208 780 1247 suum
805 1191 1076 1246 infundat
1104 1190 1441 1262 imperium,
1475 1192 1575 1263 qui
1605 1192 1820 1247 tacitus

166 1280 327 1335 mutis
358 1279 779 1336 animantibus
837 1278 1120 1334 naturalis
1172 1279 1496 1350 disciplinae
1554 1280 1818 1336 ordinem

164 1368 408 1436 tribuat;
446 1384 556 1423 nec
617 1366 811 1423 solum
868 1383 1084 1439 magna
1138 1372 1422 1440 penetret,
1484 1369 1585 1423 sed
1642 1368 1814 1424 etiam

159 1474 255 1528 per
285 1456 546 1512 minima
573 1472 821 1529 quisque
860 1472 922 1512 se
952 1456 1172 1512 fundat.
1206 1456 1426 1512 Divinze
1453 1456 1600 1529 legis
1638 1457 1818 1529 piscis

155 1545 525 1616 obsequitur,
557 1549 615 1600 et
643 1544 910 1601 homines
927 1544 1331 1600 contradicunt
1355 1545 1367 1600 Ξ
1402 1545 1586 1601 Piscis
1605 1544 1816 1601 solem-

152 1633 303 1690 niter
333 1633 591 1689 obaudit
622 1634 899 1689 mandata
950 1632 1227 1700 coelestia,
1274 1637 1331 1689 et
1388 1633 1660 1690 homines
1715 1634 1816 1690 92

148 1722 317 1777 irrita
344 1722 582 1777 faciunt
638 1721 738 1777 Dei
796 1722 1127 1794 praecepta!
1214 1730 1305 1776 An
1364 1722 1818 1794 contemptibilis

142 1809 248 1864 tibi
284 1810 543 1880 videtur,
576 1810 713 1882 quia
761 1815 962 1865 mutus
993 1814 1101 1876 est,
1154 1810 1515 1882 rationisque
1563 1827 1767 1882 expers
1790 1809 1819 1864 ‘i’

141 1899 252 1953 Sed
286 1898 422 1953 vide
446 1914 519 1953 ne
551 1903 612 1953 tu
649 1898 755 1953 tibi
786 1899 973 1971 magis
1003 1898 1251 1998 incipias
1274 1915 1403 1955 esse
1434 1899 1814 1971 contemptui,
1848 1934 1896 1999 B

140 1987 188 2042 si
301 1985 696 2042 irrationabili
779 1985 1231 2042 irrationabilior
1333 1987 1812 2059 deprehendaris.

143 2074 302 2140 Quid
344 2078 548 2129 autem
597 2073 1005 2130 rationabilius
1061 2074 1170 2130 hoc
1227 2074 1480 2147 piscium
1539 2075 1814 2141 transitu,

137 2164 328 2234 cujus
361 2162 651 2219 rationem
678 2161 918 2234 quidem
959 2163 1149 2219 verbis
1182 2180 1296 2219 non
1347 2162 1658 2235 explicant,
1714 2165 1815 2220 sed

136 2252 327 2307 factis
386 2250 757 2322 loquuntur?
802 2252 1058 2324 Pergunt
1113 2252 1268 2308 enim
1303 2253 1520 2308 aestatis
1558 2257 1819 2325 tempore

138 2340 213 2395 ad
249 2341 488 2395 fretum
523 2338 709 2407 Ponti,
745 2356 811 2395 eo
845 2340 1001 2412 quod
1031 2339 1259 2413 reliquo
1291 2342 1473 2397 maris
1529 2341 1662 2397 sinu
1723 2341 1818 2397 hic

139 2429 329 2485 sinus
373 2426 606 2483 dulcior
635 2428 732 2482 sit.
764 2428 893 2483 Non
924 2428 1079 2484 enim
1130 2429 1338 2485 tandiu
1397 2428 1483 2485 sol
1543 2429 1594 2484 ei
1648 2430 1813 2498 freto,

142 2517 424 2591 quandiu
459 2516 681 2572 caeteris
711 2515 1078 2585 immoratur,
1112 2534 1296 2589 eaque
1326 2518 1390 2573 fit
1413 2535 1592 2575 causa
1613 2523 1678 2574 ut
1699 2536 1813 2575 non

141 2622 391 2663 omnem
425 2622 642 2676 aquam
675 2605 998 2673 exhauriat,
1024 2623 1150 2678 qua
1178 2606 1367 2662 dulcis
1389 2611 1561 2678 atque
1588 2608 1813 2679 potabi-

140 2694 217 2751 lis
250 2700 371 2751 est.
407 2694 550 2761 Quis
583 2698 778 2749 autem
834 2693 1081 2766 ignoret,
1142 2695 1301 2765 quod
1335 2694 1509 2750 etiam
1568 2712 1637 2750 ea
1689 2714 1814 2768 quae

139 2783 454 2839 maritima
496 2785 655 2848 sunt,
716 2780 886 2853 aquis
938 2781 1282 2853 plerumque
1336 2782 1607 2838 dulcibus
1657 2783 1811 2840 dele-

136 2870 430 2928 ctentur?
478 2869 741 2942 Denique
765 2869 904 2926 dum
936 2869 1180 2925 ﬂumina
1226 2874 1574 2942 sequuntur,
1626 2876 1682 2927 et
1738 2873 1810 2927 ad

141 2960 471 3033 superiora
496 2958 841 3025 ascendunt,
875 2959 1210 3031 frequenter
1241 2959 1413 3014 alieni
1475 2960 1663 3031 pisces
1709 2977 1809 3033 ge-

142 3050 309 3104 neris
341 3047 658 3120 capiuntur
684 3047 744 3101 in
780 3046 993 3103 ﬂuviis.
1028 3048 1172 3103 Cum
1222 3047 1342 3103 haec
1395 3047 1577 3121 igitur
1635 3066 1812 3105 causa

1934 749 2142 805 ctionis
2172 753 2229 805 et
2268 749 2627 821 jactationis,
2663 753 2720 805 et
2772 750 2931 805 novit
2978 754 3039 805 ut
3098 767 3214 806 non
3246 754 3420 823 queat
3458 750 3581 807 falli

1933 837 2128 909 (Eccle.
2164 855 2247 900 III,
2280 838 2441 907 2-8);
2476 838 2614 909 quia
2647 855 2760 893 non
2784 837 3027 893 rationis
3063 838 3466 905 aestimatione,
3524 842 3582 895 et

1932 925 2347 997 disputationis
2379 930 2723 999 argumento
2769 927 2978 993 utitur,
3040 928 3140 982 sed
3199 926 3583 999 inspiratione

1931 1020 2174 1077 natura,
2221 1031 2347 1086 quae
2376 1030 2512 1069 vera
2552 1019 2639 1070 est
2689 1014 2973 1087 magistra
3019 1015 3273 1087 pietatis.
3321 1015 3585 1086 Denique

1931 1119 2134 1158 omnes
2166 1103 2494 1158 animantes
2524 1103 2861 1174 prmscripta
2890 1102 3107 1158 habent
3137 1103 3399 1175 pariendi
3431 1107 3578 1159 tem-

1929 1208 2091 1263 pora,
2125 1192 2298 1247 homo
2331 1191 2491 1247 solus
2510 1191 2828 1247 indiscreta
2853 1195 3026 1263 atque
3054 1192 3312 1247 confusa.
3338 1190 3583 1263 Reliqua

1929 1296 2144 1352 genera
2201 1279 2567 1334 clementiam
2628 1280 2910 1351 temporis
2967 1283 3254 1351 quaerunt,
3306 1278 3581 1335 mulieres

1933 1367 2068 1422 solae
2090 1373 2295 1439 partus
2324 1385 2467 1423 suos
2490 1367 3214 1423 inclementereﬂ'undunt.
3231 1368 3392 1442 Vaga
3422 1367 3579 1423 enim

1927 1460 1984 1510 et
2012 1456 2411 1528 intemperans
2451 1456 2631 1510 libido
2688 1456 3004 1527 generandi
3061 1472 3267 1528 vagam
3312 1455 3579 1528 pariendi

1926 1548 2151 1599 aetatem
2181 1545 2432 1600 exhibet.
2469 1544 2659 1599 Pisces
2693 1548 2855 1599 tanta
2906 1544 3092 1599 maria
3145 1544 3576 1612 transmittunt,

1930 1636 1995 1687 ut
2022 1632 2335 1688 utilitatem
2383 1632 2642 1705 aliquam
2700 1633 2897 1705 generi
2955 1651 3063 1689 suo
3121 1636 3407 1705 quaerant.
3458 1633 3577 1690 Nos

1929 1738 2163 1793 quoque
2194 1721 2410 1777 diffusa
2435 1738 2669 1794 aequora
2697 1722 3148 1778 transfretamus
3182 1740 3195 1778 :
3231 1723 3330 1778 sed
3363 1725 3581 1794 quanto

1930 1810 2255 1875 honestius,
2301 1811 2455 1882 quod
2488 1810 2879 1866 successionis
2911 1827 3129 1882 amore,
3185 1827 3363 1883 quam
3424 1810 3581 1883 quod

1929 1899 2186 1973 pecuniae
2211 1899 2485 1955 aviditate
2511 1899 2873 1971 suscipitur?
2903 1899 3162 1971 Denique
3204 1898 3322 1955 illis
3356 1900 3428 1957 ad
3457 1899 3580 1972 pie-

1926 1993 2129 2055 tatem,
2158 1988 2326 2043 nohis
2356 1988 2429 2042 ad
2461 1992 2752 2060 qumstum
2811 1987 3181 2045 transmissio
3240 1988 3574 2060 deputatur.

1927 2076 2014 2131 Illi
2042 2076 2300 2131 sobolem
2333 2076 2591 2131 referunt
2616 2076 3206 2132 omnibus'mercibus
3227 2076 3576 2151 chariorem:

1926 2181 2033 2220 nos
2065 2166 2166 2221 98
2203 2181 2450 2220 mercem
2482 2163 2652 2237 longe
2684 2165 2968 2237 imparem
3001 2165 3072 2221 ad
3104 2163 3347 2238 periculi
3388 2164 3575 2220 vicem

1926 2252 2140 2308 misera
2168 2252 2314 2308 lucri
2346 2253 2617 2325 cupidine
2639 2258 3028 2325 reportamus.
3091 2254 3292 2326 Itaque
3351 2251 3436 2308 illi
3474 2270 3577 2326 pa—

1926 2341 2101 2396 triam
2173 2346 2473 2412 repetunt:
2528 2358 2635 2398 nos
2685 2342 3167 2414 derelinquimus.
3203 2341 3323 2400 Illis
3380 2342 3575 2399 nando

1925 2430 2353 2485 incrementum
2382 2430 2613 2504 generis
2645 2430 3006 2502 acquiritur:
3063 2430 3232 2487 nobis
3285 2430 3574 2487 minuitur

1926 2518 2279 2590 navigando.
3328 2520 3337 2527 “

1994 2608 2083 2663 31.
2147 2606 2287 2670 Quis
2343 2605 2523 2678 igitur
2570 2612 2742 2679 neget
2781 2606 3062 2662 divinitus
3120 2606 3237 2663 illis
3308 2607 3573 2664 infusum

1925 2695 2224 2767 ingenium
2277 2710 2407 2750 esse
2432 2694 2772 2765 hujusmodi
2826 2699 3000 2766 atque
3056 2694 3379 2751 virtutem?
3431 2695 3576 2752 Cum

1921 2783 2113 2838 videat
2135 2782 2279 2838 istos
2310 2783 2369 2837 in
2398 2782 2745 2854 Aquilonem
2793 2787 2911 2837 tam
2947 2783 3267 2838 solemnem
3298 2784 3576 2840 obeunda

1922 2871 2295 2927 fecunditatis
2329 2871 2854 2943 peregrinationem
2892 2871 3073 2927 vivaci
3130 2871 3365 2943 ingenio
3423 2887 3579 2929 com-

1920 2976 2170 3032 ponere;
2204 2958 2350 3015 alios
2378 2959 2438 3014 in
2484 2960 2689 3032 exiguo
2721 2976 2959 3032 corpore
2988 2963 3221 3015 tantum
3254 2958 3574 3016 validitatis

1920 3064 2243 3114 assumere,
2289 3052 2354 3101 ut
2410 3047 2696 3103 maximas
2753 3048 2990 3104 navium
3030 3047 3216 3120 plenis
3272 3052 3575 3105 currentes

141 3137 405 3194 Pontum
468 3134 586 3191 illis
642 3134 818 3191 faciat
874 3127 1208 3208 gratiorem.
1270 3135 1357 3191 vel
1421 3137 1573 3208 quod
1633 3141 1809 3193 aestus
1916 3137 2061 3194 velis
2094 3136 2152 3191 in
2191 3135 2399 3191 mediis
2430 3136 2706 3191 fluctibus
2736 3136 2982 3192 sistant:
3026 3137 3178 3191 sicut
3235 3136 3426 3192 brevis
3477 3135 3572 3209 pi-

144 3228 443 3299 temperet
482 3222 761 3279 solemnis
790 3222 909 3278 illic
959 3224 1132 3279 ﬂatus
1187 3223 1478 3295 aquilonis
1536 3225 1634 3298 (7),
1680 3230 1807 3281 tum

1917 3225 2168 3282 sciculus
2190 3223 2457 3280 echeneis
2482 3228 2647 3279 tanta
2672 3223 2951 3278 facilitate
2974 3227 3339 3279 memoratur
3360 3239 3566 3279 navem

142 3289 634 3386 Opportuniorem
666 3310 886 3366 caeteris
907 3311 1198 3383 judicent,
1246 3311 1304 3367 in
1337 3329 1450 3384 quo
1508 3330 1803 3385 generare,
1837 3289 1880 3356 Ο
1920 3315 2219 3386 ingentem
2237 3307 2488 3380 sistere;
2520 3315 2585 3366 ut
2615 3312 2783 3382 quasi
2814 3310 3130 3366 radicatam
3163 3310 3313 3366 mari
3350 3310 3568 3367 haarere

144 3408 199 3456 et
244 3406 461 3473 partus
511 3400 742 3472 possint
798 3400 1063 3471 proprios
1099 3400 1375 3470 enutrirc,
1423 3402 1576 3472 quod
1622 3403 1809 3458 teneri
1916 3403 2134 3469 videas,
2179 3418 2283 3457 nec
2314 3400 2551 3455 moveri.
2585 3398 2941 3471 Aliquandiu
2985 3399 3143 3454 enim
3200 3397 3566 3454 immobilem

148 3490 312 3546 fetus
344 3488 607 3544 laborem
663 3487 864 3543 alienae
905 3488 1159 3560 regionis
1217 3490 1363 3544 ferre
1416 3490 1509 3544 vix
1558 3491 1807 3562 possint,

153 3595 306 3651 quos
335 3577 460 3632 illic
491 3577 645 3632 fovet
675 3577 827 3632 aeris
857 3576 1071 3632 blanda
1098 3576 1429 3633 clementia.
1465 3579 1665 3650 Itaque
1687 3596 1814 3652 per-

157 3670 285 3722 acto
318 3680 567 3721 munere
596 3681 801 3721 omnes
832 3664 1009 3721 simul
1039 3681 1104 3721 eo
1136 3682 1249 3737 quo
1279 3672 1554 3722 venerant
1582 3668 1814 3740 agmine

160 3758 560 3812 revertuntur.

226 3845 319 3899 30.
356 3843 635 3907 Quaenam
685 3842 803 3898 ista
832 3842 911 3898 sit
952 3843 1095 3900 ratio
1126 3844 1585 3901 consideremus.
1646 3845 1815 3916 Obje-

1920 3494 2129 3547 servat.
2164 3495 2253 3544 An
2286 3494 2343 3544 et
2370 3488 2508 3543 huic
2564 3492 2736 3559 putas
2793 3487 2920 3543 sine
2977 3487 3266 3543 Creatoris
3322 3503 3567 3544 munere

1920 3583 2151 3635 tantum
2182 3576 2440 3650 potuisse
2469 3580 2775 3648 suppetere
2805 3575 3037 3632 virtutis
3056 3576 3083 3630 ?
3139 3575 3286 3640 Quid
3337 3575 3562 3649 gladios

1920 3668 2145 3739 loquar,
2181 3669 2281 3721 aut
2300 3682 2511 3731 serras,
2553 3668 2654 3720 aut
2695 3681 2869 3720 canes
2917 3664 3266 3732 maritimos,
3315 3669 3415 3720 aut
3460 3664 3564 3720 ba-

1923 3756 2105 3821 lenas,
2141 3759 2241 3810 aut
2269 3771 2532 3827 zygwnas
2555 3753 2582 3808 ?
2613 3752 2760 3817 Quid
2786 3753 2963 3809 etiam
3003 3754 3247 3810 turturis
3273 3757 3565 3819 centrum,

1925 3849 1983 3901 et
2028 3844 2137 3899 hoc
2169 3847 2410 3899 mortuae
2440 3842 2466 3896 ?
2496 3842 2659 3898 Sicut
2687 3842 2844 3898 enim
2878 3842 3083 3915 vipera
3116 3859 3180 3898 os
3210 3841 3260 3898 si
3290 3841 3424 3913 quis
3458 3839 3570 3896 cal-

1928 3932 2140 3990 caverit
2171 3948 2372 3987 recens
2400 3931 2706 3997 duntaxat,
2748 3930 2987 4003 gravius
3047 3946 3226 4001 quam
3277 3944 3570 3985 venenum

1930 4038 2136 4077 nocere
2193 4019 2531 4092 perhibetur
2589 4018 2687 4090 (8),
2757 4024 2813 4073 et
2874 4016 3304 4073 immedicabile
3357 4015 3575 4072 vulnus

1931 4124 2162 4182 serpere
2198 4125 2209 4164 :
2244 4108 2325 4162 ita
2353 4106 2526 4162 etiam
2560 4110 2754 4160 turtur
2785 4105 2983 4161 aculeo
3014 4122 3120 4160 suo
3175 4108 3407 4159 mortua
3458 4117 3578 4160 am-

1932 4199 2088 4272 plius
2119 4213 2295 4269 quam
2328 4194 2453 4251 viva
2484 4193 2726 4267 periculi
2752 4194 2956 4249 afferre
2988 4196 3365 4248 memoratur.
3391 4194 3579 4264 Lepu-

1934 4285 2135 4342 sculus
2157 4300 2389 4357 quoque
2419 4283 2691 4338 timidum
2726 4280 2942 4337 animal
2976 4281 3034 4336 in
3068 4281 3258 4352 terris,
3299 4281 3358 4336 in
3431 4279 3582 4337 mari

1936 4372 2323 4439 formidabile,
2357 4372 2535 4427 citam
2565 4376 2623 4427 et
2681 4388 2807 4443 quae
2842 4387 2955 4426 non
3011 4369 3179 4426 facile
3238 4370 3426 4441 possit
3472 4386 3582 4426 au-

183 4462 275 4518 sed
303 4463 485 4518 etiam
511 4461 825 4517 maritimis
847 4460 993 4533 ipsis
1017 4462 1415 4519 animantibus
1446 4463 1827 4521 intolerabilis
1937 4464 2094 4534 ferri,
2128 4460 2518 4533 corruptelam
2548 4459 2790 4515 invehit.
2824 4459 3022 4515 Voluit
3050 4458 3206 4515 enim
3261 4462 3317 4514 te
3348 4458 3587 4515 Creator

184 4550 443 4607 habetur.
508 4550 748 4606 Accedit
778 4549 944 4617 illud,
974 4551 1127 4622 quod
1160 4549 1417 4622 plurima
1472 4556 1529 4608 et
1574 4552 1828 4609 maxima
1939 4570 2042 4608 nec
2074 4552 2134 4606 in
2167 4550 2312 4606 mari
2348 4549 2490 4605 satis
2538 4551 2609 4605 ab
2641 4549 3057 4605 insidiantibus
3089 4565 3217 4605 esse
3272 4563 3587 4616 securum;

186 4637 362 4695 Ponto
396 4638 647 4694 flumina
675 4638 1049 4708 misceantur,
1083 4656 1216 4694 cum
1274 4639 1519 4696 hiberno
1571 4645 1830 4713 tempore
1863 4656 1909 4721 ι)
1941 4644 2005 4696 ut
2037 4644 2274 4712 prOpter
2306 4656 2492 4711 pauca
2521 4656 2648 4710 quae
2682 4643 2946 4707 noceant,
3001 4637 3169 4712 quasi
3204 4638 3262 4693 in
3305 4635 3587 4704 excubiis,

188 4728 347 4784 sinus
379 4728 512 4800 ipse
541 4726 809 4799 frigidior
866 4727 1213 4783 torrentium
1268 4728 1520 4801 rigescat
1566 4729 1832 4803 allapsu;
1951 4729 2200 4802 positus,
2256 4728 2435 4782 armis
2494 4726 2627 4783 ﬁdei
2679 4744 2910 4801 semper
2946 4732 3003 4784 et
3053 4731 3218 4783 scuto
3274 4725 3594 4782 devotionis

187 4821 492 4889 propterea
513 4815 706 4888 pisces
729 4820 1011 4888 tanquam
1035 4816 1240 4872 arbitri
1267 4817 1837 4889 ﬂuentorum,aesta-
1951 4817 2266 4885 accinctus,
2314 4833 2348 4872 a
2394 4815 2638 4872 Domino
2696 4818 2796 4871 tuo
2852 4816 3062 4872 debeas
3122 4815 3333 4872 salutis
3363 4829 3600 4888 sperare

165 3938 289 3988 ctus
319 3936 413 3987 est
440 3931 608 3987 Ponti
636 3931 809 3987 sinus
828 3932 1013 3987 borea:
1037 3935 1493 4005 ceterorumque
1513 3938 1818 3989 ventorum

166 4020 613 4078 violentissimis
643 4019 885 4075 ﬂatibus
917 4038 930 4088 ;
967 4021 1120 4076 unde
1147 4020 1340 4093 gravis
1392 4021 1511 4077 illic
1568 4021 1822 4095 procella

170 4110 329 4178 furit,
364 4114 421 4164 et
452 4112 833 4180 tempestates
864 4114 1192 4175 moventur,
1226 4110 1308 4165 ita
1338 4113 1402 4165 ut
1435 4111 1504 4165 de
1535 4111 1822 4182 profundo

172 4215 346 4253 arena
375 4202 669 4253 vertatur:
704 4197 874 4266 cujus
917 4196 997 4251 rei
1031 4197 1241 4253 ﬂuctus
1272 4215 1553 4254 arenosus
1609 4198 1823 4256 indicio

175 4293 275 4353 est,
308 4286 412 4358 qui
440 4290 753 4340 ventorum
781 4289 944 4339 motu
975 4284 1285 4358 insurgens
1317 4286 1512 4349 altius,
1539 4294 1660 4343 tum
1688 4304 1826 4359 pon-

180 4375 307 4430 dere
336 4373 592 4446 gravior,
625 4373 784 4429 haud
816 4373 990 4429 dubie
1034 4391 1148 4430 non
1171 4374 1360 4430 solum
1393 4374 1823 4447 navigantibus,

185 4909 235 4961 te
262 4904 388 4961 illic
418 4903 737 4977 aspirantis
780 4921 935 4959 aurae
993 4902 1359 4962 clementiam
1420 4911 1652 4978 captare
1702 4924 1840 4965 con-

53 4994 81 5069 ί
182 4998 542 5050 sueverunt:
598 4994 768 5065 cujus
848 4994 1175 5049 amaenitate
1259 4996 1566 5066 perfuncti,
1636 5014 1843 5053 rursus

183 5082 401 5138 hiemis
431 5097 643 5152 aspera
670 5079 964 5136 declinare
996 5082 1385 5151 contendunt;
1418 5089 1473 5139 et
1500 5085 1843 5156 septentrio-

187 5169 339 5227 nalis
374 5169 561 5242 plagte
592 5185 742 5224 saeva
774 5168 1091 5242 fugientes,
1144 5170 1201 5225 in
1251 5170 1506 5243 reliquos
1564 5190 1625 5229 se
1681 5173 1847 5230 sinus

187 5259 519 5323 conferunt,
551 5258 613 5312 in
647 5257 870 5329 quibus
904 5261 1005 5312 aut
1031 5263 1338 5313 ventorum
1371 5260 1602 5316 mollior
1622 5261 1698 5317 sit
1729 5260 1848 5334 pla-

188 5347 422 5415 ciditas,
476 5349 578 5401 aut
605 5345 751 5402 solis
782 5336 969 5402 soleat
992 5362 1233 5402 vernare
1290 5350 1620 5420 temperies.
1681 5350 1852 5408 Novit

188 5435 373 5509 igitur
400 5435 581 5508 piscis
635 5434 904 5509 pariendi
960 5438 1211 5507 tempus,
1276 5436 1433 5507 quod
1484 5455 1588 5511 pro
1637 5456 1849 5514 magno

1952 4905 2311 4977 praesidium.

2580 5019 2811 5075 CAPUT
2869 5018 2959 5074 XI.

1953 5111 2027 5166 De
2068 5108 2306 5181 piscibus
2346 5106 2613 5181 A_tlan_tici
2658 5108 2831 5181 muris
2863 5124 2880 5159 :
2911 5107 3047 5181 item
3088 5104 3156 5159 de
3191 5103 3343 5181 _sale,
3373 5105 3602 5181 comitio

2027 5176 2082 5235 el
2107 5180 2236 5234 aliis
2282 5178 2621 5249 quibusdam.
2661 5177 2734 5232 Οἱ)
2782 5194 2869 5240 ea,
2907 5176 3003 5231 sed
3042 5177 3288 5231 maxime
3334 5177 3399 5232 ob
3444 5177 3604 5231 navi-

2027 5248 2324 5319 gatio-nem,
2357 5264 2512 5303 mare
2548 5248 2709 5302 terris
2732 5251 3040 5319 praestare:
3070 5255 3199 5319 post
3240 5262 3365 5319 qua?
3412 5249 3607 5318 paucis

2029 5318 2096 5376 de
2118 5322 2256 5377 Jona
2275 5335 2340 5374 ac
2368 5320 2528 5374 Petro
2557 5318 2892 5387 memoratis,
2944 5332 3124 5373 sermo
3151 5318 3451 5374 clauditur.

2032 5438 2123 5492 32.
2151 5435 2472 5491 Veniamus
2531 5433 2599 5489 ad
2635 5432 2998 5488 Atlanticum
3053 5449 3234 5489 mare.
3279 5436 3464 5501 Quam
3519 5433 3615 5490 in-

260 5586 617 5670 (7)_Qemet.,
649 5588 741 5670 ve_l_
766 5584 911 5670 quod
941 5590 1105 5641 testim
1148 5588 1389 5658 tempore
1430 5587 1690 5643 solemnis
1733 5589 1853 5645 illic
1958 5590 2009 5645 si
2044 5590 2167 5661 quis
2204 5587 2680 5670 calcaveritlrenes
2708 5585 3013 5660 duntawat,
3054 5587 3279 5661 gravius
3323 5604 3488 5667 quam
3530 5591 3623 5652 νϐ’

188 5659 555 5733 spiretﬂaluq
583 5659 888 5733 aquilonis.

265 5731 343 5810 (Β)
370 5728 511 5792 Mss.
537 5728 678 5789 Ben.
714 5730 867 5787 Cum
899 5744 966 5790 ac
994 5728 1193 5790 Germ.
1231 5728 1383 5789 Sicut
1412 5732 1562 5791 enim
1587 5733 1849 5808 vipereos.

515 5858 784 5927 Panos.
833 5854 996 5923 XIV.

1958 5675 2161 5720 nonum
2189 5674 2381 5722 nocere
2406 5662 2604 5743 fertur.

3278 5872 3314 5935 ii
