3932 6212
393 464 513 525 235

1848 472 1913 532 S.
1962 468 2337 533 AMBROSII

3665 472 3770 536 236

394 599 590 671 gentia
617 598 737 655 illic
768 604 825 655 et
879 599 1117 656 inﬁnita:
1148 599 1571 673 magnitudinis
1621 601 1771 657 cete!
1807 602 1940 665 Quae
1986 602 2035 657 si
2065 604 2121 669 Α
2149 606 2454 658 ventorum
2487 601 2866 675 spiramime:
2900 602 3001 658 ubi
3058 618 3230 659 nemo
3290 601 3625 676 refragatur,
3680 608 3775 661 sed

396 690 632 760 quando
691 694 1073 761 supernatant
1128 690 1425 762 ﬂuctibus,
1458 690 1758 746 ambulare
1820 691 2043 757 insulas

396 780 588 848 putes,
623 782 852 834 montes
882 778 1203 834 altissimos
1234 779 1484 834 summis
1513 779 1584 834 ad
1616 779 1826 834 cmlum
1868 780 2041 834 verti-

396 865 562 922 cibus
592 866 866 922 eminere.
901 869 1034 933 Quae
1067 885 1180 922 non
1212 867 1269 922 in
1323 873 1451 924 acta
1507 868 1607 939 (9),
1668 885 1773 923 nec
1828 868 1887 922 in
1944 868 2041 922 lit—

394 954 642 1023 toribus,
676 955 776 1011 sed
809 955 868 1010 in
900 955 1176 1011 Atlantici
1208 958 1387 1012 maris
1432 957 1719 1029 profundo
1779 957 2045 1011 feruntur

392 1042 597 1110 videri,
630 1048 696 1099 ut
724 1060 925 1100 eorum
957 1050 1271 1117 conspectu
1305 1051 1495 1101 nauta:
1548 1063 1582 1102 a
1639 1045 1947 1119 navigandi
1984 1046 2040 1099 in

393 1130 512 1186 illis
542 1131 706 1198 locis,
740 1134 1194 1205 praesumptione
1252 1138 1608 1202 revocentur,
1669 1151 1775 1190 nec
1823 1140 2045 1189 secreta

394 1219 817 1277 elementorum
858 1221 1019 1278 adire
1048 1222 1175 1278 sine
1231 1240 1504 1295 supremo
1560 1227 1780 1279 terrore
1837 1223 2043 1278 mortis

395 1314 702 1382 usurpent.

464 1398 553 1454 33.
587 1398 697 1453 Sed
720 1399 846 1470 jam
878 1414 1260 1471 assurgamus
1290 1399 1401 1471 ipsi
1426 1400 1495 1454 de
1520 1400 1805 1471 profundo
1840 1400 2039 1465 maris,

393 1490 451 1542 et
477 1486 907 1558 aliquantulum
940 1503 1132 1542 sermo
1160 1491 1356 1542 noster
1401 1492 1680 1560 emergat,
1741 1492 1916 1560 atque
1970 1489 2043 1542 ad

394 1573 696 1646 superiora
727 1592 789 1631 se
818 1574 1120 1647 subrigat:
1173 1580 1504 1647 spectemus
1535 1594 1602 1632 ea
1641 1594 1768 1648 quae
1827 1576 2046 1632 usitata

395 1662 619 1732 multis,
646 1667 703 1719 et
734 1663 905 1736 plena
936 1664 1055 1719 sint
1083 1664 1302 1737 gratiae,
1326 1666 1618 1736 quomodo
1641 1665 1872 1737 aquain
1903 1663 2044 1720 salis

396 1756 657 1808 vertatur
685 1752 1059 1822 soliditatem,
1092 1757 1157 1807 ut
1200 1754 1347 1809 ferro
1380 1770 1529 1825 saepe
1559 1755 1814 1809 caedatur
1841 1772 1854 1821 ;
1889 1753 2043 1825 quod

393 1842 464 1896 de
494 1840 846 1896 Britannicis
878 1840 1101 1897 salibus
1130 1841 1274 1896 nihil
1308 1842 1541 1911 mirum,
1576 1843 1675 1915 qui
1698 1842 1758 1897 in
1789 1842 2042 1914 speciem

397 1929 709 1985 marmoris
738 1928 938 1997 validi,
980 1929 1244 1998 ejusdem
1302 1930 1520 1986 mctalli
1582 1931 1746 1985 niveo
1797 1932 2045 1985 candore

400 2017 794 2090 resplendent,
831 2017 1098 2074 salubres
1129 2019 1389 2090 corporis
1421 2020 1549 2075 cibo
1582 2021 1715 2090 (10),
1770 2024 1827 2074 et
1882 2019 2044 2091 potui

395 2106 572 2161 nimis
597 2106 767 2178 grati.
804 2107 1102 2172 Quomodo
1132 2107 1309 2162 etiam
1360 2125 1473 2161 non
1532 2108 1838 2163 indecorus
1895 2107 2045 2179 lapis

397 2194 701 2251 corallium
731 2195 791 2250 in
824 2195 971 2251 mari
1000 2195 1184 2251 herba
1212 2196 1308 2262 sit,
1342 2195 1389 2251 si
1426 2196 1481 2251 in
1513 2213 1705 2252 aerem
1728 2198 2042 2252 transfera-

394 2287 513 2351 tur,
544 2283 604 2337 in
633 2283 846 2355 lapidis
905 2284 1240 2339 firmitatem
1298 2284 1597 2340 solidetur.
1660 2285 1822 2340 Unde
1869 2286 2041 2356 ejiam

397 2371 607 2428 ostreis
623 2371 1112 2445 pretiosissimam
1131 2373 1509 2445 margaritam
1536 2379 1744 2429 natura
1768 2374 2040 2439 inﬁxerit,

398 2461 690 2533 quomodo
720 2477 848 2516 eam
870 2460 1049 2516 maris
1079 2478 1230 2533 aqua
1262 2461 1320 2516 in
1351 2465 1471 2516 tam
1521 2461 1681 2518 molli
1713 2479 1885 2518 carne
1916 2462 2046 2518 soli-

400 2548 779 2610 daverit..94
809 2550 942 2613 Quae
974 2549 1208 2605 difficile
1237 2551 1390 2622 apud
1422 2568 1586 2623 reges
1644 2551 2041 2620 inveniuntur,
2078 2563 2081 2567 '

396 2654 464 2694 ea
481 2637 541 2693 in
573 2637 871 2695 littoribus
903 2639 1070 2710 quasi
1097 2638 1235 2695 vilia
1256 2639 1455 2710 jacent
1484 2639 1679 2712 vulgo,
1712 2644 1768 2696 et
1796 2641 1857 2695 in
1889 2640 2044 2696 saxis

397 2727 620 2799 asperis
651 2733 708 2784 et
735 2726 1004 2783 cautibus
1035 2727 1409 2800 colliguntur.
1441 2731 1696 2784 Aureum
1718 2729 1892 2784 etiam
1921 2728 2044 2784 vel-

396 2815 490 2871 lus
520 2832 675 2886 aqua
703 2815 906 2884 nutrit,
953 2820 1009 2870 et
1066 2816 1261 2870 lanam
1307 2816 1368 2870 in
1428 2817 1733 2871 memorati
1791 2818 2044 2889 speciem

395 2902 617 2958 metalli
645 2902 899 2975 gignunt
921 2903 1134 2969 littora,
1168 2904 1337 2974 cujus
1370 2903 1617 2959 colorem
1638 2904 1834 2961 nullus
1856 2906 2045 2961 adhuc

399 3008 601 3047 eorum
634 2992 738 3063 qui
769 2992 918 3046 fucis
951 2991 1200 3047 diversis
1230 2992 1534 3048 obducunt
1560 2992 1792 3061 vellera,
1827 2993 2043 3050 imitari

399 3080 625 3154 potuit;
659 3080 803 3136 adeo
844 3084 1065 3135 naturae
1124 3080 1429 3135 maritima:
1480 3082 1727 3154 gratiam
1783 3081 2045 3138 humana

398 3168 642 3242 implere
670 3169 854 3225 nescit
886 3169 1176 3225 industria
1202 3169 1214 3225 ι
1249 3169 1481 3225 Scimus
1511 3188 1628 3243 qua
1652 3170 2044 3227 sollicitudine

397 3256 613 3314 vellera
663 3258 858 3315 ovium
881 3258 1055 3314 etiam
1080 3258 1277 3314 minus
1306 3258 1561 3331 pretiosa
1581 3264 1894 3333 curentur:
1928 3260 2046 3315 sint

2153 707 2355 745 omnes
2378 692 2635 747 fautores
2659 695 2831 747 sunt:
2868 692 2969 748 ubi
2994 708 3170 747 nemo
3196 691 3447 747 vincitur
3468 692 3779 766 quicunque

2152 770 2494 851 pervenerit,
2526 781 2623 835 sed
2657 796 2860 836 omnes
2892 797 3118 853 puppes
3170 796 3297 852 quae
3353 784 3621 852 pervecta:
3663 782 3780 838 fue-

2153 867 2288 937 rint,
2323 873 2706 924 coronantur:
2742 870 2841 924 ubi
2903 868 3101 941 palma
3150 885 3372 925 merces
3430 869 3653 936 salutis,
3704 870 3782 924 vi-

2152 957 2336 1011 ctoria
2370 958 2620 1029 pretium
2678 957 3060 1030 regressionis
3117 960 3225 1013 est.
3286 958 3576 1022 Quantum
3635 958 3782 1013 enim

2151 1045 2330 1099 distat
2359 1044 2519 1101 inter
2550 1046 2802 1101 directos
2824 1062 3036 1101 cursus
3066 1062 3131 1101 ac
3162 1045 3403 1101 reﬂexos
3423 1045 3450 1099 ?
3481 1045 3583 1101 Isti
3606 1062 3789 1118 perpe-

2152 1138 2413 1201 tuantur,
2444 1133 2502 1188 hi
2536 1134 2923 1190 resolvuntur.
2956 1135 3223 1206 Adjunge
3254 1134 3515 1206 remigiis
3539 1138 3787 1191 contexta

2151 1221 2367 1288 littora,
2401 1223 2618 1294 quibus
2643 1223 2916 1279 vexillum
2949 1223 3199 1279 exeundi
3231 1239 3374 1278 aura
3403 1223 3475 1277 de
3506 1222 3641 1279 cazlo
3688 1227 3788 1279 est.

2153 1310 2351 1383 Itaque
2382 1311 2597 1382 aurigae
2628 1311 2904 1384 plausum
2935 1312 3171 1368 inanem
3217 1312 3506 1366 referunt:
3568 1310 3625 1366 hi
3682 1309 3789 1367 sol-

2149 1404 2293 1454 vunt
2323 1405 2457 1454 vota
2488 1400 2723 1456 servati.

2223 1488 2310 1543 35.
2346 1488 2493 1552 Quid
2525 1490 2595 1544 de
2627 1489 2775 1545 Jona
2792 1488 3039 1561 dignum
3071 1487 3306 1558 loquar,
3337 1503 3510 1559 quem
3539 1490 3694 1543 cetus
3711 1503 3794 1541 ex—
3838 1518 3839 1523 η

2152 1577 2305 1648 cepit
2334 1577 2405 1632 ad
2436 1578 2636 1647 vitam,
2670 1577 2923 1633 reddidit
2980 1578 3049 1632 ad
3085 1576 3476 1649 prophetandi
3508 1575 3748 1648 gratiam
3768 1573 3794 1627 ‘l

2159 1667 2262 1720 Em
2273 1666 2476 1721 andavi
2485 1670 2507 1720 t
2519 1682 2873 1738 aqua,quem
2890 1669 3121 1721 terrena
3132 1665 3513 1721 deﬂexerant:
3529 1662 3798 1736 psallebat

2153 1754 2211 1808 in
2244 1759 2405 1809 utero
2438 1755 2568 1821 ceti,
2605 1756 2703 1827 qui
2737 1754 3012 1810 maerebat
3042 1754 3101 1809 in
3133 1753 3326 1809 terris.
3379 1754 3451 1808 Et
3498 1757 3564 1808 ut
3590 1751 3799 1807 utrius-

2154 1860 2265 1914 que
2295 1843 2614 1915 redemptio
2654 1860 2768 1898 non
2797 1846 3175 1915 praetereatur
3204 1840 3502 1908 elementi,
3526 1845 3796 1896 terrarum

2154 1931 2313 1986 salus
2346 1931 2402 1985 in
2439 1931 2586 1986 mari
2638 1935 2769 1986 ante
2823 1931 3140 2002 praecessit.
3191 1930 3334 2003 quia
3396 1929 3633 2002 signum
3683 1926 3801 1983 Filii

2155 2020 2411 2075 hominis
2455 2020 2691 2093 signum
2723 2019 2902 2075 Jonae.
2937 2020 3100 2075 Sicut
3127 2018 3237 2074 iste
3268 2019 3331 2074 in
3364 2022 3531 2074 utero
3562 2016 3688 2083 ceti,
3729 2016 3804 2071 sic

2151 2109 2324 2165 Jesus
2358 2109 2414 2162 in
2466 2110 2637 2163 corde
2686 2113 2854 2165 terrae
2912 2107 3121 2180 (Matth.
3152 2125 3268 2173 xvr,
3306 2108 3383 2178 4).
3446 2108 3512 2161 In
3570 2109 3803 2175 utroque

2153 2197 2478 2252 remedium
2509 2215 2521 2251 :
2557 2198 2751 2267 majus
2800 2202 2995 2251 tamen
3030 2196 3088 2251 in
3139 2195 3289 2250 mari
3323 2194 3565 2267 pietatis
3623 2208 3799 2250 exem-

2152 2285 2314 2357 plum
2342 2304 2354 2352 ;
2388 2287 2665 2356 quoniam
2697 2290 3052 2357 exceperunt
3082 2285 3301 2357 pisces,
3338 2300 3520 2356 quem
3551 2281 3803 2339 homines

2154 2375 2498 2441 refutarunt,
2533 2380 2588 2430 et
2617 2391 2787 2446 quem
2818 2374 3085 2429 homines
3131 2372 3580 2438 cruciﬁxerunt,
3632 2370 3805 2443 pisces

2153 2468 2475 2518 servarunt.
2511 2463 2714 2519 Petrus
2746 2479 2976 2535 quoque
3006 2463 3064 2517 in
3099 2463 3246 2517 mari
3281 2462 3530 2529 titubat,
3560 2460 3660 2517 sed
3700 2475 3803 2514 non

2150 2552 2369 2607 labitur
2397 2570 2409 2607 :
2442 2555 2498 2608 et
2524 2553 2826 2609 confessus
2850 2552 2908 2607 in
2928 2552 3227 2619 ﬂuctibus,
3263 2555 3472 2607 tamen
3496 2548 3726 2623 negavit
3753 2547 3809 2602 in

2152 2641 2344 2696 terris.
2382 2641 2581 2712 Itaque
2612 2640 2730 2695 illic
2761 2640 2931 2712 quasi
2962 2641 3202 2696 devotus
3229 2657 3418 2696 manu
3438 2635 3810 2712 apprehendi-

2151 2735 2265 2795 tur,
2300 2730 2395 2785 hic
2439 2730 2606 2800 quasi
2634 2729 2851 2786 oblitus
2885 2733 3124 2801 aspectu
3155 2728 3430 2785 censorio
3461 2725 3813 2784 convenitur.

2154 2818 2263 2873 Sed
2296 2819 2411 2889 jam
2449 2834 2724 2889 rogemus
2757 2816 3093 2885 Dominum,
3118 2819 3183 2871 ut
3206 2832 3408 2871 sermo
3433 2818 3634 2870 noster
3659 2810 3818 2884 quasi

2151 2906 2332 2962 Jonas
2361 2907 2627 2977 ejiciatur
2683 2906 2739 2960 in
2803 2910 3043 2972 terram,
3078 2921 3150 2959 ne
3182 2903 3415 2959 diutius
3448 2903 3511 2959 in
3546 2900 3670 2958 salo
3718 2900 3818 2954 ﬂu-

2153 2999 2329 3050 ctuet.
2364 2996 2430 3048 Et
2460 2995 2607 3050 bene
2633 2995 2757 3065 jam
2801 2994 2979 3049 exivit
3038 2992 3375 3058 cucurbita,
3440 3008 3572 3063 quae
3627 2989 3821 3045 obum-

2153 3084 2281 3138 bret
2311 3101 2418 3138 nos
2446 3100 2479 3137 a
2511 3083 2681 3138 malis
2713 3083 2929 3138 nostris
2958 3098 2971 3136 :
3007 3082 3109 3137 sed
3160 3085 3218 3136 et
3279 3081 3419 3153 ipsa
3478 3078 3820 3152 procedente

2154 3171 2274 3227 sole
2304 3172 2554 3227 arefacta
2584 3171 2861 3226 admonet
2918 3170 3440 3241 requiescendum,
3493 3186 3569 3225 ne
3608 3168 3669 3222 in
3726 3164 3817 3221 95

2152 3264 2309 3315 terra
2339 3264 2586 3315 mstuare
2611 3259 2965 3331 incipiamus
2994 3257 3248 3330 ingenio,
3294 3262 3358 3313 et
3409 3256 3587 3312 nobis
3645 3254 3814 3311 etiam

395 3346 531 3403 licet
559 3347 799 3420 optima,
832 3364 1203 3420 nequaquam
1233 3351 1430 3403 tamen
1461 3346 1553 3403 his
1580 3347 1748 3403 fucus
1786 3348 2049 3403 innasci-
2077 3333 2120 3399 C
2159 3350 2333 3404 verba
2365 3348 2655 3403 deficiant.
2674 3351 2835 3403 Certe
2852 3347 2985 3419 plus
3000 3346 3166 3402 nobis
3184 3362 3373 3418 quam
3393 3343 3816 3400 Ninivitisdata

393 3440 507 3492 tur.
543 3436 689 3491 Hinc
719 3435 1004 3491 naturalis
1032 3435 1189 3491 color
1222 3439 1330 3504 est,
1390 3444 1563 3507 quem
1623 3435 1820 3492 nullus
1851 3436 2043 3492 adhuc

395 3524 566 3579 fucus
591 3525 878 3596 aequavit:
912 3524 1023 3579 hoc
1054 3540 1286 3596 quoque
1338 3524 1517 3596 piscis
1567 3528 1657 3581 est
1690 3525 1875 3581 vellus
1904 3526 2037 3598 (11).

396 3613 510 3668 Sed
540 3616 598 3667 et
625 3611 738 3684 ipsi
768 3612 1021 3668 murices
1059 3613 1159 3684 qui
1188 3612 1418 3685 insigne
1447 3612 1590 3668 dant
1618 3614 1866 3686 regium,
1901 3618 2041 3669 sunt

392 3700 695 3757 maritimi.

462 3790 551 3844 34.
587 3790 653 3844 Et
680 3806 808 3861 quae
841 3792 1140 3861 pratorum
1162 3790 1371 3861 gratia,
1403 3789 1491 3845 vel
1521 3789 1823 3846 hortorum
1869 3807 2037 3846 ama:-

390 3878 544 3935 nitas
574 3882 763 3952 potest
820 3876 1049 3934 caerulei
1095 3878 1274 3933 maris
1304 3878 1660 3951 aequiparare
1690 3879 1976 3952 picturam
2008 3880 2036 3934 ?

386 3971 610 4028 Aurum
635 3968 770 4025 licet
798 3969 857 4023 in
891 3967 1073 4041 pratis
1118 3968 1288 4023 ﬂores
1320 3967 1664 4040 refulgeant,
1706 3969 1831 4024 auri
1890 3986 2033 4041 quo-

386 4074 500 4131 que
528 4058 815 4133 fulgorem
845 4057 903 4112 in
930 4057 1079 4112 mari
1109 4056 1244 4112 lana
1275 4055 1606 4129 resplendet
1633 4075 1645 4113 :
1692 4061 1749 4113 et
1794 4057 1891 4114 ille
1921 4058 2032 4114 cito

383 4152 772 4215 marcescunt,
804 4147 919 4202 ista
969 4146 1069 4202 diu
1128 4146 1409 4201 duratura
1461 4151 1742 4202 servatur.
1798 4147 1941 4203 Lilia
1972 4148 2030 4204 in

381 4235 568 4292 hortis
622 4237 854 4293 eminus
912 4234 1118 4301 nitent,
1148 4234 1275 4289 vela
1306 4235 1362 4289 in
1410 4235 1695 4291 navibus:
1743 4235 1837 4290 hic
1866 4237 2027 4304 odor,

380 4324 501 4380 illic
530 4328 736 4381 ventus
769 4324 1005 4397 aspirat.
1039 4324 1173 4388 Quae
1205 4322 1431 4379 utilitas
1457 4324 1515 4377 in
1568 4323 1740 4379 folio!
1778 4325 1837 4377 in
1870 4325 2028 4379 navi-

328 4458 332 4462 .
381 4413 495 4467 bus
524 4418 745 4483 quanta
775 4411 1160 4467 commercia!
1195 4410 1340 4465 Lilia
1396 4411 1740 4467 suavitatem
1772 4412 2026 4481 narium,

381 4499 507 4555 vela
538 4500 844 4555 hominum
875 4499 1124 4555 salutem
1156 4499 1455 4554 invehunt.
1513 4500 1674 4555 Adde
1704 4501 1895 4572 pisces
1935 4519 2026 4557 sa-

381 4587 608 4654 lientes,
642 4592 700 4643 et
756 4587 1064 4659 delphinas
1096 4586 1401 4642 ludentes:
1437 4587 1582 4642 adde
1605 4604 1779 4643 rauco
1812 4607 2027 4645 sonan-

2149 3436 2318 3493 estin
2341 3438 2510 3509 aquis
2542 3437 2814 3492 remissio
2836 3440 3228 3507 peccatorum.

2546 3551 2777 3608 CAPUT
2808 3551 2925 3607 XII.
2961 3551 3185 3622 (Sermo
3210 3550 3406 3618 VIII.)

2145 3644 2326 3713 Fingit
2339 3643 2448 3697 sibi
2468 3657 2498 3697 e
2520 3643 2782 3697 memoria
2794 3657 2917 3713 aves
2954 3640 3209 3713 evolasse,
3250 3640 3327 3695 ad
3345 3656 3491 3710 quas
3521 3639 3817 3713 oratiqaem

2214 3709 2489 3783 eleganter
2513 3717 2746 3768 revocat.
2762 3711 3161 3783 Auditoresrsibi
3172 3714 3282 3766 atte
3291 3709 3821 3783 ntionemprzbitu-

2216 3782 2309 3839 ros,
2330 3784 2484 3855 dicit,
2514 3801 2572 3839 se
2583 3788 2763 3839 autem
2777 3785 2891 3839 illis
2905 3782 3241 3839 brevitatem.
3260 3783 3528 3855 Denique
3546 3782 3820 3838 variarum

2214 3857 2400 3911 avium
2428 3858 2755 3911 suavitatem
2783 3859 3021 3927 exoptat.

2212 3972 2301 4027 36.
2338 3970 2403 4025 Et
2434 3987 2567 4025 cum
2599 3968 2907 4042 paululum
2948 3967 3337 4024 conticuisset
3411 3970 3557 4042 (12),
3618 3968 3821 4022 iterum

2143 4075 2472 4115 sermonem
2504 4059 2750 4114 adorsus
2783 4056 2906 4113 ait:
2960 4058 3212 4129 Fugerat
3241 4073 3386 4128 nos,
3422 4058 3644 4113 fratres
3691 4051 3824 4110 dile-

2141 4148 2411 4213 ctissimi,
2444 4145 2772 4202 necessaria
2803 4146 2875 4201 de
2900 4148 3112 4200 natura
3136 4144 3346 4201 avium
3383 4144 3741 4217 disputatio,
3771 4142 3823 4195 et

2141 4253 2331 4293 sermo
2363 4235 2710 4307 hujusmodi
2746 4234 2916 4290 nobis
2946 4250 3081 4289 cum
3114 4232 3264 4306 ipsis
3298 4234 3525 4290 avibus
3573 4231 3824 4289 evolave-

2141 4328 2247 4379 rat.
2283 4324 2370 4378 Fit
2398 4323 2555 4378 enim
2589 4327 2798 4378 natura
2828 4322 3107 4394 quadam,
3142 4325 3206 4375 ut
3236 4321 3304 4377 hi
3339 4323 3452 4395 qui
3488 4320 3717 4394 aliquid
3748 4317 3826 4371 in-

2138 4417 2398 4479 tuentur,
2430 4411 2519 4467 vel
2552 4411 2798 4467 dicendo
2829 4410 3153 4482 exprimere
3173 4410 3421 4479 volunt,
3453 4426 3666 4466 eorum
3689 4421 3824 4479 qua-

2137 4500 2361 4558 litatem
2392 4517 2520 4572 quae
2540 4500 2628 4555 vel
2649 4499 2954 4555 intuentur
2972 4498 3062 4555 vel
3085 4498 3432 4570 loquuntur
3448 4498 3822 4569 ,adsumant;

2137 4594 2202 4645 ut
2248 4606 2381 4644 cum
2414 4588 2769 4662 pigriorihus
2802 4588 3206 4656 immoremur,
3241 4592 3306 4643 et
3341 4605 3493 4645 cum
3530 4585 3824 4644 velocibus

380 4682 479 4731 tes-
509 4676 722 4731 ﬂuctus
761 4692 1063 4731 murmure
1089 4692 1101 4730 :
1155 4675 1341 4745 adjice
1372 4680 1669 4732 currentes
1727 4694 1901 4734 naves
1954 4679 2027 4735 ad
2055 4699 2103 4764 D
2137 4676 2310 4734 celeri
2341 4677 2646 4749 rapiemur
2672 4681 2936 4749 aspectu,
2971 4675 3119 4748 stylo
3150 4692 3407 4748 quoque
3435 4682 3545 4733 aut
3576 4672 3827 4732 tardiore

380 4765 602 4831 littora,
630 4764 719 4820 vel
752 4765 822 4821 de
852 4763 1145 4820 littoribus
1200 4769 1493 4821 exeuntes.
1526 4767 1597 4821 Et
1653 4783 1785 4822 cum
1816 4784 1847 4822 e
1899 4784 2021 4824 car-

378 4854 611 4911 ceribus
633 4855 949 4910 mittuntur
967 4853 1284 4926 quadrigis,
1308 4859 1528 4926 quanto
1545 4855 1739 4911 studio
1761 4861 2025 4929 spectan-

378 4945 527 5000 tium
559 4948 617 5000 et
644 4959 841 4999 amore
890 4942 1183 4999 certaturi
1218 4943 1417 5014 Equus
1446 4948 1642 5001 tamen
1687 4947 1745 5000 in
1807 4963 2021 5002 vanum

379 5033 579 5102 currit,
614 5048 729 5088 non
761 5032 821 5087 in
850 5049 1065 5087 vanum
1094 5032 1345 5104 navigia.
1382 5032 1481 5088 Ille
1511 5033 1566 5087 in
1603 5051 1839 5101 vanum,
1885 5036 2023 5106 quia

375 5139 623 5178 vacuus:
682 5123 795 5181 ista
825 5123 893 5178 ad
956 5120 1243 5188 utilatem,
1300 5122 1467 5193 quasi
1518 5121 1689 5194 plena
1718 5123 2017 5179 frumenti.

375 5211 523 5275 Quid
553 5210 627 5265 iis
676 5210 921 5283 gratius,
955 5227 1080 5282 quaa
1136 5227 1254 5266 non
1298 5211 1531 5266 verbere
1588 5216 1861 5282 aguntur,
1920 5214 2049 5289 sed_

448 5346 524 5413 (9)
554 5345 708 5411 Acta,
767 5349 931 5412 actae,
990 5344 1182 5400 Graece
1214 5352 1360 5413 ἀκτὴ,
1395 5342 1560 5399 littus
1602 5351 1914 5415 secretum,
1963 5353 2021 5403 et

378 5431 698 5470 amoenum.

446 5486 559 5555 (10)
595 5486 735 5541 Mss.
768 5486 905 5542 Ben.
940 5491 998 5541 et
1026 5487 1220 5541 Germ.
1259 5485 1513 5542 salubres
1568 5489 1801 5557 corpori.
1850 5489 2016 5545 Carn.

374 5557 822 5626 corporibus,etc.

445 5627 557 5698 (11)
589 5627 917 5703 Sic_omn_es
945 5643 1088 5683 mss.
1112 5630 1317 5703 ac_vet.
1340 5627 1489 5703 edit.
1524 5628 1689 5684 Rom.
1729 5647 1862 5685 vero
1888 5633 2021 5703 pin-

374 5697 461 5753 nis
490 5698 801 5777 estvelim.
837 5698 916 5751 Ex
945 5714 1011 5753 eo
1071 5697 1293 5754 scilicet
1339 5697 1514 5756 Basil.
1545 5707 1693 5758 πόθεν
1719 5710 1775 5760 τὸ
1804 5697 2021 5777 γρόσουν

373 5778 503 5854 τριον
529 5775 693 5829 πίνναι
716 5775 962 5848 τρέφουσι.

2137 4771 2377 4823 utamur
2408 4770 2511 4821 aut
2540 4766 2762 4838 rapido.
2797 4766 2999 4837 Itaque
3047 4781 3183 4820 cum
3213 4780 3407 4822 caveo
3443 4783 3521 4822 ne
3553 4762 3707 4820 mari
3726 4760 3821 4815 de-

2133 4872 2324 4912 mersa
2350 4860 2713 4928 praetereant,
2750 4859 2807 4910 et
2836 4853 3007 4926 aquis
3059 4857 3266 4926 operta
3298 4870 3407 4911 me
3459 4852 3712 4921 lateant,
3743 4848 3819 4905 et“-

2130 4945 2281 5018 fugit
2309 4960 2482 5000 omne
2530 4942 2803 5011 volatile;
2864 4942 3003 5015 quia
3061 4943 3203 4998 dum
3267 4942 3620 4999 inclinatus
3680 4941 3824 4995 imos

2128 5050 2415 5105 aquarum
2472 5032 2732 5106 gurgites
2763 5036 3011 5098 scrutor,
3040 5031 3232 5087 aerios
3270 5048 3402 5088 non
3464 5028 3706 5105 respexi
3733 5041 3823 5083 vo-

2128 5123 2319 5191 latus;
2354 5138 2461 5178 nec
2490 5121 2701 5177 umbra
2730 5119 2938 5177 saltem
2972 5136 3178 5194 pennis
3208 5136 3315 5176 me
3346 5120 3645 5194 praepetis
3671 5113 3826 5173 recli-

2129 5213 2304 5280 navit,
2337 5228 2463 5283 quae
2505 5210 2562 5265 in
2594 5209 2762 5282 aquis
2816 5209 3072 5266 re‘lucere
3131 5210 3359 5282 potuit.
3425 5209 3664 5267 Verum
3719 5200 3818 5259 ubi

2202 5346 2315 5473 (ιέ
2348 5345 2562 5400 Omnes
2593 5344 2755 5411 edit.,
2785 5348 2837 5399 et
2866 5360 2992 5399 cum
3014 5342 3325 5416 paululum
3346 5343 3818 5421 conticuisse“...

2202 5434 2238 5473 ν.
2322 5433 2486 5472 mnes
2518 5432 2684 5473 mss..
2716 5415 3127 5471 conticuisset...
3161 5414 3268 5467 ait.
3306 5414 3594 5473 Utraque
3649 5410 3818 5467 lectio

2130 5410 2238 5474 aio.
2272 5410 2486 5473 Omnes
2518 5432 2684 5482 mss.,
2716 5410 3127 5487 conticuisset...
3161 5414 3268 5487 ait.
3306 5414 3615 5487 Utraque
3649 5410 3818 5487 lectiq

2172 5489 2361 5544 robari
2393 5491 2582 5559 potest
2615 5503 2628 5541 :
2666 5479 2877 5559 prima,
2900 5486 3067 5559 quod
3095 5479 3704 5559 Ambrosius'epist.
3753 5479 3823 5535 ad

2172 5509 2361 5544 rODarl
2394 5509 2582 5559 ροιθδι
2616 5509 2628 5541 :
2666 5509 2877 5559 pI‘IIIItl,
2909 5509 3067 5557 quuu
3095 5509 3476 5542 Aluurusms
3518 5509 3704 5559 eplSL.
3753 5509 3822 5535 au

2129 5509 2332 5625 Brunt,
2367 5559 2476 5614 hoc
2524 5575 2671 5629 opus
2703 5557 3011 5629 scripsisse
3041 5573 3103 5629 se
3133 5554 3519 5629 testiﬁcatur
3548 5575 3562 5611 :
3619 5553 3822 5615 altera,

2173 5631 2283 5686 uod
2313 5632 2488 5705 verba
2520 5627 2637 5684 non
2666 5627 2977 5705 Ambrosii,
3011 5628 3111 5683 sed
3140 5627 3370 5682 notarii
3406 5645 3551 5684 esse
3583 5630 3824 5705 conten.-

2173 5649 2283 5686 υοα
2313 5649 2488 5685 verna
2520 5649 2637 5684 IIOIl
2666 5649 2977 5695 AUIDI‘OSII,
3011 5649 3111 5683 SOU
3140 5649 3370 5682 [ιυιωῚι
3406 5649 3551 5684 3888
3583 5649 3824 5683 conwu-

2129 5649 2278 5761 aunt
2307 5700 2487 5777 aliqui
2517 5715 2768 5773 quorum
2798 5699 2993 5777 opinio
3026 5714 3169 5757 mss.
3229 5712 3561 5759 consensu
3609 5692 3832 5757 stabili-

2127 5779 2244 5836 tur.
