3932 6212
16 1800 25 1825 ἰι

52 1844 203 1851 η.--
236 1844 496 1868 --Ὗ-η
536 1844 602 1849 -._
628 1844 831 1861 --__-_,
856 1844 905 1849 η
931 1844 1131 1866 ην---
1168 1844 1335 1849 πη-
1366 1844 1696 1866 “Mr---”
1811 1844 1965 1861 mn,
2002 1844 2249 1849 e______-
2293 1844 2377 1850 ---
2414 1844 2470 1849 _-
2502 1844 2692 1850 ητα-
2756 1844 2824 1849 -_
2887 1844 3017 1850 --.η
3082 1844 3205 1849 -__-
3263 1844 3450 1849 πη---

21 1844 246 1940 ἴγίιίεῐιιες
281 1901 438 1940 suos
469 1884 797 1939 obduxerat
826 1883 1088 1938 nubibus
1112 1900 1133 1944 ;
1168 1881 1281 1938 nisi
1314 1882 1452 1954 quia
1498 1881 1698 1937 oculos
1731 1916 1778 1980 Β
1809 1888 2007 1937 noster
2035 1883 2331 1938 ascendat.
2367 1882 2434 1937 Et
2484 1882 2611 1938 ideo
2663 1884 2734 1939 de
2764 1882 2835 1938 iis
2867 1883 3071 1938 avibus
3102 1883 3268 1955 prius
3298 1882 3456 1937 dica-

17 3798 27 3819 1

52 421 125 481 237

1329 422 1866 487 HEXAEMERON
1908 424 2059 487 LIB.
2102 426 2176 487 V.

3333 426 3453 492 238

58 553 493 627 omnenegotium
523 557 906 629 expeditum
927 558 1142 630 putavi,
1171 561 1228 614 et
1244 557 1578 615 absolutum
1604 574 1694 613 me
1722 556 1779 623 Α
1808 574 1932 629 quae
1963 558 2348 615 dormientem
2381 561 2451 615 de
2481 575 2686 615 somno
2719 560 2928 616 excitet
2961 559 2972 614 l
3006 560 3087 615 Ea
3115 560 3271 616 enim
3329 562 3453 617 avis

19 650 29 719 ς
54 643 227 709 credidi,
254 645 308 699 et
334 643 527 701 diem
568 646 874 719 quintum
894 650 1363 703 consummatum
1386 646 1700 702 arbitratus

20 784 23 805 ,
54 749 143 788 sum
163 750 175 800 ;
194 732 433 788 venitin
470 739 774 791 mentem
790 735 984 791 avium
1005 740 1234 802 natura,
1253 752 1379 807 qum
1404 752 1537 791 cum
1559 738 1702 791 eunt

55 822 273 887 cubitum,
312 822 510 893 quasi
539 827 804 895 peracto
851 823 990 878 laetae
1023 839 1263 879 numere
1285 823 1499 879 aethera
1522 828 1699 877 cantu

57 910 245 966 mulcere
273 916 687 967 consuerunt
724 930 738 967 :
788 913 944 983 quod
972 912 1130 967 velut
1186 911 1522 967 solemniter
1577 928 1701 966 sur-

56 1006 175 1072 gente
199 1004 255 1055 et
280 1000 624 1056 occidente
658 1000 761 1055 die
792 1000 1120 1056 instaurare
1168 1004 1527 1056 consuerunt
1559 1016 1571 1053 :
1635 1003 1701 1054 ut

56 1087 229 1143 decursi
243 1087 334 1143 vel
357 1088 703 1144 adoriendi
734 1089 1001 1144 nocturni
1028 1091 1200 1160 juxta
1229 1106 1295 1144 ac
1327 1088 1520 1143 diurni
1559 1092 1700 1143 tem-

54 1179 170 1249 poris
188 1176 400 1233 laudes
432 1194 559 1233 suo
596 1178 866 1232 referant
897 1178 1173 1233 Creatori.
1206 1182 1481 1249 Magnum
1522 1176 1700 1248 igitur

22 1253 374 1322 'incentivum
401 1265 758 1321 excitandas
792 1266 958 1321 nobis
990 1266 1311 1321 devotionis
1361 1265 1695 1321 amiseram.

52 1353 158 1415 Quis
175 1355 333 1410 enim
368 1370 640 1409 sensum
669 1353 930 1409 hominis
968 1370 1176 1426 gerens
1234 1370 1350 1408 non
1396 1355 1701 1409 erubescat

54 1442 149 1496 sine
173 1442 569 1515 psalmorum
614 1441 951 1498 celebritate
1003 1443 1156 1497 diem
1216 1442 1507 1509 claudere,
1565 1458 1698 1495 cum

52 1531 190 1585 etiam
222 1529 678 1586 minutissima:
710 1545 846 1585 aves
872 1528 1118 1586 solemni
1148 1529 1450 1585 devotione
1479 1533 1535 1585 et
1563 1529 1700 1583 dul-

52 1618 81 1671 ci
105 1619 364 1674 carmine
394 1622 578 1674 ortus
599 1617 833 1673 dierum
866 1633 932 1673 ac
961 1617 1224 1672 noctium
1247 1621 1696 1690 prosequantur.

93 1708 172 1763 37.
205 1708 445 1763 Redeat
476 1706 667 1779 igitur
686 1705 858 1761 nobis
887 1704 1172 1761 volaticus
1196 1722 1409 1771 sermo,
1432 1706 1529 1777 qui
1554 1721 1701 1777 pene

48 1795 204 1851 iuerat
232 1795 497 1868 elapsus
531 1811 602 1849 ex
623 1794 831 1861 oculis,
852 1798 909 1849 et
929 1793 1136 1866 aquilae
1168 1794 1340 1849 modo
1363 1793 1482 1848 alta
1498 1796 1700 1866 petens

59 1971 203 2026 abluti
268 1988 442 2044 aqua
496 1971 640 2025 dum
673 1972 745 2026 de
794 1971 1028 2043 gurgite
1073 1970 1334 2025 levamus
1364 1970 1436 2025 ad
1466 1969 1697 2037 coelum,

54 2060 319 2130 speculati
348 2074 612 2115 vacuum
645 2060 797 2114 aeris
827 2058 1116 2115 volatibus
1147 2058 1304 2130 ferri,
1333 2058 1404 2113 ad
1446 2058 1699 2113 necessi-

55 2147 388 2227 tatem.styli
407 2148 751 2219 putavimus
784 2163 913 2203 esse
952 2147 1363 2202 revocandum.
1396 2147 1569 2202 Eritis
1600 2163 1702 2202 vos

45 2236 279 2304 iudices,
313 2236 421 2307 qui
461 2235 605 2291 estis
633 2252 890 2307 aucupes
914 2235 1094 2301 verbi,
1139 2239 1340 2290 utrum
1376 2234 1701 2290 consultius

46 2324 347 2394 evolasset,
383 2340 463 2379 an
495 2322 720 2378 utiliter
747 2323 809 2378 in
857 2328 1049 2379 vestra
1088 2324 1233 2379 retia
1290 2323 1368 2378 sit
1412 2322 1699 2395 relapsus.

21 2410 137 2479 iNec
162 2429 389 2470 vereor
420 2428 498 2468 ne
527 2411 833 2467 fastidium
866 2412 1035 2468 nobis
1065 2412 1304 2483 obrepat
1334 2412 1393 2466 in
1410 2411 1703 2466 volatibus

17 2490 415 2531 μένης-...ηιμ
477 2501 628 2531 ,ηυνξ
664 2517 777 2531 κη..
813 2500 1067 2531 “tum...”
1100 2501 1153 2531 ξ..
1190 2500 1519 2531 numam“...
1579 2506 1683 2531 .4..-

42 2500 441 2573 requirendis,
476 2501 631 2572 quod
664 2517 780 2556 non
812 2500 1071 2572 obrepsit
1100 2501 1157 2555 in
1189 2500 1521 2573 gurgitibus
1579 2506 1705 2572 per-

40 2589 380 2646 scrutandis
416 2607 431 2657 ;
470 2593 573 2644 aut
601 2587 818 2661 aliquis
848 2588 1016 2645 nobis
1046 2589 1105 2643 in
1152 2588 1546 2661 disputatione
1602 2588 1706 2643 ob-

41 2678 315 2747 dormiat,
354 2693 494 2734 cum
526 2677 716 2749 possit
746 2677 940 2732 avium
985 2677 1255 2733 cantibus
1312 2677 1568 2733 excitari.
1593 2677 1704 2732 Sed

40 2767 301 2836 profecto
355 2766 459 2838 qui
516 2765 671 2821 inter
730 2770 927 2821 mutos
972 2766 1161 2838 pisces
1192 2766 1531 2838 vigilaverit,
1591 2783 1705 2820 non

42 2856 241 2911 dubito
274 2855 445 2928 quod
477 2855 631 2910 inter
661 2871 905 2910 canoras
955 2871 1088 2910 aves
1136 2871 1431 2910 sommum
1492 2854 1708 2910 sentire

46 2960 155 2997 non
186 2944 411 3015 possit,
441 2959 579 2998 cum
614 2942 717 2997 tali
751 2944 822 2997 ad
852 2942 1215 3015 vigilandum
1238 2944 1422 3016 gratia
1444 2959 1711 3016 provoce-

54 3037 165 3086 tur.
189 3032 406 3105 Neque
434 3048 570 3087 vero
599 3030 708 3086 vile
737 3035 996 3103 putatur,
1028 3033 1195 3104 quod
1214 3032 1400 3104 potuit
1431 3031 1709 3104 praeteriri

54 3135 183 3174 cum
242 3120 330 3175 sit
399 3120 575 3175 tertia
632 3135 770 3191 pars
830 3120 890 3175 in
947 3121 1353 3176 animantibus
1409 3126 1707 3176 creaturae.

54 3208 186 3263 Tria
215 3208 387 3264 enim
419 3223 637 3280 genera
684 3208 1073 3263 animantium
1104 3225 1232 3264 esse
1290 3226 1404 3265 non
1463 3210 1710 3266 dubium

1810 647 2040 717 signare
2057 646 2206 703 solet
2235 647 2346 703 diei
2380 648 2680 720 surgentis
2711 652 2998 713 exortum,
3030 655 3083 703 et
3121 648 3454 705 effusiorem

1808 735 2064 790 diluculo
2094 736 2336 791 deﬂ'erre
2364 736 2643 791 laetitiam.
2678 737 2896 792 Tamen
2928 737 2976 791 si
3009 736 3243 792 illorum
3260 737 3453 793 suavi-

1808 827 1900 878 tas
1930 824 2112 891 deest,
2148 828 2285 879 sunt
2314 830 2614 896 gementes
2642 828 2920 893 turtures,
2953 828 3009 880 et
3029 841 3216 881 raucae
3234 825 3454 880 colum-

1807 911 1916 976 bae,
1948 916 2075 966 tum
2110 912 2284 967 etiam
2317 913 2515 968 cornix
2571 912 2741 984 plena
2784 930 2922 969 voce
2951 913 3210 985 pluviam
3266 916 3453 969 vocat.

1809 998 1971 1054 Unde
2027 999 2219 1054 rurale
2275 1000 2557 1056 aviarium
2620 1018 2887 1057 sermone
2945 1018 3059 1073 quo
3116 1018 3456 1074 possumus,

1809 1087 2051 1143 scientia
2080 1105 2256 1160 quam
2288 1106 2398 1145 nos
2428 1089 2709 1145 rusticani
2763 1090 3107 1157 docuerunt,
3140 1106 3455 1161 persequa-

1809 1193 1960 1231 mur.

1807 1337 2114 1408 Exorsmus
2150 1353 2181 1390 a
2204 1337 2510 1391 volucribus
2554 1339 2823 1407 aquaticis
2870 1339 3113 1407 primum
3138 1337 3204 1392 de
3231 1338 3458 1408 alcyone

1878 1407 2116 1472 disserit,
2147 1416 2197 1461 et
2227 1416 2431 1477 quanta
2459 1410 2529 1461 sit
2567 1408 2758 1462 divina
2817 1408 3165 1476 benignitatis
3220 1410 3279 1463 in
3328 1407 3457 1463 eam

1880 1494 2033 1531 avem
2061 1493 2354 1547 exponens,
2387 1494 2484 1532 nos
2511 1479 2581 1532 ad
2610 1479 3001 1549 expectandum
3048 1496 3082 1533 α
3137 1479 3241 1533 Deo
3297 1494 3453 1549 opem

1878 1549 2146 1619 hortatur.
2183 1553 2262 1603 De
2288 1551 2479 1603 avibus
2511 1549 2770 1603 imbrium
2789 1552 2883 1603 aut
2916 1552 3196 1604 ventorum
3243 1564 3453 1619 praesa-

1878 1620 1963 1687 gis
1997 1636 2010 1686 ;
2040 1618 2209 1689 deque
2236 1619 2346 1688 ﬁda
2374 1635 2633 1674 anserum
2660 1620 2921 1674 custodia.

1878 1707 1965 1761 40.
2000 1707 2070 1760 Et
2102 1707 2375 1777 quoniam
2431 1707 2502 1762 de
2546 1706 2906 1779 aquatilibus
2939 1706 3250 1778 reptilibus
3305 1706 3453 1761 dixi-

1809 1810 1965 1861 mus,
1999 1795 2249 1849 arduum
2289 1799 2379 1850 est
2408 1799 2472 1849 ut
2502 1796 2697 1850 subito
2753 1795 2824 1849 ad
2885 1811 3019 1850 aves
3078 1794 3205 1849 caeli
3263 1809 3455 1849 sermo

1811 1987 1961 2038 mus,
1996 1988 2122 2041 qua;
2154 1970 2307 2026 circa
2337 1987 2520 2042 aquas
2552 1971 2734 2027 maris
2765 1971 3194 2043 ﬂuminumque
3222 1987 3456 2027 versan-

1811 2064 1926 2125 tur,
1960 2075 2093 2113 cum
2127 2060 2343 2130 quibus
2390 2076 2707 2131 possumus
2757 2075 3069 2132 emergere.
3128 2060 3329 2132 Itaque
3383 2060 3458 2115 ab

1810 2147 2046 2220 alcyone
2078 2163 2408 2203 sermonem
2441 2148 2797 2204 adoriamur.
2832 2149 2911 2203 Ea
2942 2152 3032 2205 est
3061 2148 3184 2204 avis
3231 2147 3455 2203 mariti-

1812 2252 1927 2302 ma,
1961 2252 2088 2306 quin
2119 2234 2179 2289 in
2211 2234 2505 2291 littoribus
2537 2236 2686 2292 fetus
2716 2254 2855 2293 suos
2882 2238 3051 2293 edere
3080 2236 3249 2303 solet,
3280 2236 3363 2291 ita
3393 2240 3460 2292 ut

1812 2324 1872 2378 in
1904 2323 2099 2378 arenis
2141 2340 2247 2378 ova
2285 2324 2539 2395 deponat
2594 2325 2784 2380 medio
2843 2326 2962 2381 fere
3016 2324 3248 2380 hiemis.
3308 2325 3457 2380 Nam

1812 2411 1870 2466 id
1902 2411 2183 2481 temporis
2229 2411 2493 2466 fovendis
2522 2411 2698 2468 habet
2749 2414 3092 2485 deputatum
3148 2414 3455 2485 partubus,

1816 2499 2049 2570 quando
2079 2500 2332 2554 maxime
2363 2499 2617 2572 insurgit
2648 2517 2828 2567 mare,
2862 2501 3272 2574 littoribusque
3286 2502 3457 2558 vehe-

1815 2589 2067 2643 mentior
2096 2588 2309 2643 ﬂuetus
2339 2587 2606 2653 illiditur,
2640 2606 2756 2661 quo
2786 2590 2977 2660 magis
3000 2591 3312 2661 repentium
3334 2589 3457 2662 pla-

1815 2677 2070 2731 ciditatis
2101 2675 2470 2731 solemnitate
2529 2676 2651 2731 avis
2707 2676 2887 2747 hujus
2940 2677 3193 2733 eluceret
3247 2676 3455 2750 gratia.

1815 2766 2079 2837 Namque
2100 2765 2199 2819 ubi
2234 2765 2527 2820 undosum
2562 2765 2734 2820 fuerit
2764 2782 2943 2833 mare,
2977 2767 3185 2838 positis
3215 2767 3338 2821 ovis
3368 2783 3462 2823 su-

1817 2853 1936 2907 bito
1988 2853 2257 2921 mitescit,
2292 2869 2496 2909 omnes
2543 2855 2761 2909 cadunt
2808 2859 3112 2910 ventorum
3169 2854 3458 2928 procellae,

1819 2942 2107 3013 ﬂatusque
2161 2958 2437 2997 aurarum
2490 2943 2820 3014 quiescunt,
2855 2960 2919 2999 ac
2951 2943 3247 3016 placidum
3272 2944 3463 3000 ventis

1819 3034 1938 3085 stat
1968 3047 2146 3096 mare,
2181 3029 2361 3085 donec
2392 3047 2495 3085 ora
2534 3031 2722 3087 foveat
2751 3031 2987 3104 alcyone
3046 3050 3170 3089 sua.
3228 3034 3463 3106 Septem

1820 3122 2015 3173 autem
2049 3118 2174 3174 dies
2228 3118 2381 3173 fotus
2438 3123 2594 3181 sunt,
2652 3120 2868 3191 quibus
2925 3122 3210 3188 decursis,
3270 3122 3470 3178 educit

1818 3205 2034 3278 pullos,
2066 3206 2338 3277 fetusque
2370 3206 2620 3262 absolvit
2654 3224 2666 3261 :
2729 3207 2883 3263 illico
2916 3208 3061 3264 alios
3092 3225 3324 3280 quoque
3384 3226 3469 3279 se.

54 3300 158 3361 est,
193 3278 531 3362 terrenum,
558 3295 813 3361 volatile,
845 3296 1116 3368 aquatile.
1150 3296 1410 3369 Denique
1439 3298 1522 3354 sic
1572 3298 1712 3353 scri-
1744 3278 1786 3344 C
1825 3300 1983 3368 ptem
2014 3295 2139 3350 dies
2171 3296 2460 3367 adjungit,
2494 3296 2709 3367 quibus
2740 3296 2992 3351 enutriat
3045 3278 3247 3368 partus
3304 3278 3464 3365 suos,

55 3389 221 3454 ptum
253 3388 355 3440 est
388 3401 401 3438 :
468 3384 776 3440 Producant
819 3385 930 3456 (l3)
960 3401 1115 3456 aquae
1155 3387 1376 3456 reptitia
1404 3388 1721 3442 animarum

59 3475 364 3529 mentium
404 3473 706 3529 secundum
741 3490 931 3541 genus,
964 3482 1015 3529 et
1042 3475 1294 3530 volatilia
1351 3476 1591 3532 volantia
1618 3477 1721 3532 96

57 3576 219 3631 super
270 3567 493 3618 terram
520 3578 674 3617 secus
703 3562 1108 3632 ﬁrmamentum
1135 3564 1259 3618 creti
1284 3565 1582 3620 secundum
1632 3582 1721 3637 ge-

66 3667 163 3704 nus
194 3652 367 3715 (Gen.
398 3667 441 3718 Ι,

127 3738 216 3794 38.
251 3739 632 3795 Revocamur
664 3739 737 3794 ad
771 3739 1074 3811 superiora
1104 3740 1257 3797 sicut
1286 3741 1551 3799 obliviosi
1606 3743 1723 3800 via-

68 3830 239 3894 tones,
271 3828 386 3899 qui
417 3844 555 3882 cum
588 3827 922 3883 inconsulto
953 3829 1356 3900 praeterierint,
1389 3830 1448 3885 in
1481 3847 1589 3886 sua
1637 3849 1723 3887 re-

68 3921 359 3972 vertentes
390 3916 637 3989 vestigia
675 3916 914 3972 incuriae
968 3933 1086 3973 suis
1144 3917 1425 3973 mulctam
1483 3920 1725 3992 repetito

74 4002 293 4061 itineris
346 4005 463 4076 (14)
490 4003 690 4060 labore
749 4004 1101 4077 suscipiunt.
1134 4007 1237 4061 Est
1294 4010 1492 4062 tamen
1549 4009 1724 4064 etiam

77 4092 253 4149 bonus
284 4092 506 4161 viator,
538 4093 639 4165 qui
671 4093 1046 4166 dispendium
1078 4095 1483 4166 regressionis,
1517 4096 1727 4168 reliqui

80 4178 300 4237 itineris
322 4182 752 4254 compendiosa
773 4180 1446 4254 celeritate,compenset,
1470 4188 1534 4239 ut
1584 4186 1726 4240 mihi

80 4266 413 4325 faciendum
445 4270 735 4326 arbitror:
761 4269 1017 4326 maxime
1046 4287 1179 4326 eum
1213 4272 1282 4327 de
1313 4272 1517 4328 avibus
1539 4290 1729 4330 sermo

34 4382 43 4417 ξ
80 4356 164 4423 sit,
204 4376 343 4431 qua:
380 4357 576 4413 solent
603 4358 806 4414 oculos
836 4359 1141 4415 hominum
1196 4358 1393 4416 volatu
1448 4379 1728 4435 propera-

84 4444 214 4501 tiore
275 4446 701 4519 perstringere.
751 4447 901 4513 Quid
934 4447 1092 4504 enim
1124 4449 1392 4505 convenit
1421 4449 1493 4505 iis
1522 4451 1731 4507 immo-

88 4533 204 4601 rari,
228 4536 295 4590 in
324 4535 554 4607 quibus
581 4534 848 4592 celeritas
881 4535 1106 4609 placere
1136 4537 1437 4593 consuevit
1467 4539 1494 4593 ?
1552 4540 1732 4596 Avius

44 4676 45 4679 η
86 4617 249 4691 igitur
276 4628 467 4695 atque
501 4622 825 4680 inusitatus
864 4625 925 4679 in
984 4624 1086 4680 tali
1137 4643 1345 4699 genere
1400 4628 1733 4700 scriptionis
1762 4641 1810 4706 D
1842 4627 1913 4682 ad
1972 4624 2289 4697 imaginem
2331 4623 2433 4678 Dei
2463 4624 3064 4698 factus,agnoscis;si
3084 4630 3279 4682 tamen
3298 4625 3491 4682 avicu-

40 4712 47 4747 τ
88 4723 265 4768 sermo
294 4715 511 4767 noster
539 4714 769 4769 canoris
801 4713 1006 4770 avibus
1037 4719 1270 4770 resonet
1327 4720 1497 4786 atque
1555 4719 1744 4775 resul-

20 4878 21 4881 η
77 4803 170 4857 tet.

0 4920 19 4989 ἱ

0 5514 13 5559 L

130 4890 229 4944 39.
264 4890 389 4946 Sed
423 4890 582 4946 unde
614 4891 757 4946 mihi
790 4906 1011 4964 cygnea
1040 4892 1321 4959 carmina,
1379 4909 1508 4965 qua;
1565 4896 1741 4953 etiam

18 4984 27 5052 ς
66 4978 176 5034 sub
240 4979 415 5052 gravi
466 4980 675 5034 mortis
723 4979 1093 5035 imminentis
1134 4985 1352 5035 terrore
1399 4981 1745 5039 delectant?

73 5068 237 5123 Unde
266 5066 426 5123 mihi
458 5065 591 5124 illos
645 5067 946 5124 naturales
976 5068 1247 5124 modulos
1295 5069 1745 5143 cantilenm,qui-

74 5156 187 5211 bus
214 5156 403 5211 etiam
436 5154 688 5228 paludes
720 5173 945 5213 sonores
976 5161 1184 5213 cantus
1208 5157 1389 5213 edunt
1417 5157 1745 5215 dulcissimi

82 5245 436 5301 suavitatem
472 5244 502 5299 ‘l
557 5244 724 5302 Unde
755 5244 904 5302 mihi
934 5262 1131 5301 vocem
1163 5246 1419 5318 psittaci,
1481 5246 1745 5305 dulcedi-

83 5348 335 5405 nemque
349 5333 719 5392 merularum
745 5339 769 5392 Ρ
797 5333 1029 5391 Utinam
1049 5334 1255 5392 saltem
1280 5335 1531 5391 luscinia
1552 5341 1742 5405 canat,

153 5502 267 5573 (13)
298 5503 438 5560 Mss.
477 5506 756 5563 undecim
788 5502 1015 5560 meliris
1046 5509 1219 5571 nota',
1253 5503 1506 5560 educant.
1558 5508 1745 5576 Supra

94 5576 278 5651 tamen
309 5592 358 5631 c.
395 5577 499 5651 tet
524 5582 584 5651 2,
617 5579 781 5635 sicut
831 5580 890 5631 et
917 5575 1088 5646 infra,
1115 5593 1166 5632 c.
1229 5592 1355 5648 seq.
1406 5575 1747 5633 constanter

166 5662 256 5713 τη.
279 5647 594 5721 producant.

166 5719 267 5800 ω)
293 5719 425 5784 Mss.
457 5725 758 5803 quinque,
791 5717 1034 5780 multum
1059 5718 1281 5801 repetiti
1308 5718 1528 5780 itineris
1580 5716 1741 5797 (duo,

1828 3383 2011 3438 donec
2041 3383 2326 3455 incipiant
2356 3382 2702 3439 adolescere.
2737 3384 2850 3438 Nec
2882 3385 3112 3439 mireris
3166 3388 3287 3440 tam
3346 3384 3465 3439 exi-

1815 3485 2013 3544 guum
2048 3470 2347 3526 nutriendi
2398 3474 2652 3543 tempus,
2712 3488 2846 3526 cum
2896 3471 3186 3528 absolutio
3244 3473 3470 3528 fetuum

1829 3564 1950 3615 tam
1983 3575 2303 3631 paucorum
2336 3559 2563 3614 dierum
2588 3561 2684 3615 sit.
2722 3561 2971 3616 Tantam
3002 3566 3196 3617 autem
3222 3562 3474 3635 gratiam

1831 3647 2168 3703 minuscula
2225 3647 2346 3703 avis
2376 3648 2656 3704 divinitus
2710 3649 3002 3705 indultam
3044 3650 3238 3718 habet,
3272 3654 3337 3705 ut
3363 3650 3474 3707 hos

1833 3737 2275 3809 quatuordecim
2307 3736 2431 3792 dies
2462 3736 2680 3792 nautici
2725 3743 3090 3811 praesumptis
3147 3738 3477 3795 serenitatis

1833 3828 1928 3882 97
1962 3826 2288 3893 observent,
2323 3842 2472 3897 quos
2504 3830 2561 3881 et
2591 3825 2928 3899 alcyonidas
2972 3832 3203 3895 vocant,
3254 3828 3472 3900 quibus

1834 3915 2028 3972 nullos
2058 3919 2253 3970 motus
2285 3914 2615 3987 procellosus
2646 3916 3013 3988 tempestatis
3042 3916 3403 3972 horrescant.

1906 4005 1994 4060 41.
2029 4006 2222 4059 Nonne
2248 4019 2338 4059 vos
2368 4004 2677 4075 passeribus
2705 4006 2881 4075 pluris
2909 4007 3033 4059 estis
3063 4006 3194 4068 (Luc
3236 4006 3340 4075 x1),
3366 4004 3422 4075 7)
3451 4004 3481 4058 ‘l

1836 4093 2120 4149 Dominus
2151 4092 2248 4147 ait.
2276 4091 2337 4146 Si
2368 4090 2547 4163 igitur
2570 4092 2691 4146 avis
2721 4092 3062 4148 minusculis
3121 4091 3479 4164 contempla-

1836 4182 2080 4238 tione'et
2119 4180 2373 4253 insurgit
2430 4195 2612 4246 mare,
2644 4183 2700 4235 et
2757 4186 2992 4252 repente
3050 4180 3481 4253 comprimitur,

1840 4277 2015 4342 atque
2045 4286 2252 4341 aspera
2292 4268 2506 4323 hiemis
2564 4267 2716 4324 inter
2743 4284 2947 4341 graves
2996 4268 3280 4341 procellas
3334 4272 3481 4324 tem-

1840 4363 2210 4432 pestatesque
2232 4361 2540 4412 ventorum
2572 4357 2817 4430 detergit
2846 4356 2975 4413 coeli
2997 4357 3217 4425 nubila,
3249 4358 3487 4413 ﬂuctus-

1842 4465 1955 4521 que
2011 4446 2306 4518 componit
2361 4445 2671 4501 elementis
2721 4445 2997 4502 omnibus
3049 4447 3243 4503 subito
3290 4447 3488 4504 infusa

1842 4535 2239 4608 tranquillitas
2269 4552 2283 4602 ;
2312 4538 2599 4606 quantum
2622 4551 2974 4607 praesumere
2989 4536 3223 4603 debeas,
3246 4535 3486 4605 ohomo,

1852 4713 1919 4769 lae
1948 4712 2121 4768 istius
2148 4711 2322 4766 ﬁdem
2356 4711 2551 4766 studio
2584 4712 2906 4769 devotionis
2936 4713 3325 4770 imiteris.llla
3344 4720 3491 4770 tem-

1851 4806 2105 4875 pestates
2128 4802 2331 4858 videns
2360 4801 2681 4873 insurgere,
2708 4802 2905 4858 smvire
2928 4807 3152 4869 ventos,
3201 4803 3354 4858 inter
3382 4802 3494 4874 hy-

1853 4891 2015 4946 berni
2047 4907 2196 4946 saeva
2224 4907 2339 4946 non
2366 4896 2692 4956 revocatur,
2748 4907 2936 4963 neque
3000 4892 3333 4957 reﬂectitur,
3389 4890 3492 4945 sed

1850 4978 2190 5050 impellitur.
2226 4978 2483 5049 Denique
2539 4979 2599 5031 in
2647 4978 2841 5034 littore
2871 4995 2979 5033 sua
3008 4995 3114 5034 ova
3170 4976 3490 5032 constituit.

1853 5067 1952 5123 ubi
1983 5084 2050 5123 ea
2078 5066 2370 5123 relabente
2404 5067 2584 5122 fluctu
2621 5067 2855 5121 madida
2880 5066 3072 5121 adhuc
3103 5081 3278 5119 arena
3307 5063 3494 5120 susei-

1853 5156 1975 5228 piat
2010 5173 2022 5211 :
2058 5172 2160 5211 nec
2190 5155 2563 5227 insurgentes
2596 5155 2811 5209 ﬂuctus
2865 5170 3011 5225 quos
3042 5154 3495 5208 immurmurare

1853 5248 2026 5316 atque
2059 5242 2232 5298 allabi
2262 5242 2439 5311 videt,
2466 5241 2823 5296 reformidat.

1922 5334 2012 5389 42.
2044 5332 2113 5386 Et
2142 5347 2212 5386 ne
2242 5334 2409 5401 putes
2450 5330 2603 5400 quod
2664 5345 2906 5384 ovorum
2961 5329 3229 5384 videatur
3286 5328 3499 5386 habere

1851 5504 2080 5586 repetito
2108 5498 2357 5586 'itinere)
2398 5498 2662 5586 laborem
2691 5499 2853 5581 'l‘res,
2921 5499 3153 5586 multum
3209 5501 3500 5586 repetitum

1853 5570 2070 5631 itineris
2102 5573 2365 5629 laborem.
2398 5570 2561 5629 Unus
2592 5571 2862 5646 denique,
2885 5572 3063 5629 multa
3091 5570 3310 5646 repetiti
3338 5572 3499 5631 itine-

1850 5648 1931 5704 ris
1958 5644 2262 5722 dispendia.
