3932 6212
489 399 611 464 239

1952 400 2019 462 S.
2062 398 2438 463 AMBROSII

3756 402 3842 465 2v

490 535 927 606 contemptum;
962 532 1235 590 continuo
1267 532 1365 588 ubi
1394 531 1667 604 deposuit
1696 548 1822 600 ova,
1849 532 2129 603 nidiﬁcat,
2161 534 2214 600 Α
2246 533 2581 589 communia
2631 533 2901 606 quedam
2953 531 3228 589 videntur
3254 531 3492 604 utrique
3525 533 3719 605 generi
3745 550 3842 592 0881

491 625 549 678 et
575 638 683 680 suo
714 625 920 694 partus
967 638 1207 694 corpore
1264 622 1437 687 fovet,
1495 637 1602 677 nec
1659 619 1833 677 saluti
1886 621 2132 693 propriae

490 709 783 767 alluvione
811 709 1024 767 littoris
1068 710 1462 783 pertimescit:
1524 709 1627 766 sed
1672 726 1879 765 secura
1930 710 2001 764 de
2030 710 2130 766 Dei

490 800 697 873 gratia,
728 799 917 857 ventis
948 816 1011 857 se
1040 799 1357 855 committit
1387 803 1443 855 et
1474 798 1769 855 ﬂuctibus.
1802 799 2014 854 Parum
2046 804 2136 854 est

488 888 618 945 hoc.
648 889 932 961 Adjungit
957 888 1203 945 totidem
1236 888 1380 945 alios
1430 888 1501 944 ad
1553 887 1934 944 nutriendum
1968 888 2131 943 dies:

492 993 595 1033 nec
624 977 978 1049 interpellari
1010 980 1097 1032 tot
1125 978 1334 1033 diebus
1364 976 1528 1032 inﬁdi
1569 976 1749 1032 maris
1804 975 2133 1047 tranquilli-

489 1068 669 1123 tatem
692 1069 945 1132 veretur,
977 1069 1284 1137 tentatque
1342 1065 1617 1121 meritum
1680 1082 1855 1120 suum
1913 1068 2134 1120 natura!

484 1153 612 1223 jam
640 1152 1007 1209 solemnitate
1037 1154 1374 1208 fundatum.
1408 1152 1513 1209 Illa
1544 1157 1774 1208 teneros
1827 1153 1978 1208 fetus
2020 1170 2135 1209 non

491 1238 754 1296 latibulis
784 1240 1077 1313 aliquibus
1111 1241 1419 1296 abscondit
1448 1246 1550 1296 aut
1578 1242 1767 1309 tectis,
1804 1257 1909 1295 nec
1942 1240 2136 1295 inclua-

498 1327 586 1384 dit
606 1329 888 1396 cavernis,
920 1329 1022 1385 sed
1056 1329 1212 1384 nudo
1244 1332 1301 1384 et
1338 1329 1547 1400 rigenti
1606 1328 1921 1384 committit
1976 1327 2132 1395 solo;

496 1432 599 1472 nec
624 1416 882 1473 defendit
910 1435 943 1471 a
970 1416 1204 1490 frigore,
1240 1418 1340 1472 sed
1372 1417 1568 1471 divino
1600 1416 1742 1483 fotu,
1778 1433 1892 1489 quo
1949 1416 2136 1489 magis

495 1507 699 1561 cetera
727 1505 1030 1577 despiciat,
1062 1505 1306 1561 tutiores
1337 1505 1457 1560 fore
1500 1505 1813 1561 existimat.
1846 1504 1988 1569 Quis
2040 1521 2139 1559 no-

494 1597 682 1650 strum
709 1593 983 1666 parvulos
1016 1610 1155 1649 suos
1187 1611 1302 1649 non
1334 1592 1700 1650 vestimentis
1730 1597 1908 1665 tegat,
1941 1593 2136 1648 tectis-

492 1698 607 1754 que
634 1682 1000 1745 abscondat?
1028 1682 1168 1748 Quis
1195 1699 1310 1738 non
1336 1681 1570 1738 claudat
1595 1698 1695 1737 eos
1735 1682 1918 1753 septis
1975 1680 2135 1736 cubi-

495 1773 763 1827 culorum
785 1770 812 1823 ‘?
834 1770 973 1835 Quis
998 1787 1113 1827 non
1135 1772 1217 1826 ita
1242 1770 1553 1844 diligenter
1572 1771 1833 1842 undique
1855 1770 2138 1826 fenestras

498 1859 786 1927 obstruat,
820 1875 891 1914 ne
923 1875 1040 1930 qua
1064 1859 1250 1931 possit
1279 1875 1422 1915 aura
1450 1858 1537 1915 vel
1564 1857 1770 1914 leviter
1792 1862 2091 1931 penetrare
2109 1857 2137 1912 ‘l

493 1947 698 2004 Merito
745 1964 892 2020 quos
922 1951 1045 2004 tam
1095 1947 1341 2004 sollicite
1401 1948 1703 2003 induimus
1733 1964 1799 2003 ac
1856 1947 2138 2016 fovemus,

496 2035 764 2093 exuimus
813 2052 912 2092 eos
969 2036 1289 2094 clementiae
1347 2036 1599 2093 ccclestis
1654 2035 1991 2091 involucro:
2053 2034 2138 2090 a1-

495 2139 676 2197 cyone
704 2140 838 2181 vero
871 2141 1021 2197 quos
1047 2126 1236 2181 nudos
1278 2126 1532 2197 projicit,
1582 2141 1683 2180 eos
1728 2124 1922 2180 divino
1969 2122 2142 2179 vestit

495 2213 862 2270 indumento.

566 2302 654 2358 43.
688 2302 806 2358 Nec
832 2318 934 2359 vos
966 2302 1290 2374 prasteribo,
1321 2302 1524 2375 mergi,
1582 2302 1798 2375 quibus
1859 2302 1930 2357 ab
1992 2300 2138 2356 assi-

498 2390 721 2453 duitate
751 2391 1051 2464 mergendi
1083 2408 1294 2447 nomen
1327 2391 1436 2446 hoc
1467 2391 1673 2460 haesit;
1706 2390 1998 2462 quomodo
2029 2406 2139 2445 sae-

495 2496 568 2552 pe
598 2483 926 2552 mergentes
957 2496 1234 2536 aurarum
1260 2479 1429 2553 signa
1448 2479 1809 2552 colligitis,et
1830 2478 2142 2550 praviden-

496 2572 586 2623 tes
615 2571 1018 2639 tempestatem
1048 2568 1332 2635 futuram,
1365 2584 1606 2640 propere
1636 2566 1827 2624 medio
1865 2565 2139 2623 revolatis

494 2673 564 2712 ex
592 2672 841 2728 (equore,
873 2660 929 2712 et
959 2657 1032 2712 ad
1065 2656 1326 2711 littorum
1360 2661 1487 2711 tuta
1516 2672 1649 2711 cum
1693 2655 1948 2711 clamore
2001 2671 2137 2710 con-

494 2744 750 2800 tenditis.
783 2745 1082 2808 Quomodo
1124 2744 1322 2809 etiam,
1381 2743 1588 2809 fulicae,
1647 2760 1775 2815 quae
1844 2742 2138 2799 maritimo

496 2831 868 2895 delectamini
899 2832 1187 2903 profundo
1219 2832 1353 2901 (15),
1386 2831 1741 2903 refugientes
1772 2848 1950 2902 quam
1994 2848 2136 2902 prae—

496 2918 800 2979 senseritis
822 2918 1277 2974 commotionem
1336 2921 1539 2987 maris,
1600 2920 1658 2974 in
1714 2921 1858 2975 vado
1912 2918 2136 2976 luditis.

496 3009 630 3079 Ipsa
650 3008 825 3072 ardea
849 3024 976 3079 quae
999 3006 1313 3079 paludibus
1338 3007 1614 3064 inhaerere
1644 3007 2138 3075 consuevit,notas

497 3095 713 3159 deserit
739 3095 928 3163 sedes,
961 3096 1295 3168 imbresque
1334 3096 1656 3153 formidans
1714 3113 1894 3168 supra
1951 3096 2137 3151 nubes

495 3184 688 3248 volat;
720 3189 787 3240 ut
838 3183 1121 3258 procellas
1181 3184 1425 3241 nubium
1485 3186 1703 3242 sentire
1757 3202 1871 3241 non
1928 3183 2133 3256 possit.

2242 622 2552 677 consortia.
2584 623 2851 678 Secunda
2897 638 3130 694 quoque
3159 621 3428 694 cognatio
3460 622 3729 679 omnibus
3759 624 3841 680 avi

2240 710 2352 766 bus
2381 714 2438 767 et
2470 710 2730 782 piscibus
2760 715 2884 778 est;
2918 727 2984 767 eo
3016 711 3171 783 quod
3199 709 3449 767 volantis
3479 727 3621 768 usus
3647 711 3842 785 specie:

2242 799 2319 855 sit
2367 799 2644 855 natantis.
2677 799 2837 855 Sicut
2866 799 3023 855 enim
3070 815 3284 870 aquam
3309 799 3563 856 natando
3593 799 3758 871 piscis
3785 801 3841 858 in

2243 887 2403 955 cidit,
2439 888 2520 943 ita
2551 888 2673 944 avis
2703 904 2896 944 aerem
2917 886 3115 943 volatu
3137 886 3309 944 celeri
3327 890 3503 943 secat.
3536 888 3842 961 Atqueutri'

2244 993 2356 1047 que
2385 977 2581 1048 generi
2613 976 2884 1033 similiter
2912 977 3111 1032 cauda
3138 976 3399 1048 suppetit
3425 975 3758 1049 alarumque
3781 993 3842 1034 re

2245 1065 2531 1137 migium;
2582 1069 2646 1120 ut
2693 1064 2883 1136 pisces
2936 1065 3009 1121 ad
3052 1064 3247 1136 priora
3284 1081 3347 1120 se
3397 1063 3506 1120 alis
3552 1065 3841 1138 subrigunt

2244 1156 2419 1223 atque
2448 1152 2518 1207 ad
2543 1151 2818 1208 ulteriora
2839 1152 3175 1224 procedant,
3204 1151 3400 1205 cauda:
3423 1166 3652 1222 quoque
3677 1151 3842 1223 guber

2246 1240 2455 1296 naculo
2500 1240 2588 1296 vel
2635 1257 2750 1312 quo
2810 1239 2990 1295 velint
3038 1257 3100 1296 se
3169 1237 3339 1295 facile
3388 1244 3738 1308 convertant,
3781 1239 3841 1295 ve

2245 1329 2466 1401 impetu
2498 1330 2752 1400 quodam
2786 1345 2816 1384 e
2846 1330 3081 1401 regione
3108 1328 3221 1383 iter
3240 1345 3415 1383 suum
3438 1327 3706 1401 dirigant.
3726 1333 3842 1384 Ave:

2246 1433 2480 1490 quoque
2509 1417 2949 1489 aerigvolatibus
2975 1416 3099 1472 suis
3127 1415 3287 1472 velut
3317 1416 3486 1488 aquis
3515 1416 3791 1485 innatant,
3810 1430 3842 1472 θτ

2247 1507 2411 1578 quasi
2434 1507 2699 1578 quietiam
2729 1507 3052 1563 extendunt
3072 1506 3332 1573 brachia,
3365 1505 3553 1561 cauda
3566 1521 3782 1578 quoque
3806 1521 3842 1562 sc

2245 1594 2331 1650 vel
2363 1596 2434 1650 ad
2468 1595 2769 1667 superiora
2798 1595 3113 1668 subrigunt
3141 1593 3228 1650 vel
3259 1593 3633 1666 adinferiora
3659 1595 3842 1650 demes

2245 1674 2410 1755 gunt'.
2449 1684 2609 1739 Unde
2661 1684 2939 1755 quoniam
2992 1682 3051 1737 in
3102 1681 3405 1738 nonnullis
3460 1681 3613 1738 idem
3657 1700 3842 1739 ususe'

2248 1772 2490 1843 Species,
2537 1772 2665 1828 ideo
2695 1773 2766 1828 de
2820 1771 2991 1843 aquis
3019 1770 3327 1843 utriusque
3356 1770 3586 1843 generis
3615 1772 3842 1828 nativitat

2249 1859 2444 1914 divina
2492 1859 2877 1932 praeceptione
2922 1860 3228 1931 processit.
3280 1859 3433 1915 Dixit
3490 1860 3643 1917 enim
3690 1865 3841 1916 Deus;

2249 1947 2560 2003 Producant
2590 1964 2751 2019 aquae
2778 1949 3005 2020 replilz'a
3033 1948 3350 2003 animarum
3374 1951 3670 2005 viventium
3695 1964 3842 2004 arma

2246 2037 2377 2091 dum
2422 2053 2630 2107 genus:
2682 2046 2732 2092 et
2784 2038 3035 2093 volatilia
3078 2053 3244 2108 super
3287 2041 3495 2093 terram
3528 2053 3671 2093 secus
3693 2037 3842 2107 ﬁrme

2247 2130 2492 2180 mentum
2539 2127 2664 2181 εαξιὶ
2714 2126 3012 2181 secundum
3056 2142 3228 2197 genus
3290 2125 3445 2199 (Gen.
3501 2143 3540 2195 ι,
3585 2126 3692 2198 20).
3751 2124 3842 2180 Nor

2247 2214 2537 2270 immerito
2597 2215 2794 2287 igitur,
2857 2214 2995 2287 quia
3050 2215 3119 2270 de
3149 2214 3320 2287 aquis
3359 2230 3548 2287 genus
3579 2218 3842 2285 utrumque

2248 2303 2608 2374 producitur,
2659 2302 2899 2358 natandi
2946 2302 3272 2375 proprietas
3313 2303 3584 2376 utrisque
3613 2300 3842 2376 suppedi-

2246 2395 2351 2446 tat.

2319 2481 2407 2535 46.
2441 2480 2591 2535 Sane
2622 2497 2756 2535 cum
2782 2483 2840 2535 et
2870 2478 3108 2541 coluber
3138 2479 3400 2536 lubricus
3427 2494 3738 2552 omnesque
3756 2493 3842 2536 ser:

2248 2573 2451 2640 pentes
2482 2567 2633 2639 (ideo
2691 2569 2850 2624 enim
2905 2568 3159 2640 serpenti
3208 2585 3422 2625 nomen
3477 2572 3564 2625 est
3611 2569 3842 2633 inditum;

2248 2657 2385 2728 quia
2417 2674 2528 2711 non
2557 2660 2805 2728 possunt
2819 2656 3145 2724 ambulare,
3176 2658 3277 2714 sed
3302 2660 3580 2731 serpere),
3612 2659 3842 2714 dracone!

2248 2761 2480 2817 quoque
2501 2744 2678 2800 simili
2705 2745 2877 2799 modo
2904 2748 2966 2799 ut
2990 2749 3179 2817 pisces
3197 2744 3465 2817 plerique
3495 2749 3618 2802 sine
3644 2744 3842 2818 pedibul

2248 2839 2422 2889 sunt:
2455 2833 2683 2888 nullum
2734 2834 2929 2889 avium
2988 2849 3173 2906 genus
3223 2834 3445 2905 pedum
3492 2834 3678 2891 officio
3705 2833 3841 2888 caret

2246 2922 2383 2993 quia
2411 2922 2687 2977 omnibus
2717 2922 2901 2977 victus
2928 2938 2959 2977 e
2987 2921 3160 2978 terris
3195 2939 3206 2977 :
3268 2927 3325 2977 et
3353 2922 3487 2979 ideo
3517 2923 3721 2996 pedum
3749 2937 3842 2976 mu.

2246 3026 2382 3066 nere
2411 3009 2909 3081 t'ulciuntur,quia
2929 3009 3269 3081 hujusmodi
3299 3010 3370 3066 ad
3405 3028 3599 3068 escam
3630 3024 3842 3083 quaeres

2245 3097 2382 3152 dam
2432 3096 2694 3169 indigent
2724 3097 3072 3154 ministerio.
3101 3097 3300 3169 Itaque
3329 3096 3461 3154 alia;
3489 3097 3741 3154 volucres
3764 3111 3842 3151 un-

2247 3185 2464 3258 guibus
2486 3188 2792 3241 armantur
2811 3185 2882 3241 ad
2906 3189 3162 3257 raptum,
3200 3190 3268 3241 ut
3287 3187 3597 3260 accipitres
3612 3184 3842 3258 etaquils

496 3274 944 3331 Consideremus
975 3274 1238 3331 divervas
1266 3274 1527 3331 volucres
1550 3273 2137 3347 maris,quemadmo-
2169 3262 2211 3328 C
2249 3292 2376 3346 quae
2407 3274 2673 3346 rapinam
2719 3273 3044 3329 venationis
3085 3278 3391 3330 exercent:
3429 3275 3555 3331 alias
3581 3273 3663 3331 vel
3691 3273 3755 3331 ad
3780 3273 3842 3327 in.

498 3364 641 3420 dum
663 3363 1010 3420 imminente
1038 3366 1343 3419 ventorum
1377 3367 1537 3418 motu
1570 3364 1641 3419 ad
1675 3363 1889 3418 tutiora
1917 3366 1970 3418 et
2003 3365 2143 3417 tunc
2250 3364 2574 3419 cedendum
2604 3361 2690 3418 vel
2722 3364 2794 3419 ad
2827 3362 3024 3417 cibum
3054 3363 3163 3418 sibi
3198 3365 3529 3435 parandum
3579 3381 3686 3420 usu
3715 3359 3842 3417 mini-

498 3451 781 3523 temporis
811 3451 1075 3508 dulciora
1105 3450 1214 3509 sibi
1245 3456 1454 3525 stagna
1501 3452 1825 3519 conferant,
1876 3456 2051 3523 atque
2079 3451 2139 3505 in

504 3540 844 3601 abscondito
876 3545 1166 3597 terrarum
1194 3541 1327 3596 sinu
1357 3540 1591 3613 cognita
1620 3540 1733 3596 sibi
1762 3538 2042 3595 alimenta
2068 3539 2141 3594 ri-

498 3632 757 3689 meatur.

567 3718 653 3773 44.
689 3716 1017 3774 Nocturnas
1043 3723 1240 3773 autem
1272 3734 1547 3774 anserum
1580 3716 1713 3789 quis
1743 3734 1859 3773 non
1892 3717 2139 3772 miretur

494 3803 894 3878 excubias,qui
920 3805 1149 3878 vigilias
1177 3823 1315 3861 suas
1347 3806 1522 3861 etiam
1554 3810 1761 3862 cantus
1792 3805 2136 3862 assiduitate

492 3894 831 3957 testantur?
870 3894 1131 3965 Denique
1160 3910 1225 3950 eo
1258 3895 1434 3950 etiam
1467 3894 1731 3950 Romana
1786 3893 2073 3966 Capitolia
2102 3911 2136 3949 a

491 3982 654 4045 Gallo
680 3983 846 4039 hoste
876 3987 1199 4039 servarunt.
1263 3982 1465 4040 Merito
1521 3983 1636 4039 illis
1695 3983 1893 4051 debes,
1927 3983 2131 4051 Roma,

490 4072 645 4144 quod
678 4064 907 4144 regnas.
964 4072 1049 4127 Dii
1096 4072 1183 4127 tui
1243 4072 1632 4138 dormiebant,
1692 4076 1749 4127 et
1812 4070 2134 4143 vigilabant

489 4176 744 4218 anseres.
769 4161 900 4218 Ideo
931 4159 1046 4218 illis
1074 4161 1281 4217 diebus
1311 4162 1412 4217 98
1442 4162 1633 4217 anseri
1666 4160 1978 4235 sacrificas,
2012 4177 2129 4217 non

485 4250 631 4308 Jovi.
665 4251 889 4307 Cedunt
916 4250 1073 4307 enim
1104 4251 1184 4306 dii
1236 4250 1413 4307 vestri
1472 4251 1804 4317 anseribus,
1836 4266 1870 4304 a
1913 4249 2129 4320 quibus

418 4342 423 4345 ’
486 4354 549 4394 se
580 4337 775 4394 sciunt
801 4356 930 4395 esse
956 4339 1246 4406 defensos,
1279 4355 1352 4394 ne
1382 4342 1439 4394 ct
1485 4337 1595 4410 ipsi
1627 4338 1700 4393 ab
1757 4338 1923 4393 hoste
1954 4355 2127 4410 cape-

486 4430 705 4482 rentur.

1108 4533 1341 4587 CAPUT
1381 4531 1517 4587 XlV.

2249 3451 2542 3524 sterioque
2571 3455 2816 3506 utuntur
2842 3451 3237 3507 accommodo.

2318 3540 2410 3596 47.
2461 3539 2653 3595 Unum
2684 3543 2881 3595 autem
2928 3555 3141 3595 nomen
3170 3538 3386 3609 avium,
3424 3541 3526 3597 sed
3564 3555 3757 3613 genera
3780 3534 3842 3591 di4

2246 3645 2458 3696 versa;
2492 3645 2621 3701 quae
2668 3628 2801 3700 quis
2849 3627 3035 3699 possit
3088 3627 3370 3683 memoria
3422 3633 3525 3685 aut
3562 3626 3842 3702 cognitione

2245 3717 2734 3790 comprehendere
2754 3717 2782 3771 ?
2811 3717 2962 3773 Sunt
3011 3716 3206 3789 itaque
3251 3732 3388 3772 aves
3440 3734 3566 3789 qum
3597 3732 3751 3773 carne
3774 3727 3842 3767 ve-

2244 3811 2508 3864 scuntur.
2545 3807 2676 3863 Ideo
2732 3805 2826 3862 his
2858 3822 3085 3879 ungues
3132 3805 3344 3878 asperi,
3371 3811 3674 3862 curvatum
3701 3808 3841 3874 atque

2244 3900 2481 3952 acutum
2516 3912 2602 3963 os,
2635 3895 2800 3951 velox
2827 3893 3088 3962 volatus;
3123 3893 3406 3966 quoniam
3451 3900 3614 3968 raptu
3643 3892 3837 3954 vivunt;

2242 3984 2544 4058 utpossint
2566 3983 2730 4039 facile
2747 3984 3033 4056 corripere
3050 3983 3303 4055 praedam
3327 3999 3510 4055 quam
3536 3984 3835 4056 sequuntur,

2239 4091 2482 4147 propere
2503 4073 2589 4129 vel
2611 4090 2709 4129 ore
2729 4071 2815 4128 vel
2842 4071 3139 4145 unguibus
3159 4071 3504 4130 eviscerare.
3526 4074 3669 4129 Sunt
3694 4068 3835 4126 etiam

2240 4181 2394 4231 aves,
2429 4180 2553 4234 quae
2585 4165 2812 4234 reperto
2844 4164 3169 4233 pascuntur
3198 4161 3424 4217 semine
3451 4179 3463 4217 :
3500 4160 3619 4216 aliae
3647 4158 3841 4213 diverso

2237 4256 2293 4309 et
2324 4251 2559 4307 fortuito
2612 4250 2760 4305 cibo.
2811 4251 2913 4305 Est
2957 4250 3136 4304 etiam
3175 4248 3483 4305 diversitas
3512 4246 3830 4320 copularum,

2237 4357 2488 4413 quarum
2519 4339 2706 4411 gratia
2736 4341 2934 4395 carent
2963 4338 2979 4410 (
2997 4338 3099 4409 l6),
3132 4354 3259 4410 quae
3288 4337 3605 4394 intendunt
3630 4329 3831 4406 rapinis.

2235 4430 2380 4484 Nam
2413 4433 2647 4501 propter
2677 4426 3011 4483 aviditatem
3042 4427 3361 4499 praedandi,
3408 4426 3499 4483 vel
3527 4427 3743 4499 propter
3765 4419 3835 4473 in-

2235 4517 2415 4574 sidias
2437 4516 2794 4590 explorandi,
2818 4517 2919 4572 99
2967 4531 3073 4571 nec
3102 4516 3250 4588 ipsis
3279 4516 3434 4572 inter
3477 4532 3539 4572 se
3566 4508 3832 4572 convenit;

484 4627 779 4703 Aves
797 4620 1036 4689 piscibus
1062 4622 1397 4703 ⁷ιιηαιῑξριὶρὶ
1451 4621 1767 4703 cognatione
1820 4622 2080 4703 conjungi
2102 4640 2122 4676 :
2158 4621 2200 4685 D
2232 4610 2291 4703 ﬁt
2320 4606 2448 4661 ideo
2479 4605 2772 4703 (legium?
2800 4605 2893 4703 διξί
2925 4602 3215 4703 009111“?-
3238 4604 3482 4703 .Re_fu8lt
3508 4593 3835 4703 fmina“???

544 4690 733 4745 nullas
760 4699 948 4745 tamen
973 4690 1173 4761 pedum
1202 4690 1379 4762 ofﬁcio
1407 4707 1608 4746 carere.
1644 4692 1716 4747 De
1746 4690 1925 4748 variz's'
1946 4690 2124 4748 varia-

552 4777 680 4816 rum
710 4763 897 4817 avium
915 4762 1202 4833 generibus
1231 4779 1295 4817 ac
1322 4762 1665 4834 di/fercntiis.

549 4866 897 4923 45.Pulchre
925 4870 1120 4923 autem
1153 4871 1285 4939 post
1331 4868 1783 4940 descriptionem
1843 4868 2115 4941 piscium,

477 4957 550 5014 de
579 4957 653 5013 iis
684 4956 890 5013 avibus
920 4973 1047 5029 quae
1072 4961 1317 5013 assueta:
1348 4961 1486 5013 sunt
1515 4961 1705 5029 aquis,
1739 4974 1929 5012 sermo
1983 4975 2116 5014 suc-

475 5046 684 5103 cessit:
718 5046 858 5118 quia
886 5050 946 5102 et
974 5046 1111 5118 ipsae
1142 5045 1411 5103 similiter
1440 5063 1551 5102 usu
1580 5045 1823 5102 natandi
1872 5050 1930 5102 et
1984 5064 2115 5102 mu-

471 5151 608 5191 nere
663 5134 1047 5191 delectantur.
1109 5134 1271 5190 Unde
1332 5135 1520 5205 prima
1571 5136 1837 5207 cognatio
1888 5136 2117 5191 videtur

471 5223 676 5279 avibus
705 5224 836 5279 istis
867 5240 995 5279 esse
1027 5240 1158 5279 cum
1192 5223 1487 5295 piscibus:
1532 5223 1811 5295 quoniam
1874 5224 2112 5279 natandi

542 5339 656 5408 (15)
688 5339 771 5392 Ita
799 5339 939 5394 edit.
972 5340 1101 5393 Era.
1135 5344 1192 5394 et
1222 5355 1346 5411 seq.
1380 5355 1513 5411 cum
1548 5341 1748 5411 paucis
1779 5355 1923 5395 mss.
1958 5340 2106 5396 Edit.

470 5414 661 5481 autem
695 5411 822 5463 Am.
849 5415 907 5465 et
936 5426 1080 5465 mss.
1115 5410 1284 5464 multi
1317 5410 1590 5481 bonique,
1647 5425 1772 5481 qua
1828 5413 2109 5481 maritimo

470 5428 661 5464 autem
695 5428 822 5463 am.
849 5428 907 5465 et
936 5428 1080 5465 mss.
1115 5428 1284 5464 mum
1317 5428 1451 5465 nom
1501 5428 1590 5478 ue,
1647 5428 1772 5481 qua:
1828 5428 2105 5468 maritimo

467 5478 804 5559 delectantur
828 5481 1121 5559 profundo.
1152 5481 1372 5559 Verum
1402 5428 1652 5559 sif‘lecti‘o
1683 5480 1804 5536 haec
1849 5480 2105 5559 placeat,

468 5550 845 5623 scribendum
878 5550 987 5606 erit
1018 5568 1120 5623 per
1152 5551 1546 5623 parenthesim
1605 5550 1890 5623 (quomodo
1940 5554 2109 5609 etiam

465 5619 675 5689 fulicae,
697 5636 834 5695 quae
862 5619 1508 5695 (nariiimo‘delectantur
1531 5619 1828 5695 prafuado)
1874 5628 1930 5695 et
1977 5642 2104 5695 quae

462 5692 786 5771 sequentur
814 5691 886 5753 ad
909 5708 1140 5771 mergos
1168 5691 1488 5751 referenda.
1530 5691 1671 5753 Mss.
1703 5694 1819 5752 duo
1877 5691 2100 5769 legunt,

2229 4694 2313 4751 tia
2332 4694 2691 4750 consortium
2716 4693 3129 4766 plurimorum.
3156 4693 3370 4750 Deinde
3391 4689 3711 4765 conjunctio
3731 4683 3833 4758 plw

2230 4783 2514 4839 rimorum
2558 4782 2726 4837 facile
2776 4783 2903 4855 ipsa
2950 4798 3013 4838 se
3043 4783 3335 4854 proderet.
3370 4782 3473 4838 His
3503 4795 3633 4853 ergo
3660 4773 3831 4832 avibus

2229 4870 2382 4927 nihil
2405 4872 2495 4927 est
2523 4869 2951 4942 copulatorium
3002 4874 3212 4943 praeter
3255 4870 3462 4944 jugale
3492 4864 3826 4926 consortium.

2226 4961 2376 5033 Ergo
2406 4958 2621 5031 aquilis
2646 4958 3138 5032 accipitribusque
3156 4958 3252 5015 hic
3272 4976 3417 5016 usus
3439 4963 3526 5015 est
3540 4957 3678 5012 vitae.
3708 4951 3825 5007 Con-

2225 5053 2316 5104 tra
2334 5065 2467 5103 vero
2497 5048 2823 5120 palumbes,
2856 5065 3051 5121 grues,
3076 5049 3287 5114 sturni,
3318 5049 3643 5119 corviatque
3670 5036 3828 5098 corni-

2224 5154 2340 5204 ces,
2372 5136 2546 5192 etiam
2580 5137 2736 5192 turdi
2785 5138 3042 5209 gaudent
3072 5137 3462 5210 plurimorum
3494 5131 3824 5193 connexione.

2295 5228 2381 5282 48.
2409 5226 2536 5282 Alia
2566 5243 2800 5299 quoque
2829 5226 3024 5282 avium
3057 5243 3272 5300 genera
3290 5226 3568 5284 enchoria
3594 5221 3696 5295 (l7)
3720 5228 3824 5289 ψιεε

2218 5344 2502 5398 maritimo
2531 5342 2809 5398 delectatae
2835 5342 3135 5414 profundo.
3533 5411 3545 5414 _
3668 5405 3701 5414 _
3767 5400 3775 5410 .

2292 5414 2405 5485 (16)
2437 5414 2694 5485 Ιὶειίῐηεε.
2756 5405 3050 5485 undecim,
3086 5419 3143 5469 et
3185 5413 3349 5477 edit.,
3382 5411 3639 5485 quaedem
3668 5405 3820 5485 Paris.

2218 5483 2454 5558 Aliquot
2486 5484 2582 5539 alii
2615 5501 2759 5541 mss.
2784 5490 2840 5558 et
2862 5484 3095 5558 reliquae
3121 5485 3282 5558 edit.,
3303 5487 3502 5558 carent
3529 5484 3673 5551 fere,
3702 5484 3819 5547 qum?-

2217 5554 2374 5610 om.
2407 5564 2594 5611 carent
2622 5558 2758 5626 fere.
2791 5556 2955 5624 Rem,
2986 5554 3172 5613 carent
3197 5554 3391 5626 facile,
3425 5559 3533 5626 etc.

2287 5612 2725 5757 (Bitggzchoria,
2785 5612 2996 5687 Greece
3024 5612 3265 5705 rmép'ta,
3297 5612 3437 5684 ανὲε
3490 5620 3755 5696 indigem”
3779 5612 3823 5667 et

2215 5713 2525 5758 τιοβιιδαιθθ.
