3932 6212
63 329 143 398 Il
1354 335 1891 406 HEXAEMERON
1935 338 2084 406 LIB.
2128 340 2202 406 ν.

68 473 262 526 ment
289 469 354 526 in
392 469 571 530 locis
605 487 880 546 semper;
924 470 1039 530 alia
1085 471 1399 530 adventitia
1447 492 1574 546 quae
1616 476 1716 529 ob-
1749 481 1802 542 Α
1901 479 1989 532 51.
2025 478 2188 533 Hunc
2210 480 2384 534 etiam
2411 475 2672 537 volantes
2705 479 2969 539 ordinem
3001 484 3256 550 servant,
3287 485 3342 538 et
3363 479 3472 538 hac

16 625 24 636 _
65 565 171 617 eunt
197 560 494 632 regiones
553 562 739 627 alias,
788 567 845 618 et
894 567 1123 636 peracta
1172 563 1363 618 hieme
1414 571 1717 618 revertun-

68 654 161 716 tur;
191 655 328 704 sunt
364 649 502 705 alia.
554 669 696 722 qua:
750 651 939 706 hieme
987 653 1253 718 redeunt,
1309 657 1506 706 aestate
1558 668 1719 722 pere—

69 739 350 811 grinantur
381 755 422 793 a
456 741 681 801 nobis;
719 739 838 794 sive
869 740 1021 811 quod
1051 739 1164 793 alia
1209 739 1418 794 hiemis
1463 744 1720 810 tempore

74 829 124 882 ad
147 826 434 882 calidiora
463 844 536 882 se
554 829 889 894 conferant;
913 829 1030 884 sive
1049 829 1202 899 quod
1222 828 1498 898 pleraque
1513 845 1720 882 rursus

76 921 300 971 astatem
337 917 404 970 in
441 916 528 971 iis
562 916 714 971 locis
744 916 994 988 exigant,
1029 933 1154 986 quae
1189 917 1510 970 amorniora
1550 933 1721 970 nove-

77 1009 202 1060 runt.
232 1004 430 1058 Turdi
465 1006 736 1076 denique
766 1004 1034 1060 autumni
1055 1005 1188 1068 fine,
1213 1005 1425 1059 hiemis
1446 1005 1720 1069 conﬁnio,

76 1095 216 1165 quasi
247 1099 470 1148 exacta
503 1099 710 1148 mstate
739 1109 798 1148 se
831 1094 1107 1148 referunt.
1141 1094 1365 1158 Quibus
1406 1110 1510 1147 nos
1555 1093 1721 1147 inho-

25 1232 33 1242 .
77 1182 247 1254 spitali
279 1181 680 1236 immanitate
712 1181 990 1236 molimur
1018 1181 1287 1251 insidias,
1311 1187 1367 1235 et
1389 1181 1615 1236 diverso
1631 1198 1720 1252 ge-

79 1288 189 1327 nere
230 1287 399 1325 nunc
458 1270 652 1325 inﬁda
693 1271 831 1325 sede
870 1271 1155 1342 decipere,
1208 1287 1362 1324 nunc
1410 1271 1566 1324 visco
1624 1287 1724 1324 eos

74 1359 266 1425 fallere,
301 1376 476 1414 nunc
510 1359 985 1430 laqueiscaptare
1016 1359 1447 1413 contendimus.
1478 1358 1721 1414 Ciconiaa

74 1450 275 1504 reditus
304 1447 606 1503 vexillum
638 1447 789 1502 veris
818 1446 1050 1502 attollit.
1084 1447 1269 1503 Grues
1300 1447 1436 1518 quia
1465 1447 1582 1501 alta
1621 1464 1723 1518 pe-

69 1543 203 1602 tunt,
235 1542 459 1591 amant
479 1537 822 1608 frequenter
846 1536 1224 1608 peregrinari.

125 1627 209 1679 49.
246 1625 396 1680 Alia:
432 1641 574 1680 aves
606 1625 678 1679 ad
701 1641 939 1679 manum
966 1641 1027 1679 se
1058 1624 1398 1694 subjiciunt,
1430 1630 1486 1680 et
1511 1641 1724 1679 mensae

63 1713 226 1770 herili
260 1718 651 1779 assuescant,
684 1718 957 1784 tactuque
989 1713 1350 1778 mulcentur;
1374 1713 1499 1768 alia?
1533 1713 1727 1768 formi-

5 1819 16 1872 ε
62 1803 225 1868 dant;
264 1802 400 1856 alia:
445 1801 660 1856 iisdem
711 1801 926 1871 quibus
972 1801 1240 1856 homines
1289 1801 1601 1856 domiciliis
1631 1802 1725 1856 de-

2 1873 6 1884 ,
59 1890 388 1957 lectantur;
429 1888 557 1944 aliae
591 1895 869 1944 secretam
902 1888 962 1943 in
994 1889 1240 1944 desertis
1265 1889 1441 1944 vitam
1467 1889 1722 1961 diligunt

57 1995 172 2051 qua
195 1977 559 2051 requirendi
590 1978 704 2032 sibi
743 1977 930 2032 victus
972 1977 1379 2032 diflicultatem
1439 1977 1724 2032 libertatis

61 2084 256 2122 amore
294 2071 712 2138 compensant.
744 2065 880 2120 Aliae
909 2066 1150 2121 vocibus
1166 2071 1394 2120 tantum
1422 2070 1721 2137 strepunt;

65 2155 180 2210 alia
215 2171 448 2210 canoro
481 2153 772 2208 delectant
801 2155 1084 2226 suavique
1115 2153 1530 2209 modulamine.
1565 2155 1724 2217 Quaa-

0 2262 4 2308 ς
61 2245 190 2299 dam
237 2261 313 2299 ex
343 2247 584 2308 natura,
649 2242 775 2296 aliae
823 2260 892 2297 ex
943 2243 1312 2297 institutione
1360 2243 1723 2298 diversarum

0 2305 15 2390 l
59 2347 267 2388 meum
304 2331 714 2403 obloquuntur
733 2331 1102 2387 discrimina:
1135 2336 1202 2385 ut
1231 2331 1530 2386 hominem
1553 2340 1723 2402 putes

12 2411 32 2490 ἠ
75 2418 355 2485 locutum,
389 2436 529 2475 cum
561 2419 756 2474 locuta
786 2419 862 2475 sit
889 2419 1031 2474 avis.
1066 2421 1251 2485 Quam
1285 2418 1474 2474 dulcis
1519 2435 1715 2474 meru-

83 2506 286 2573 larum,
319 2524 501 2579 quam
533 2523 808 2578 expressa
839 2525 945 2562 vox
974 2508 1206 2579 psittaci
1239 2508 1354 2561 est!
1389 2508 1537 2562 Sunt
1551 2508 1724 2562 etiam

86 2595 196 2649 alia:
227 2595 560 2667 simplices,
591 2603 656 2649 ut
688 2594 1003 2660 columbae;
1039 2595 1163 2650 aliae
1192 2601 1415 2663 astulae,
1444 2600 1508 2650 ut
1539 2596 1728 2666 perdi-

88 2698 199 2749 ces;
233 2683 433 2755 gallus
446 2682 791 2753 jactantior,
815 2700 996 2753 pavus
1019 2683 1353 2754 speciosior.
1388 2683 1724 2739 Suntetiam

89 2772 205 2826 vita
255 2773 318 2826 in
369 2771 579 2826 avibus
626 2776 684 2825 et
741 2788 981 2843 operum
1030 2772 1423 2839 diversitates;
1471 2777 1535 2825 ut
1600 2771 1724 2826 alia:

59 2867 268 2914 ament
283 2861 342 2914 in
355 2876 676 2915 commune
690 2859 1012 2926 consulere,
1031 2865 1087 2914 et
1100 2859 1324 2914 collatis
1335 2861 1558 2914 viribus
1572 2861 1727 2914 velut

91 2949 402 3018 quamdam
433 2964 643 3003 curare
661 2947 1104 3019 rempublicam,
1127 2953 1184 3002 et
1203 2953 1483 3019 tanquam
1516 2948 1624 3002 sub
1644 2965 1730 3002 re-

83 3037 342 3106 gevivere
368 3035 527 3090 :aliae
547 3035 661 3091 sibi
680 3052 936 3106 quaquae
952 3035 1623 3108 prospicere,imperium
1640 3052 1725 3090 re-

84 3139 300 3191 cusare,
317 3131 395 3190 et,
416 3124 810 3197 sicapiantur,
835 3124 1074 3196 indigno
1095 3124 1274 3179 velint
1286 3125 1441 3179 exire
1470 3125 1723 3180 servitio.

709 3239 937 3294 CAPUT
974 3238 1071 3292 XV

84 3326 152 3382 De
177 3329 428 3397 gruibus,
461 3332 628 3398 atque
646 3343 837 3380 earum
868 3328 1159 3394 vigilantia
1188 3329 1244 3380 in
1302 3326 1580 3391 custodiis,
1627 3343 1723 3381 nec

151 3415 256 3452 non
288 3399 350 3454 de
381 3398 575 3453 ordine
604 3398 671 3451 ab
703 3397 894 3452 iisdem
935 3400 1078 3453 inter
1130 3398 1431 3452 colendum
1487 3402 1720 3452 servato.

25 2807 50 2872 Κ

151 3471 211 3524 Et
239 3471 342 3524 hac
367 3470 652 3550 occasione
678 3468 742 3522 de
766 3471 968 3550 prisca?
995 3470 1311 3540 reipublicae
1329 3473 1496 3536 statu,
1529 3469 1721 3522 huma-

148 3555 346 3612 naeque
376 3556 612 3594 incuria
639 3556 838 3594 causis.

146 3656 235 3710 50.
267 3656 355 3709 Ab
387 3654 461 3708 iis
488 3654 674 3725 igitur
702 3653 1024 3719 ordiamur,
1055 3669 1181 3724 quae
1233 3657 1432 3708 nostro
1484 3653 1617 3708 usui
1663 3668 1724 3707 se

26 3769 28 3780 ι
92 3740 468 3798 imitationem
501 3741 808 3796 dederunt.
841 3741 902 3796 In
926 3740 1043 3796 illis
1067 3745 1220 3797 enim
1244 3741 1444 3814 politia
1460 3742 1725 3813 quedam

92 3834 136 3882 et
159 3831 378 3885 militia
405 3829 714 3897 naturalis,
751 3829 808 3883 in
841 3829 1010 3884 nobis
1041 3834 1237 3885 coacta
1265 3834 1438 3901 atque
1479 3828 1723 3884 servilis.

86 3916 257 3981 Quam
285 3919 521 3988 injusso
548 3922 606 3972 et
637 3917 964 3973 voluntario
995 3935 1108 3973 usu
1140 3934 1315 3989 grues
1345 3918 1406 3972 in
1428 3921 1594 3972 nocte
1616 3916 1729 3972 sol-

81 4006 298 4062 licitam
329 4011 601 4062 exercent
631 4007 954 4061 custodiam
979 4007 992 4060 !
1027 4006 1348 4078 Dispositos
1375 4006 1579 4077 vigiles
1610 4021 1728 4060 cer-

78 4111 210 4160 nas;
262 4100 322 4150 et
364 4094 593 4149 caeteris
651 4094 1025 4149 consortibus
1069 4094 1528 4165 quiescentibus,
1599 4092 1728 4148 aliae

78 4183 452 4238 circumeunt
480 4187 537 4238 et
567 4181 889 4253 explorant,
922 4199 993 4237 ne
1025 4200 1142 4254 qua
1173 4198 1241 4236 ex
1290 4187 1453 4252 parte
1503 4181 1728 4236 insidia

83 4271 428 4335 tendantur,
465 4274 639 4340 atque
671 4287 905 4325 omnem
936 4271 1204 4326 deferunt
1236 4269 1484 4342 impigro
1516 4269 1607 4325 sui
1653 4269 1732 4324 vi-

0 4365 2 4376 ’
81 4375 218 4430 gere
248 4358 522 4414 tutelam.
560 4357 695 4413 Post
745 4358 844 4412 ubi
891 4357 1223 4429 vigiliarum
1277 4359 1450 4412 fuerit
1497 4364 1732 4429 tempus

82 4445 420 4518 impletum,
453 4447 759 4517 perfuncta
774 4463 1012 4501 munere
1034 4446 1092 4500 in
1110 4463 1384 4501 somnum
1398 4463 1460 4501 se
1473 4447 1731 4518 praemis-

1754 1843 1801 1907 B

1831 567 2230 622 moderatione
2261 585 2492 624 omnem
2527 569 2782 627 laborem
2810 571 3087 636 allevant;
3123 576 3182 627 ut
3203 571 3474 644 pervices

1831 655 2149 726 fungantur
2179 658 2390 712 ductus
2423 660 2511 714 sui
2547 677 2808 716 munere.
2841 662 3120 716 Pra‘cedit
3152 662 3306 716 enim
3355 676 3474 716 una

1829 749 2066 800 caeteras
2095 747 2415 816 priestituto
2450 748 2559 802 sibi
2587 756 2868 820 tempore,
2896 756 2952 805 et
2971 750 3141 822 quasi
3160 755 3291 805 ante
3305 749 3474 821 signa

1830 835 2130 903 praecurrit
2179 836 2325 904 (18':
2376 837 2584 890 deinde
2634 837 3008 902 convertitur,
3082 843 3136 892 et
3205 838 3472 909 sequenti

1830 927 2047 976 sortem
2080 923 2330 976 ducendi
2363 925 2616 994 agminis
2645 927 2817 980 cedit.
2847 927 2994 991 Quid
3013 927 3122 980 hoc
3146 927 3469 997 pulchrius,

1829 1013 1887 1062 et
1919 1008 2174 1064 laborem
2209 1012 2482 1066 omnibus
2513 1018 2568 1066 et
2601 1012 2882 1068 honorem
2917 1031 3042 1069 esse
3074 1031 3470 1078 communem,

1831 1113 1934 1151 nec
1950 1099 2151 1168 paucis
2173 1100 2429 1169 arrogari
2446 1102 2784 1171 potentiam,
2801 1102 2900 1156 sed
2921 1103 3247 1173 quadamin
3270 1117 3473 1159 omnes

1829 1184 2158 1240 voluntaria
2180 1192 2334 1242 sorte
2361 1189 2713 1243 transcribi?

1900 1275 1989 1328 52.
2023 1276 2293 1346 Antiquis
2322 1276 2430 1331 hoc
2464 1278 2791 1348 reipublicae
2824 1295 3063 1344 munus,
3098 1284 3156 1334 et
3186 1279 3375 1334 instar
3403 1279 3468 1333 li-

1832 1363 1978 1417 hera:
2011 1362 2257 1416 civitatis
2289 1369 2395 1418 est.
2429 1366 2522 1419 Sic
2549 1367 2619 1419 ab
2651 1366 2815 1420 initio
2847 1371 3143 1438 acceptam
3174 1385 3210 1422 a
3258 1372 3468 1423 natura

1831 1450 2094 1521 exemplo
2126 1452 2318 1506 avium
2352 1453 2611 1522 politiam
2654 1453 2920 1509 homines
2971 1471 3235 1510 exercere
3283 1471 3471 1526 coepe-

1833 1544 1970 1594 runt
1989 1551 2000 1608 ί
2020 1540 2096 1606 19)
2117 1541 2549 1614 ;utcommqnis
2564 1547 2714 1596 esset
2739 1542 3470 1612 labor,communisdigni-

1831 1633 1944 1689 tas.
1977 1645 2079 1699 per
2105 1629 2257 1682 vices
2285 1628 2502 1701 singuli
2534 1630 2736 1701 partiri
2770 1648 2942 1685 curas
2972 1631 3282 1696 discerent,
3305 1632 3470 1687 obse-

1833 1717 1972 1787 quia
2001 1718 2363 1788 imperiaque
2409 1717 2748 1786 dividerent,
2800 1735 2971 1773 nemo
3029 1725 3184 1775 esset
3232 1719 3471 1775 honoris

1832 1821 2058 1872 exsors,
2084 1806 2282 1861 nullus
2314 1807 2598 1861 immunis
2629 1807 2866 1862 laboris.
2901 1807 3001 1861 Hic
3034 1813 3159 1862 erat
3198 1807 3474 1879 pulcher-

1834 1895 2021 1948 rimus
2078 1911 2269 1949 rerum
2320 1900 2531 1959 status,
2582 1912 2686 1949 nec
2727 1895 3115 1950 insolescebat
3159 1895 3473 1967 quisquam

1832 1988 2113 2055 perpetua
2127 1987 2573 2054 postestate,nec
2587 1983 2866 2038 diuturno
2894 1983 3127 2038 servitio
3167 1985 3475 2056 frangeba-

1832 2076 1930 2126 tur
1946 2072 2081 2142 quia
2095 2077 2150 2126 et
2164 2071 2287 2126 sine
2302 2071 2517 2126 invidia
2533 2077 2658 2127 erat
2671 2073 2873 2127 ordine
2888 2074 3148 2127 muneris
3166 2078 3222 2126 et
3250 2076 3471 2144 tempo-

1835 2160 1914 2214 ris
1933 2160 2329 2214 moderatione
2347 2159 2538 2214 delata
2552 2160 2838 2232 promotio
2857 2165 2930 2220 :et
2947 2159 3303 2216 tolerabilior
3314 2161 3473 2216 vide-

1832 2249 2007 2304 batur
2037 2265 2160 2319 quze
2189 2250 2483 2304 communi
2525 2249 2765 2304 cadebat
2822 2255 2975 2304 sorte
3028 2249 3293 2306 custodia
3337 2251 3470 2319 (20).

1834 2336 2016 2391 Nemo
2046 2336 2296 2390 audebat
2329 2336 2507 2391 alium
2543 2337 2776 2392 servitio
2819 2353 3104 2408 premere,
3150 2339 3320 2408 cujus
3360 2337 3473 2392 sibi

1836 2425 2163 2478 successuri
2214 2423 2270 2477 in
2320 2424 2598 2479 honorem
2671 2429 2874 2480 mutua
2921 2425 3108 2480 forent
3167 2425 3473 2481 subeunda

1835 2512 2102 2567 fastidia:
2139 2512 2355 2566 nemini
2388 2511 2552 2566 labor
2581 2513 2791 2583 gravis,
2824 2529 2996 2584 quem
3030 2513 3286 2585 dignitas
3314 2529 3476 2569 secu-

1834 2604 1966 2656 tura
2015 2599 2313 2655 relevaret.
2365 2600 2474 2654 Sed
2529 2606 2842 2671 postquam
2888 2601 3232 2655 dominandi
3290 2600 3472 2656 libido

1833 2689 2128 2743 vindicare
2161 2689 2331 2759 coepit
2364 2688 2674 2756 indebitas,
2709 2693 2766 2744 et
2792 2687 3060 2760 indeptae
3104 2687 3257 2744 nolle
3296 2688 3472 2760 depo-

1835 2793 1972 2831 nere
2000 2781 2346 2848 potestates;
2381 2782 2725 2848 poteaquam
2761 2775 2983 2831 militias
3012 2792 3127 2830 non
3160 2777 3263 2846 jus
3313 2791 3470 2830 eom-

1835 2853 2013 2919 mune
2045 2865 2219 2934 coepit
2257 2881 2405 2929 esse,
2449 2866 2546 2919 sed
2598 2863 2876 2919 servitus:
2926 2868 3308 2935 posteaquam
3356 2880 3471 2919 non

1837 2953 1978 3008 ordo
2010 2953 2196 3007 factus
2228 2957 2315 3007 est
2345 2953 2728 3024 suscipiendae
2762 2953 3052 3023 potentias,
3086 2953 3186 3007 sed
3210 2953 3472 3007 studium

1833 3041 2215 3107 vindicandae,
2243 3041 2413 3112 coepit
2440 3041 2614 3094 etiam
2649 3041 2776 3111 ipsa
2802 3039 3020 3095 laboris
3051 3039 3271 3096 functio
3289 3041 3473 3096 durus

1837 3128 2111 3184 sustineri
2140 3145 2153 3194 ;
2187 3132 2242 3183 et
2273 3144 2399 3199 qua:
2432 3144 2545 3182 non
2576 3133 2665 3182 est
2721 3127 3066 3194 voluntaria,
3127 3128 3238 3183 cito
3277 3127 3472 3184 locum

1753 3204 1795 3270 C
1834 3216 2389 3287 relinquitincuriae.
2446 3216 2722 3270 Homines
2771 3231 2948 3286 quam
2996 3215 3166 3269 inviti
3216 3216 3474 3270 subeunt

1827 3304 2158 3376 vigiliarum
2179 3303 2581 3374 munia,quam
2597 3317 2747 3374 aegre
2764 3303 3173 3373 unusquisque
3190 3301 3250 3356 in
3265 3301 3472 3357 castris

1831 3391 2153 3464 periculum
2213 3392 2456 3446 sortitus
2503 3391 2768 3456 excubat,
2819 3391 2974 3461 quod
3022 3389 3308 3445 tuendum
3360 3389 3473 3446 sibi

1830 3479 2009 3552 regali
2030 3480 2411 3551 praeceptione
2455 3478 2869 3534 committitur!
2917 3478 3260 3550 Proponitur
3305 3494 3476 3550 pana

1832 3567 2101 3633 desidiae;
2136 3573 2190 3622 et
2216 3572 2411 3622 tamen
2445 3567 2791 3639 plerumque
2821 3566 3046 3638 obrepit
3074 3566 3322 3636 incuria,
3356 3583 3474 3622 non

1834 3661 2139 3712 servantur
2203 3655 2476 3710 excubiae.
2518 3656 2846 3710 Necessitas
2903 3656 3060 3710 enim
3118 3672 3244 3727 qua
3296 3653 3476 3711 invito

1833 3744 2082 3814 imponit
2112 3743 2480 3813 obsequium,
2535 3743 2701 3798 altert
2748 3743 3092 3815 plerumque
3150 3743 3474 3800 fastidium.

1835 3831 1993 3887 Nihil
2015 3836 2103 3886 est
2132 3831 2288 3886 enim
2319 3836 2438 3886 tam
2459 3831 2803 3902 facile,quin
2822 3831 3476 3898 habeatdifﬁcultatem,

1837 3921 1992 3992 quod
2034 3919 2212 3974 facias
2252 3919 2488 3974 invitus.
2531 3921 2679 3991 Ergo
2718 3925 2775 3974 et
2826 3919 2990 3991 jugis
3043 3919 3210 3974 labor
3276 3919 3483 3974 avertit

1838 4009 2127 4073 atl‘ectum,
2161 4013 2218 4063 et
2249 4007 2528 4062 continua
2556 4012 2612 4061 et
2644 4006 2923 4061 diuturna
2979 4005 3239 4078 potentia
3294 4005 3482 4077 gignit

1835 4095 2233 4151 insolentiam.
2269 4097 2448 4159 Quem
2484 4093 2744 4148 invenias
2777 4094 3106 4161 hominum,
3141 4092 3243 4165 qui
3275 4096 3483 4163 sponte

1837 4183 2446 4255 deponatimperium,
2481 4186 2537 4236 et
2581 4182 2828 4236 ducatus
2877 4181 2968 4236 sui
3011 4181 3180 4236 cedat
3226 4178 3480 4251 insigne,

1839 4272 2058 4343 ﬁatque
2086 4272 2286 4327 volens
2315 4286 2557 4325 numero
2609 4274 2938 4341 postremus
2984 4285 3052 4323 ex
3100 4266 3318 4340 primo!
3367 4267 3484 4323 Nos

1841 4364 2033 4416 autem
2068 4375 2182 4414 non
2215 4357 2408 4413 solum
2443 4358 2513 4413 de
2543 4357 2752 4429 primo,
2803 4357 2904 4412 sed
2953 4355 3128 4411 etiam
3179 4356 3249 4411 de
3292 4353 3483 4411 medio

1841 4465 1994 4520 saepe
2025 4465 2129 4503 con
2159 4447 2452 4512 endimus,
2484 4446 2778 4517 etprimos
2796 4444 3127 4501 discubitus
3150 4444 3208 4500 in
3223 4443 3483 4500 convivio

95 4550 153 4589 so
181 4536 462 4606 clangore
494 4535 650 4590 100
667 4534 991 4606 componit;
1015 4539 1080 4588 ut
1099 4535 1730 4603 excitetdormientem,
1763 4567 1810 4630 Β
1840 4537 2244 4593 vindicamus:
2271 4551 2336 4590 ac
2367 4535 2416 4590 si
2448 4539 2635 4590 semet
2663 4534 2919 4590 delatum
2969 4532 3162 4604 fuerit,
3210 4533 3482 4589 volumus

97 4623 174 4678 cui
223 4624 418 4678 vicem
472 4624 735 4678 muneris
784 4621 1072 4677 traditura
1117 4626 1224 4678 est.
1273 4624 1344 4676 At
1392 4621 1492 4677 illa
1531 4622 1730 4677 volens

97 4711 337 4782 suscipit
368 4715 616 4775 sortem,
647 4726 752 4765 nec
783 4727 893 4766 usu
935 4714 1134 4766 nostro
1184 4711 1363 4765 invita
1415 4715 1471 4765 et
1522 4710 1740 4782 pigrior

97 4814 296 4856 somno
326 4799 659 4854 renuntiat:
696 4799 796 4853 sed
829 4799 1075 4870 impigre
1104 4798 1228 4854 suis
1255 4797 1548 4853 excutitur
1591 4804 1739 4853 stra-

31 4947 38 4960 η
105 4888 189 4954 tis,
221 4889 414 4942 vicem
443 4886 801 4958 exsequitur,
835 4891 1079 4957 etquam
1101 4887 1323 4958 accepit
1348 4887 1594 4958 gratiam
1619 4887 1742 4958 pari

28 4985 38 5018 ί
103 4990 230 5031 cura
261 4983 442 5046 atque
471 4975 664 5030 ofﬁcio
697 4979 1090 5046 reprzesentat.
1125 4975 1256 5029 Ideo
1288 4973 1450 5029 nulla
1467 4975 1739 5044 desectio,

108 5066 231 5136 quia
263 5063 498 5119 devotio
548 5062 862 5131 naturalis;
913 5062 1042 5118 ideo
1090 5067 1218 5119 tuta
1265 5063 1556 5131 custodia,
1607 5063 1746 5134 quia

93 5153 362 5209 voluntas
392 5150 598 5208 libera.

153 5355 265 5424 (l8)
297 5355 628 5411 Gronovius
659 5356 745 5411 ait
793 5354 1191 5422 scribendum,
1244 5359 1371 5410 ante
1415 5356 1580 5423 signa
1620 5371 1749 5426 pro-

0 5453 4 5498 ;¹
92 5429 327 5482 currit...
369 5429 630 5498 Antiquae
669 5427 761 5481 hic
817 5427 1146 5498 reipubltcw
1193 5428 1417 5498 inimus,
1465 5435 1513 5480 et
1569 5427 1753 5481 instar

2 5491 5 5548 ῗ
107 5498 266 5554 iber;
298 5491 548 5554 civitatis
576 5505 678 5553 est.
706 5498 820 5553 Sed
852 5491 913 5552 id
939 5497 1104 5553 nulla
1152 5497 1335 5552 ullius
1392 5491 1503 5552 ms.
1555 5503 1751 5552 aucto-

107 5569 270 5640 ritate
303 5571 711 5627 conﬁrmatur.
744 5568 892 5625 Vict.
927 5585 1082 5625 unus
1111 5585 1177 5624 ac
1221 5569 1391 5626 Corb.
1441 5585 1543 5640 per
1605 5584 1751 5623 corr.

99 5638 318 5710 (habent
365 5644 776 5718 antesignatus.
829 5641 973 5698 Gem
1021 5641 1200 5698 etiam
1249 5656 1352 5712 per
1402 5638 1551 5697 corr.
1605 5642 1755 5696 ante-

1843 4641 1970 4681 esse
2002 4628 2370 4695 perpetuum.
2404 4624 2539 4679 Ideo
2570 4623 2722 4678 inter
2752 4639 2925 4695 grues
2972 4622 3379 4693 aequanimitas
3427 4622 3484 4676 in

1845 4712 2147 4768 laboribus
2176 4715 2282 4781 est,
2307 4711 2615 4766 humilitas
2639 4713 2699 4766 in
2719 4711 3128 4784 potestatibus.
3156 4711 3488 4767 Admonen-

1847 4805 1946 4856 tur
1975 4804 2040 4854 ut
2069 4804 2369 4856 exerceant
2390 4800 2665 4856 custodiae
2697 4801 2872 4869 vices,
2905 4817 3019 4856 non
3080 4799 3492 4855 admomentur

1852 4891 1994 4944 ιθι
2027 4893 2092 4942 ut
2121 4889 2192 4943 de
2224 4892 2507 4959 potestate
2538 4889 2847 4955 decedant;
2897 4889 3034 4959 quia
3083 4887 3163 4941 ibi
3208 4884 3494 4942 naturalis

1851 4977 2018 5049 quies
2049 4977 2239 5031 somni
2270 4977 2719 5048 interpellanda,
2742 4976 2835 5031 hic
2863 4973 3200 5030 voluntariis
3223 4971 3496 5029 sedulita-

1852 5064 1928 5119 tis
1959 5063 2146 5136 gratia
2177 5065 2504 5135 praestanda
2535 5067 2644 5118 est.

1896 5374 1967 5412 na
1973 5375 2044 5411 na
2052 5398 2063 5410 .

1862 5376 2063 5499 ginflllgt).
2095 5426 2233 5480 Mss.
2313 5424 2549 5499 aliquod
2600 5422 2854 5499 antique
2902 5438 3134 5491 manus,
3203 5424 3498 5499 acceptam,

1861 5493 2083 5563 natura,
2116 5497 2380 5567 exemplo,
2412 5493 2607 5549 avibus
2631 5494 2953 5567 politiam...
2985 5493 3276 5564 coeperant.

1939 5570 2050 5640 (20)
2067 5561 2205 5624 Tres
2236 5561 2521 5640 mssinon
2555 5561 2718 5621 malae
2779 5568 2928 5622 notae
2974 5561 3099 5637 qua:
3145 5561 3505 5620 communica-

1873 5642 1962 5696 bat
1985 5639 2185 5696 sortem
2209 5639 2489 5697 custodia}.
