3932 6212
519 314 643 383 .243

1130 456 1365 515 CAPUT
1406 458 1520 523 XV,

528 525 798 601 Quomodo
841 529 1060 585 ciconim
1102 530 1520 601 proﬁciscantur
1574 540 1736 601 atque
1778 548 1814 586 α
1855 532 2164 587 cornicibus

598 598 934 654 deducantur
981 618 1045 654 ac
1085 598 1465 671 defenduntur.
1520 598 1797 657 Laudatur
1851 604 2167 658 earumdem

597 671 875 743 cornicum
920 672 1280 743 hospitalitas,
1347 681 1399 727 et
1445 672 1689 727 humana
1752 674 2168 743 reprehenditur

596 742 951 816 negligentia.
987 742 1217 797 Tandem
1240 745 1579 798 ciconiarum
1600 747 1796 816 pietati
1830 747 1889 799 in
1914 749 2169 816 parentes

597 820 784 866 nostra
814 813 1061 882 impietas
1089 829 1258 884 oppon
1268 816 1399 868 itur.
1600 813 1613 816 ’
1842 832 1849 843 ι

599 900 686 953 53.
720 898 981 955 Ciconias
1014 902 1206 956 ferunt
1235 901 1473 957 collecto
1506 901 1795 973 proﬁcisci
1830 903 2082 974 agmine,
2118 904 2166 959 si

526 1002 643 1058 quo
662 988 1018 1060 pergendum
1050 993 1278 1061 putant,
1334 993 1390 1044 et
1439 989 1615 1045 simul
1665 989 1959 1061 plerisque
2008 992 2162 1047 circa

528 1073 821 1130 Orientem
872 1075 1014 1132 locis
1060 1077 1272 1144 invehi,
1322 1082 1378 1134 et
1428 1077 1595 1149 quasi
1643 1083 1865 1133 tessera
1924 1078 2166 1134 militari

526 1163 743 1234 pariter
770 1180 973 1220 omnes
1000 1167 1578 1222 moveri.Exercitum
1601 1167 1802 1223 credas
1820 1184 1953 1222 cum
1982 1168 2167 1240 signis

528 1250 654 1306 suis
695 1269 953 1324 pergere,
1010 1254 1092 1309 sic
1138 1271 1340 1310 omnes
1387 1255 1579 1311 viandi
1630 1255 2064 1327 comitandique
2112 1261 2169 1311 et

525 1340 823 1411 praeeundi
855 1341 1117 1396 ordinem
1149 1348 1398 1398 servant.
1434 1343 1704 1399 Cornices
1747 1347 1941 1398 autem
1991 1345 2169 1399 dedu-

528 1431 669 1483 cunt
697 1444 795 1483 eas
828 1445 892 1483 ac
923 1429 1188 1502 dirigunt
1218 1435 1275 1486 et
1331 1432 1492 1486 velut
1549 1432 1905 1503 quibusdam
1953 1432 2167 1487 turmis

526 1515 926 1587 stipatricibus
1005 1523 1468 1590 prosequuntur;
1520 1520 1662 1574 adeo
1724 1523 1790 1574 ut
1830 1520 2169 1590 adjumenta

526 1604 794 1675 quaedam
807 1604 1160 1661 bellantibus
1175 1607 1454 1663 adversus
1468 1607 1739 1663 inimicas
1759 1625 1890 1663 aves
1906 1626 2012 1663 con
2024 1610 2167 1664 ferre

523 1693 857 1757 credantur,
889 1697 948 1749 et
976 1695 1225 1766 propriis
1256 1695 1531 1766 periculis
1561 1695 1714 1751 bella
1753 1694 1944 1751 aliena
1979 1698 2168 1752 susci-

1987 324 2051 389 S.
2096 326 2468 393 AMBROSII

2175 456 2181 462 ’
2194 464 2248 530 Α
2278 467 2486 519 cusant
2515 480 2647 520 aves
2677 481 2915 538 pascere
2946 467 3193 539 patrem,
3225 467 3381 540 quod
3422 467 3601 525 etiam
3651 471 3890 543 praescri-

3793 337 3890 404 241

2278 556 2377 624 pta
2410 554 2755 610 necessitate
2782 556 2892 610 sub
2927 559 3145 612 terrore
3174 573 3479 628 pmnarnm
3513 557 3770 631 plerique
3805 561 3890 618 bo-

2279 641 2507 696 minum
2554 648 2919 699 recusarunt.
2972 650 3122 700 Aves
3155 663 3268 701 non
3321 647 3556 718 scripta,
3619 649 3717 703 sed
3779 655 3890 706 nata

2277 728 2370 784 lex
2399 730 2654 803 stringit.
2687 734 2833 787 Aves
2879 733 2950 787 ad
2996 733 3107 788 hoc
3157 750 3373 789 munus
3428 734 3590 790 nulla
3640 743 3890 811 praecepta

2278 819 2633 875 conveniunt
2664 820 2799 891 (22),
2834 822 2932 877 sed
2967 821 3166 895 gratias
3194 822 3482 879 naturalis
3513 825 3723 881 ofﬁcia.
3766 832 3890 885 Aves

2278 924 2395 963 non
2425 908 2782 964 erubescunt
2811 911 3110 966 reverendi
3151 912 3311 967 senis
3344 913 3610 968 membra
3653 920 3890 985 portare;

2277 1001 2366 1052 est
2393 996 2548 1052 enim
2580 1001 2814 1053 vectura
2845 999 3096 1071 pietatis,
3130 1000 3286 1071 quod
3318 1016 3385 1056 eo
3416 1018 3605 1073 usque
3634 1002 3890 1074 frequenti

2277 1086 2683 1141 testiﬁcatione
2733 1088 3082 1158 percrebuit,
3144 1094 3211 1144 ut
3257 1105 3525 1161 congruae
3592 1092 3890 1149 mercedem

2277 1175 2766 1231 remunerationis
2808 1175 3111 1232 invenerit.
3162 1177 3309 1233 Nam
3360 1178 3754 1234 Romanorum
3797 1198 3890 1237 usu

2277 1261 2373 1333 pia
2402 1262 2522 1318 avis
2552 1269 2806 1319 vocatur.
2837 1265 2906 1319 Et
2935 1265 3089 1336 quod
3118 1264 3211 1319 vix
3259 1265 3358 1320 uni
3404 1266 3735 1337 miperatori
3774 1285 3890 1325 con-

2276 1349 2429 1406 sulto
2461 1356 2697 1407 senatus
2729 1351 2987 1408 delatum
3034 1352 3271 1418 dicitur,
3325 1353 3433 1409 hoc
3479 1355 3605 1410 istae
3659 1373 3788 1412 aves
3844 1357 3890 1413 in

2275 1455 2585 1495 commune
2624 1445 2986 1496 meruerunt.
3019 1441 3244 1497 Habent
3283 1458 3418 1514 ergo
3466 1459 3601 1500 aves
3646 1444 3766 1501 ista
3805 1447 3890 1500 de-

2276 1531 2433 1583 creta
2461 1533 2694 1599 patrum
2736 1529 2809 1585 ad
2841 1529 3072 1602 proprie
3113 1529 3343 1602 insigne
3395 1529 3737 1589 clementiae.
3786 1533 3890 1590 Pios

2275 1616 2433 1671 enim
2482 1615 2631 1672 ﬁlios
2665 1621 2897 1688 patrum
2944 1619 3108 1689 prius
3154 1618 3411 1690 oportuit
3448 1619 3676 1690 judicio
3722 1622 3882 1693 pretii

2276 1705 2413 1760 cari.
2477 1704 2706 1760 Habent
2757 1706 2933 1761 etiam
2956 1706 3367 1762 universorum
3417 1708 3724 1781 suﬂ‘ragia;
3771 1727 3890 1766 nam

527 1796 683 1892 pe‘r‘e.
715 1780 896 1852 Cujus
928 1781 1009 1836 rei
1041 1782 1319 1838 indicium
1350 1788 1457 1850 est,
1493 1784 1632 1855 quia
1662 1783 1839 1892 nullaeI
1854 1800 1956 1855 per
1990 1785 2167 1840 inter-
2197 1828 2242 1892 Β
2276 1793 2579 1848 retributio
2619 1793 3035 1850 beneﬁciorum
3079 1802 3487 1868 ἀντιπελάργησις
3533 1780 3889 1865 nominatur;

527 1883 590 1892 ι.-
646 1885 739 1892 η...
774 1868 1002 1892 ,ιε----Δ
1038 1870 1315 1892 Δ-.....--2-
1347 1871 1597 1892 ---2.1---
1633 1871 1684 1892 :_
1723 1871 1794 1892 :2-
1855 1871 1964 1892 __2_
2010 1890 2096 1892 _._,,
2122 1890 2133 1892 _
2320 1880 2352 1892 ,ε
2641 1880 2653 1892 ο
2826 1882 2835 1891 ο
2958 1882 2971 1892 ι
3083 1883 3121 1892 ..
3167 1883 3198 1892 ..
3346 1883 3405 1892 -η
3449 1887 3457 1892 .
3583 1884 3616 1892 ..
3861 1887 3873 1892 -

525 1867 743 1923 vallum
772 1868 1005 1939 aliquod
1038 1870 1317 1941 temporis
1347 1871 1601 1926 residere
1633 1871 1692 1925 in
1723 1871 1796 1925 iis
1826 1871 1967 1927 locis
2009 1890 2166 1945 repe-

528 1956 789 2024 riuntur;
850 1961 905 2013 et
979 1958 1118 2028 quia
1190 1975 1323 2013 cum
1394 1958 1736 2015 vulneribus
1814 1963 2163 2016 revertentes

527 2045 838 2101 manifesta
867 2046 1119 2117 quadam
1150 2046 1458 2119 sanguinis
1488 2047 1581 2101 sui
1637 2063 1774 2102 voce
1830 2048 2165 2119 cmterisque

525 2133 849 2205 loquuntur
872 2133 1107 2190 indiciis
1130 2134 1394 2206 gravium
1413 2151 1475 2191 se
1496 2135 1881 2190 certaminum
1914 2136 2166 2192 subiisse

462 2254 470 2261 ~
527 2222 884 2278 conﬂictum.
935 2223 1076 2285 Quis
1124 2222 1304 2294 igitur
1351 2222 1470 2278 illis
1533 2240 1766 2295 poenam
1820 2225 2166 2281 desertionis

527 2310 774 2365 indixit?
788 2309 927 2374 Quis
949 2310 1235 2366 derelictae
1253 2310 1475 2366 militiae
1499 2312 1788 2383 supplicia
1806 2314 2165 2385 praascripsit

527 2397 930 2466 formidolosa;
982 2402 1048 2454 ut
1099 2398 1260 2454 nulla
1305 2399 1730 2471 prosequendis
1774 2400 2166 2471 hospitalibus

528 2486 744 2541 turmis
798 2503 926 2542 sese
1003 2486 1349 2543 subtrahere
1410 2488 1664 2543 nitatur:
1728 2489 1828 2543 sed
1900 2490 2165 2545 certatim

525 2590 730 2630 omnes
759 2575 1125 2630 deductionis
1152 2592 1393 2631 munere
1423 2575 1729 2648 ofﬁcioque
1772 2576 2110 2650 fungantur.

597 2664 690 2718 54.
722 2663 961 2719 Discant
990 2664 1256 2720 homines
1287 2664 1598 2736 hospitalia
1629 2681 1858 2720 servare
1904 2667 2063 2736 jura,
2113 2671 2169 2722 et

527 2766 596 2806 ex
628 2751 831 2807 avibus
861 2756 1218 2824 cognoscant
1248 2753 1389 2823 quid
1422 2751 1719 2824 religionis
1737 2752 2067 2824 hospitibus
2091 2756 2165 2810 sit

528 2838 926 2907 deferendum,
960 2856 1087 2910 quae
1119 2840 1396 2912 obsequia
1427 2841 1782 2911 deputanda,
1809 2841 2023 2911 quibus
2045 2859 2166 2899 cor-

527 2927 687 2982 nices
718 2926 893 2981 etiam
926 2927 1186 2998 pericula
1210 2944 1318 2983 sua
1343 2944 1553 2999 negare
1603 2945 1718 2983 non
1765 2928 2010 2984 soleant.
2063 2931 2163 2986 His

524 3014 706 3086 igitur
734 3030 840 3069 nos
868 3015 1085 3085 januas
1128 3014 1483 3083 claudimus,
1530 3015 1746 3087 quibus
1796 3033 1931 3073 aves
1986 3019 2163 3074 etiam

524 3100 753 3157 animas
780 3117 919 3157 suas
948 3102 1273 3171 conferunt,
1304 3108 1360 3159 et
1390 3120 1536 3175 quos
1566 3103 1663 3158 ille
1694 3106 1989 3161 consortio
2029 3123 2161 3179 pro-

2270 1880 2510 1945 πέλαργος
2564 1880 2719 1935 enim
2788 1882 3012 1938 ciconia
3066 1883 3299 1938 dicitur.
3346 1883 3541 1939 Virtus
3580 1884 3770 1957 itaque
3830 1887 3890 1941 ab

2272 1962 2367 2019 his
2395 1981 2606 2022 nomen
2640 1968 2885 2041 accepit,
2918 1985 3052 2024 cum
3080 1968 3283 2026 relatio
3313 1970 3637 2042 gratiarum
3687 1973 3890 2029 ciconia

2273 2053 2553 2110 vocabulo
2581 2062 2974 2130 nuncupatur.

2875 2172 3107 2229 CAPUT
3143 2173 3312 2230 XVII.

2274 2258 2705 2349 Dente-z'runst‘inis
2760 2260 3068 2349 sedulitate,
3127 2263 3423 2349 industria
3467 2268 3553 2347 et.
3606 2269 3803 2349 pietate
3842 2268 3890 2319 in

2344 2330 2506 2398 ﬂlios.
2544 2335 2985 2407 Depaupertate
3027 2336 3357 2407 ipsiusque
3401 2330 3646 2392 hominis
3694 2339 3751 2392 in
3794 2352 3890 2407 ege-

2344 2408 2480 2455 state
2522 2403 2687 2480 positi
2736 2405 3099 2474 impatientia,
3138 2403 3465 2476 improbitas
3512 2410 3566 2463 et
3617 2403 3890 2480 desperatio

2345 2475 2677 2541 arguuntur.

2341 2569 2431 2623 56.
2466 2569 2761 2625 Habemus
2790 2571 3017 2627 aviariis
3049 2570 3269 2628 sobolis
3297 2589 3436 2644 erga
3457 2573 3657 2632 cultus
3694 2576 3890 2648 patrios

2274 2653 2506 2726 pietatis
2537 2658 2891 2730 exemplum,
2926 2660 3284 2732 accipiamus
3314 2678 3471 2717 nunc
3502 2671 3780 2720 maternae
3815 2680 3890 2719 se-

2274 2743 2538 2800 dulitatis
2569 2746 2628 2800 in
2677 2747 2828 2803 ﬁlios
2876 2749 3097 2821 grande
3144 2749 3585 2806 documentum.
3649 2752 3889 2808 Hirundo

2274 2832 2606 2889 minuscula
2634 2852 2891 2907 corpore,
2925 2837 3026 2891 sed
3057 2837 3285 2909 egregie
3316 2837 3411 2909 pio
3442 2838 3720 2897 sublimis
3776 2841 3890 2896 sile

2272 2925 2389 2987 ctu,
2415 2939 2545 2993 quae
2574 2923 2772 2996 indiga
2803 2941 2998 2980 rerum
3049 2925 3313 2980 omnium
3373 2926 3731 2997 pretiosores
3771 2944 3890 2985 auro

2271 3008 2439 3064 nidos
2460 3010 2661 3078 struit;
2695 3011 2833 3083 quia
2862 3012 3152 3084 sapienter
3181 3013 3463 3069 nidiﬁcat.
3506 3015 3699 3072 Nidus
3753 3016 3889 3072 enim

2271 3096 2568 3169 sapientiae
2598 3100 2788 3171 potior
2816 3104 2905 3156 est
2935 3118 3095 3156 auro.
3150 3102 3298 3165 Quid
3346 3103 3505 3158 enim
3556 3105 3888 3178 sapientius,

523 3193 855 3262 sequuntur
883 3189 1261 3257 discriminis,
1293 3208 1391 3246 eos
1423 3192 1592 3247 tectis
1624 3191 2005 3263 prohibemus
2054 3195 2159 3251 ho-
2190 3185 2231 3252 C
2270 3201 2445 3256 quam
2474 3191 2538 3242 ut
2567 3193 2624 3243 ει
2649 3188 2880 3243 volandi
2904 3205 3047 3261 vaga
3070 3188 3335 3245 libertate
3364 3190 3647 3262 potiatur,
3709 3197 3765 3249 et
3805 3192 3890 3247 h0-

521 3277 726 3350 spitio;
759 3282 814 3333 et
844 3294 1094 3349 quorum
1127 3277 1238 3333 illae
1292 3278 1445 3334 bella
1494 3279 1848 3351 suscipiunt,
1906 3281 1998 3338 his
2055 3300 2161 3339 nos

515 3365 670 3422 bella
694 3366 1024 3438 frequenter
1053 3367 1378 3423 inferimus.
1412 3368 1675 3436 Mentior,
1711 3369 1757 3423 si
1815 3386 1929 3424 non
1977 3370 2157 3427 Sodo-

515 3454 756 3510 mitanis
810 3454 931 3509 haec
970 3455 1080 3509 fuit
1126 3472 1304 3511 causa
1348 3455 1651 3528 supplicii:
1713 3461 1815 3511 aut
1853 3458 2155 3531 Egyptius

511 3543 676 3597 furor
702 3541 859 3615 genti
887 3542 1129 3614 hospitae
1174 3544 1313 3598 dum
1346 3543 1567 3599 bellum
1625 3549 1871 3600 conatur
1917 3546 2149 3615 inferre,

508 3628 988 3702 inhospitalitatis
1011 3647 1210 3701 pcenas
1242 3631 1433 3686 inﬁdae
1463 3632 1769 3705 naufragio
1819 3633 2007 3704 plebis
2059 3653 2152 3692 ex-

507 3717 699 3774 solvit.

573 3807 665 3861 55.
698 3805 881 3870 Quam
911 3822 1044 3861 vero
1091 3806 1529 3863 rationabilium
1580 3825 1693 3863 non
1741 3810 1977 3865 excedat
2022 3812 2143 3883 pie-

500 3898 681 3950 tatem
713 3910 780 3949 ac
804 3894 1175 3965 prudentiam
1205 3895 1327 3950 avis
1358 3895 1537 3966 hujus
1556 3895 2141 3955 clementiaconside-

498 3983 771 4050 randum,
806 3999 983 4055 quam
1013 3999 1119 4038 nec
1150 3989 1282 4055 post
1310 3983 1641 4056 exemplum
1691 3986 1930 4056 quidem
1991 3988 2139 4044 irra-

497 4070 869 4127 tionabilium
908 4071 1223 4143 quisquam
1283 4077 1551 4128 nostrum
1603 4072 1820 4127 imitari
1864 4076 2134 4145 potuerit.

494 4160 642 4216 Nam
672 4159 917 4232 depositi
952 4160 1064 4231 (2t)
1094 4160 1277 4232 patris
1329 4166 1492 4216 artus
1522 4177 1625 4231 per
1672 4160 1994 4233 longaevum
2046 4181 2135 4220 se-

491 4248 744 4304 nectutis
774 4247 1110 4319 plumarum
1141 4249 1397 4320 tegmine
1410 4248 1753 4321 alarumque
1768 4250 2009 4322 remigio
2032 4269 2135 4308 nu-

490 4336 658 4391 datos
688 4336 1078 4391 circumstans
1111 4336 1343 4392 soboles
1390 4337 1601 4407 pennis
1647 4337 1898 4409 propriis
1954 4340 2127 4396 fovet.

487 4422 559 4476 Et
577 4421 716 4491 quid
748 4422 961 4491 dicam,
988 4421 1267 4478 collatitio
1299 4424 1428 4478 cibo
1459 4424 1665 4495 pascit,
1703 4427 1936 4496 quando
1950 4427 2128 4484 etiam

2274 3273 2501 3329 minum
2549 3276 2862 3332 domiciliis
2918 3276 3195 3349 parvulos
3239 3294 3379 3333 suos
3433 3283 3491 3334 et
3546 3284 3704 3337 tecto
3756 3296 3890 3336 com-

2268 3364 2521 3430 mendet,
2555 3364 2655 3418 ubi
2685 3364 2941 3420 sobolem
2975 3363 3173 3421 nullus
3203 3365 3484 3422 incurset.
3500 3367 3656 3424 Nam
3686 3373 3743 3425 et
3762 3366 3885 3423 illud

2264 3454 2352 3504 est
2383 3450 2692 3522 pulchrum
2718 3470 2730 3521 ;
2766 3457 2830 3508 ut
2859 3470 2893 3509 a
2920 3454 3117 3525 primo
3139 3458 3266 3509 ortu
3302 3453 3493 3526 pullos
3522 3472 3672 3512 suos
3700 3456 3884 3512 huma-

2263 3554 2347 3591 nae
2403 3556 2512 3594 usu
2554 3541 3013 3597 conversationis
3060 3546 3382 3610 assuescat,
3433 3548 3490 3598 et
3537 3549 3775 3615 praestet
3826 3544 3884 3598 ab

2254 3624 2625 3683 inimicarum
2683 3629 2876 3684 avium
2929 3629 3159 3685 insidiis
3207 3630 3473 3687 tutiores.
3529 3632 3689 3690 Tum
3755 3630 3876 3686 illud

2256 3714 2619 3786 praeclarum,
2652 3734 2769 3789 qua
2797 3718 2985 3790 gratia
3015 3717 3219 3774 domos
3251 3718 3363 3774 sibi
3395 3718 3521 3775 sinu
3559 3720 3685 3778 ullo
3729 3720 3881 3791 adju-

2252 3807 2374 3858 tore
2404 3808 2684 3876 tanquam
2734 3807 2876 3861 artis
2904 3805 3087 3878 perita
3135 3811 3466 3878 componat.
3509 3808 3681 3881 Legit
3736 3807 3874 3864 enim

2251 3891 2504 3948 festucas
2532 3909 2651 3961 ore,
2694 3909 2911 3964 easque
2949 3893 3073 3948 luto
3129 3892 3324 3962 illinit,
3380 3899 3445 3950 ut
3489 3896 3878 3970 conglutinare

2248 3981 2451 4051 possit.
2484 3982 2591 4035 Sed
2625 3981 2763 4052 quia
2793 3981 2985 4037 lutum
3018 3981 3266 4054 pedibus
3300 4000 3411 4038 non
3441 3985 3871 4055 potestdeferre.

2247 4069 2649 4124 summitatem
2681 4086 3009 4141 pennarum
3041 4087 3203 4142 aqua;
3254 4070 3545 4139 infundit;
3600 4077 3666 4128 ut
3719 4069 3871 4127 facile

2246 4154 2338 4211 his
2368 4157 2558 4228 pulvis
2605 4158 2916 4223 adhaereat,
2966 4162 3023 4214 et
3070 4157 3171 4213 ﬁat
3210 4157 3389 4215 limus
3439 4175 3557 4231 quo
3608 4159 3871 4233 paulatim

2242 4244 2497 4301 festucas
2517 4244 2603 4300 vel
2642 4245 2903 4301 minutos
2934 4245 3203 4302 surculos
3247 4246 3359 4302 sibi
3403 4247 3661 4321 colligat,
3712 4251 3871 4318 atque

2242 4333 2533 4389 adhaerere
2565 4333 2768 4389 faciat:
2827 4351 2894 4389 eo
2941 4349 3152 4406 genere
3195 4334 3318 4390 nidi
3372 4335 3554 4392 totius
3605 4335 3871 4391 fabricam

2239 4421 2442 4490 struit;
2499 4428 2565 4477 ut
2606 4422 2777 4494 quasi
2824 4421 3144 4494 pavimenti
3195 4422 3317 4479 solo
3366 4422 3514 4495 pulli
3562 4424 3695 4495 ejus
3734 4423 3874 4476 intra

486 4508 618 4581 ipsa
645 4515 877 4580 reparat
895 4515 1115 4565 naturae
1147 4509 1473 4581 dispendia,
1507 4517 1573 4566 ut
1598 4511 1734 4567 hinc
1781 4517 1955 4585 atque
1993 4515 2128 4571 inde
2158 4539 2206 4603 D
2237 4508 2386 4563 ωάϐε
2416 4525 2556 4564 8088
2602 4509 2729 4564 Sine
2777 4509 3095 4565 οῙΥθιιδίοηθ
3141 4515 3465 4577 versentur.
3523 4526 3634 4567 D60
3680 4509 3871 4582 Pedem

486 4595 858 4651 sublevantes
889 4612 1086 4652 senem
1124 4597 1306 4653 fulcro
1337 4598 1562 4654 alarum
1612 4616 1854 4655 suarum
1909 4603 1980 4657 ad
2028 4621 2124 4659 vo-

484 4682 728 4738 landum
759 4688 1079 4749 exerceant,
1112 4690 1168 4740 et
1186 4686 1245 4740 in
1259 4686 1540 4757 pristinos
1555 4704 1702 4742 usus
1725 4689 1797 4743 de
1820 4691 2126 4761 suetajam

482 4775 754 4827 revocent
782 4771 861 4843 pii
895 4772 1080 4844 patris
1110 4774 1419 4829 membra?
1448 4774 1588 4837 Quis
1621 4780 1888 4831 nostrum
1937 4776 2125 4836 levare

481 4876 703 4933 aegrum
734 4876 848 4915 non
877 4860 1139 4916 fastidiat
1168 4865 1431 4933 patrem?
1460 4863 1602 4929 Quis
1651 4864 1873 4919 fessum
1924 4882 2121 4923 senem

480 4947 609 5005 suis
637 4947 898 5004 humeris
928 4949 1212 5021 imponat,
1247 4950 1401 5020 quod
1457 4950 1515 5004 in
1567 4951 1695 5022 ipsa
1736 4951 1985 5009 historia
2030 4956 2123 5010 vix

480 5037 757 5093 credibile
788 5038 1075 5093 habetur?
1108 5039 1247 5103 Quis
1278 5044 1343 5095 ut
1372 5040 1506 5111 pius
1538 5041 1631 5106 sit,
1669 5059 1783 5097 non
1833 5043 1940 5098 hoc
1998 5061 2119 5099 ser-

476 5125 628 5182 vulis
660 5128 897 5182 mandet
922 5127 1314 5198 obsequium?
1343 5133 1417 5181 At
1446 5145 1578 5183 vero
1610 5130 1813 5185 avibus
1864 5148 1978 5186 non
2031 5138 2122 5188 est

475 5229 666 5285 grave,
701 5215 852 5285 quod
914 5214 1151 5286 pietatis
1182 5218 1271 5270 est
1302 5215 1568 5286 plenum:
1606 5234 1719 5272 non
1774 5223 1864 5273 est
1921 5234 2122 5275 onero-

477 5316 609 5355 sum
641 5302 794 5358 I02
825 5303 979 5373 quod
1011 5302 1256 5358 solvitur
1305 5308 1525 5360 naturae
1568 5305 1783 5361 debito.
1845 5307 1971 5362 Non
2030 5323 2118 5363 re-

540 5467 652 5543 (_2_t)
692 5470 956 5540 Depositi,
986 5470 1045 5524 id
1096 5474 1204 5535 est,
1255 5472 1567 5543 desperati,
1614 5472 1785 5541 juxta
1832 5472 1978 5529 illud
2024 5474 2117 5528 1E-

470 5538 615 5593 Reid.
768 5538 779 5540 _
805 5566 809 5570 ’
834 5560 871 5581 δ’*
930 5553 1023 5583 ’νᾶ
1090 5567 1101 5585 3
1134 5558 1308 5599 3'1753‘5
1366 5538 1382 5543 -
1430 5558 1491 5599 ν
1550 5552 1594 5609 ’3
1636 5568 1661 5605 ⁴ε
1692 5568 1732 5587 4³.
1756 5558 1877 5615 ,υἱώ-ξε

542 5606 603 5615 -..
750 5612 757 5615 .
815 5610 830 5615 -
983 5610 993 5615 -
1030 5611 1039 5615 -
1191 5612 1208 5615 _
1370 5612 1386 5615 -
1480 5604 1531 5609 -λ
1724 5613 1732 5615 .
1850 5609 1857 5613 .

542 5606 663 5676 Ille,
701 5612 768 5664 ut
798 5610 1043 5681 depositi
1074 5612 1327 5683 proferet
1361 5606 1839 5684 fata—parentis.)

2235 4595 2449 4667 aliquis
2481 4596 2790 4652 interserat
2820 4614 2921 4669 per
2941 4597 3184 4654 rimulas
3216 4602 3602 4671 texturarum,
3654 4603 3757 4654 aut
3796 4600 3869 4651 te-

2234 4684 2390 4740 neris
2422 4684 2607 4756 frigus
2637 4684 2876 4756 irrepat.

2302 4774 2392 4826 57.
2427 4773 2538 4828 Sed
2571 4773 2679 4828 hoc
2709 4773 3012 4830 industriae
3045 4774 3301 4830 ofﬁcium
3331 4792 3512 4848 prope
3565 4788 3868 4832 commune

2233 4860 2433 4915 multis
2464 4861 2698 4916 avibus:
2764 4861 2910 4917 illud
2959 4879 3091 4919 vero
3148 4864 3465 4937 singulare,
3500 4866 3560 4918 in
3624 4880 3742 4936 quo
3788 4864 3868 4917 est

2231 4948 2505 5018 praeclara
2535 4948 2956 5022 cura’pietatis,
2990 4956 3047 5007 et
3075 4952 3389 5024 prudentia
3437 4951 3773 5025 intellectus
3815 4953 3865 5004 et

2229 5037 2580 5108 cognitionis
2630 5038 2882 5111 insigne,
2934 5045 3061 5096 tum
3105 5041 3374 5112 quaedam
3435 5040 3676 5096 medicae
3726 5036 3859 5094 artis

2229 5125 2462 5195 peritia;
2519 5127 2674 5196 quod
2704 5128 2753 5183 si
2802 5145 2919 5199 qua
2947 5127 3092 5200 pulli
3149 5130 3277 5200 ejus
3348 5128 3568 5185 fuerint
3622 5127 3865 5185 caecitate

2228 5213 2463 5268 sulI'ossi
2502 5213 2702 5271 oculos
2749 5216 2869 5272 sive
2926 5218 3286 5290 compuncti,
3335 5217 3512 5274 habet
3568 5215 3858 5289 quoddam

2229 5301 2500 5357 medendi
2530 5319 2742 5374 genus,
2775 5321 2891 5377 quo
2917 5306 3106 5377 possit
3133 5321 3338 5362 eorum
3368 5304 3601 5360 lumina
3638 5305 3870 5361 interce-

2299 5470 2408 5541 (22)
2440 5470 2572 5525 Edit
2597 5470 2965 5543 etjnonnulli
3015 5489 3182 5539 mss.,
3229 5472 3385 5528 nullo
3424 5474 3866 5543 praeceptorem

2226 5540 2471 5615 veniunt,
2517 5541 2610 5596 sed
2636 5540 3177 5615 "gratimﬂnaturatis
3230 5540 3440 5615 o/ﬁciof
3481 5540 3633 5599 Mss.
3679 5540 3865 5614 plures

2236 5612 3179 5688 potioresqueunuttajpra'cepla...
3207 5612 3411 5687 ofﬁcia,
