3932 6212
59 5420 67 5497 i

186 198 309 263 245

1503 202 2048 300 nnxmnaaos
2090 207 2237 273 LIB.
2275 206 2352 273 ν.

3514 205 3634 277 246

196 343 301 413 pte
331 332 471 393 usui
504 333 860 395 reformare.
895 333 1075 395 Nemo
1104 334 1284 411 igitur
1311 337 1381 394 de
1425 338 1619 411 inopia
1667 355 1872 412 quera-
1904 340 1958 405 Α
1987 357 2120 397 aves
2176 342 2248 398 ad
2307 343 2630 401 cavendum
2680 340 2927 403 formido
2977 349 3269 418 exerceat;
3304 361 3376 405 ne
3406 347 3629 422 passim

201 435 323 497 tur,
356 426 518 501 quod
547 444 774 484 vacuas
806 427 1068 500 pecunia:
1107 427 1371 501 proprias
1419 427 1571 483 aedes
1620 427 1874 501 relique-

208 519 305 575 rit.
334 516 665 590 Pauperior
694 521 789 572 est
818 517 1096 581 hirundo,
1136 518 1281 573 103
1330 533 1456 588 quae
1514 534 1695 573 vacua
1743 518 1874 574 aeris

203 607 475 665 abundat
504 606 828 662 industria.
863 606 1148 671 IEdiﬁcat,
1200 622 1304 661 nec
1358 606 1643 677 impendit
1678 623 1690 661 :
1722 611 1876 662 tecta

205 695 512 761 attollit,et
561 695 712 750 nihil
762 695 955 751 aufert
982 694 1272 768 proximo;
1302 711 1407 750 nec
1455 694 1777 767 indigentia
1817 700 1875 751 et

200 788 564 859 paupertate
622 785 694 839 ad
755 784 1086 839 nocendum
1146 783 1276 839 aliis
1334 783 1735 856 compellitur;
1770 801 1874 839 nec

195 875 262 930 in
299 873 467 946 gravi
503 873 762 927 ﬁliorum
812 871 1212 927 imbecillitate
1236 873 1521 943 desperat.
1569 873 1686 928 Nos
1740 889 1871 928 vero

197 967 260 1020 et
296 965 627 1035 paupertas
656 961 857 1029 afﬁcit,
892 964 948 1015 et
976 960 1184 1032 inopiae
1233 961 1549 1016 necessitas
1596 966 1779 1028 vexat,
1816 967 1874 1017 et

195 1051 530 1125 plerosque
558 1050 885 1123 indigentia
914 1049 1067 1122 cogit
1095 1049 1153 1103 in
1189 1049 1496 1121 flagitium,
1531 1049 1780 1121 impellit
1811 1050 1871 1105 in

193 1141 459 1196 crimen.
494 1139 665 1194 Lucri
699 1154 935 1210 quoque
965 1137 1160 1193 studio
1192 1137 1249 1192 in
1285 1138 1517 1193 fraudes
1564 1155 1869 1194 versamus

194 1229 546 1302 ingenium,
580 1231 853 1300 aptamus
885 1227 1384 1298 affectumtatque
1415 1226 1473 1281 in
1506 1227 1872 1298 gravissimis

196 1317 599 1391 passionibus
667 1333 831 1389 spem
908 1314 1276 1388 deponimus,
1336 1316 1620 1387 fractique
1677 1316 1871 1372 animo

196 1406 593 1471 resolvimur,
626 1404 935 1478 improvidi
965 1409 1021 1460 et
1048 1404 1266 1461 inertes
1289 1405 1591 1476 jacemus;
1634 1422 1767 1460 cum
1801 1405 1872 1460 de

197 1495 416 1551 divina
476 1494 853 1550 miseratione
903 1498 1043 1549 tunc
1090 1494 1447 1566 sperandum
1489 1493 1741 1566 amplius
1773 1495 1869 1561 sit,

197 1602 347 1641 cum
382 1582 662 1658 praesidia
689 1583 951 1639 humana
981 1582 1317 1639 defecerint.

819 1707 1053 1763 CAPUT
1092 1707 1287 1762 XVIII.

194 1811 473 1866 Amorem
518 1809 579 1861 in
619 1807 764 1877 ﬁlios
810 1824 843 1861 a
887 1806 1193 1860 cornicibus
1225 1805 1467 1860 homines
1513 1806 1743 1872 edoceri,
1782 1822 1869 1861 eo-

454 1895 527 1933 ue
548 1878 807 1932 damnari
835 1878 1188 1948 impietatem.
1221 1877 1515 1947 Aceipitres
1560 1882 1613 1932 et
1658 1879 1874 1948 aquilas

279 1948 658 2006 inclementia;
706 1950 1025 2020 neutiquam
1074 1948 1436 2013 accusandos;
1496 1949 1588 2003 sed
1640 1949 1874 2019 fulicam

280 2037 417 2149 gae
439 2021 751 2077 abdicatum
778 2021 1011 2091 acquitaa
1025 2020 1246 2089 pullum
1272 2022 1468 2085 nutrit,
1495 2020 1874 2075 commendan-

358 2110 440 2147 m.

358 2110 440 2147 m.

276 2209 369 2264 58.
403 2208 647 2263 Discant
675 2206 945 2262 homines
993 2222 1189 2261 amare
1238 2205 1390 2261 ﬁlios
1421 2223 1488 2261 ex
1521 2222 1631 2261 usu
1665 2209 1721 2261 et
1749 2205 1872 2277 pie-

198 2300 331 2352 tate
360 2296 689 2359 cornicum,
720 2310 847 2365 quas
877 2293 1050 2348 etiam
1097 2292 1358 2349 volantes
1410 2294 1561 2349 ﬁlios
1593 2294 1871 2349 comitatu

203 2385 424 2442 sedulo
454 2386 916 2457 prosequuntur,
949 2387 1005 2438 et
1061 2381 1320 2438 sollicitas
1379 2400 1450 2437 ne
1494 2383 1679 2438 teneri
1728 2384 1872 2439 forte

203 2474 517 2540 deﬁciant,
551 2472 749 2527 cibum
790 2474 1134 2543 suggerunt,
1167 2487 1233 2525 ac
1287 2470 1541 2543 plurimo
1592 2471 1871 2543 temporis

208 2560 521 2618 nutriendi
570 2560 763 2616 ofﬁcia
809 2577 926 2614 non
978 2558 1333 2630 relinquunt.
1366 2561 1437 2614 At
1466 2570 1599 2615 vero
1642 2559 1871 2615 feminae

208 2651 405 2706 nostri
438 2650 675 2723 generis
705 2648 819 2703 cito
852 2648 1145 2703 ablactant
1169 2648 1343 2703 etiam
1375 2647 1507 2703 illos
1554 2665 1702 2720 quos
1739 2648 1870 2703 dili-

204 2745 361 2813 gunt
394 2757 409 2793 :
442 2742 549 2793 aut
576 2738 627 2792 si
656 2736 897 2792 ditiores
929 2740 1084 2801 sunt,
1116 2735 1331 2791 lactare
1361 2736 1686 2791 fastidiunt.
1722 2736 1871 2791 Pau-

205 2829 473 2900 perieres
548 2842 685 2882 vero
762 2826 876 2897 (23)
945 2825 1228 2895 abjiciunt
1291 2824 1584 2896 parvulos,
1653 2830 1711 2880 et
1775 2842 1870 2879 ex-

205 2922 461 2990 ponunt,
526 2921 583 2971 et
641 2914 1035 2987 deprehensos
1093 2914 1402 2984 abnegant.
1441 2915 1581 2985 Ipsae
1638 2930 1871 2985 quoque

206 3006 443 3071 divites,
479 3021 553 3059 ne
582 3021 686 3075 per
716 3003 915 3074 plures
962 3018 1137 3057 suum
1187 3002 1609 3073 patrimonium
1648 3001 1870 3057 divida-

1982 448 2153 488 curas
2211 431 2488 501 relaxant,
2551 435 2649 491 sed
2708 434 2968 508 pericula
3023 437 3394 509 praedonibus
3452 435 3631 493 decli-

1982 522 2175 576 nanda
2206 522 2814 595 prospiciant.Deinde
2845 542 2979 581 cum
3010 525 3101 582 his
3133 531 3344 582 natura
3373 527 3629 599 quadam

1983 611 2277 681 praedandi
2306 629 2522 667 munus
2555 612 2871 681 inoleverit,
2908 615 3095 688 magis
3127 633 3159 671 a
3192 619 3387 670 tenero
3438 614 3632 687 pullos

1981 715 2120 753 suos
2152 699 2458 756 instituere
2488 701 2761 757 videntur
2789 703 2860 757 ad
2895 704 3171 775 pradam,
3205 720 3384 775 quam
3427 708 3630 775 pastus

1981 787 2250 843 abdicare
2282 789 2662 861 compendiis.
2697 793 2851 848 104
2911 792 3124 846 Cavent
3184 809 3255 847 ne
3310 792 3372 846 in
3430 795 3631 847 tenera

1980 880 2143 931 atate
2174 878 2523 949 pigrescant,
2558 895 2629 933 ne
2661 879 2961 935 solvantur
2989 880 3242 946 deliciis;
3294 896 3367 935 ne
3416 891 3632 939 marcu-

1966 970 2147 1020 ‘scant
2195 966 2331 1033 otio,
2392 984 2464 1021 ne
2521 967 2750 1023 discant
2807 969 3003 1024 cibum
3063 969 3252 1042 magis
3296 973 3631 1041 exspectare

1981 1070 2156 1125 quam
2191 1072 2466 1126 quaerere,
2500 1072 2571 1110 ne
2604 1061 2824 1111 naturas
2853 1075 2970 1112 sua:
3005 1058 3302 1130 deponant
3348 1058 3629 1129 vigorem.

1981 1143 2381 1198 Intermittunt
2413 1144 2610 1199 studia
2642 1146 2972 1213 nutriendi;
3007 1150 3072 1200 ut
3100 1147 3157 1201 in
3190 1163 3334 1202 usus
3367 1145 3631 1217 rapiendi

1981 1232 2193 1287 audere
2225 1231 2595 1303 compellant.

2049 1321 2138 1376 60.
2171 1320 2380 1391 Aquila
2407 1337 2641 1393 quoque
2695 1322 2951 1394 plurimo
3001 1339 3267 1379 sermone
3312 1326 3635 1396 usurpatur

1981 1410 2136 1481 quod
2169 1426 2306 1464 suos
2338 1409 2570 1465 abdicet
2600 1410 2773 1481 fetus,
2806 1412 2906 1466 sed
2936 1429 3049 1467 non
3080 1415 3633 1484 utrumque,verum

1980 1515 2164 1553 unum
2197 1515 2265 1553 ex
2295 1497 2473 1569 pullis
2506 1499 2754 1553 duobus.
2788 1499 2948 1562 Quod
2991 1499 3170 1571 aliqui
3222 1500 3347 1555 ﬁeri
3396 1504 3634 1572 putave-

1979 1590 2115 1641 runt
2143 1586 2633 1658 geminandorum
2666 1585 3080 1642 alimentorum
3133 1587 3386 1643 fastidio.
3413 1587 3525 1643 Sed
3572 1587 3632 1643 id

1904 1710 1951 1773 B
1984 1692 2099 1730 non
2148 1674 2399 1730 arbitror
2442 1674 2611 1730 facile
2671 1676 3049 1742 credendum,
3112 1675 3437 1747 przesertim
3496 1692 3632 1732 cum

1982 1764 2210 1835 Moyses
2241 1767 2467 1818 tantum
2491 1764 2893 1819 testimonium
2917 1764 3152 1836 pietatis
3185 1764 3243 1819 in
3276 1764 3467 1836 pullos
3490 1781 3630 1821 suos

1980 1851 2118 1906 huic
2167 1852 2391 1907 dederit
2440 1852 2551 1917 avi,
2587 1857 2651 1907 ut
2699 1852 2914 1909 diceret
2948 1869 2961 1907 :
2990 1853 3141 1908 Sicut
3186 1854 3375 1923 aquila
3398 1856 3634 1925 protegit

1979 1941 2171 1996 nidum
2212 1958 2392 2008 suum,
2448 1950 2502 1996 et
2543 1957 2709 2012 super
2756 1942 2935 2009 pullos
2981 1957 3105 1996 suos
3153 1941 3375 2011 conﬁdit
3418 1942 3531 2013 (24)
3580 1946 3636 1998 et

1980 2030 2243 2102 expandit
2303 2031 2421 2085 alas
2476 2047 2641 2099 suas,-
2703 2033 2755 2085 et
2813 2030 3114 2102 adsumpsit
3160 2046 3274 2097 eos,
3309 2034 3359 2085 et
3402 2038 3637 2103 suscepit

1979 2136 2146 2191 super
2210 2120 2459 2191 scapulas
2513 2136 2662 2174 suas.
2723 2121 2984 2175 Dominus
3053 2120 3200 2175 solus
3263 2118 3490 2173 ducebat
3546 2136 3634 2175 eos

1980 2210 2155 2276 (Deut.
2190 2225 2364 2273 xxxii,
2404 2209 2485 2271 ll,
2518 2208 2630 2279 l2).
2663 2207 2962 2271 Quomodo
3013 2222 3149 2280 ergo
3197 2206 3444 2279 expandi
3485 2206 3629 2276 alas,

1982 2298 2032 2353 si
2090 2296 2365 2352 occiderit
2420 2296 2711 2351 alterum?
2770 2296 2932 2352 Unde
3005 2299 3145 2368 puto
3204 2312 3319 2351 non
3387 2295 3632 2351 avaritia

1983 2385 2277 2440 nutriendi
2310 2402 2437 2440 eam
2481 2384 2891 2440 inclementem
2924 2384 3073 2453 ﬁeri,
3113 2385 3211 2440 sed
3246 2384 3510 2440 examine
3532 2385 3632 2457 ju-

1981 2473 2236 2529 dicandi.
2269 2474 2511 2544 Semper
2539 2473 2695 2527 enim
2727 2473 2910 2527 fertur
2938 2472 3184 2544 probare
3215 2490 3362 2545 quos
3392 2472 3628 2545 genuit;

1981 2580 2051 2617 ne
2080 2561 2310 2633 generis
2342 2561 2430 2616 sui
2470 2561 2622 2616 inter
2657 2577 2861 2615 omnes
2912 2576 3045 2616 aves
3096 2562 3392 2632 quoddam
3443 2562 3632 2632 regale

1982 2650 2282 2723 fastigium
2322 2648 2626 2721 degeneris
2676 2652 2879 2719 partus
2930 2647 3269 2703 deformitas
3317 2646 3628 2704 decoloret.

1979 2740 2179 2810 Itaque
2210 2738 2492 2794 asseritur
2523 2736 2678 2808 quod
2730 2734 2890 2807 pullo
2950 2752 3088 2791 suos
3138 2736 3317 2792 radiis
3356 2735 3497 2792 solis
3527 2736 3628 2792 ob-

1971 2828 2158 2897 jiciat,
2191 2832 2364 2899 atque
2415 2826 2474 2880 in
2520 2824 2671 2880 aeris
2701 2824 2892 2879 medio
2941 2823 3213 2895 parvulos
3262 2840 3458 2897 ungue
3500 2842 3633 2881 sus-

1980 2916 2223 2988 pendat;
2257 2932 2323 2970 ac
2374 2914 2423 2969 si
2467 2914 2600 2986 quis
2645 2929 2985 2985 repercusso
3034 2911 3195 2983 solis,
3246 2912 3491 2981 lumine,
3539 2913 3629 2968 in-

1978 3005 2266 3076 trepidam
2299 3003 2601 3059 oculorum
2633 3003 2816 3057 aciem
2856 3001 3140 3058 inoffenso
3186 3001 3389 3057 tuendi
3435 3002 3632 3075 vigore

207 3099 328 3161 tur,
362 3094 425 3148 in
458 3096 628 3148 utero
658 3090 923 3164 proprios
954 3095 1166 3146 necant
1196 3091 1368 3158 fetus,
1402 3094 1459 3145 et
1506 3090 1868 3161 parricidali-
1901 3071 1944 3138 C
1982 3092 2313 3163 servaverit,
2372 3092 2422 3146 is
2481 3092 2780 3162 probatur,
2839 3091 2993 3162 quod
3052 3089 3354 3146 veritatem
3408 3071 3630 3147 natura;

210 3184 325 3238 bus
356 3182 554 3240 succis
585 3181 645 3236 in
673 3180 802 3252 ipso
831 3179 1068 3252 genitali
1099 3179 1224 3234 alvo
1256 3178 1501 3251 pignora
1531 3179 1623 3233 sui
1655 3180 1870 3235 ventris

212 3272 624 3344 exstinguunt,
650 3269 932 3342 priusque
963 3268 1225 3323 aufertur
1273 3267 1394 3321 vita
1445 3284 1620 3339 quam
1676 3268 1870 3323 trada-

212 3365 329 3415 tur.
363 3359 511 3423 Quis
550 3358 748 3413 docuit
796 3356 909 3412 nisi
959 3356 1133 3412 homo
1183 3355 1334 3411 ﬁlios
1387 3355 1682 3411 abdicari?
1730 3357 1870 3422 Quis

212 3448 430 3520 reperit
460 3451 584 3503 tam
628 3444 883 3501 immitia
916 3448 1146 3516 patrum
1170 3443 1353 3515 jura?
1384 3444 1524 3510 Quis
1573 3444 1724 3499 inter
1764 3463 1868 3500 na-

212 3542 357 3592 turae
380 3536 640 3591 fraterna
658 3535 951 3591 consortia
972 3534 1178 3590 fratres
1203 3533 1459 3605 impares
1482 3533 1614 3588 fecit
1633 3537 1656 3588 Ρ
1685 3533 1868 3590 Unius

213 3624 412 3680 divitis
470 3623 573 3678 ﬁlii
624 3624 856 3679 diversa
912 3627 1066 3677 sorte
1121 3623 1444 3677 caeduntur.
1479 3622 1642 3677 Alius
1684 3623 1868 3694 totius

213 3717 467 3784 paternae
530 3711 707 3768 sortis
758 3709 1212 3783 ascriptionibus
1268 3708 1591 3764 inundatur
1649 3726 1661 3763 :
1719 3709 1869 3766 alius

212 3801 502 3874 opulentae
554 3798 911 3854 hereditatis
959 3798 1158 3870 patriai
1208 3796 1472 3869 deplorat
1525 3797 1867 3854 exhaustam

212 3894 389 3961 atque
442 3889 681 3960 inopem
727 3887 1072 3959 portionem.
1104 3886 1403 3957 Numquid
1435 3890 1645 3941 natura
1675 3886 1871 3942 divisit

213 3977 424 4032 merita
471 3974 771 4031 ﬁliorum?
820 3976 902 4029 Ex
947 3975 1072 4046 pari
1123 3974 1398 4030 omnibus
1452 3973 1678 4042 tribuit,
1712 3977 1868 4047 quod

215 4067 282 4121 ad
312 4063 593 4121 nascendi
626 4067 800 4135 atque
827 4064 1056 4119 vivendi
1088 4064 1317 4135 possint
1346 4063 1560 4118 habere
1592 4064 1866 4121 substan-

217 4153 376 4210 tiam.
412 4158 551 4225 lpsa
578 4169 680 4208 vos
724 4152 930 4207 doceat
967 4168 1081 4206 non
1114 4152 1441 4207 discernere
1491 4151 1866 4223 patrimonio,

219 4259 360 4315 quos
392 4241 564 4297 titulo
610 4240 1021 4313 germanitatis
1054 4240 1349 4312 aaquastis.
1374 4240 1599 4295 Etenim
1653 4240 1867 4312 quibus

221 4329 458 4387 dedistis
489 4328 885 4385 communiter
913 4344 1039 4385 esse
1068 4329 1224 4400 quod
1258 4329 1377 4384 nati
1410 4332 1570 4396 sunt,
1605 4346 1721 4384 non
1768 4329 1864 4384 dc-

221 4420 366 4475 betis
396 4418 512 4488 his,
547 4422 612 4472 ut
639 4417 698 4506 id
729 4416 1121 4506 communiter
1150 4416 1406 4472 habeant
1436 4417 1494 4471 in
1519 4418 1673 4489 quod
1707 4436 1741 4473 a
1770 4435 1867 4473 na.
1897 4445 1945 4506 ι)

223 4514 345 4563 tura
372 4504 680 4561 substituti
715 4509 876 4573 sunt,
908 4503 1190 4560 invidere.

282 4595 371 4652 59.
402 4594 726 4666 Accipitres
758 4593 1029 4648 feruntur
1074 4593 1134 4647 in
1187 4609 1253 4648 eo
1297 4593 1507 4648 duram
1555 4593 1864 4649 adversum

223 4684 477 4759 proprios
507 4683 659 4739 fetus
692 4682 906 4737 habere
952 4681 1408 4748 inclementiam,
1451 4682 1605 4753 quod
1640 4682 1737 4737 ubi
1768 4698 1866 4737 eos

225 4773 566 4831 adverterint
610 4775 840 4828 tentare
887 4769 1113 4827 volatus
1160 4771 1505 4842 primordia,
1553 4770 1706 4826 nidis
1757 4770 1865 4841 eji-

226 4864 373 4921 ciunt
418 4863 567 4931 suis,
621 4860 1020 4932 continuoque
1064 4860 1402 4927 eliminant;
1435 4876 1501 4914 ac
1548 4859 1597 4914 si
1638 4877 1867 4916 moren-

226 4958 329 5020 tur,
375 4952 732 5025 propulsant
779 4948 989 5021 pennis
1035 4952 1211 5020 atque
1256 4947 1642 5021 praecipitant,
1671 4949 1870 5005 verbe-

229 5046 343 5099 rant
368 5040 499 5110 alis,
533 5043 876 5112 coguntque
918 5037 1132 5093 audere
1177 5037 1334 5110 quod
1382 5037 1707 5109 trepidant;
1765 5054 1868 5093 nec

229 5130 390 5187 ullum
423 5134 635 5204 postea
666 5127 936 5189 deferunt
984 5126 1078 5180 his
1127 5142 1345 5181 munus
1375 5124 1683 5181 alimoniae.
1718 5126 1868 5189 Quid

230 5221 416 5277 mirum
450 5224 659 5275 tamen
694 5215 745 5271 si
778 5230 980 5286 rapere
1008 5215 1223 5271 assueti
1267 5212 1490 5269 nutrire
1536 5213 1862 5271 fastidiunt.

225 5310 658 5369 Consideremus
696 5303 772 5360 ad
821 5302 931 5359 hoc
962 5319 1060 5360 eos
1105 5320 1234 5360 esse
1272 5305 1674 5376 genera‘tos,ut
1692 5304 1867 5359 etiam

271 5456 368 5530 (23)
401 5453 555 5530 Mss.
595 5452 881 5530 quatuor,
910 5447 1130 5530 Pauper
1156 5448 1426 5530 quaeritur
1456 5445 1870 5530 quodpccuniae

447 5520 964 5592 sedes’reiiqueris.
995 5521 1357 5593 Pauper-iores
1384 5533 1529 5587 vero,
1564 5521 1671 5573 etc.

1978 3181 2187 3236 sinceri
2247 3181 2488 3235 obtutus
2543 3177 2872 3233 constantia
2928 3177 3413 3234 demonstraverit
3470 3196 3483 3234 :
3537 3178 3629 3234 sin

1975 3286 2111 3325 vero
2141 3269 2371 3324 lumina
2402 3284 2511 3323 sua
2539 3267 2897 3338 praestrictus
2928 3265 3089 3320 radio
3137 3265 3278 3321 solis
3322 3266 3627 3336 inﬂexerit,

1979 3357 2147 3427 quasi
2177 3358 2428 3429 degener
2455 3360 2512 3411 et
2540 3359 2705 3410 tanta
2734 3354 3013 3425 indignus
3045 3357 3283 3425 parente
3336 3352 3626 3424 rejicitur;

1977 3463 2082 3502 nec
2113 3447 2436 3501 aestimatur
2467 3443 2810 3499 educatione
2841 3442 3185 3515 diguus,qui
3207 3442 3319 3497 fuit
3346 3440 3625 3516 indignus

1978 3535 2366 3607 susceptione.
2394 3534 2521 3589 Non
2554 3548 2689 3604 ergo
2741 3548 2875 3587 eum
2927 3531 3239 3588 acerbitate
3271 3535 3493 3589 naturae
3525 3533 3627 3589 sed

1969 3623 2177 3697 judicii
2206 3622 2536 3692 integritate
2562 3621 2942 3689 condemnat;
2975 3636 3080 3675 nec
3103 3620 3272 3691 quasi
3304 3636 3479 3676 suum
3530 3621 3628 3678 ab-

1977 3713 2150 3779 dicat,
2184 3712 2285 3767 sed
2316 3710 2483 3783 quasi
2517 3709 2773 3766 alienum
2804 3712 3053 3764 recusat.

2046 3802 2135 3855 61.
2172 3801 2330 3855 Hanc
2374 3804 2593 3875 tamen,
2626 3802 2691 3853 ut
2739 3797 3093 3869 quibusdam
3132 3797 3380 3867 videtur,
3414 3795 3627 3870 regalis

1976 3889 2099 3943 avis
2129 3887 2562 3944 inclementiam
2613 3885 2849 3957 plebeiae
2902 3885 3025 3941 avis
3073 3884 3335 3941 exclusat
3380 3884 3630 3940 clemen-

1975 3976 2074 4032 tia.
2107 3978 2243 4031 Avis
2275 3975 2432 4030 enim
2464 3974 2556 4029 cui
2608 3973 2786 4029 fulica
2835 3990 3049 4029 nomen
3096 3978 3205 4040 est,
3260 3990 3387 4043 qua).
3436 3972 3628 4028 Graece

1976 4064 2191 4120 dicitur
2239 4072 2389 4137 φηνή,
2440 4067 2776 4133 susceptum
2836 4061 3030 4129 illum,
3090 4061 3211 4116 sive
3267 4060 3624 4129 abdicatum,

1976 4151 2095 4208 sive
2126 4170 2241 4207 non
2271 4151 2537 4223 agnitum
2587 4149 2794 4220 aquilas
2844 4148 3071 4220 pullum
3125 4165 3257 4204 cum
3311 4165 3421 4204 sua
3469 4147 3629 4221 prole

1977 4242 2295 4309 connectit;
2356 4244 2529 4311 atque
2584 4238 2995 4293 intermiscens
3056 4236 3202 4303 suis,
3251 4237 3455 4293 eodem
3510 4253 3626 4309 quo

1976 4330 2239 4402 proprios
2271 4330 2422 4384 fetus
2463 4330 2737 4382 maternae
2787 4324 3116 4382 sedulitatis
3164 4325 3353 4381 ofﬁcio
3403 4329 3460 4381 et
3502 4325 3627 4398 pari

1977 4418 2469 4473 nutrimentorum
2504 4414 3051 4471 subministratione
3103 4415 3294 4487 pascit
3321 4418 3379 4470 et
3417 4415 3627 4470 nutrit.

1978 4509 2125 4580 Ergo
2155 4515 2307 4580 φηνή,
2332 4505 2552 4561 alienos
2580 4504 2768 4559 nutrit
2798 4520 2813 4558 :
2847 4521 2955 4560 nos
2981 4520 3114 4560 vero
3147 4508 3378 4561 nostros
3409 4503 3628 4560 immiti

1976 4596 2319 4651 crudelitate
2349 4593 2714 4667 projicimus.
2747 4593 2962 4665 Aquila
2990 4610 3121 4650 vero
3154 4594 3203 4650 si
3234 4593 3486 4667 projicit,
3510 4610 3627 4649 non

1975 4684 2145 4756 quasi
2171 4700 2345 4740 suum
2378 4682 2626 4756 projicit,
2657 4682 2759 4738 sed
2794 4681 2962 4754 quasi
2992 4683 3337 4756 degenerem
3388 4699 3503 4738 non
3534 4699 3625 4738 re-

1977 4774 2272 4846 cognoscit
2303 4789 2317 4828 :
2353 4789 2478 4841 nos,
2512 4772 2668 4844 quod
2700 4772 2868 4844 pejus
2899 4776 3008 4840 est,
3033 4789 3181 4845 quos
3213 4774 3442 4827 nostros
3473 4786 3629 4826 reco-

1977 4862 2239 4934 gnoscim
2250 4879 2338 4927 us,
2374 4860 2737 4917 abdicamus.

2594 5000 2823 5057 CAPUT
2863 5001 3007 5056 XIX.

1980 5109 2259 5168 Laudatur
2301 5109 2364 5163 ob
2408 5107 2731 5163 viduitatem
2779 5113 2979 5173 turtur,
3013 5115 3062 5162 et
3105 5109 3202 5163 hoc
3246 5108 3469 5163 nomine
3502 5121 3625 5161 mu-

2220 5179 2453 5234 lieribus
2485 5179 2834 5249 anteponitur
2861 5178 3027 5233 etiam
3054 5178 3392 5234 christianis.

2047 5308 2136 5360 62.
2167 5303 2279 5357 Sed
2320 5299 2625 5355 veniamus
2678 5298 2750 5354 ad
2800 5302 3109 5368 turturem,
3162 5316 3340 5371 quam
3386 5298 3480 5355 lex
3524 5298 3627 5356 Dei

2049 5446 2361 5519 (24)Bom.
2395 5440 2563 5519 edit_._,
2608 5446 2659 5497 et
2704 5457 2866 5513 super
2910 5440 3089 5510 pullos
3129 5458 3252 5499 suos
3293 5445 3623 5515 concupivit.

1980 5513 2119 5577 Co'd.
2141 5513 2278 5575 ναι.
2291 5557 2304 5584 ,
2334 5513 2586 5570 considit.
