3910 6210
300 220 419 322 2r:

1760 258 1825 323 S.
1869 250 2243 320 AMBROSII

3598 254 3727 321 248

298 390 458 448 velut
513 393 684 448 castra
736 389 941 450 hostiae
999 410 1216 450 munus
1274 391 1445 467 elegit
1476 393 1661 465 (Lerit.
1716 411 1814 459 xu,
1864 392 1940 461 8).
1974 395 2026 460 Α
2057 404 2258 443 eorum
2316 387 2498 445 series
2552 388 2928 461 producatur,
2961 402 3066 447 nec
3122 384 3291 447 facile
3330 402 3427 449 eos
3466 392 3723 463 angusti

299 479 560 553 Denique
617 499 751 537 cum
806 482 1088 539 Dominus
1156 483 1687 548 circumcideretur,
1748 480 1941 535 oblata

258 572 562 643 'est(25);
606 571 743 643 quia
791 572 1074 644 scriptum
1129 576 1217 626 est
1272 572 1330 626 in
1392 570 1515 641 lege
1566 570 1818 638 Domini,
1879 574 1943 624 ut

299 657 506 713 darent
536 659 787 714 hostiam
820 678 924 732 par
953 664 1270 727 turturum,
1304 665 1406 715 aut
1437 661 1585 714 duos
1612 658 1802 730 pullos
1844 675 1940 712 co-

297 744 636 803 lumbarum
694 749 844 818 (Luc.
902 766 961 803 ιι.
1021 751 1132 817 24).
1192 749 1311 804 Hoc
1375 754 1463 804 est
1526 749 1681 804 enim
1737 763 1940 801 verum

297 834 509 899 Christi
559 836 909 891 sacrificium
960 837 1244 908 pudicitia
1291 837 1628 908 corporalis,
1663 840 1718 891 et
1754 835 1943 907 gratia

298 921 599 994 epiritalis.
636 924 921 979 Pudicitia
970 925 1039 979 ad
1095 929 1382 980 turturem
1434 925 1698 990 refertur,
1744 924 1815 979 ad
1847 940 1938 977 co-

296 1009 558 1066 lumbam
591 1013 797 1085 gratia.
833 1014 1038 1068 Fertur
1074 1015 1291 1069 etenim
1341 1018 1537 1068 turtur
1583 1013 1681 1068 ubi
1720 1012 1941 1085 jugalis

297 1099 512 1171 proprii
560 1101 733 1156 fuerit
781 1101 1096 1157 amissione
1128 1102 1279 1158 105
1322 1102 1577 1169 viduata,
1630 1106 1939 1173 pertaasum

296 1187 608 1257 thalamos,
642 1193 698 1245 et
728 1207 939 1245 nomen
973 1190 1183 1246 habere
1214 1191 1467 1262 conjugii
1514 1192 1654 1262 (26);
1689 1207 1754 1245 eo
1785 1190 1938 1262 quod

297 1276 527 1348 primus
558 1294 722 1333 amor
741 1278 1009 1333 fefellerit
1029 1295 1157 1335 eam
1183 1279 1375 1334 dilecti
1408 1284 1591 1334 morte
1614 1280 1938 1350 deceptam,

298 1365 576 1437 quoniam
630 1370 686 1421 et
741 1366 994 1421 inﬁdelis
1054 1369 1123 1423 ad
1186 1368 1630 1439 perpetuitatem
1698 1368 1827 1435 fuit,
1884 1373 1941 1422 et

298 1469 535 1509 amarus
565 1454 638 1508 ad
668 1454 938 1526 gratiam,
982 1455 1081 1526 qui
1141 1454 1275 1526 plus
1335 1454 1551 1511 doloris
1606 1472 1675 1510 ex
1731 1460 1937 1523 morte,

297 1557 473 1613 quam
505 1542 811 1599 suavitatis
838 1559 909 1598 ex
965 1543 1247 1599 cbaritate
1300 1544 1679 1616 generaverit.
1741 1544 1939 1616 Itaque

292 1627 503 1685 iterare
560 1630 1029 1701 conjunctionem
1088 1636 1340 1696 recusat,
1375 1648 1477 1686 nec
1535 1632 1774 1703 pudoris
1802 1632 1941 1702 jura

294 1721 395 1773 aut
419 1717 747 1790 complaciti
794 1719 899 1772 viri
948 1718 1183 1774 resolvit
1229 1720 1465 1789 foedera,
1499 1718 1581 1773 illi
1621 1718 1729 1774 soli
1770 1735 1935 1774 suam

294 1804 638 1861 charitatem
686 1810 962 1874 reservat,
1001 1806 1083 1861 illi
1142 1808 1395 1863 custodit
1451 1825 1663 1863 nomen
1721 1809 1938 1863 uxoris.

293 1892 526 1961 Discite,
559 1893 856 1959 mulieres,
890 1900 1108 1966 quanta
1134 1896 1211 1950 sit
1237 1895 1536 1952 viduitatis
1573 1896 1779 1969 gratia,
1813 1913 1939 1968 quae

295 1981 470 2037 etiam
502 1981 562 2036 in
595 1983 799 2038 avibus
821 1984 1186 2054 praedicatur.

365 2070 456 2124 63.
491 2071 631 2136 Quis
661 2071 840 2143 igitur
871 2072 975 2127 has
1030 2071 1185 2144 leges
1228 2073 1443 2128 turturi
1490 2074 1686 2129 dedit?
1729 2074 1787 2130 Si
1836 2074 1938 2130 ho-

294 2158 515 2214 minem
538 2176 752 2231 quaaro,
787 2177 904 2214 non
941 2161 1193 2217 invenio.
1228 2162 1409 2217 Homo
1440 2163 1594 2217 enim
1623 2162 1822 2218 nullus
1854 2167 1943 2218 est

294 2263 497 2314 ausus,
520 2248 754 2319 quando
780 2265 884 2303 nec
916 2250 1131 2304 Paulus
1162 2267 1344 2305 ausus
1373 2256 1462 2305 est
1491 2250 1648 2323 logos
1677 2253 1940 2307 tenendae

291 2335 595 2391 viduitatis
651 2336 1040 2408 praescribere.
1119 2338 1377 2411 Denique
1442 2339 1566 2411 ipse
1615 2342 1696 2395 ait
1749 2359 1761 2396 :
1821 2342 1939 2396 Volo

293 2437 421 2491 ergo
441 2424 693 2495 juniores
740 2427 968 2493 nubere,
1001 2426 1144 2495 ﬁlios
1184 2443 1491 2498 procreare,
1523 2432 1724 2485 matres
1769 2432 1937 2501 fami-

293 2511 401 2566 lias
455 2528 585 2579 esse,
642 2513 860 2568 nullam
916 2517 1251 2569 occasionem
1322 2516 1454 2572 dare
1524 2517 1833 2574 adversario
1894 2520 1943 2591 (Ι

294 2600 427 2655 Tim.
460 2618 515 2668 v,
552 2601 659 2672 14).
697 2602 763 2656 Et
793 2600 931 2656 alibi
967 2620 979 2657 :
1019 2603 1231 2659 Bonum
1277 2609 1357 2660 est
1404 2606 1536 2672 illis,
1596 2608 1646 2661 si
1689 2609 1767 2660 sic
1812 2623 1936 2677 per-

289 2696 551 2745 maneant
581 2708 598 2743 :
626 2691 769 2761 quod
805 2693 857 2745 si
883 2707 937 2745 se
968 2707 1076 2746 non
1122 2694 1422 2760 continent,
1471 2695 1698 2749 nubant.
1751 2695 1941 2750 Melius

289 2785 368 2832 est
395 2779 545 2832 enim
571 2779 775 2834 nubere
806 2796 971 2850 quam
1000 2782 1094 2834 uri
1123 2781 1169 2851 (1
1199 2780 1318 2836 Cor.
1378 2798 1479 2846 vn,
1537 2783 1590 2849 8,
1639 2784 1715 2854 9).
1768 2782 1939 2854 Optat

291 2864 509 2919 Paulus
539 2866 600 2919 in
632 2865 998 2933 mulieribus,
1025 2868 1179 2938 quod
1214 2868 1271 2922 in
1306 2870 1640 2925 turturibus
1672 2888 1939 2942 perseve-

291 2955 401 3007 rat.
436 2952 506 3005 Et
535 2952 673 3006 alibi
724 2953 990 3024 juniores
1046 2953 1313 3008 hortatur
1370 2961 1433 3010 ut
1491 2958 1760 3013 nubant:
1802 2960 1940 3032 quia

291 3039 567 3096 mulieres
595 3045 804 3095 nostra:
834 3045 1131 3097 turturum
1164 3043 1507 3114 pudicitiam
1558 3045 1797 3117 implere
1846 3049 1938 3103 vix

2049 478 2183 532 aevis
2217 477 2352 533 ﬁnis
2383 478 2653 549 excipiat.

2118 568 2206 621 65.
2240 566 2387 630 Quid
2416 567 2599 636 aiunt,
2637 568 2735 640 qui
2768 568 2957 624 solent
2998 569 3199 623 nostra
3248 566 3436 624 ridere
3485 572 3723 641 myste-

2049 654 2154 723 ria,
2189 672 2319 709 cum
2354 656 2603 711 audiunt
2633 657 2789 728 quod
2829 656 2992 729 virgo
3041 656 3356 725 generavit,
3386 658 3441 711 et
3486 655 3722 730 impos-

2050 741 2277 797 sibilcm
2322 743 2601 815 innuptae,
2635 746 2803 815 cujus
2853 745 3135 816 pudorem
3196 741 3361 798 nulla
3404 744 3520 799 viri
3572 761 3718 800 con-

2050 832 2299 886 suetudo
2329 835 2691 900 temerasset,
2725 832 3067 889 existimant
3119 836 3393 905 partum?
3422 833 3717 907 Impossi-

2050 917 2165 974 bile
2222 923 2464 991 putatur
2520 919 2580 975 in
2640 920 2738 974 Dei
2796 921 2999 990 Matre,
3034 920 3189 993 quod
3250 920 3309 976 in
3366 919 3720 979 vulturibus

2050 1007 2329 1079 possibile
2361 1025 2476 1064 non
2510 1011 2801 1082 negatur?
2829 1009 2965 1064 Avis
2997 1009 3123 1065 sine
3157 1008 3419 1066 masculo
3449 1011 3638 1083 parit,
3663 1017 3722 1066 et

2051 1096 2250 1152 nullus
2311 1096 2551 1163 refellit;
2619 1102 2676 1152 et
2731 1098 2871 1169 quia
2928 1098 3283 1170 desponsata
3336 1098 3461 1154 viro
3526 1099 3719 1155 Maria

2046 1184 2209 1257 virgo
2238 1186 2485 1257 peperit,
2521 1186 2727 1258 pudori
2758 1187 3016 1258 ejus(29)
3046 1186 3267 1241 faciunt
3296 1186 3714 1259 quaestionem.

2047 1271 2250 1328 Nonne
2300 1273 2657 1329 advertimus
2701 1276 2857 1347 quod
2909 1274 3194 1329 Dominus
3227 1291 3295 1330 ex
3327 1275 3454 1348 ipsa
3500 1279 3719 1330 natura

2050 1360 2303 1432 plurima
2333 1361 2599 1433 exempla
2649 1368 2782 1419 ante
2833 1363 3136 1436 praemisit,
3169 1363 3386 1435 quibus
3417 1369 3712 1436 suscepta:

2048 1446 2470 1504 incarnationis
2502 1450 2766 1506 decorem
2797 1452 3153 1524 probaret,et
3182 1438 3477 1508 astrueret
3502 1452 3715 1508 verita-

2048 1541 2190 1592 tem.

2568 1626 2723 1683 I06
2761 1625 2996 1683 CAPUT
3036 1627 3179 1683 XXI.

2050 1713 2124 1767 De
2158 1714 2360 1787 avibus
2414 1715 2514 1769 sub
2569 1715 2813 1786 quadam
2856 1714 3176 1786 reipublicae
3215 1716 3400 1787 forma
3437 1718 3713 1774 constitu.

2118 1786 2372 1858 tisrdUbi
2426 1788 2702 1857 praecipue
2758 1787 2823 1842 de
2877 1787 3092 1858 apibus,
3134 1786 3304 1858 deque
3349 1804 3552 1845 earum
3606 1792 3714 1844 mi-

2119 1854 2289 1930 rabili
2356 1854 2556 1930 natura
2592 1854 2607 1857 ⁷
2630 1859 2703 1930 i_n_
2757 1854 2931 1929 prolis
2999 1854 3365 1930 generatim,
3428 1860 3495 1914 in
3564 1861 3711 1930 regis

2119 1928 2465 2000 institutione
2510 1944 2581 2000 (ac
2630 1928 2735 1998 ﬁde
2780 1945 2910 2000 erga
2966 1929 3148 1995 illum,
3194 1931 3256 1985 in
3301 1928 3713 1988 constructione

2116 1999 2390 2074 favorum,
2436 1999 2749 2055 collectione
2806 1999 3004 2068 vitellis,
3060 2016 3159 2057 nec
3205 2016 3317 2055 non
3370 2003 3494 2074 ejus
3553 2004 3710 2060 utili-

2123 2072 2251 2135 tate,
2284 2072 2391 2125 etc.

2118 2157 2207 2211 66.
2243 2157 2408 2212 Nunc
2437 2173 2565 2230 age,
2599 2173 2729 2229 qua:
2760 2173 2892 2213 aves
2922 2156 3081 2212 velut
3111 2159 3433 2231 quamdam
3466 2176 3708 2233 rempu-

2049 2243 2261 2300 blicam
2323 2263 2526 2302 curare
2583 2247 2888 2302 videantur
2954 2247 3278 2319 expediam,
3338 2254 3522 2320 atque
3582 2249 3708 2304 vitae

2049 2333 2228 2404 hujus
2257 2338 2486 2391 aetatem
2514 2351 2679 2407 agerc
2711 2336 2819 2390 sub
2853 2334 3103 2407 legibus.
3139 2335 3241 2391 Hic
3295 2336 3455 2392 enim
3513 2338 3707 2411 reipu-

2049 2422 2211 2477 blicae
2261 2440 2404 2479 usus
2451 2429 2559 2492 est,
2615 2423 2773 2495 leges
2821 2423 3096 2480 omnibus
3156 2440 3287 2480 esse
3335 2442 3707 2494 communes,

2049 2516 2229 2582 atque
2298 2511 2591 2567 observari
2657 2528 2756 2567 eas
2824 2511 3126 2568 devotione
3192 2514 3522 2571 communi.
3588 2514 3706 2570 Uno

2050 2615 2254 2654 omnes
2304 2599 2487 2655 teneri
2536 2600 2768 2655 vinculo
2806 2617 2818 2654 :
2854 2618 2971 2656 non
3024 2599 3312 2673 alterijus
3360 2619 3517 2673 esse,
3553 2604 3735 2675 quod,

2048 2685 2200 2742 alius
2259 2687 2371 2742 sibi
2428 2687 2716 2760 intelligat
2760 2705 2875 2743 non
2932 2688 3133 2759 licere;
3169 2690 3271 2745 sed
3311 2691 3472 2762 quod
3515 2690 3707 2759 liceat,

2047 2774 2221 2831 licere
2248 2776 2552 2845 omnibus;
2586 2782 2641 2831 et
2671 2778 2822 2850 quod
2873 2795 2991 2833 non
3038 2777 3232 2849 liceat,
3262 2779 3548 2835 omnibus
3593 2797 3703 2835 non
3750 2847 3765 2853 -

2047 2861 2239 2918 licere.
2287 2865 2427 2919 Esse
2492 2864 2667 2920 etiam
2725 2882 3096 2921 communem
3158 2866 3546 2923 reverentiam
3605 2885 3704 2940 pa-

2047 2955 2202 3007 trum
2236 2951 2370 3023 (30).
2406 2969 2657 3024 quorum
2688 2953 2931 3010 consilio
2965 2952 3297 3027 respublica
3315 2956 3701 3028 gubernetur,

2046 3055 2361 3096 commune
2419 3041 2696 3097 omnibus
2754 3042 2917 3098 urbis
2970 3041 3354 3112 domicilium,
3387 3060 3707 3101 commune

291 3132 559 3201 possunt.
592 3129 740 3201 Ergo
770 3130 1100 3187 turturibus
1130 3131 1283 3187 Deus
1334 3133 1489 3188 hunc
1532 3132 1749 3190 infudit
1796 3137 1905 3192 aﬂ‘e

2097 3129 2508 3186 )nversationis
2538 3131 2821 3197 ofﬁcium,
2854 3148 3038 3187 unum
3070 3132 3480 3206 praescriptum
3516 3132 3702 3189 omni-

294 3218 478 3283 ctum,
508 3216 658 3272 hanc
686 3217 959 3273 virtutem
994 3218 1359 3274 continentiae
1399 3221 1578 3289 dedit,
1629 3222 1729 3294 qui
1779 3224 1939 3280 solus

292 3307 485 3377 potest
515 3306 884 3377 praescribere
915 3308 1068 3380 quod
1099 3325 1302 3365 omnes
1346 3315 1684 3381 sequantur.
1720 3313 1941 3369 Turtur

294 3408 411 3448 non
439 3394 632 3449 uritur
663 3395 802 3451 flore
832 3396 943 3467 (27)
963 3397 1311 3467 juventutis,
1347 3415 1461 3453 non
1494 3403 1751 3456 tentatur
1779 3418 1939 3458 occa-

292 3479 478 3537 sionis
505 3481 808 3552 illecebra;
842 3488 1037 3539 turtur
1067 3486 1250 3541 nescit
1280 3486 1529 3557 primam
1583 3488 1758 3544 fidem
1803 3490 1933 3545 irri-

2050 3217 2181 3285 bus,
2216 3235 2399 3273 unum
2422 3235 2551 3275 esse
2580 3218 2913 3275 consilium.

2117 3306 2206 3361 67.
2241 3306 2451 3379 Magna
2481 3305 2610 3375 hac,
2644 3309 2745 3364 sed
2779 3312 2997 3380 quanto
3046 3309 3107 3364 in
3155 3309 3366 3381 apibus
3413 3315 3698 3382 praestan-

2045 3393 2213 3463 tiora,
2248 3412 2376 3468 quas
2407 3394 2541 3451 solae
2573 3396 2629 3452 in
2661 3397 2819 3452 omni
2850 3413 3061 3470 genere
3099 3397 3497 3455 animantium
3541 3416 3696 3456 com-

2046 3499 2287 3539 munem
2338 3484 2612 3540 omnibus
2662 3483 2922 3541 sobolem
2970 3484 3207 3551 habent,
3248 3503 3428 3542 unam
3493 3503 3695 3543 omnes

289 3570 414 3622 tam
445 3568 664 3637 facere;
699 3570 836 3642 quia
865 3571 1020 3627 novit
1050 3574 1457 3629 castimoniam
1488 3592 1715 3632 servare
1744 3578 1935 3649 prima
2041 3571 2306 3627 incolunt
2364 3572 2747 3642 mansionem,
2822 3574 2999 3629 unius
3068 3575 3266 3646 patria?
3333 3573 3696 3632 Clauduntur

288 3655 564 3711 connubii
595 3661 750 3713 sorte
781 3661 1128 3730 promissam
1164 3662 1297 3733 (28).

922 3766 1152 3822 CAPUT
1191 3767 1307 3822 XX.

290 3848 703 3932 Vultures.quw
737 3853 1080 3932 sineAmaris
1122 3857 1323 3932 copula
1374 3858 1598 3929 gignere
1644 3859 1923 3932 dicuntur,

506 3922 746 3992 virginei
768 3928 953 3994 partes
983 3922 1404 3997 possibilitatem
1433 3922 1696 3985 astruere.

349 4009 438 4064 64.
471 4009 738 4068 Diximus
768 4013 838 4067 de
867 4012 1147 4071 viduitate
1181 4016 1396 4087 avium,
1428 4034 1675 4091 eamque
1707 4020 1778 4075 ab
1807 4020 1924 4079 illis

275 4096 533 4169 primum
564 4104 822 4156 exortam
855 4119 981 4158 esse
1015 4103 1284 4160 virtutem
1317 4122 1330 4160 ε
1366 4123 1521 4161 nunc
1569 4109 1639 4162 de
1684 4108 1921 4182 integri-

273 4189 389 4242 tate
421 4188 706 4258 dicamus,
741 4207 868 4263 quze
898 4192 956 4246 in
990 4192 1257 4264 pluribus
1305 4195 1545 4265 quidem
1597 4196 1800 4253 avibus
1839 4200 1922 4255 ita

273 4290 401 4331 esse
453 4283 840 4349 asseveratur,
873 4284 937 4335 ut
992 4282 1184 4353 possit
1239 4283 1414 4337 etiam
1476 4285 1535 4338 in
1591 4284 1919 4342 vulturibus

272 4363 648 4436 deprehendi.
708 4367 1008 4441 Negantur
1065 4371 1220 4425 enim
1279 4371 1540 4427 vultures
1612 4372 1918 4447 indulgere

2041 3658 2264 3730 limine,
2315 3659 2373 3713 iu
2432 3676 2745 3715 commune
2802 3661 3078 3716 omnibus
3131 3661 3294 3717 labor
3354 3663 3688 3719 communis

2040 3747 2226 3816 cibus,
2289 3748 2619 3804 communis
2691 3749 2970 3821 operatio,
3038 3750 3371 3806 communis
3428 3769 3582 3809 usus
3637 3755 3690 3808 et

2036 3836 2261 3892 fructus
2291 3840 2397 3902 est,
2431 3836 2761 3893 communis
2807 3835 3053 3893 volatus.
3087 3837 3233 3901 Quid
3283 3837 3496 3911 plura?
3525 3839 3688 3896 Com-

2037 3925 2235 3980 munis
2265 3925 2538 3980 omnibus
2570 3925 2887 3998 generatio,
2931 3925 3234 3999 integritas
3285 3944 3523 4000 quoque
3567 3944 3683 3984 cor-

2033 4012 2192 4084 poris
2246 4012 2549 4086 virginalis
2607 4014 2905 4084 omnibus.
2958 4014 3292 4070 communis
3343 4019 3401 4072 et
3448 4021 3681 4089 partus;

2034 4100 2310 4173 quoniam
2346 4118 2534 4172 neque
2564 4100 2717 4157 inter
2746 4118 2808 4157 se
2839 4100 2956 4157 ullo
2987 4103 3300 4158 concubitu
3341 4103 3679 4169 miscentur,

2032 4204 2138 4244 nec
2177 4189 2418 4244 libidine
2475 4188 2866 4260 resolvuntur,
2918 4207 3023 4247 nec
3080 4195 3283 4263 partus
3340 4194 3683 4265 quatiuntur

2029 4276 2350 4345 doloribus,
2383 4283 2441 4333 et
2499 4279 2691 4334 subito
2751 4278 3076 4335 maximum
3134 4278 3391 4337 ﬁliorum
3440 4295 3677 4338 examen

2029 4366 2323 4435 emittunt,
2357 4384 2387 4422 e
2444 4366 2596 4423 foliis
2654 4371 2712 4423 et
2768 4367 2966 4424 herbis
3024 4384 3121 4424 ore
3178 4385 3285 4426 suo
3343 4369 3569 4442 prolem
3599 4368 3676 4424 le-

269 4452 607 4552 concubitu,
640 4458 696 4509 et
726 4456 1018 4529 conjugali
1050 4459 1303 4529 quodam
1358 4476 1469 4514 usu
1520 4461 1917 4534 nuptialisque
1948 4490 1995 4552 ι)
2027 4459 2249 4552 gentes.

270 4539 490 4611 copulae
518 4545 674 4596 sorte
704 4543 958 4612 misceri,
992 4548 1167 4617 atque
1199 4546 1279 4601 ita
1309 4547 1434 4602 sine
1469 4547 1585 4603 ullo
1632 4551 1917 4607 masculo-

2097 4545 2186 4599 68.
2217 4545 2357 4616 Ipsae
2390 4544 2501 4600 sibi
2532 4561 2729 4619 regem
2778 4546 3071 4614 ordinant,
3105 4546 3245 4620 ipsa:
3275 4544 3387 4603 sibi
3420 4522 3671 4621 (populos

267 4642 399 4682 rum
432 4628 733 4700 concipere
765 4632 1005 4701 semine,
1040 4639 1096 4687 et
1125 4633 1250 4688 sine
1281 4636 1691 4705 conjunctione
1739 4655 1910 4710 gene-

262 4731 411 4784 rare,
447 4719 732 4787 natosque
762 4735 831 4773 ex
861 4718 953 4774 his
984 4720 1041 4773 in
1075 4720 1320 4776 multam
1366 4728 1592 4779 aetatem
1641 4725 1910 4799 longaevi-

199 4852 203 4856 .
262 4805 378 4859 tate
407 4804 841 4876 procedere;ut
886 4823 1071 4879 usque
1130 4808 1201 4862 ad
1263 4815 1496 4865 centum
1555 4829 1740 4869 annos
1784 4814 1910 4870 vitae

2023 4636 2221 4688 creant
2250 4651 2263 4689 :
2297 4638 2354 4688 et
2383 4632 2516 4689 licet
2571 4636 2774 4706 positae
2806 4635 2916 4692 sub
2948 4652 3100 4708 rege,
3135 4640 3275 4691 sunt
3305 4639 3505 4693 tamen
3536 4635 3667 4692 libe-

2022 4740 2118 4777 rae.
2153 4722 2299 4778 Nam
2330 4726 2386 4778 ct
2417 4724 2855 4796 praarogativam
2906 4724 3116 4796 judicii
3175 4729 3396 4794 tenent,
3447 4729 3507 4782 et
3548 4722 3665 4782 fidis

2022 4811 2343 4867 devotionis
2391 4812 2660 4868 affectum
2695 4830 2708 4869 :
2744 4813 2882 4885 quia
2930 4817 2988 4869 et
3036 4814 3317 4885 tanquam
3359 4830 3394 4868 a
3442 4829 3506 4869 se
3534 4810 3663 4868 sub-

297 4928 442 5054 t(25)
474 4928 669 4985 Germ.
704 4931 901 4999 codex,
938 4933 1197 4988 Dominus
1242 4935 1303 4988 in
1350 4937 1545 5006 templo
1598 4938 1903 5007 o/ferretur,

321 5015 371 5054 c.

263 5014 371 5055 610.

328 5070 438 5142 (26)
496 5071 626 5147 Edit
674 5073 967 5147 nonnulla:
1018 5074 1225 5141 Paris,
1283 5080 1577 5147 perlwsum
1632 5079 1905 5135 thalamos

254 5145 306 5221 et
338 5159 567 5221 nomen
601 5144 1078 5221 habet_0012jugii.'
1130 5144 1353 5202 ultima.
1401 5189 1413 5202 .
1461 5190 1493 5221 ,γ
1523 5151 1661 5221 quod
1709 5167 1904 5206 nomen

256 5212 712 5294 habetfonjugii,
738 5216 786 5268 V
789 5223 861 5272 et.
883 5212 1107 5272 omnes.
1141 5228 1190 5273 et
1216 5290 1221 5294 _
1236 5234 1435 5294 nomen
1477 5212 1674 5277 Iuibere
1714 5224 1900 5294 conju-

252 5283 353 5361 gii.
404 5283 555 5361 [ἣδε.
620 5286 765 5361 Vict.
824 5306 977 5361 unus
1025 5295 1080 5344 et
1129 5290 1311 5354 Uolb.,
1343 5300 1578 5361 pertaesa
1608 5283 1895 5352 thalamos.

253 5357 362 5428 etc.
399 5352 556 5428 βρίθῃ.
590 5359 848 5428 θοίγίοῐ.
901 5359 1046 5413 alter
1092 5352 1379 5428 per/testu}:
1430 5379 1587 5417 usum
1637 5366 1894 5427 thalami,

254 5427 363 5498 etc.
390 5422 732 5498 _Melius__a1ii
764 5429 862 5498 qui
894 5435 1003 5484 vet.
1038 5422 1577 5488 edit.consentiunt.
1611 5435 1709 5489 Est
1739 5422 1896 5491 enim

252 5492 364 5573 hoc
390 5492 520 5573 loco
544 5492 921 5573 ellipsis-qua:
949 5501 1207 5572 suppleri
1237 5507 1427 5573 potest
1470 5503 1529 5559 in
1577 5504 1735 5561 hunc
1777 5523 1899 5562 mo-

252 5562 396 5620 dum
431 5578 443 5617 :
477 5562 692 5622 Ferunt
720 5562 1295 5629 tur'turem‘éxosuin
1338 5574 1640 5645 negotium
1680 5576 1895 5632 habere

2019 4935 2333 5003 thalamos,
2364 4941 2474 4992 etc.

2089 5008 2201 5086 (:57)
2230 5007 2369 5086 Mss.
2394 5007 2637 5086 aliquot,
2670 5009 2874 5086 Turtqu
2889 5026 3006 5086 non
3037 5010 3216 5065 utitur
3244 5008 3402 5086 ﬂore,
3436 5011 3542 5066 etc.
3596 5076 3608 5086 _
3632 5075 3662 5086 η

2087 5078 2199 5150 (25)
2231 5078 2370 5133 Mss.
2424 5076 2648 5151 aliquot
2706 5082 2765 5136 et
2809 5080 2946 5137 edit.
2996 5086 3131 5147 vet.,
3177 5076 3367 5150 prima
3409 5076 3658 5137 connubii

2013 5152 2156 5203 sorte
2183 5151 2575 5219 prsetermissa.

2085 5217 2356 5294 (29)_Edit
2385 5236 2609 5288 omnes,
2636 5221 2873 5294 (pudoris
2913 5223 3050 5291 eius.
3105 5218 3389 5289 Latinius,
3430 5217 3654 5294 pudoris

2009 5291 2324 5370 ei.”l_\del_ips
2357 5307 2502 5370 mss.
2529 5291 2730 5363 puderi
2756 5294 2891 5365 ejus.
2960 5365 2994 5370 Α
3217 5366 3224 5370 Δ
3540 5359 3577 5370 η

2080 5363 2190 5431 (30)
2222 5361 2499 5417 Nonnulli
2529 5359 3086 5430 "mss.,re'verentiam
3131 5366 3404 5418 natorum.
3451 5359 3647 5423 Melius

2007 5431 2106 5487 alii
2138 5431 2381 5503 aliquot,
2415 5440 2472 5489 et
2499 5435 3127 5503 vet.edit.,senatorum.
3153 5433 3354 5491 Plures
3374 5437 3571 5492 tamen
3589 5443 3650 5486 ac

2006 5503 2171 5559 Rom.
2205 5504 2370 5573 edit.,
2401 5509 2465 5560 ut
2495 5522 2601 5563 nos
2632 5505 2691 5562 in
2723 5511 2902 5562 textu.
