3910 6210
159 328 258 402 249

1411 332 1954 399 HEXAEMERON
1996 334 2146 399 LIB.
2189 333 2265 399 ν.

3420 334 3543 404 350

159 468 409 527 stitutum
475 468 749 544 diligunt,
818 473 875 531 et
924 471 1092 528 tanto
1145 468 1438 527 honorant
1493 469 1775 526 examine.
1809 473 1858 536 Α
1895 469 2089 534 mella,
2121 474 2177 525 et
2205 470 2426 526 intexta
2471 469 2713 528 floribus
2761 469 2972 529 horrea
3013 474 3244 529 nectare
3284 472 3538 545 quodam

162 559 262 617 Rex
282 563 475 615 autem
506 576 622 616 non
654 563 807 618 sorte
837 560 1096 628 ducitur;
1130 559 1269 634 quia
1321 561 1378 615 in
1428 562 1581 616 sorte
1609 575 1779 615 even-

158 651 241 703 tus
283 652 389 716 est,
423 665 539 704 non
578 650 895 721 judicium,
927 654 984 706 et
1025 667 1178 722 saepe
1223 648 1612 705 irrationabili
1643 664 1781 704 casu

159 736 311 792 sortis
341 737 681 795 melioribus
710 738 956 795 ultimus
995 739 1249 811 quisque
1298 738 1600 810 praefertur
1632 756 1644 793 :
1678 753 1782 792 ne-

156 842 252 898 que
279 825 560 900 imperitae
592 827 988 883 multitudinis
1035 826 1259 900 vulgari
1302 827 1554 882 clamore
1583 826 1782 898 signa-

154 917 254 984 tur,
284 932 410 987 quae
443 933 557 971 non
590 916 800 973 merita
827 916 1060 972 virtutis
1091 916 1382 989 expendit,
1404 931 1508 971 nec
1539 914 1784 987 publicas

154 1002 405 1059 utilitatis
436 1004 836 1061 emolumenta
863 1005 1131 1071 rimatur,
1167 1005 1267 1059 sed
1300 1003 1643 1060 mobilitatis
1675 1020 1781 1058 nu-

149 1093 225 1146 tat
249 1090 468 1149 incerto
503 1110 516 1148 :
550 1110 739 1165 neque
772 1092 1072 1167 privilegio
1104 1093 1495 1149 successionis
1524 1096 1580 1148 et
1618 1109 1787 1165 gene-

149 1178 221 1236 ris
273 1181 568 1254 regalibus
622 1181 851 1239 thronis
906 1181 1152 1250 insidet;
1204 1182 1498 1254 siquidem
1546 1182 1787 1254 ignarus

148 1267 382 1340 publica:
416 1269 895 1338 conversationis,
920 1274 1128 1326 cautus
1157 1274 1333 1342 atque
1363 1269 1627 1326 eruditus
1659 1285 1787 1326 esse

149 1373 250 1413 non
282 1358 521 1429 poterit.
555 1359 715 1415 Adde
743 1359 1110 1415 adulationes
1140 1365 1317 1431 atque
1366 1358 1624 1426 delicias,
1659 1375 1786 1431 quae

144 1447 354 1507 teneris
386 1446 603 1503 inolitze
654 1448 922 1504 aetatibus
968 1448 1054 1503 vel
1106 1465 1234 1504 acre
1284 1448 1585 1520 ingenium
1617 1464 1785 1503 ener-

145 1548 265 1589 vare
297 1539 764 1593 consueverunt:
815 1543 933 1591 tum
986 1535 1386 1591 institutiones
1432 1536 1782 1607 spadonum,

144 1638 388 1694 quorum
418 1621 683 1694 plerique
728 1640 837 1679 suo
886 1624 1074 1696 magis
1112 1625 1383 1695 quaestui,
1431 1640 1610 1695 quam
1652 1624 1783 1679 usui

144 1709 366 1782 publico
438 1711 703 1766 animum
753 1711 906 1785 regis
952 1711 1254 1767 inclinant.
1314 1712 1537 1785 Apibus
1586 1716 1781 1768 autem

142 1815 235 1855 rex
261 1803 485 1855 naturae
510 1798 683 1855 claris
726 1799 1014 1856 formatur
1056 1799 1420 1873 insignibus;
1455 1805 1520 1856 ut
1548 1801 1780 1874 magni-
1814 1836 1863 1901 B

143 1887 338 1947 tudine
387 1888 650 1960 corporis
698 1892 932 1961 praestet
977 1892 1035 1944 et
1080 1889 1306 1962 specie;
1350 1894 1479 1945 tum
1528 1890 1683 1962 quod
1724 1890 1784 1945 in

143 1992 268 2050 rege
316 1977 676 2051 praecipuum
709 1980 817 2044 est,
851 1994 1083 2033 morum
1134 1978 1604 2034 mansuetudine.
1638 1978 1785 2033 Nam

143 2064 246 2120 etsi
274 2064 456 2120 habet
484 2064 770 2134 aculeum,
805 2069 1001 2122 tamen
1034 2083 1099 2122 eo
1130 2083 1246 2122 non
1278 2067 1465 2123 utitur
1494 2067 1563 2122 ad
1597 2066 1784 2122 vindi-

144 2153 411 2209 candum.
445 2154 592 2209 Sunt
622 2153 777 2209 enim
807 2153 967 2227 leges
998 2158 1219 2211 naturae
1269 2172 1382 2211 non
1425 2154 1653 2227 scriptae
1685 2154 1786 2210 lit-

144 2240 294 2308 teris,
327 2242 432 2299 sed
485 2241 784 2315 impressae
833 2243 1098 2299 moribus
1130 2261 1143 2299 :
1180 2250 1244 2299 ut
1272 2243 1521 2300 leniores
1567 2244 1684 2299 sint
1715 2243 1786 2299 ad

145 2330 639 2404 puniendum,qui
672 2331 927 2388 maxima
956 2334 1102 2388 107
1142 2337 1428 2405 potestate
1461 2334 1785 2406 potiuntur.

150 2418 251 2474 Sed
279 2424 336 2475 et
377 2436 521 2492 apes
568 2420 682 2475 illa:
729 2437 858 2492 quas
908 2438 1023 2476 non
1069 2421 1533 2494 obtemperavint
1562 2421 1790 2495 legibus

152 2507 295 2580 regis
340 2508 650 2582 pcenitenti
697 2510 1181 2568 condemnatione
1227 2528 1289 2567 se
1338 2510 1660 2579 mulctant;
1729 2514 1793 2564 ut

150 2594 558 2655 immoriantur
586 2596 771 2654 aculei
815 2598 908 2653 sui
958 2599 1218 2655 vulnere.
1267 2601 1428 2665 Quod
1478 2600 1789 2656 Persarum

150 2684 336 2757 populi
383 2686 676 2759 hodieque
729 2704 958 2743 servare
1011 2688 1285 2744 dicuntur
1320 2706 1331 2745 :
1366 2692 1431 2745 ut
1477 2705 1581 2761 pro
1631 2705 1788 2743 com-

146 2772 300 2830 missi
324 2774 517 2847 pretio
539 2775 650 2848 ipsi
680 2776 737 2830 in
773 2793 835 2832 se
866 2776 1111 2848 propriae
1160 2778 1367 2835 mortis
1396 2784 1792 2851 exsequantur

149 2865 513 2920 sententiam.
546 2865 749 2937 Itaque
781 2863 924 2919 nulli
954 2865 1038 2919 sic
1066 2881 1259 2938 regem
1292 2866 1426 2938 (31),
1456 2884 1570 2922 non
1601 2868 1788 2924 Persa;

146 2950 237 3021 qui
292 2952 678 3025 gravissimas
735 2953 795 3008 in
851 2951 1121 3009 subditos
1170 2954 1387 3010 habent
1434 2954 1611 3028 leges,
1672 2972 1786 3016 non

147 3037 286 3109 Indi,
319 3057 437 3096 non
490 3040 692 3114 populi
723 3042 1124 3097 Sarmatarum
1173 3046 1339 3099 tanta
1384 3048 1604 3115 quanta
1650 3062 1789 3118 apes

144 3130 462 3186 reverentia
490 3128 810 3186 devotionis
839 3129 1175 3198 observant;
1227 3135 1293 3186 ut
1340 3131 1512 3188 nulla:
1537 3150 1567 3188 e
1597 3133 1786 3190 domi-

1890 557 2257 614 distendere?
2315 560 2529 615 Cernas
2598 576 2801 617 omnes
2871 565 3094 618 certare
3147 563 3218 619 de
3276 579 3539 632 munere,

1892 644 2037 703 alias
2068 646 2370 720 invigilare
2400 650 2712 720 quaerendo
2766 650 3005 719 victum,
3036 651 3180 708 alias
3226 651 3540 708 sollicitam

1891 733 2099 790 castris
2126 735 2402 792 adhibere
2432 737 2779 807 custodiam,
2813 737 2958 795 alias
2985 740 3212 796 futuros
3241 741 3540 814 explorare

1892 823 2133 893 imbres,
2167 828 2224 880 et
2281 826 2571 898 speculari
2622 842 2943 883 concursus
2994 829 3261 896 nubium,
3294 829 3440 887 alias
3468 832 3541 886 de

1893 912 2136 968 floribus
2167 929 2330 970 ceras
2364 913 2753 987 ﬁngere,alias
2784 932 2974 972 rorem
3008 916 3265 973 infusum
3299 919 3542 976 ﬂoribus

1893 1018 1990 1057 ore
2019 1001 2320 1075 colligere;
2354 1002 2578 1059 nullam
2610 1007 2805 1059 tamen
2841 1004 3046 1061 alienis
3077 1005 3344 1061 insidiari
3381 1006 3544 1063 labo—

1894 1090 2078 1158 ribus,
2108 1095 2167 1146 et
2196 1096 2363 1163 rapto
2393 1092 2572 1147 vitam
2605 1109 2864 1165 quaarere
2896 1109 2910 1149 :
2945 1097 3117 1166 atque
3147 1094 3371 1151 utinam
3412 1112 3543 1168 rap-

1894 1182 2086 1236 torum
2136 1180 2381 1236 insidias
2429 1198 2545 1237 non
2592 1181 2889 1238 ti‘nerent.
2938 1181 3124 1238 Habet
3167 1187 3364 1239 tamen
3423 1185 3543 1257 spi-

1896 1267 2026 1323 cula
2082 1285 2208 1335 sua,
2258 1273 2315 1324 et
2371 1269 2522 1325 inter
2582 1269 2754 1326 mella
2815 1270 3071 1327 fundunt
3125 1288 3437 1342 venenum,
3488 1273 3540 1329 si

1895 1356 2115 1412 fuerint
2185 1348 2486 1426 lacessitaa,
2575 1354 2921 1431 animasque
3002 1364 3229 1432 ponunt
3291 1361 3351 1416 in
3416 1361 3546 1417 vul-

1897 1462 2031 1501 nere
2104 1446 2308 1501 ardore
2373 1446 2660 1502 vindictas.
2726 1448 2876 1520 Ergo
2941 1449 3151 1503 mediis
3217 1456 3541 1507 castrorum

1894 1533 2143 1590 vallibus
2174 1534 2389 1611 humor
2417 1535 2514 1591 ille
2561 1536 2709 1593 roris
2758 1536 3110 1605 infunditur,
3145 1538 3548 1611 paulatimque

1893 1638 2168 1693 processu
2196 1610 2506 1695 'temporis
2552 1623 2611 1679 in
2660 1623 2839 1681 mella
2896 1625 3142 1698 cogitur,
3184 1643 3318 1682 cum
3377 1610 3552 1684 fuerit

1892 1708 2154 1783 liquidus
2211 1711 2285 1766 ab
2343 1712 2598 1779 exordio,
2659 1717 2718 1768 et
2783 1712 2994 1783 coalitu
3052 1730 3193 1770 cerae
3249 1715 3384 1787 (33),
3444 1716 3547 1772 ﬂo-

1893 1815 2142 1871 rumque
2200 1799 2374 1856 odore
2432 1800 2689 1873 fragrare
2750 1800 2944 1858 mellis
3019 1802 3225 1875 incipit
3292 1805 3545 1862 suavita-

1893 1889 2033 1942 tem.

1960 1975 2049 2029 70.
2101 1975 2305 2032 Merito
2363 1977 2529 2048 quasi
2580 1977 2796 2033 bonam
2856 1979 3183 2051 operariam
3243 1980 3548 2053 Scriptura

1893 2079 2060 2136 apem
2118 2065 2393 2137 praedicat
2446 2065 2647 2122 dicens
2708 2084 2722 2122 :
2790 2066 2926 2124 Vade
2978 2068 3049 2124 ad
3113 2085 3292 2141 apem,
3322 2072 3373 2125 et
3420 2069 3544 2126 vide

1892 2153 2153 2224 quomodo
2206 2156 2464 2225 operaria
2517 2162 2614 2210 est.
2677 2154 3060 2227 Operationem
3116 2172 3326 2230 quoque
3380 2174 3548 2229 quam

1892 2243 2259 2298 venerabilem
2298 2251 2576 2299 mereatur
2628 2243 2761 2316 (34),
2812 2245 2970 2317 cujus
3016 2245 3255 2301 laborem
3304 2262 3453 2319 reges
3496 2251 3549 2303 et

1894 2330 2187 2387 mediocres
2243 2332 2313 2387 ad
2366 2332 2598 2389 salutem
2643 2337 2884 2388 sumunt.
2918 2335 3239 2405 Appetibilis
3282 2336 3433 2391 enim
3470 2340 3550 2391 est

1895 2420 2145 2475 omnibus
2194 2424 2246 2475 et
2298 2421 2450 2476 clara
2502 2420 2614 2492 (35)
2660 2422 2841 2492 (Prov.
2873 2439 2952 2491 v1,
3003 2423 3144 2490 6-8).
3196 2423 3378 2479 Audis
3407 2424 3548 2495 quid

1897 2507 2051 2563 dicat
2084 2507 2406 2580 propheta?
2436 2508 2614 2564 Mittit
2646 2508 2844 2581 utique
2892 2513 2949 2566 te
2998 2515 3062 2565 ut
3118 2510 3358 2583 apiculae
3389 2510 3551 2567 illius

1898 2596 2163 2667 sequaris
2222 2596 2577 2669 exemplum,
2613 2596 2864 2653 imiteris
2920 2599 3337 2670 operationem.
3371 2599 3549 2655 Vides

1898 2701 2075 2757 quam
2108 2684 2420 2753 laboriosa,
2456 2702 2635 2758 quam
2684 2690 2852 2759 grata
2898 2686 2994 2742 sit.
3030 2687 3279 2743 Fructus
3309 2687 3438 2758 ejus
3477 2687 3550 2743 ab

1897 2774 2170 2830 omnibus
2201 2774 2586 2841 desideratur,
2618 2778 2676 2831 et
2725 2767 3025 2847 quaeritur,
3060 2791 3166 2831 nec
3197 2792 3300 2847 pro
3348 2792 3547 2848 perso—

1897 2880 2106 2918 narum
2148 2863 2482 2920 diversitate
2529 2858 2881 2919 discernitur
2912 2879 2924 2918 :
2960 2864 3057 2921 sed
3093 2864 3411 2919 indiscreta
3457 2865 3549 2920 sui

1895 2952 2082 3025 gratia
2146 2952 2384 3025 regibus
2457 2951 2677 3025 pariter
2740 2969 2807 3015 ac
2878 2952 3272 3009 mediocribus
3342 2953 3550 3026 aequali

1896 3042 2178 3098 suavitate
2235 3041 2531 3098 dulcescit.
2617 3041 2732 3096 Nec
2805 3041 2997 3098 solum
3075 3041 3380 3113 voluptati,
3447 3043 3549 3098 sed

1894 3130 2073 3185 etiam
2102 3129 2277 3186 saluti
2329 3134 2454 3197 est;
2506 3130 2703 3186 fauces
2753 3129 3048 3197 ohdulcat,
3101 3134 3157 3185 et
3206 3135 3373 3186 curat
3422 3131 3549 3187 vul-

145 3213 248 3272 bus
272 3218 430 3275 exire
465 3218 744 3286 audeant,
775 3234 891 3274 non
921 3218 982 3274 in
1008 3217 1236 3291 aliquos
1266 3221 1497 3291 prodire
1526 3221 1643 3293 (32)
1683 3239 1789 3294 pa-
1815 3204 1858 3270 C
1898 3234 2056 3285 nera,
2116 3217 2360 3274 internis
2417 3233 2649 3289 quoque
2723 3217 3221 3274 medicamentum
3295 3216 3553 3274 infundit

145 3306 283 3373 stus,
316 3306 431 3363 nisi
464 3323 566 3363 rex
593 3307 771 3362 fuerit
801 3308 989 3379 primo
1018 3323 1313 3380 egressus,
1336 3313 1392 3365 et
1418 3308 1647 3367 volatus
1673 3311 1784 3368 sibi

142 3391 520 3451 vindicaverit
544 3394 959 3468 principatum.

206 3481 291 3537 69.
319 3488 641 3540 Processus
699 3488 894 3540 autem
950 3487 1040 3540 est
1095 3501 1199 3557 per
1253 3502 1391 3542 rura
1443 3486 1785 3558 redolentia,

141 3569 233 3626 ubi
263 3571 599 3629 inhalantes
626 3572 779 3628 horti
813 3573 1076 3641 ﬂoribus,
1102 3573 1201 3629 ubi
1233 3574 1465 3647 fugiens
1497 3576 1654 3631 rivus
1686 3593 1788 3648 per

142 3658 420 3732 gramina,
453 3661 556 3716 ubi
588 3677 818 3719 amcena
846 3661 1108 3736 riparum
1143 3679 1155 3717 :
1201 3661 1319 3717 illic
1354 3661 1531 3719 ludus
1575 3664 1787 3721 alacris

134 3745 479 3822 juventutis,
510 3748 629 3805 illic
675 3754 1000 3823 campestre
1047 3750 1406 3817 exercitium,
1445 3751 1565 3809 illic
1616 3770 1785 3810 cura-

140 3850 261 3892 rum
292 3839 589 3895 remissio.
617 3838 777 3911 Opus
825 3839 1019 3911 ipsum
1074 3856 1272 3905 suave,
1306 3841 1378 3895 de
1418 3840 1680 3911 ﬂoribus,
1714 3844 1785 3899 de

137 3919 323 3982 herbis
353 3925 633 3983 dulcibus
672 3927 1019 3982 fundamina
1066 3931 1393 3985 castrorum
1444 3930 1634 4001 prima
1679 3948 1782 4003 po-

139 4016 367 4068 nuntur.
401 4014 552 4079 Quid
583 4015 740 4071 enim
794 4014 953 4071 aliud
1001 4019 1090 4072 est
1138 4016 1324 4085 favus,
1359 4018 1470 4074 nisi
1512 4020 1778 4089 quaedam

138 4103 459 4158 castrorum
506 4102 774 4176 species?
824 4103 1079 4177 Denique
1133 4105 1206 4161 ab
1267 4104 1361 4161 his
1424 4108 1783 4180 praesepibus

141 4200 304 4257 apum
335 4190 514 4251 fucus
544 4195 795 4247 arcetur.
827 4192 966 4257 Qum
994 4196 1186 4249 castra
1215 4194 1502 4265 quadrata
1547 4199 1781 4253 tantum

139 4283 377 4344 possunt
406 4279 629 4336 habere
667 4279 812 4336 artis
867 4286 924 4336 et
967 4281 1190 4353 gratim,
1228 4287 1514 4354 quantum
1563 4284 1779 4342 habent

139 4368 313 4422 crates
368 4368 663 4436 favorum,
716 4368 775 4423 in
834 4369 1051 4441 quibus
1102 4370 1343 4427 minutae
1397 4388 1463 4427 ac
1520 4374 1781 4430 rotundae

139 4448 345 4511 cellulae
409 4457 773 4513 connexione
830 4458 923 4513 sui
973 4457 1221 4514 invicem
1266 4459 1605 4517 faciuntur?
1639 4461 1782 4526 Quis

135 4540 482 4602 architectus
532 4561 629 4601 eas
673 4546 874 4603 docuit
919 4545 1242 4620 hexagonia
1292 4547 1392 4604 illa
1434 4549 1778 4607 cellularum

132 4622 440 4689 indiscreta
469 4633 721 4691 laterum
752 4634 1086 4707 aequalitate
1108 4652 1546 4709 componere,ac
1575 4643 1781 4698 tenues

132 4713 271 4775 inter
304 4721 625 4779 domorum
683 4728 848 4795 septa
900 4740 1062 4781 ceras
1120 4726 1499 4798 suspendere,
1563 4728 1779 4801 stipare

194 4849 300 4925 (34)
326 4852 457 4930 Vet.
493 4855 634 4930 edit.
664 4855 852 4930 Itaque
903 4858 1053 4912 nulli
1108 4860 1250 4913 sicut
1288 4876 1442 4929 reges
1486 4862 1783 4919 Persarum

130 4920 233 5003 ιςεη
284 4920 671 5003 brevissimae.
839 4970 851 4982 .
891 4932 1104 5003 tantam
1144 4920 1407 5001 quantum
1436 4948 1581 5003 apes.
1636 4934 1776 4991 Mss.

131 4988 366 5087 aliquot,
422 4999 613 5069 itaque
639 4999 807 5087 Δηιιζζί
852 5001 932 5055 sic
978 4988 1167 5087 regem
1211 5017 1323 5087 neu
1357 4988 1638 5087 ‘persequi
1670 4988 1779 5062 *v‘éi

125 5070 386 5138 prasequi.
422 5109 452 5143 ν.
503 5111 519 5123 .
566 5109 579 5123 .
633 5077 863 5143 tantam,
922 5070 1204 5143 quautam.
1264 5070 1393 5129 Sed'
1450 5070 1780 5133 scribarum

130 5145 307 5212 error,
342 5142 695 5212 est___quem_
742 5139 863 5212 alii,
899 5139 956 5197 et
1016 5142 1180 5199 Rom.
1243 5143 1380 5199 edit.
1439 5146 1776 5203 restituunt.

130 5200 400 5331 ἓῶέεινυω
437 5200 592 5268 illud
622 5227 653 5267 e
683 5210 722 5266 ι.
751 5228 808 5267 1v
837 5211 1023 5283 Georg.
1055 5213 1238 5271 voluit
1267 5215 1356 5270 vir
1383 5200 1776 5274 sanctusVini-v

181 5389 439 5465 l’mgterea
467 5408 656 5465 regem
679 5410 794 5465 90.“
820 5397 894 5465 εἰς
921 5398 1194 5462 «Egyptian.
1224 5402 1280 5465 at
1304 5399 1493 5465 ipsene

180 5452 497 5571 gate
524 5452 718 5523 pepuli
746 5452 1078 5514 Parthorum:
1109 5452 1204 5513 aut
1222 5452 1411 5512 Mediis
1439 5464 1715 5529 Hydaspes

185 5632 294 5708 (30)
324 5635 468 5695 Cod.
506 5636 662 5693 bene
692 5636 882 5707 multi,
903 5653 1014 5695 non
1040 5641 1255 5713 aliquos
1279 5639 1454 5697 adire.

1895 3306 2208 3363 ulceribus.
2268 3308 2466 3378 Itaque
2523 3306 2676 3365 108
2733 3322 2893 3383 cum_
2931 3306 3010 3361 sit
3082 3305 3320 3362 infirma
3379 3307 3550 3363 robo-

1894 3411 1956 3453 re
1986 3395 2136 3467 apis,
2166 3394 2359 3451 valida
2384 3398 2477 3451 est
2503 3394 2697 3467 vigore
2724 3392 3020 3466 sapientia;
3048 3398 3109 3450 et
3140 3410 3337 3451 amore
3362 3395 3547 3451 virtu-

1893 3484 1991 3540 tis.

1964 3572 2053 3628 71.
2096 3573 2356 3644 Denique
2413 3587 2609 3644 regem
2666 3588 2838 3628 suum
2896 3588 3133 3628 summa
3187 3573 3548 3645 protectione

1892 3660 2232 3728 defendunt,
2266 3663 2323 3716 et
2371 3661 2556 3733 perire
2584 3678 2688 3733 pro
2719 3677 2785 3717 eo
2815 3658 3126 3733 pulchrum
3177 3665 3404 3734 putant.
3453 3663 3547 3718 In-

1893 3749 2109 3807 columi
2160 3765 2293 3822 rege
2328 3748 2610 3823 [nesciunt
2656 3753 2884 3805 mutare
2925 3749 3240 3821 judicium,
3292 3757 3546 3807 mentem

1893 3838 2186 3897 inflectere
2218 3855 2231 3894 :
2264 3838 2507 3905 amisso,
2555 3838 2731 3895 fidem
2782 3837 3050 3895 servandi
3081 3838 3344 3895 muneris
3374 3840 3541 3895 dere-

1892 3926 2188 3999 linquunt,
2222 3929 2399 3999 atque
2426 3925 2567 3998 ipsa;
2627 3943 2735 3983 sua
2788 3927 2963 3983 mella
3017 3926 3339 3999 diripiunt;
3391 3928 3545 3998 quod

1891 4014 1943 4071 is
1974 4015 2074 4087 qui
2109 4014 2503 4087 principatum
2564 4014 2773 4070 habuit
2817 4014 3100 4079 muneris,
3151 4014 3546 4086 interemptus

1891 4107 1999 4160 est.

1959 4194 2050 4248 72.
2088 4192 2282 4263 Itaque
2312 4206 2448 4247 cum
2478 4207 2613 4247 aves
2644 4191 2767 4247 alia;
2793 4192 2890 4247 vix
2917 4191 2977 4246 in
3013 4207 3167 4247 anno
3199 4190 3375 4247 edant
3423 4190 3543 4246 sin-

1891 4279 2059 4354 gulos
2092 4281 2264 4349 fetus,
2297 4297 2436 4353 apes
2469 4278 2734 4352 geminos
2786 4283 3005 4349 creant,
3038 4283 3094 4336 et
3122 4278 3342 4353 duplici
3377 4283 3545 4336 caete-

1891 4369 1974 4426 ris
2005 4368 2355 4426 fecunditate
2386 4369 2853 4442 praeponderant.

2498 4493 2731 4552 CAPUT
2772 4495 2944 4551 XXII.

1810 4572 1856 4635 D
1893 4584 2148 4667 Volatilia
2175 4582 2868 4667 cur‘dicunturyolantia
2905 4600 3082 4667 super
3128 4587 3345 4667 terram
3378 4598 3546 4639 secus

1966 4656 2405 4710 firmamentum
2463 4653 2611 4727 coeli.
2680 4656 2850 4727 Atque
2915 4653 3116 4727 ibidem
3179 4655 3247 4710 de
3300 4670 3367 4710 ea
3422 4669 3548 4727 quae

1962 4726 2277 4783 observatur
2333 4728 2395 4782 in
2449 4726 2667 4793 avibus,
2733 4726 2976 4800 corporis
3042 4726 3374 4784 diversitate.
3434 4726 3545 4782 Po-

1960 4862 2072 4936 (33)
2119 4860 2258 4916 Mss.
2310 4859 2597 4929 nonnulli,
2650 4865 2701 4917 et
2756 4864 2965 4918 nutrito
3022 4869 3076 4918 et
3127 4861 3324 4918 coalito
3376 4875 3541 4929 cerae,

1889 4939 1998 4991 etc.

1959 5005 2284 5081 (3l)__139_m.
2336 4999 2499 5081 edit,
2547 5005 2916 5081 venerabilem
2971 5005 3125 5081 facit.
3178 5003 3399 5081 Nempe
3452 5016 3542 5056 se-

1888 5072 2023 5133 cuta
2052 5072 2213 5131 'LXX
2265 5072 2485 5144 interp.
2510 5075 2833 5144 secundum
2884 5072 3166 5144 codicem_
3196 5072 3540 5144 Vaticanum

1889 5153 1947 5204 et
1974 5145 2399 5210 Florentinum,
2420 5140 2534 5198 ubi
2582 5143 2818 5216 legitur,
2849 5151 3073 5203 ποιεῖται.
3107 5142 3244 5216 Alias
3293 5140 3433 5197 edit.
3485 5148 3544 5198 et

1889 5235 2094 5276 omnes
2126 5233 2268 5272 mss.
2315 5256 2327 5269 .
2374 5255 2385 5268 .
2417 5214 2695 5272 mercatur
2722 5237 2743 5272 :
2774 5218 3102 5274 secundum
3126 5214 3413 5270 Venatum
3444 5229 3540 5270 co-

1886 5291 2097 5356 dicem,
2130 5287 2253 5354 ubi,
2281 5295 2619 5360 ἐμπορεύεται.

1979 5355 2089 5432 35)
2119 5355 2378 5423 Quatuor
2413 5355 2617 5432 'mss.,
2659 5359 2865 5432 chara._
2906 5358 3018 5414 Alii
3077 5361 3135 5415 et
3183 5355 3350 5432 edit.,
3387 5356 3543 5432 clara

1887 5427 2028 5488 LXX
2053 5427 2296 5500 'Interp.,
2330 5435 2559 5498 ἐπίδοξος.
2591 5431 2802 5485 Totum
2853 5428 3047 5485 locum
3106 5444 3220 5485 ms.
3254 5430 3408 5483 Coen.
3436 5427 3543 5500 fita

1885 5502 2139 5568 exhibet,
2168 5498 2327 5554 vade.
2374 5538 2387 5552 .
2433 5540 2445 5554 .
2489 5503 2539 5554 et
2567 5501 2685 5571 ejus
2716 5502 2937 5572 imitare
2964 5501 3359 5572 operationem.
3414 5499 3542 5571 Ope-

1884 5574 2154 5630 rationem
2183 5585 2417 5643 namque
2453 5587 2619 5643 quam
2654 5571 3022 5628 venerabilem
3067 5572 3345 5628 mercatur
3388 5585 3537 5642 apes,

1884 5646 2062 5717 cujus,
2094 5645 2200 5700 etc.
