3932 6212
340 253 456 321 ΞΜ

1798 253 1867 320 s.
1910 237 2290 323 AMBROSII

3609 264 3717 329 252

408 400 607 475 stremo
667 388 939 451 nonnulla
1008 387 1073 451 de
1141 403 1312 467 cygno
1381 386 1433 449 et
1490 388 1680 451 cicada
1741 391 1976 465 subjun-
2006 389 2332 475 Aloribus,
2361 408 2476 466 quo
2506 386 2802 465 puriorem
2850 406 3042 452 aerem
3072 392 3186 468 (36)
3217 391 3277 452 id
3319 395 3591 470 temporis
3636 402 3716 455 at-

335 468 564 534 guntur.

405 570 496 626 73.
551 571 998 628 Consideremus
1064 589 1219 627 nunc
1269 572 1407 643 quid
1459 571 1553 642 sit,
1607 571 1761 642 quod
1824 571 1906 627 ait
1962 586 1975 625 :

335 660 643 715 Producant
691 676 852 733 aqua?
909 662 1129 733 reptitia
1177 662 1495 715 animarum
1544 662 1839 716 viventium
1895 676 1978 716 se-

332 749 573 805 cundum
611 766 799 819 genus,
847 757 896 804 et
950 749 1199 804 volatilia
1254 749 1498 804 volantia
1552 765 1716 820 super
1772 754 1979 804 terram

332 837 630 892 secundum
686 852 855 906 genus
904 852 1053 890 secus
1109 837 1514 907 ﬁrmamentum
1566 838 1695 892 caeli
1745 837 1895 908 (Gen.
1941 853 1979 902 ι,

328 926 441 997 20).
491 926 607 980 Cur
651 941 815 995 super
859 932 1062 979 terram
1110 925 1338 991 dixerit,
1390 930 1612 980 certum
1662 930 1795 981 est:
1842 925 1981 996 quia

326 1014 544 1069 victum
602 1014 673 1068 de
732 1017 887 1068 terra
925 1018 1212 1084 quaerunt.
1245 1013 1411 1068 Serius
1440 1014 1847 1083 ﬁrmamentum
1876 1030 1979 1068 au-

328 1106 443 1158 tem
476 1103 602 1157 coeli
631 1101 946 1174 quomodo,
982 1117 1114 1156 cum
1148 1102 1355 1172 aquilae
1386 1101 1540 1157 ultra
1568 1108 1803 1156 caeteras
1847 1118 1978 1156 aves

324 1190 537 1259 volent,
600 1196 658 1245 et
716 1195 916 1245 tamen
964 1190 1105 1262 ipsae
1154 1207 1269 1244 non
1317 1206 1486 1245 secus
1541 1190 1978 1245 firmamentum

327 1280 498 1336 coeli?
543 1280 653 1335 Sed
712 1281 850 1351 quia
896 1279 1089 1334 Graece
1132 1287 1334 1351 οὐρανὸς
1382 1279 1613 1345 dicitur,
1667 1279 1819 1349 quod
1869 1278 1980 1333 La-

326 1369 446 1423 tine
502 1368 718 1424 ccelum
771 1367 1138 1439 appellamus
1194 1385 1206 1422 :
1253 1374 1456 1438 οὐρανὸς
1517 1372 1711 1421 autem
1768 1375 1977 1422 ἀπὸτοῦ

321 1465 543 1529 ὁρᾶσθαι,
576 1456 633 1511 id
665 1460 755 1511 est
811 1472 845 1509 a
901 1455 1170 1521 videndo,
1202 1455 1331 1510 ideo
1388 1455 1543 1527 quod
1604 1471 1703 1509 aer
1750 1454 1975 1526 perspi-

323 1562 468 1600 cuus
512 1545 611 1610 sit,
643 1545 715 1599 ad
771 1544 1092 1599 videndum
1156 1544 1374 1615 purior,
1434 1544 1491 1598 in
1547 1559 1677 1598 aere
1731 1542 1977 1597 volitan-

322 1633 406 1689 tia
433 1649 650 1706 genera
679 1633 826 1687 dixit
856 1633 1269 1688 animantium.
1322 1633 1391 1686 Et
1439 1648 1510 1687 ne
1568 1637 1794 1687 moveat
1823 1631 1978 1701 quod

322 1722 422 1790 ait,
475 1738 625 1778 secus
671 1722 1080 1792 ﬁrmamentum
1131 1722 1273 1789 coeli,
1326 1706 1443 1776 non
1492 1720 1722 1792 proprie
1784 1720 1979 1774 ﬁrma-

323 1814 586 1865 mentum
632 1808 726 1863 hic
771 1810 989 1881 posuit,
1042 1810 1144 1865 sed
1195 1809 1478 1865 abusive:
1513 1825 1578 1864 eo
1612 1808 1765 1881 quod
1816 1824 1970 1863 com-
2006 1779 2052 1842 B

322 1898 623 1971 paratione
677 1897 905 1953 aetherei
958 1896 1119 1954 illius
1173 1897 1433 1969 corporis
1482 1897 1657 1952 etiam
1706 1897 1816 1951 iste
1872 1912 1971 1952 aer

321 2002 495 2059 quem
575 2002 891 2059 possumus
966 1985 1151 2042 oculis
1222 1985 1738 2058 comprehendere,
1798 1984 1966 2056 quasi

321 2075 573 2132 crassior
601 2079 659 2130 et
688 2074 924 2131 densior
952 2074 1138 2132 vicem
1170 2074 1383 2130 habeat
1416 2073 1789 2129 ﬁrmamenti.

387 2165 479 2219 74.
509 2163 677 2218 Nunc
706 2162 843 2234 quia
868 2163 1125 2218 diximus
1177 2180 1306 2234 qua:
1356 2161 1635 2228 volatilia,
1666 2177 1843 2232 quam
1874 2177 1971 2215 na-

319 2256 517 2308 turam
547 2252 802 2307 habeant
830 2254 887 2308 et
914 2251 1183 2323 gratiam,
1217 2254 1273 2306 et
1302 2267 1369 2306 ea
1400 2266 1584 2321 pauca
1615 2250 1686 2304 de
1718 2248 1920 2305 multis
1952 2266 1965 2304 :

319 2357 510 2413 neque
557 2339 712 2396 enim
760 2344 929 2396 vacat
979 2340 1252 2395 universa
1300 2338 1649 2404 describere,
1683 2354 1818 2393 cum
1850 2338 1970 2393 sint

320 2429 539 2486 similia
593 2433 767 2500 atque
824 2428 1087 2499 ejusdem
1147 2427 1378 2500 generis
1436 2431 1633 2481 tamen
1666 2443 1800 2482 aves
1830 2426 1967 2498 ipsae

320 2534 498 2591 quam
530 2518 681 2573 inter
710 2533 772 2572 se
801 2516 1195 2571 diversitatem
1228 2516 1483 2571 habeant
1508 2515 1966 2570 consideremus.

319 2606 655 2663 Invenimus
700 2605 855 2661 enim
903 2605 1151 2660 cornicis
1182 2605 1360 2677 pedes
1406 2603 1566 2659 velut
1614 2603 1970 2675 quibusdam

318 2695 519 2767 digitis
550 2694 907 2749 distantibus
948 2698 1244 2765 separatos
1292 2696 1466 2764 atque
1496 2692 1733 2758 divisos,
1766 2708 1968 2747 corvo-

317 2800 450 2838 rum
477 2798 707 2854 quoque
738 2786 913 2853 atque
944 2780 1238 2853 pullorum
1270 2780 1437 2836 aliter
1466 2779 1640 2835 etiam
1690 2781 1969 2835 formatos

318 2889 353 2927 a
380 2876 593 2926 natura
621 2870 799 2942 pedes
832 2885 844 2924 ε
880 2869 1074 2924 avium
1108 2885 1235 2941 quae
1266 2885 1438 2924 carne
1462 2872 1799 2935 vescuntur,
1844 2885 1972 2924 cer-

317 2960 517 3015 nimus
571 2957 739 3030 quasi
800 2957 1071 3012 incurvos
1128 2961 1303 3028 atque
1358 2957 1646 3023 sinuatos,
1695 2973 1760 3012 ac
1816 2956 1974 3013 velut

320 3047 393 3103 ad
452 3046 709 3119 predum
768 3048 1022 3117 paratos.
1056 3045 1147 3100 Eas
1206 3060 1340 3100 vero
1391 3060 1518 3116 qua
1568 3044 1811 3100 natandi
1867 3044 1971 3099 ha-

2086 481 2327 537 trahunt
2355 480 2585 554 spiritu,
2615 499 2681 538 eo
2709 486 2915 540 cantus
2944 484 3222 541 resonant
3272 479 3584 555 clariores}
3611 487 3716 543 Nec

2087 587 2225 643 apes
2255 570 2393 642 ipsa;
2424 570 2663 626 insuave
2705 572 2990 644 quiddam
3045 578 3302 642 canunt;
3336 573 3548 630 habent
3573 577 3717 631 enim

2086 662 2311 731 gratam
2331 659 2389 714 in
2408 676 2581 716 rauco
2605 659 2705 716 illo
2723 660 2878 717 vocis
2897 679 3015 717 sua;
3036 680 3337 719 murmure
3367 665 3717 732 suavitatem,

2088 764 2267 819 quam
2296 764 2403 803 nos
2433 748 2615 804 fracto
2645 750 2952 805 turbarum
2999 751 3194 807 sonitu
3239 751 3454 808 lentius
3480 753 3718 825 primum

2085 836 2353 891 videmur
2380 836 2619 904 imitari,
2654 854 2769 909 quo
2802 838 3027 911 crepitu
3054 840 3125 895 ad
3151 840 3487 897 excitandos
3507 841 3717 898 animos

2086 925 2145 979 in
2177 924 2434 996 vigorem
2476 925 2620 980 nihil
2679 926 2875 999 aptius
2922 928 3265 984 aestimatur.
3322 930 3391 985 Et
3444 928 3560 985 haec
3613 930 3716 987 illis

2085 1013 2273 1086 gratia
2303 1017 2665 1079 manet,cum
2689 1015 3028 1086 pulmonem
3053 1017 3496 1090 respirandique
3517 1035 3718 1074 munus

2088 1105 2262 1173 atque
2305 1119 2481 1158 usum
2529 1119 2903 1176 nequaquam
2953 1104 3168 1161 habere
3223 1106 3576 1178 prodantur;
3625 1107 3716 1162 sed

2086 1190 2243 1246 aerio
2271 1190 2423 1246 vesci
2457 1191 2794 1263 spiramine.
2828 1192 3091 1265 Denique
3121 1194 3167 1250 si
3203 1194 3337 1266 quis
3385 1211 3482 1250 eas
3530 1211 3715 1267 super-

2086 1280 2291 1334 fundat
2316 1280 2428 1351 (37)
2463 1279 2609 1350 oleo,
2664 1297 2906 1353 propere
2953 1287 3263 1349 necantur;
3318 1299 3384 1337 eo
3434 1282 3579 1354 quod
3624 1283 3717 1337 ob-

2085 1367 2325 1423 structis
2350 1369 2507 1440 poris
2538 1368 2760 1425 aerium
2801 1370 3098 1441 spiramen
3150 1370 3292 1425 illud
3341 1369 3571 1426 haurire
3612 1386 3717 1426 non

2087 1456 2358 1529 possint:
2395 1457 2789 1529 continuoque
2837 1457 2886 1514 si
2935 1459 3068 1531 quis
3121 1462 3352 1514 acetum
3394 1458 3487 1514 his
3533 1475 3717 1530 super-

2087 1544 2292 1599 fundat
2321 1543 2473 1600 illico
2505 1545 2878 1611 reviviscunt,
2910 1562 2977 1602 eo
3011 1548 3165 1618 quod
3198 1547 3285 1603 vis
3315 1546 3459 1603 aceti
3508 1546 3613 1603 cito
3656 1546 3720 1601 il-

2085 1632 2174 1688 los
2216 1648 2410 1703 poros,
2440 1633 2540 1705 qui
2589 1634 2958 1690 concretione
3018 1634 3129 1690 olei
3190 1635 3591 1703 obstruuntur,
3619 1633 3719 1689 hu-

2087 1737 2247 1776 more
2276 1721 2495 1776 feratur
2523 1721 2749 1794 aperire
2775 1722 2910 1795 (38).

2680 1809 2915 1866 CAPUT
2951 1809 3145 1866 XXIII.

2076 1880 2149 1934 De
2176 1896 2354 1954 verm
2398 1880 2601 1954 Indico,
2648 1880 3062 1947 chamaeleonte,
3122 1882 3300 1953 lepore
3343 1898 3411 1937 ac
3451 1881 3717 1954 phznicc;

2143 1951 2339 2025 quibus
2370 1950 2440 2025 ad
2458 1951 2629 2025 ﬁdem
2674 1954 3090 2025 resurrectionis
3119 1950 3184 2008 ac
3209 1954 3406 2025 mortis
3447 1950 3716 2025 przpara-

2143 2022 2347 2077 tionem
2376 2023 2760 2094 informamur.
2772 2024 2846 2079 De
2869 2025 3215 2094 praescientia
3246 2022 3527 2079 vulturum
3538 2022 3630 2085 {et
3656 2024 3722 2079 lo-

2144 2101 2311 2147 custa
2339 2092 2407 2148 ad
2437 2092 2703 2148 ultionem
2746 2092 2996 2149 divinam
3044 2095 3456 2165 exsequendum
3485 2096 3717 2150 ministe-

2146 2165 2250 2232 rio,
2282 2179 2407 2234 qua:
2434 2168 2619 2220 tamen
2649 2182 2683 2220 a
2711 2166 2913 2220 seleuci
2935 2182 3036 2221 ave
3060 2166 3383 2222 devoratur.

2144 2252 2235 2306 77.
2266 2251 2335 2305 Et
2365 2252 2503 2323 quia
2528 2252 2599 2307 de
2627 2251 2972 2308 volatilibus
3004 2252 3281 2319 dicimus,
3316 2270 3437 2310 non
3466 2256 3722 2326 putamus

2078 2337 2336 2395 alienum
2368 2356 2435 2395 ea
2466 2339 2771 2412 complecti
2804 2357 2932 2412 quae
2983 2341 3054 2396 de
3100 2357 3296 2397 verme
3326 2342 3524 2398 Indico
3561 2340 3725 2397 tradit

2077 2426 2341 2493 historia,
2391 2426 2475 2483 vel
2532 2444 2734 2483 eorum
2780 2427 2984 2484 relatio
3016 2429 3115 2501 qui
3163 2428 3357 2485 videre
3401 2432 3716 2502 potuerunt.

2080 2515 2285 2571 Fertur
2336 2515 2431 2570 hic
2482 2516 2752 2589 corniger
2794 2517 3012 2573 vermis
3041 2518 3149 2590 (39)
3181 2519 3441 2573 converti
3478 2517 3719 2590 primum

2078 2603 2137 2658 in
2170 2604 2423 2675 speciem
2455 2602 2645 2660 caulis
2674 2605 2814 2675 (40),
2848 2604 3108 2677 atquein
3141 2622 3269 2661 eam
3314 2605 3531 2662 mutari
3561 2608 3718 2661 natu-

2079 2708 2237 2761 ram;
2275 2692 2410 2748 inde
2440 2708 2719 2765 processu
2752 2693 3007 2765 quodam
3054 2693 3177 2748 ﬁeri
3221 2694 3592 2767 bombylius;
3623 2708 3719 2748 nec

2080 2796 2211 2836 eam
2241 2784 2439 2837 tamen
2472 2781 2744 2847 formam,
2777 2782 3145 2855 figuramque
3175 2783 3454 2851 custodit,
3469 2782 3567 2839 sed
3586 2780 3721 2836 laxis

2082 2873 2139 2924 et
2167 2869 2474 2926 latioribus
2506 2869 2661 2926 foliis
2690 2870 2919 2926 videtur
2947 2887 3171 2943 pennas
3201 2870 3607 2928 assumere.Ex
3634 2868 3717 2924 his

2082 2956 2238 3013 foliis
2268 2958 2381 3029 (Ill)
2413 2957 2614 3013 mollia
2659 2957 2762 3013 illa
2809 2958 2978 3015 Seres
2999 2959 3314 3031 depectunt
3342 2959 3573 3025 vellera,
3604 2973 3723 3030 quis

2083 3047 2154 3102 ad
2187 3063 2331 3102 usus
2362 3046 2475 3103 sibi
2508 3046 2775 3119 proprios
2806 3046 3034 3115 divites,
3064 3048 3453 3104 vindicarunt.
3490 3047 3647 3104 Unde
3673 3048 3725 3101 et

316 3136 459 3192 bent
490 3152 665 3191 usum
697 3138 755 3190 et
785 3133 1290 3201 consuetudinem,
1337 3132 1486 3188 latos
1526 3132 1742 3189 habent
1764 3133 1966 3205 pedes,
1998 3138 2040 3205 ρ
2078 3134 2363 3190 Dominus
2393 3135 2474 3190 ait
2507 3151 2521 3190 :
2557 3134 2699 3204 Quid
2727 3136 2920 3191 existis
2950 3137 3012 3190 in
3057 3135 3331 3192 desertum
3382 3137 3603 3193 videre?
3631 3134 3724 3190 ho-

316 3230 374 3281 et
415 3225 761 3280 membrana
812 3222 1069 3294 quadam
1127 3220 1259 3277 illos
1317 3220 1530 3294 digitos
1586 3221 1801 3293 pedum
1852 3220 1966 3276 sibi

316 3313 617 3387 copulatos
676 3317 851 3385 atque
903 3312 1265 3383 conjunctos.
1316 3310 1379 3365 In
1439 3326 1553 3382 quo
1602 3309 1966 3365 admirabilis

317 3407 476 3477 patet
506 3402 651 3458 ratio
684 3406 939 3467 naturae;
975 3405 1039 3455 ut
1066 3403 1125 3455 et
1154 3398 1252 3454 ille
1284 3400 1355 3453 ad
1397 3398 1712 3453 volandum
1761 3397 1847 3454 vel
1891 3398 1965 3453 ad

316 3491 664 3564 rapiendum
712 3491 912 3545 cibum
963 3506 1074 3545 usu
1117 3487 1493 3543 accommodo
1543 3486 1878 3554 fulciantur,
1910 3491 1968 3542 et

316 3582 440 3637 istae
462 3581 534 3635 ad
565 3580 886 3635 natandum
918 3580 1260 3651 adjumenta
1279 3576 1535 3632 habeant
1555 3577 1964 3648 competentia,

318 3686 435 3742 quo
461 3667 673 3724 melius
704 3668 875 3739 aquis
900 3667 1128 3738 possint
1156 3669 1560 3737 supernatare,
1591 3669 1650 3720 et
1678 3665 1848 3736 quasi
1877 3680 1964 3719 re-

317 3758 433 3814 mis
466 3756 842 3829 quibusdam,
873 3756 953 3810 ita
983 3754 1232 3826 pedibus
1262 3753 1387 3808 suis
1419 3753 1775 3809 membranae
1808 3752 1969 3809 illius

316 3844 652 3901 extensione
673 3843 981 3899 latioribus
1011 3858 1298 3914 aquarum
1341 3842 1557 3896 ﬂuenta
1603 3840 1965 3913 propulsant.

387 3933 481 3990 75.
514 3932 746 4005 Cygnus
795 3946 1029 4002 quoque
1072 3946 1177 3985 cur
1222 3928 1546 4002 proceriore
1586 3927 1733 3983 collo
1772 3933 1971 3984 utatur

316 4023 679 4094 impromptu
709 4026 799 4075 est
831 4036 844 4073 :
880 4023 944 4075 ut
974 4018 1114 4091 quia
1143 4021 1230 4074 est
1260 4016 1565 4089 paululum
1588 4017 1823 4089 segnior
1851 4033 1971 4073 cor-

316 4127 474 4183 pore,
508 4126 614 4164 nee
640 4108 805 4164 facile
837 4112 1028 4181 potest
1057 4122 1347 4178 aquarum
1386 4104 1658 4161 inferiora
1707 4110 1971 4177 penetra-

316 4216 396 4265 re,
431 4199 583 4254 109
615 4197 896 4252 cervicem
930 4196 1202 4252 extendat
1244 4195 1316 4250 ad
1360 4194 1617 4265 praedam
1649 4209 1776 4265 quae
1800 4193 1969 4265 quasi

314 4286 528 4359 praevia
559 4285 768 4357 reliqui
799 4284 1058 4356 corporis
1088 4300 1283 4339 escam
1316 4298 1493 4354 quam
1525 4282 1833 4348 invenerit,
1878 4299 1968 4339 ra-

316 4379 458 4448 piat,
493 4378 667 4445 atque
693 4378 858 4429 eruat
888 4389 919 4427 e
958 4372 1269 4444 profundo.
1303 4371 1467 4425 Adde
1513 4375 1569 4426 et
1617 4370 1787 4439 illud,
1831 4371 1972 4441 quia

317 4462 553 4518 suavior
579 4465 637 4516 et
666 4461 851 4533 magis
883 4477 1133 4516 canorus
1155 4476 1258 4532 per
1288 4475 1527 4531 procera
1556 4458 1834 4514 modulus
1860 4459 1973 4514 col-

2003 4507 2050 4572 D

2074 3225 2279 3279 minem
2305 3224 2563 3279 mollibus
2591 3225 2929 3280 vestimentis
2958 3224 3246 3280 indutum?
3275 3228 3420 3282 Ecce
3459 3227 3554 3299 qui
3594 3223 3721 3279 mol-

2074 3313 2219 3367 libus
2246 3314 2555 3368 vestiuntur
2604 3314 2664 3367 in
2709 3311 2958 3368 domibus
3002 3329 3195 3385 regum
3229 3322 3360 3370 sunt
3388 3314 3595 3386 (Matth.
3650 3328 3719 3378 ιι,

2072 3402 2148 3471 8).
2168 3400 2533 3456 ΟΜωωΙθοη
2562 3417 2795 3474 quoque
2823 3401 3083 3458 diversas
3114 3403 3338 3476 species
3369 3403 3554 3459 fertur
3570 3400 3716 3457 vario

2075 3488 2265 3544 colore
2321 3488 2578 3544 mentiri.
2640 3490 2888 3562 Lepores
2944 3494 3117 3559 certe,
3151 3491 3306 3563 quod
3355 3492 3428 3547 de
3468 3490 3718 3564 proximo

2075 3575 2243 3632 facile
2296 3575 2696 3648 cognovimus,
2747 3576 2956 3650 hyeme
3023 3577 3340 3646 albescere,
3401 3583 3599 3635 aestate
3664 3576 3717 3631 in

2075 3681 2253 3721 suum
2283 3663 2537 3721 colorem
2569 3666 2758 3721 redire
2789 3682 2906 3722 non
2938 3666 3183 3722 dubium
3212 3672 3323 3723 est.

2144 3755 2236 3807 78.
2270 3753 2400 3809 Haec
2429 3753 2559 3809 ideo
2584 3752 2780 3819 libavi,
2813 3758 2882 3810 ut
2910 3755 2982 3811 ad
3012 3757 3497 3813 commutationis
3528 3755 3715 3822 ﬁdem,

2077 3858 2204 3913 quae
2237 3841 2296 3909 in
2327 3841 2751 3897 resurrectione
2781 3843 2979 3898 futura
3014 3847 3122 3911 est,
3155 3843 3333 3900 etiam
3381 3845 3498 3902 ista
3542 3857 3722 3899 exem-

2077 3928 2176 4002 pla
2205 3946 2312 3985 nos
2338 3934 2648 4001 provocent
2679 3946 2693 3985 :
2729 3932 2831 3987 sed
2874 3930 2956 3986 ita
3003 3935 3068 3986 ut
3106 3933 3627 3989 commutationem
3654 3928 3717 3984 il-

2075 4017 2195 4073 lam
2227 4017 2514 4086 dicamus,
2548 4034 2726 4090 quam
2757 4019 3069 4091 Apostolus
3099 4020 3400 4078 evidenter
3446 4016 3719 4093 expressit

2078 4107 2280 4162 dicens
2335 4122 2348 4160 :
2405 4106 2601 4163 Omnes
2654 4108 2875 4178 quidem
2919 4123 3261 4179 resurgemus
3312 4127 3332 4164 :
3387 4125 3499 4165 non
3552 4120 3722 4164 omnes

2077 4198 2264 4250 autem
2292 4195 2715 4251 immutabimur
2756 4196 2808 4268 (Ι
2850 4195 2969 4252 Cor.
3018 4214 3112 4262 xv,
3160 4196 3274 4269 5i).
3307 4199 3380 4253 Et
3423 4196 3577 4252 infra
3604 4194 3719 4250 ait:

2080 4287 2147 4339 Et
2174 4284 2382 4338 mortui
2405 4290 2691 4353 resurgent
2721 4285 3046 4356 incorrupti,
3078 4293 3130 4340 et
3156 4301 3253 4340 nos
3296 4285 3721 4341 immutabimur.

2082 4373 2298 4444 Oportet
2325 4372 2474 4426 enim
2500 4372 2856 4443 corruptibile
2888 4372 2986 4428 hoc
3013 4372 3241 4428 induere
3272 4373 3717 4445 incorruptelam,

2081 4465 2132 4516 et
2190 4460 2419 4515 mortale
2474 4460 2571 4515 hoc
2624 4459 2855 4516 induere
2912 4462 3385 4518 immortalitatem
3423 4461 3583 4533 (Ibid.
3637 4459 3721 4521 52,

316 4551 376 4607 la
431 4549 835 4622 distinguitur,
878 4554 935 4604 et
992 4548 1253 4620 longiore
1310 4546 1719 4603 exercitatione
1775 4547 1976 4619 purior
2003 4546 2050 4572 υ
2083 4548 2197 4620 53).
2220 4547 2489 4620 Plerique
2517 4547 2675 4604 enim
2706 4549 3183 4606 commutationis
3215 4565 3404 4622 genus
3431 4553 3490 4606 et
3518 4550 3721 4605 formas

315 4638 489 4711 longe
518 4636 782 4693 resultat.

389 4709 478 4783 76.
513 4728 697 4791 Quam
731 4723 921 4780 dulcis
948 4724 1125 4781 etiam
1156 4722 1215 4778 in
1246 4709 1472 4796 exiguo.
1494 4723 1709 4780 cicadis
1738 4728 1973 4797 gutture

319 4813 636 4881 cantilena,
684 4829 936 4885 quarum
980 4811 1249 4867 cantibus
1296 4810 1487 4867 medio
1536 4816 1679 4868 aestu
1731 4813 1975 4869 arbusta

318 4908 700 4977 rumpuntur,
732 4918 799 4958 eo
826 4901 982 4974 quod
1016 4899 1204 4973 magis
1235 4916 1459 4956 canoris
1491 4901 1832 4957 meridianis
1877 4919 1971 4958 ca-

336 5020 344 5025 ’
390 5021 503 5093 (36)
536 5019 677 5093 Mss.
705 5017 949 5090 aliquot,
985 5021 1036 5073 et
1064 5033 1168 5089 quo
1195 5017 1482 5088 puriorem
1510 5033 1634 5072 aere
1674 5016 1730 5073 id
1771 5021 1973 5090 tempo-

316 5091 405 5147 ris
420 5091 711 5147 attrahunt
738 5092 1015 5162 spiritum.

318 5232 352 5288 ά
390 5163 502 5287 (‘57)
534 5162 675 5219 Mss.
708 5159 996 5246 nonnulli,
1028 5161 1079 5214 si
1106 5161 1230 5232 quis
1268 5175 1360 5214 eas
1405 5159 1491 5214 vel
1543 5161 1693 5230 fucos
1733 5162 1971 5231 per/un-

356 5251 389 5288 a
419 5275 430 5287 .

356 5237 430 5288 at.
737 5238 747 5246 '

391 5304 501 5375 (38)
532 5304 669 5358 Cod.
718 5302 940 5375 aliquot
988 5301 1244 5357 melioris
1290 5303 1460 5367 notte,
1508 5304 1608 5375 qui
1642 5304 1973 5358 concretiore

318 5375 426 5428 olei
451 5373 1083 5440 obstruuntur‘humore,
1116 5376 1331 5444 feratur
1358 5373 1596 5442 aperire.

414 5445 504 5513 39)
535 5446 773 5515 Aliquot
804 5461 946 5499 mss.
981 5447 1175 5499 Fertur
1198 5443 1293 5515 (hic
1319 5446 1478 5514 niger
1506 5446 1726 5499 vermis.

418 5516 506 5588 40)
536 5515 617 5569 Ita
646 5514 840 5588 cuncti
874 5531 1014 5570 mss.
1050 5522 1108 5588 et
1144 5514 1283 5588 edit.
1334 5520 1581 5588 excepta
1621 5515 1811 5582 Rom.,
1845 5532 1970 5588 quae

322 5586 481 5663 legit,
514 5587 573 5641 in
602 5587 837 5658 speciem
863 5601 1060 5642 erucae.
1087 5584 1352 5641 Latinius
1384 5584 1692 5657 legendum
1714 5584 1968 5659 conjicit,

2080 4654 2228 4709 quas
2257 4653 2374 4694 non
2399 4641 2761 4708 acceperant,
2793 4636 3159 4710 interpretati
3188 4639 3325 4709 (42),
3356 4647 3721 4711 nequaquam

2081 4725 2554 4798 praesumptionis
2586 4727 2739 4782 no
2791 4725 3062 4782 indebitae
3119 4727 3446 4801 incongrua
3493 4738 3725 4795 usurpa-

2078 4816 2238 4871 tione
2267 4818 2601 4871 caruerunt.

2148 4903 2240 4958 79.
2274 4901 2516 4959 Phcenix
2544 4918 2777 4976 quoque
2806 4905 2929 4961 avis
2974 4904 3036 4961 in
3078 4905 3221 4963 locis
3267 4905 3496 4962 Arabia
3534 4900 3724 4975 perhi-

2080 5020 2143 5093 in
2169 5020 2400 5093 speciem
2428 5017 2873 5093 campm.?rocul
2906 5019 3084 5093 dubio
3114 5023 3351 5093 propter
3382 5017 3529 5075 illud
3559 5009 3721 5072 Basil.

2083 5090 2146 5149 ὠς
2175 5087 2238 5144 εἶς
2267 5090 2471 5151 κάμπην
2496 5087 2559 5137 τᾶ
2586 5087 2758 5154 πρῶτα
2786 5089 3094 5153 μεταϐαλών.

2150 5160 2265 5232 (Η)
2290 5159 2442 5233 Edit.
2474 5153 2643 5216 Rom.
2672 5165 2766 5233 (Ea:
2790 5160 2953 5233 liuius
2980 5161 3110 5233 ﬁlis.
3151 5160 3291 5233 Aliae
3338 5175 3546 5216 omnes
3594 5153 3722 5211 edit.

2080 5235 2137 5288 et
2176 5248 2346 5299 mss.,
2375 5232 2461 5287 Ea:
2489 5232 2573 5288 his
2601 5232 2779 5303 foliis,
2809 5232 3191 5305 Virg.’Georg.
3226 5232 3267 5287 l.
3301 5248 3381 5287 II:

2265 5336 2577 5401 Velleraque
2609 5340 2668 5387 ut
2695 5336 2837 5387 foliis
2866 5337 3152 5402 depectant
3183 5337 3372 5388 tenuia
3399 5335 3554 5387 Seres

2149 5444 2265 5570 (42L)
2297 5442 3173 5527 Mss.aliquot.,in_terpretantur,
3219 5444 3319 5515 qui
3374 5449 3727 5524 nequaquafn.

2149 5531 2189 5570 c.
2268 5532 2406 5570 mm.
2440 5520 2887 5570 interpretatione
2916 5516 3151 5570 auadam
3180 5515 3626 5570 praesumptionis
3651 5521 3727 5562 ιη·

2080 5520 2201 5589 etc.
2223 5515 2406 5589 Cmn.,
2440 5515 2887 5587 interpretatione
2916 5516 3151 5589 quadam
3175 5515 3626 5589 praesumptionis
3651 5515 3728 5562 in-

2079 5586 2291 5656 debitae,
2326 5586 2634 5658 incongrua
2662 5586 3021 5661 usurpatione
3049 5586 3379 5646 everterunt.
