3910 6210
850 258 883 283 4

317 318 431 385 283

317 453 486 511 betur
513 452 742 528 degere,
774 456 951 527 atque
979 470 1048 512 ea
1075 469 1264 527 usque
1292 452 1365 510 ad
1395 468 1580 509 annos
1610 451 1963 524 quingentos
1992 452 2043 515 Α

316 541 572 616 longaeva
599 547 764 600 aetate
794 544 1125 616 procedere.
1158 543 1293 608 Quae
1324 558 1458 597 cum
1491 540 1603 597 sibi
1634 539 1811 595 ﬁnem
1830 538 1960 593 vitae

313 632 515 688 adesse
555 632 883 701 adverterit,
918 632 1057 688 facit
1112 632 1224 687 sibi
1274 631 1503 686 thecam
1560 629 1632 684 de
1681 628 1852 683 thure
1907 630 1964 680 et

314 720 551 794 myrrha
576 726 635 776 et
663 720 887 777 caateris
918 721 1220 786 odoribus,
1254 720 1313 774 in
1340 735 1518 790 quam
1568 715 1807 789 impleto
1835 715 1962 770 vitae

313 825 428 865 suae
458 813 725 882 tempore
756 809 938 865 intrat
990 813 1048 865 et
1092 809 1360 863 moritur.
1394 808 1473 862 De
1517 808 1689 877 cujus
1719 804 1964 859 humore

313 897 506 953 carnis
537 898 754 954 vermis
804 898 1084 970 exsurgit,
1118 896 1518 969 paulatimque
1566 892 1864 961 adolescit,
1897 908 1963 947 ac

313 1001 589 1057 processu
623 986 826 1042 statuti
858 986 1140 1057 temporis
1198 984 1391 1039 induit
1437 982 1665 1038 alarum
1698 981 1960 1053 remigia,

315 1077 488 1145 atque
518 1075 577 1130 in
606 1074 925 1147 superioris
958 1073 1079 1130 avis
1109 1072 1362 1145 speciem
1406 1072 1773 1142 formamque
1800 1087 1962 1141 repa-

315 1166 497 1218 ratur.
532 1162 746 1219 Doceat
776 1162 956 1235 igitur
985 1161 1241 1271 nosyc
1272 1161 1393 1217 avis
1442 1159 1528 1215 vel
1578 1158 1842 1231 exemplo
1873 1158 1963 1215 sui

315 1250 795 1271 _-_____.__L:__A__
864 1250 1084 1271 __A_I-.__
1146 1267 1262 1271 ---μ
1321 1253 1367 1271 -1
1424 1248 1543 1271 _2_-
1599 1246 1852 1271 -_-_._I-
1914 1250 1963 1271 ,ι

314 1250 800 1306 resurrectionem
858 1246 1267 1322 crederef’quze
1315 1253 1371 1304 et
1421 1248 1548 1305 sine
1593 1246 1878 1319 exemplo,
1911 1250 1967 1302 et

316 1338 446 1394 sine
477 1338 723 1394 rationis
755 1339 1121 1411 perceptione
1154 1338 1283 1410 ipsa
1330 1337 1442 1393 sibi
1485 1336 1744 1408 insignia
1773 1353 1965 1391 resur-

314 1426 594 1484 rectionis
624 1426 957 1499 instaurat;
966 1428 1031 1482 Et
1062 1426 1260 1499 utique
1314 1442 1447 1481 aves
1496 1430 1732 1497 propter
1776 1424 1965 1479 homi-

314 1530 453 1570 nem
486 1520 647 1584 sunt,
683 1497 998 1592 nonfle/lpo
1030 1497 1265 1587 propter
1288 1515 1535 1570 aves.Sit
1564 1514 1744 1586 igitur
1771 1530 1965 1568 exem-

307 1602 409 1675 plo
441 1603 633 1670 nobis,
687 1603 824 1675 quia
871 1608 1073 1658 auctor
1114 1607 1171 1659 et
1217 1606 1443 1658 creator
1486 1602 1680 1658 avium
1731 1604 1966 1656 sanctos

309 1706 452 1748 suos
482 1691 544 1746 in
574 1695 922 1763 perpetuum
972 1690 1159 1763 perire
1220 1707 1334 1747 non
1392 1691 1634 1763 patitur,
1667 1688 1767 1763 qui
1799 1704 1962 1744 avem

311 1779 552 1836 unicam
605 1780 795 1852 perire
839 1796 953 1835 non
1004 1796 1236 1852 passus.
1270 1782 1671 1852 resurgentem
1702 1794 1832 1834 eam
1871 1776 1963 1832 sui
1996 1814 2043 1878 B

311 1868 540 1924 semine
576 1867 760 1925 voluit
806 1869 1062 1940 reparari
1092 1869 1227 1939 (43).
1262 1867 1401 1933 Quis
1451 1868 1630 1940 igitur
1677 1866 1814 1922 huic
1863 1883 1964 1921 an-

316 1956 550 2013 nuntiat
576 1957 728 2013 diem
762 1957 969 2012 mortis
1000 1961 1065 2011 ut
1090 1957 1263 2012 faciat
1306 1956 1418 2012 sibi
1471 1956 1726 2020 thecam,
1760 1959 1818 2010 et
1855 1954 1966 2009 im-

315 2044 475 2117 pleat
529 2060 656 2100 eam
707 2044 878 2101 bonis
925 2045 1226 2111 odoribus,
1268 2048 1444 2115 atque
1493 2043 1858 2115 ingrediatur
1906 2043 1967 2097 in

314 2150 469 2200 eam,
499 2137 557 2189 et
601 2132 889 2190 moriatur
918 2132 1036 2189 illic
1084 2133 1186 2189 ubi
1240 2132 1521 2189 odoribus
1571 2132 1754 2205 gratis
1804 2131 1970 2187 foetor

315 2221 540 2277 funeris
572 2222 758 2294 possit
787 2221 1023 2277 aboleri.
1563 2218 1569 2227 ’

384 2311 473 2365 80.
509 2311 620 2367 Fac
647 2318 705 2367 et
732 2316 817 2379 tu,
853 2328 885 2367 o
916 2310 1128 2366 homo!
1182 2310 1287 2365 tibi
1335 2309 1566 2366 thecam
1594 2327 1607 2377 ;
1639 2308 1969 2381 exspolians

310 2404 566 2455 veterem
597 2399 899 2455 hominem
932 2416 1064 2454 cum
1099 2399 1325 2454 actibus
1356 2398 1504 2467 suis,
1528 2414 1741 2453 novum
1770 2398 1966 2452 indue.

308 2487 502 2544 Theca
532 2491 656 2555 tua,
693 2488 903 2560 vagina
932 2492 1035 2543 tua
1064 2487 1330 2543 Christus
1355 2490 1463 2555 est,
1489 2486 1588 2558 qui
1623 2490 1678 2541 te
1709 2488 1973 2558 protegat

310 2579 365 2631 et
395 2576 721 2632 abscondat
747 2577 806 2631 in
839 2576 934 2632 die
965 2576 1138 2632 malo.
1172 2576 1274 2631 Vis
1303 2576 1452 2631 scire
1479 2574 1618 2647 quia
1648 2574 1819 2630 theca
1844 2591 1972 2646 pro-

310 2665 485 2721 tectio
505 2665 639 2721 est?
667 2665 1193 2736 Pharetra,inquit,
1232 2681 1355 2721 mea
1400 2665 1619 2735 protexi
1667 2680 1791 2719 eum
1839 2663 1967 2735 (Isa.

310 2771 460 2821 χιιι,
492 2756 573 2821 2).
608 2752 800 2810 Theca
831 2770 968 2826 ergo
1001 2758 1103 2809 tua
1132 2757 1222 2808 est
1252 2753 1395 2809 ﬁdes
1430 2771 1443 2808 :
1475 2751 1654 2825 imple
1695 2768 1825 2807 eam
1872 2753 1972 2807 bo-

315 2842 408 2897 nis
437 2840 726 2897 virtutum
775 2846 1013 2897 tuarum
1059 2840 1370 2908 odoribus;
1403 2841 1512 2896 hoc
1540 2844 1630 2896 est
1661 2839 1969 2905 castitatis,

316 2929 751 2996 misericordia,
784 2936 959 3001 atque
997 2930 1268 3002 justitiae,
1303 2938 1358 2985 et
1385 2929 1444 2984 in
1478 2930 1607 3002 ipsa
1650 2926 1971 3000 penetralia

313 3018 449 3075 ﬁdei
481 3019 647 3075 suavi
677 3019 964 3075 factorum
997 3018 1400 3091 praestantium
1433 3018 1608 3074 odore
1647 3016 1973 3074 redolentia

312 3111 472 3163 totus
514 3107 818 3180 ingredere
853 3124 866 3162 :
899 3124 967 3163 ea
1013 3112 1068 3163 te
1116 3107 1397 3162 amictum
1449 3108 1562 3163 ﬁde
1608 3106 1798 3162 exitus
1840 3106 1969 3160 vitae

1588 311 2133 380 HEXAEMERON
2175 311 2325 377 LIB.
2362 309 2441 374 η.

3601 320 3721 382 984

2143 448 2229 507 83.
2266 449 2427 508 Hanc
2471 467 2701 526 quoque
2734 450 2854 509 avis
2884 451 3122 510 devorat
3180 449 3419 521 αελευιὶίς,
3451 450 3534 508 sic
3566 454 3713 510 Ill

2072 538 2228 594 enim
2260 539 2456 597 Graeco
2486 541 2608 597 avis
2641 547 3013 615 nuncupatur
3041 540 3297 609 nomine,
3331 542 3466 598 data
3514 543 3585 598 ad
3636 560 3722 599 re-

2072 628 2332 684 medium
2367 632 2653 685 malorum
2706 649 2833 703 quae
2864 632 3090 687 locusta
3110 631 3411 687 consuevit
3457 632 3670 688 inferre
3702 649 3715 687 :

2072 717 2163 771 cui
2196 722 2420 773 creator
2448 719 2853 792 inexplebilem
2885 720 3044 775 dedit
3072 720 3382 775 devorandi
3414 724 3717 789 naturam;

2073 809 2138 859 ut
2159 806 2472 862 insatiabili
2502 813 2677 885 pastu
2710 808 2941 881 plagam
2991 824 3166 880 quam
3211 825 3392 880 supra
3437 808 3718 877 diximus,

2072 896 2259 966 possit
2287 896 2675 970 exstinguere.

2668 1048 2901 1103 CAPUT
2939 1046 3128 1102 XXIV.

2072 1151 2145 1206 De
2171 1155 2451 1226 nocturnis
2481 1155 2708 1221 avibus,-
2739 1156 2797 1209 in
2824 1155 3029 1226 primis
3056 1153 3121 1226 de
3151 1153 3405 1208 lusciniae
3435 1153 3723 1226 incuban-

2145 1225 2213 1278 tis
2260 1234 2426 1280 cantu
2454 1243 2473 1278 .·
2503 1226 2567 1281 de
2593 1224 3221 1294 noctuafvespertitione
3256 1228 3308 1278 et
3352 1224 3535 1293 gallo;
3579 1224 3724 1278 unde

2143 1297 2414 1351 nonnulla
2433 1296 2502 1350 ad
2529 1301 2739 1352 nostros
2769 1313 2942 1353 mores
2970 1294 3463 1351 aecum-mothumu'.

2146 1428 2231 1482 85.
2268 1428 2377 1483 Sed
2414 1428 2552 1499 quid
2584 1429 2692 1485 hoc
2720 1428 2845 1484 est?
2874 1428 3025 1483 Dum
3077 1444 3408 1484 sermonem
3456 1428 3722 1499 produci-

2077 1533 2229 1583 mus,
2264 1532 2396 1572 ecce
2448 1517 2553 1572 tibi
2590 1519 2718 1589 jam
2764 1521 2821 1573 et
2873 1520 3169 1571 nocturnae
3219 1533 3351 1571 aves
3396 1516 3724 1574 circumvo-

2075 1603 2220 1669 lant,
2251 1609 2309 1660 et
2347 1604 2406 1659 in
2452 1622 2518 1661 eo
2566 1607 2693 1678 ipso
2734 1606 2794 1661 in
2846 1621 2961 1678 quo
3017 1604 3339 1661 ﬁniendum
3397 1620 3725 1660 sermonem

2075 1693 2413 1763 admonent,
2447 1694 2537 1749 sui
2571 1711 2806 1767 quoque
2837 1694 3257 1749 assumendam
3306 1708 3725 1750 commemora-

2074 1782 2291 1838 tionem
2324 1783 2673 1855 producunt.
2708 1784 2999 1855 Repetunt
3040 1781 3277 1837 diversa:
3324 1799 3457 1838 aves
3511 1782 3729 1838 aviaria

2078 1887 2205 1937 sua,
2256 1888 2404 1943 quas
2455 1889 2662 1944 vesper
2718 1877 2884 1928 nocte
2945 1870 3100 1943 cogit
3146 1871 3440 1937 decedere,
3473 1874 3530 1926 et
3560 1887 3622 1926 se
3667 1871 3727 1926 in

2077 1958 2340 2015 latibulis
2372 1960 2499 2015 suis
2530 1961 2776 2027 abdunt,
2810 1975 3023 2015 canoro
3057 1959 3476 2015 occasum'diei
3514 1959 3726 2015 carmi-

2078 2064 2148 2103 ne
2197 2052 2649 2119 prosequentes;
2677 2065 2748 2103 ne
2779 2046 3075 2102 immunes
3126 2047 3336 2102 abeant
3382 2046 3726 2119 gratiarum,

2077 2136 2291 2208 quibus
2322 2136 2648 2192 Creatorem
2682 2152 2857 2191 suum
2891 2136 3084 2191 omnis
3110 2139 3376 2191 creatura
3413 2134 3727 2192 collaudat.

2147 2224 2426 2281 85.Habet
2456 2225 2632 2280 etiam
2665 2241 2779 2279 nox
2803 2224 3061 2279 carmina
3095 2241 3222 2292 sua,
3257 2224 3473 2296 quibus
3501 2224 3729 2297 vigilias

2078 2312 2386 2369 hominum
2418 2313 2675 2370 mulcere
2697 2313 3029 2380 consuevit;
3061 2312 3238 2368 habet
3267 2317 3323 2368 et
3354 2318 3564 2369 noctua
3590 2329 3729 2369 suos

2079 2405 2308 2458 cantus.
2343 2402 2489 2468 Quid
2521 2406 2714 2458 autem
2765 2402 2836 2457 de
2888 2400 3139 2457 luscinia
3178 2401 3390 2471 dicam,
3424 2418 3550 2474 qua:
3601 2418 3728 2474 per-

2078 2489 2215 2562 vigil
2246 2493 2449 2571 custos
2473 2506 2606 2545 cum
2638 2506 2745 2545 ova
2776 2490 3029 2561 quodam
3063 2489 3194 2545 sinu
3228 2490 3485 2562 corporis
3515 2493 3572 2545 et
3601 2507 3728 2562 gre-
3758 2528 3767 2539 ς

2080 2577 2197 2634 mio
2229 2578 2398 2644 fovet,
2426 2578 2756 2634 insomnem
2805 2576 2990 2650 longae
3039 2578 3227 2634 noctis
3256 2577 3514 2633 laborem
3546 2578 3730 2633 canti-

2079 2666 2219 2723 lenae
2286 2666 2572 2723 suavitate
2638 2666 2889 2733 solatur;
2954 2670 3018 2721 ut
3083 2666 3227 2721 mihi
3282 2665 3546 2721 videatur
3608 2666 3730 2721 haec

2078 2773 2313 2811 summa
2342 2757 2469 2827 eius
2500 2772 2628 2811 esse
2677 2755 2944 2823 intentio,
2979 2771 3095 2826 quo
3135 2754 3321 2827 possit
3375 2771 3494 2810 non
3534 2754 3731 2810 minus

2078 2844 2352 2900 dulcibus
2383 2843 2660 2912 modulis,
2687 2861 2867 2916 quam
2900 2844 3021 2899 fotu
3054 2842 3315 2915 corporis
3346 2843 3605 2899 animare
3627 2860 3733 2899 ova

2078 2949 2207 3005 quae
2245 2934 2451 2988 foveat.
2508 2933 2665 2988 Hanc
2697 2933 2925 2988 imitata
2974 2932 3169 2988 tenuis
3218 2931 3318 2987 illa
3364 2932 3596 2999 mulier,
3630 2933 3729 2989 sed

2078 3021 2309 3095 pudica,
2341 3022 2401 3076 in
2443 3039 2617 3077 usum
2652 3022 2763 3094 (/45)
2809 3021 2975 3077 mola
3022 3020 3280 3094 lapidem
3326 3020 3567 3078 brachio
3611 3026 3731 3077 tra-

2079 3111 2246 3178 hens,
2280 3114 2345 3165 ut
2373 3112 2563 3182 possit
2593 3111 2937 3167 alimentum
2964 3110 3132 3183 panis
3163 3110 3288 3165 suis
3320 3109 3575 3181 parvulis
3614 3126 3730 3165 non

312 3194 492 3267 hujus
522 3194 812 3263 inveniat;
848 3200 912 3251 ut
952 3196 1182 3268 possint
1229 3212 1365 3252 ossa
1412 3200 1513 3250 tua
1564 3194 1964 3268 pinguescere.
1996 3182 2041 3246 C
2080 3201 2300 3266 deesse,
2336 3203 2621 3255 nocturno
2648 3204 2819 3255 cantu
2856 3203 3129 3254 moestum
3175 3197 3536 3269 paupertatis
3578 3197 3730 3253 mul-

310 3288 368 3340 et
398 3283 519 3339 sint
549 3283 704 3339 sicut
733 3282 939 3341 hortus
967 3284 1188 3353 ebrius,
1222 3285 1394 3355 cujus
1438 3283 1551 3339 cito
1601 3284 1828 3339 semina
1868 3299 1966 3338 su-

308 3370 920 3443 scitantur.Cognosce
952 3388 1087 3445 ergo
1112 3372 1267 3428 diem
1302 3372 1513 3427 mortis
1546 3371 1842 3442 tum,sicut
1872 3387 1967 3426 co-

308 3461 506 3533 gnovit
533 3465 591 3516 et
623 3460 863 3530 Paulus,
898 3462 998 3533 qui
1030 3461 1111 3518 ait
1143 3480 1155 3517 :
1191 3461 1474 3517 Certamen
1506 3462 1707 3516 bonum
1742 3460 1965 3525 certavi,

310 3566 534 3605 cursum
556 3552 953 3617 consummavi,
1003 3550 1165 3621 ﬁdem
1210 3551 1425 3605 servavi
1454 3569 1472 3604 :
1503 3548 1644 3621 quod
1692 3548 1968 3619 reliquum

312 3646 406 3709 est,
462 3639 705 3709 reposita
761 3642 842 3694 est
894 3636 1039 3693 mihi
1084 3654 1284 3694 corona
1322 3639 1556 3710 justitiae
1606 3638 1679 3708 (II
1722 3638 1854 3692 Tim.
1890 3651 1964 3702 IV,

311 3727 364 3796 7,
397 3726 473 3795 8).
514 3726 757 3782 Intravit
786 3726 965 3799 igitur
991 3727 1049 3782 in
1076 3726 1309 3782 thecam
1355 3743 1524 3782 suam
1567 3725 1736 3798 quasi
1776 3724 1968 3779 bonus

315 3814 572 3887 phoenix,
607 3830 784 3887 quam
816 3815 968 3870 bono
998 3814 1239 3887 replevit
1269 3815 1444 3871 odore
1476 3813 1758 3886 martyrii.

385 3902 476 3959 8L
533 3903 910 3975 Interrogabo
942 3906 997 3958 te
1032 3920 1045 3957 :
1079 3908 1143 3958 tu
1203 3907 1397 3958 autem
1452 3902 1742 3975 responde
1793 3900 1963 3968 mihi,

316 3991 470 4047 unde
498 3990 768 4047 vultures
798 3995 1043 4047 mortem
1066 3990 1374 4047 hominum
1397 3991 1583 4063 signis
1612 3988 1966 4062 quibusdam

314 4079 663 4135 annuntiare
687 4080 1115 4146 consueverint,
1152 4097 1267 4152 quo
1312 4078 1527 4135 indicio
1572 4078 1757 4134 edocti
1791 4081 1968 4148 atque

311 4166 583 4223 instructi
617 4167 763 4235 sint;
798 4172 865 4223 ut
891 4185 1023 4223 cum
1058 4168 1276 4223 bellum
1306 4167 1680 4241 lacrymabile
1712 4166 1864 4221 inter
1904 4180 1966 4220 se

312 4257 565 4312 adversae
596 4256 752 4312 acies
784 4256 1106 4325 instruunt,
1142 4256 1329 4312 multo
1372 4257 1657 4329 praedictas
1698 4253 1966 4310 volucres

315 4347 641 4416 sequantur
671 4345 923 4417 agmine,
948 4349 1004 4401 et
1034 4362 1099 4402 eo
1130 4345 1460 4418 signiﬁcent
1489 4345 1627 4418 quia
1646 4342 1963 4400 multitudo

312 4429 619 4487 hominum
650 4448 859 4488 casura
902 4434 980 4488 sit
1027 4432 1198 4502 bello,
1234 4434 1431 4489 futura
1479 4433 1673 4505 prazda
1719 4431 1965 4487 vulturi-

2078 3292 2163 3343 cet
2197 3288 2490 3343 ati‘cctum.
2525 3288 2593 3341 Et
2618 3287 2885 3359 quamvis
2917 3286 3263 3341 suavitatem
3312 3284 3572 3341 lusciniae
3615 3304 3730 3342 non

2077 3376 2264 3447 possit
2296 3375 2539 3446 imitari,
2571 3375 2839 3430 imitatur
2867 3379 3063 3430 tamen
3093 3390 3221 3428 eam
3255 3373 3565 3431 sedulitate
3612 3375 3730 3447 pie-

2076 3464 2235 3520 tatis.

2146 3554 2234 3608 86.
2268 3552 2491 3607 Noctua
2520 3551 2648 3623 ipsa
2678 3552 3178 3623 quemadmodum
3212 3551 3442 3625 magnis
3475 3556 3531 3607 et
3559 3550 3730 3624 glau—

2076 3640 2159 3696 cis
2215 3640 2516 3697 oculorum
2574 3638 2814 3712 pupillis
2868 3644 3286 3696 nocturnarum
3356 3641 3728 3696 tenebrarum

2076 3728 2424 3803 caligantem
2456 3745 2573 3783 non
2606 3729 2781 3784 sentit
2811 3728 3131 3796 horrorem,
3167 3733 3222 3785 et
3253 3746 3368 3802 quo
3401 3728 3576 3785 fuerit
3617 3745 3732 3784 nox

2076 3816 2399 3884 obscurior,
2432 3834 2497 3873 eo
2528 3820 2731 3872 contra
2760 3834 2933 3872 usum
2966 3817 3160 3872 avium
3193 3822 3534 3873 caeterarum
3573 3816 3726 3871 inof-

2075 3906 2270 3962 fensos
2322 3909 2546 3961 exercet
2593 3904 2841 3961 volatus.
2874 3906 3081 3961 Exorto
3132 3909 3328 3961 autem
3375 3906 3487 3970 die,
3520 3909 3577 3961 et
3614 3905 3725 3960 cir-

2075 3994 2346 4050 cumfuso
2405 3993 2712 4066 splendore
2766 3993 2928 4060 solis,
2987 3994 3150 4048 visus
3204 3995 3333 4065 ejus
3392 3992 3723 4057 habetatur,

2075 4082 2244 4155 quasi
2296 4081 2651 4154 quibusdam
2710 4085 2860 4137 erret
2909 4081 2966 4135 in
3018 4081 3295 4136 tenebris.
3340 4080 3463 4144 Quo
3509 4080 3724 4135 indicio

2074 4172 2166 4227 sui
2198 4169 2454 4227 declarat
2480 4186 2608 4225 esse
2664 4168 2912 4241 aliquos,
2946 4169 3208 4241 quicum
3240 4168 3440 4224 oculos
3471 4168 3726 4224 habeant

2074 4260 2142 4315 ad
2180 4259 2516 4324 videndum,
2546 4258 2742 4313 videre
2774 4274 2887 4313 non
2921 4256 3168 4321 soleant,
3201 4261 3257 4312 et
3301 4258 3464 4312 visus
3515 4257 3605 4313 sui
3638 4259 3721 4313 ot-

2070 4348 2201 4404 ilcio
2233 4347 2374 4403 solis
2406 4347 2728 4420 fungantur
2769 4345 2827 4400 in
2860 4345 3133 4401 tenebris.
3170 4346 3249 4401 De
3298 4345 3490 4401 cordis
3538 4345 3721 4402 oculis

2069 4436 2295 4509 loquor,
2330 4452 2478 4508 quos
2526 4435 2744 4490 habent
2785 4434 3079 4507 sapientes
3131 4435 3358 4499 mundi,
3391 4438 3448 4490 et
3478 4452 3592 4490 non
3638 4435 3720 4490 vi-

311 4518 456 4575 bus?
486 4521 652 4587 Quod
693 4520 896 4593 utique
946 4538 1014 4578 ex
1060 4522 1252 4595 specie
1300 4521 1709 4578 instructionis
1757 4522 1964 4580 huma-
1990 4541 2037 4605 D
2070 4527 2228 4593 dent,
2259 4525 2317 4580 in
2350 4524 2478 4581 luce
2508 4523 2652 4579 nihil
2686 4528 2953 4591 cernunt,
2985 4523 3045 4578 in
3087 4524 3343 4580 tenebris
3392 4524 3719 4588 ambulant,

312 4624 391 4663 me
420 4609 676 4681 quadam
708 4610 980 4665 videntur
1010 4610 1233 4667 ratione
1262 4610 1552 4684 colligere.

376 4697 464 4752 82.
511 4697 710 4770 Usque
765 4698 836 4753 ad
895 4697 1181 4755 locustam
1237 4716 1467 4771 quoque
1513 4700 1703 4772 gratia
1758 4701 1957 4758 divina

311 4786 652 4855 penetravit,
707 4802 836 4859 qua
912 4804 1047 4843 cum
1104 4788 1338 4860 agmine
1386 4789 1643 4843 conferto
1698 4788 1954 4862 regionis

312 4873 596 4946 cujusque
653 4876 1019 4947 occupaverit
1072 4875 1464 4947 latitudinem,
1528 4876 1764 4933 innoxio
1834 4878 1953 4951 pri-

313 4977 467 5018 mum
500 4963 746 5019 feriatur
774 4965 887 5035 (44)
916 4964 1271 5032 habitacula,
1303 4982 1407 5021 nec
1439 4965 1664 5021 fructus
1696 4966 1955 5039 inhospi-

295 5049 407 5104 'tali
480 5050 819 5107 incursione
879 5053 1229 5125 depascitur,
1280 5054 1393 5109 nisi
1453 5054 1658 5109 divinae
1717 5054 1952 5127 signum

312 5138 709 5212 praeceptionis
775 5141 1079 5213 acceperit.
1154 5142 1380 5197 Etenim
1439 5142 1592 5197 sicut
1644 5142 1702 5196 in
1762 5144 1952 5199 Exodo

311 5222 554 5299 legimus
584 5227 775 5299 (Exod.
803 5246 858 5296 x,
890 5230 1000 5301 l2),
1036 5248 1103 5286 ea
1131 5216 1640 5303 quoque'coelestis
1671 5230 1950 5287 ultionem

311 5314 644 5371 otl‘ensionis
675 5317 1016 5388 exsequitur
1042 5320 1150 5391 piae
1182 5319 1456 5375 ministra
1481 5319 1770 5374 vindictae.

398 5464 488 5542 t8)
517 5464 768 5542 Quidam
802 5483 985 5542 mss”;
1002 5470 1173 5525 voluit
1194 5472 1511 5542 propagari.

399 5535 489 5612 lii)
520 5536 675 5612 Edit.
707 5542 902 5612 fertur.
933 5540 1096 5610 Mss.,
1127 5535 1383 5612 feriatur:

403 5607 489 5672 45)
521 5606 664 5663 Mss.
708 5606 996 5681 quinque,
1042 5606 1304 5668 inlusam.
1362 5611 1650 5680 Totidem,
1698 5616 1753 5667 et
1810 5613 1949 5669 edit.

2067 4616 2210 4670 dum
2242 4611 2662 4669 daemoniorum
2694 4613 3005 4668 tenebrosa
3034 4612 3081 4667 ri
3094 4616 3412 4678 mantur,et
3443 4612 3572 4669 cceli
3602 4612 3723 4668 alta

2063 4720 2125 4760 se
2179 4703 2372 4759 videre
2428 4702 2692 4769 credunt,
2746 4702 3145 4759 describentes
3189 4702 3352 4758 radio
3399 4702 3710 4766 mundum,

2063 4808 2397 4848 mensuram
2429 4791 2577 4847 aeris
2606 4791 2795 4862 ipsius
2826 4790 3188 4864 colligentes.
3234 4791 3407 4845 Porro
3448 4795 3643 4845 autem
3684 4807 3716 4844 a

2061 4881 2173 4936 fide
2202 4880 2370 4948 devii,
2400 4884 2688 4952 perpetuae
2723 4879 3000 4935 caacitatis
3029 4878 3288 4935 tenebris
3315 4876 3711 4949 implicantur.

2061 4969 2341 5025 habentes
2372 4968 2431 5023 in
2466 4968 2726 5041 proximo
2759 4967 2911 5023 diem
2943 4967 3157 5022 Christi
3189 4970 3246 5021 et
3275 4965 3478 5020 lumen
3520 4963 3712 5019 Eccle-

2061 5059 2180 5126 siae,
2213 5064 2271 5113 et
2312 5057 2457 5112 nihil
2505 5057 2767 5112 videntes
2817 5056 3086 5126 aperiunt
3134 5071 3200 5109 os
3243 5053 3413 5123 quasi
3459 5051 3711 5108 scientes

2061 5148 2277 5212 omnia,
2311 5144 2464 5201 acuti
2496 5146 2568 5200 ad
2599 5161 2765 5212 vana,
2797 5144 3033 5199 hebetes
3082 5142 3153 5197 ad
3201 5145 3498 5209 aaterna,et
3527 5139 3712 5213 longae

2060 5232 2475 5306 disputationis
2520 5234 2783 5289 anfractu
2832 5232 3142 5305 prodentes
3188 5230 3432 5285 inscitiae
3464 5229 3715 5301 proprias

2061 5324 2376 5379 caecitatem
2434 5322 2566 5391 (46).
2629 5322 2829 5392 Itaque
2898 5321 3043 5375 dum
3091 5320 3337 5391 cupiunt
3394 5317 3712 5374 subtilibus

2062 5474 2215 5529 Cost.
2246 5477 2304 5527 et
2332 5470 2599 5543 quaedam
2632 5469 2834 5543 geris”
2869 5472 3167 5526 irwussum.

2134 5542 2245 5615 (46)
2277 5539 2518 5615 Amerb.
2542 5547 2600 5595 et
2629 5542 2878 5615 Erasm.,
2911 5544 3167 5612 anfractu
3201 5541 3511 5613 prudentes,
3547 5539 3710 5592 inscii

2061 5612 2304 5689 prbpria:
2334 5612 2585 5670 inscitiae.
2622 5613 2954 5682 Caecitatem,
2987 5616 3094 5668 etc.
