  <div class='ocr_page' id='page_1' title='image "/cluster/home/n/w/nwhite01/storage/ocr_20150623/14/uva.x000826552/142.png"; bbox 0 0 3910 6210; ppageno 0'>
   <div class='ocr_carea' id='block_1_1' title="bbox 225 333 346 401">
    <p class='ocr_par' dir='ltr' id='par_1_1' title="bbox 225 333 346 401">
     <span class='ocr_line' id='line_1_1' title="bbox 225 333 346 401; baseline 0.017 -2"><span class='ocrx_word' id='word_1_1' title='bbox 225 333 346 401; x_wconf 72' lang='lat'>235</span> 
     </span>
    </p>
   </div>
   <div class='ocr_carea' id='block_1_2' title="bbox 1684 331 2176 400">
    <p class='ocr_par' dir='ltr' id='par_1_2' title="bbox 1684 331 2176 400">
     <span class='ocr_line' id='line_1_2' title="bbox 1684 331 2176 400; baseline -0.002 -1"><span class='ocrx_word' id='word_1_2' title='bbox 1684 335 1750 399; x_wconf 87' lang='lat' dir='ltr'>S.</span> <span class='ocrx_word' id='word_1_3' title='bbox 1795 331 2176 400; x_wconf 80' lang='lat' dir='ltr'>AMBROSII</span> 
     </span>
    </p>
   </div>
   <div class='ocr_carea' id='block_1_3' title="bbox 226 467 3630 544">
    <p class='ocr_par' dir='ltr' id='par_1_3' title="bbox 226 467 3630 544">
     <span class='ocr_line' id='line_1_3' title="bbox 226 467 3630 544; baseline 0.001 -16"><span class='ocrx_word' id='word_1_4' title='bbox 226 471 448 528; x_wconf 80' lang='lat' dir='ltr'>evolare</span> <span class='ocrx_word' id='word_1_5' title='bbox 479 468 870 541; x_wconf 78' lang='lat' dir='ltr'>sermonibus,</span> <span class='ocrx_word' id='word_1_6' title='bbox 920 467 1088 544; x_wconf 87' lang='lat' dir='ltr'>quasi</span> <span class='ocrx_word' id='word_1_7' title='bbox 1136 472 1358 528; x_wconf 82' lang='lat' dir='ltr'>noctuas</span> <span class='ocrx_word' id='word_1_8' title='bbox 1392 468 1451 528; x_wconf 90' lang='lat' dir='ltr'>in</span> <span class='ocrx_word' id='word_1_9' title='bbox 1483 468 1705 527; x_wconf 86' lang='lat' dir='ltr'>lumine</span> <span class='ocrx_word' id='word_1_10' title='bbox 1735 487 1868 527; x_wconf 90' lang='lat' dir='ltr'>eva-</span> <span class='ocrx_word' id='word_1_11' title='bbox 1896 473 1950 539; x_wconf 78' lang='grc' dir='ltr'><strong>Α</strong></span> <span class='ocrx_word' id='word_1_12' title='bbox 1983 475 2178 543; x_wconf 85' lang='lat' dir='ltr'>posset</span> <span class='ocrx_word' id='word_1_13' title='bbox 2214 487 2226 525; x_wconf 90' lang='lat'><strong>:</strong></span> <span class='ocrx_word' id='word_1_14' title='bbox 2258 473 2314 524; x_wconf 91' lang='lat' dir='ltr'>et</span> <span class='ocrx_word' id='word_1_15' title='bbox 2340 468 2398 525; x_wconf 90' lang='lat' dir='ltr'>in</span> <span class='ocrx_word' id='word_1_16' title='bbox 2431 468 2706 528; x_wconf 78' lang='lat' dir='ltr'>virtutem</span> <span class='ocrx_word' id='word_1_17' title='bbox 2735 467 2809 528; x_wconf 85' lang='lat' dir='ltr'>ab</span> <span class='ocrx_word' id='word_1_18' title='bbox 2837 483 3032 528; x_wconf 76' lang='lat' dir='ltr'>errore</span> <span class='ocrx_word' id='word_1_19' title='bbox 3062 471 3348 538; x_wconf 87' lang='lat' dir='ltr'>mutatus,</span> <span class='ocrx_word' id='word_1_20' title='bbox 3381 473 3630 530; x_wconf 74' lang='lat' dir='ltr'>amaris~</span> 
     </span>
    </p>
   </div>
   <div class='ocr_carea' id='block_1_4' title="bbox 223 565 496 619">
    <p class='ocr_par' dir='ltr' id='par_1_4' title="bbox 223 565 496 619">
     <span class='ocr_line' id='line_1_4' title="bbox 223 565 496 619; baseline 0.007 -3"><span class='ocrx_word' id='word_1_21' title='bbox 223 565 496 619; x_wconf 86' lang='lat' dir='ltr'>nuerunt.</span> 
     </span>
    </p>
   </div>
   <div class='ocr_carea' id='block_1_5' title="bbox 293 694 1870 767">
    <p class='ocr_par' dir='ltr' id='par_1_5' title="bbox 293 694 1870 767">
     <span class='ocr_line' id='line_1_5' title="bbox 293 694 1870 767; baseline -0.001 -17"><span class='ocrx_word' id='word_1_22' title='bbox 293 697 382 751; x_wconf 90' lang='lat'>87.</span> <span class='ocrx_word' id='word_1_23' title='bbox 417 694 765 766; x_wconf 85' lang='lat' dir='ltr'>Vespertilio</span> <span class='ocrx_word' id='word_1_24' title='bbox 795 695 1013 750; x_wconf 82' lang='lat' dir='ltr'>animal</span> <span class='ocrx_word' id='word_1_25' title='bbox 1047 696 1298 767; x_wconf 84' lang='lat' dir='ltr'>ignobile</span> <span class='ocrx_word' id='word_1_26' title='bbox 1331 713 1364 750; x_wconf 92' lang='lat' dir='ltr'>a</span> <span class='ocrx_word' id='word_1_27' title='bbox 1393 711 1626 767; x_wconf 81' lang='lat' dir='ltr'>vespere</span> <span class='ocrx_word' id='word_1_28' title='bbox 1659 711 1870 750; x_wconf 80' lang='lat' dir='ltr'>nomen</span> 
     </span>
    </p>
   </div>
   <div class='ocr_carea' id='block_1_6' title="bbox 224 784 1868 856">
    <p class='ocr_par' dir='ltr' id='par_1_6' title="bbox 224 784 1868 856">
     <span class='ocr_line' id='line_1_6' title="bbox 224 784 1868 856; baseline -0.002 -16"><span class='ocrx_word' id='word_1_29' title='bbox 224 785 463 855; x_wconf 87' lang='lat' dir='ltr'>accepit.</span> <span class='ocrx_word' id='word_1_30' title='bbox 493 786 592 839; x_wconf 88' lang='lat' dir='ltr'>Est</span> <span class='ocrx_word' id='word_1_31' title='bbox 621 790 812 839; x_wconf 88' lang='lat' dir='ltr'>autem</span> <span class='ocrx_word' id='word_1_32' title='bbox 844 784 1113 849; x_wconf 74' lang='lat' dir='ltr'>volatilis,</span> <span class='ocrx_word' id='word_1_33' title='bbox 1145 786 1465 856; x_wconf 85' lang='lat' dir='ltr'>eademque</span> <span class='ocrx_word' id='word_1_34' title='bbox 1511 785 1868 856; x_wconf 83' lang='lat' dir='ltr'>quadrupes,</span> 
     </span>
    </p>
   </div>
   <div class='ocr_carea' id='block_1_7' title="bbox 223 873 1871 944">
    <p class='ocr_par' dir='ltr' id='par_1_7' title="bbox 223 873 1871 944">
     <span class='ocr_line' id='line_1_7' title="bbox 223 873 1871 944; baseline 0.001 -17"><span class='ocrx_word' id='word_1_35' title='bbox 223 877 279 927; x_wconf 90' lang='lat' dir='ltr'>et</span> <span class='ocrx_word' id='word_1_36' title='bbox 327 873 601 928; x_wconf 80' lang='lat' dir='ltr'>dentibus</span> <span class='ocrx_word' id='word_1_37' title='bbox 653 873 853 936; x_wconf 80' lang='lat' dir='ltr'>utitur,</span> <span class='ocrx_word' id='word_1_38' title='bbox 889 890 1035 943; x_wconf 86' lang='lat' dir='ltr'>quos</span> <span class='ocrx_word' id='word_1_39' title='bbox 1093 874 1150 927; x_wconf 90' lang='lat' dir='ltr'>in</span> <span class='ocrx_word' id='word_1_40' title='bbox 1184 873 1312 928; x_wconf 88' lang='lat' dir='ltr'>aliis</span> <span class='ocrx_word' id='word_1_41' title='bbox 1359 874 1564 929; x_wconf 90' lang='lat' dir='ltr'>avibus</span> <span class='ocrx_word' id='word_1_42' title='bbox 1622 873 1871 944; x_wconf 89' lang='lat' dir='ltr'>reperire</span> 
     </span>
    </p>
   </div>
   <div class='ocr_carea' id='block_1_8' title="bbox 223 961 1868 1032">
    <p class='ocr_par' dir='ltr' id='par_1_8' title="bbox 223 961 1868 1032">
     <span class='ocr_line' id='line_1_8' title="bbox 223 961 1868 1032; baseline -0.001 -16"><span class='ocrx_word' id='word_1_43' title='bbox 223 979 336 1016; x_wconf 88' lang='lat' dir='ltr'>non</span> <span class='ocrx_word' id='word_1_44' title='bbox 373 961 581 1016; x_wconf 81' lang='lat' dir='ltr'><strong>soleas.</strong></span> <span class='ocrx_word' id='word_1_45' title='bbox 624 962 781 1016; x_wconf 84' lang='lat' dir='ltr'>Parit</span> <span class='ocrx_word' id='word_1_46' title='bbox 835 965 896 1014; x_wconf 88' lang='lat' dir='ltr'>ut</span> <span class='ocrx_word' id='word_1_47' title='bbox 951 962 1376 1032; x_wconf 80' lang='lat' dir='ltr'>quadrupedis,</span> <span class='ocrx_word' id='word_1_48' title='bbox 1411 980 1523 1016; x_wconf 88' lang='lat' dir='ltr'>non</span> <span class='ocrx_word' id='word_1_49' title='bbox 1558 964 1598 1016; x_wconf 81' lang='grc'>1</span> <span class='ocrx_word' id='word_1_50' title='bbox 1621 963 1709 1017; x_wconf 76' lang='lat' dir='ltr'>I2</span> <span class='ocrx_word' id='word_1_51' title='bbox 1743 978 1868 1026; x_wconf 87' lang='lat' dir='ltr'>ova,</span> 
     </span>
    </p>
   </div>
   <div class='ocr_carea' id='block_1_9' title="bbox 223 1049 1867 1121">
    <p class='ocr_par' dir='ltr' id='par_1_9' title="bbox 223 1049 1867 1121">
     <span class='ocr_line' id='line_1_9' title="bbox 223 1049 1867 1121; baseline -0.001 -17"><span class='ocrx_word' id='word_1_52' title='bbox 223 1050 322 1104; x_wconf 88' lang='lat' dir='ltr'>sed</span> <span class='ocrx_word' id='word_1_53' title='bbox 355 1049 546 1121; x_wconf 89' lang='lat' dir='ltr'>pullos</span> <span class='ocrx_word' id='word_1_54' title='bbox 578 1050 851 1104; x_wconf 81' lang='lat' dir='ltr'>viventes.</span> <span class='ocrx_word' id='word_1_55' title='bbox 888 1049 1105 1104; x_wconf 82' lang='lat' dir='ltr'>Volitat</span> <span class='ocrx_word' id='word_1_56' title='bbox 1159 1051 1216 1104; x_wconf 89' lang='lat' dir='ltr'>in</span> <span class='ocrx_word' id='word_1_57' title='bbox 1263 1067 1392 1104; x_wconf 87' lang='lat' dir='ltr'>aere</span> <span class='ocrx_word' id='word_1_58' title='bbox 1442 1051 1635 1104; x_wconf 87' lang='lat' dir='ltr'>avium</span> <span class='ocrx_word' id='word_1_59' title='bbox 1671 1066 1867 1115; x_wconf 90' lang='lat' dir='ltr'>more;</span> 
     </span>
    </p>
   </div>
   <div class='ocr_carea' id='block_1_10' title="bbox 220 1137 1866 1210">
    <p class='ocr_par' dir='ltr' id='par_1_10' title="bbox 220 1137 1866 1210">
     <span class='ocr_line' id='line_1_10' title="bbox 220 1137 1866 1210; baseline -0.002 -16"><span class='ocrx_word' id='word_1_60' title='bbox 220 1140 320 1194; x_wconf 86' lang='lat' dir='ltr'>sed</span> <span class='ocrx_word' id='word_1_61' title='bbox 373 1137 714 1210; x_wconf 87' lang='lat' dir='ltr'>crepusculo</span> <span class='ocrx_word' id='word_1_62' title='bbox 765 1139 1090 1208; x_wconf 85' lang='lat' dir='ltr'>vespertino</span> <span class='ocrx_word' id='word_1_63' title='bbox 1139 1139 1438 1193; x_wconf 86' lang='lat' dir='ltr'>consuevit</span> <span class='ocrx_word' id='word_1_64' title='bbox 1488 1137 1707 1193; x_wconf 77' lang='lat' dir='ltr'>oﬂ&#39;undi</span> <span class='ocrx_word' id='word_1_65' title='bbox 1739 1139 1866 1208; x_wconf 69' lang='grc'>(47).</span> 
     </span>
    </p>
   </div>
   <div class='ocr_carea' id='block_1_11' title="bbox 219 1226 1870 1298">
    <p class='ocr_par' dir='ltr' id='par_1_11' title="bbox 219 1226 1870 1298">
     <span class='ocr_line' id='line_1_11' title="bbox 219 1226 1870 1298; baseline -0.001 -17"><span class='ocrx_word' id='word_1_66' title='bbox 219 1227 437 1283; x_wconf 86' lang='lat' dir='ltr'>Volitat</span> <span class='ocrx_word' id='word_1_67' title='bbox 460 1233 653 1282; x_wconf 88' lang='lat' dir='ltr'>autem</span> <span class='ocrx_word' id='word_1_68' title='bbox 687 1243 804 1281; x_wconf 91' lang='lat' dir='ltr'>non</span> <span class='ocrx_word' id='word_1_69' title='bbox 837 1226 1032 1298; x_wconf 87' lang='lat' dir='ltr'>aliquo</span> <span class='ocrx_word' id='word_1_70' title='bbox 1064 1244 1408 1297; x_wconf 86' lang='lat' dir='ltr'>pennarum,</span> <span class='ocrx_word' id='word_1_71' title='bbox 1443 1228 1540 1281; x_wconf 87' lang='lat' dir='ltr'>sed</span> <span class='ocrx_word' id='word_1_72' title='bbox 1574 1227 1870 1282; x_wconf 89' lang='lat' dir='ltr'>membra-</span> 
     </span>
    </p>
   </div>
   <div class='ocr_carea' id='block_1_12' title="bbox 222 1313 1870 1386">
    <p class='ocr_par' dir='ltr' id='par_1_12' title="bbox 222 1313 1870 1386">
     <span class='ocr_line' id='line_1_12' title="bbox 222 1313 1870 1386; baseline -0.001 -16"><span class='ocrx_word' id='word_1_73' title='bbox 222 1333 308 1370; x_wconf 75' lang='lat' dir='ltr'>nae</span> <span class='ocrx_word' id='word_1_74' title='bbox 341 1333 459 1370; x_wconf 68' lang='lat' dir='ltr'>sua:</span> <span class='ocrx_word' id='word_1_75' title='bbox 487 1315 635 1370; x_wconf 79' lang='lat' dir='ltr'>fulta</span> <span class='ocrx_word' id='word_1_76' title='bbox 663 1313 928 1386; x_wconf 86' lang='lat' dir='ltr'>remigio,</span> <span class='ocrx_word' id='word_1_77' title='bbox 962 1331 1076 1386; x_wconf 88' lang='lat' dir='ltr'>quo</span> <span class='ocrx_word' id='word_1_78' title='bbox 1123 1332 1409 1386; x_wconf 89' lang='lat' dir='ltr'>suspensa</span> <span class='ocrx_word' id='word_1_79' title='bbox 1456 1315 1613 1369; x_wconf 92' lang='lat' dir='ltr'>velut</span> <span class='ocrx_word' id='word_1_80' title='bbox 1661 1331 1870 1386; x_wconf 88' lang='lat' dir='ltr'>penna-</span> 
     </span>
    </p>
   </div>
   <div class='ocr_carea' id='block_1_13' title="bbox 219 1402 1863 1474">
    <p class='ocr_par' dir='ltr' id='par_1_13' title="bbox 219 1402 1863 1474">
     <span class='ocr_line' id='line_1_13' title="bbox 219 1402 1863 1474; baseline -0.002 -15"><span class='ocrx_word' id='word_1_81' title='bbox 219 1419 351 1459; x_wconf 89' lang='lat' dir='ltr'>rum</span> <span class='ocrx_word' id='word_1_82' title='bbox 409 1402 601 1458; x_wconf 88' lang='lat' dir='ltr'>volatu</span> <span class='ocrx_word' id='word_1_83' title='bbox 663 1404 1070 1458; x_wconf 72' lang='lat' dir='ltr'>circumfertur</span> <span class='ocrx_word' id='word_1_84' title='bbox 1137 1408 1308 1474; x_wconf 87' lang='lat' dir='ltr'>atque</span> <span class='ocrx_word' id='word_1_85' title='bbox 1378 1407 1676 1474; x_wconf 74' lang='lat' dir='ltr'>vegetatur</span> <span class='ocrx_word' id='word_1_86' title='bbox 1732 1404 1863 1472; x_wconf 59' lang='lat'>(-58).</span> 
     </span>
    </p>
   </div>
   <div class='ocr_carea' id='block_1_14' title="bbox 217 1491 1865 1563">
    <p class='ocr_par' dir='ltr' id='par_1_14' title="bbox 217 1491 1865 1563">
     <span class='ocr_line' id='line_1_14' title="bbox 217 1491 1865 1563; baseline -0.001 -15"><span class='ocrx_word' id='word_1_87' title='bbox 217 1493 402 1548; x_wconf 85' lang='lat' dir='ltr'>Habet</span> <span class='ocrx_word' id='word_1_88' title='bbox 429 1497 484 1548; x_wconf 91' lang='lat' dir='ltr'>et</span> <span class='ocrx_word' id='word_1_89' title='bbox 513 1491 655 1546; x_wconf 92' lang='lat' dir='ltr'>illud</span> <span class='ocrx_word' id='word_1_90' title='bbox 707 1491 814 1545; x_wconf 89' lang='lat' dir='ltr'>hoc</span> <span class='ocrx_word' id='word_1_91' title='bbox 857 1491 969 1545; x_wconf 83' lang='lat' dir='ltr'>vile</span> <span class='ocrx_word' id='word_1_92' title='bbox 1018 1491 1258 1555; x_wconf 86' lang='lat' dir='ltr'>animal,</span> <span class='ocrx_word' id='word_1_93' title='bbox 1291 1493 1444 1563; x_wconf 91' lang='lat' dir='ltr'>quod</span> <span class='ocrx_word' id='word_1_94' title='bbox 1479 1491 1589 1546; x_wconf 86' lang='lat' dir='ltr'>sibi</span> <span class='ocrx_word' id='word_1_95' title='bbox 1620 1491 1865 1546; x_wconf 85' lang='lat' dir='ltr'>invicem</span> 
     </span>
    </p>
   </div>
   <div class='ocr_carea' id='block_1_15' title="bbox 216 1579 1866 1652">
    <p class='ocr_par' dir='ltr' id='par_1_15' title="bbox 216 1579 1866 1652">
     <span class='ocr_line' id='line_1_15' title="bbox 216 1579 1866 1652; baseline -0.001 -16"><span class='ocrx_word' id='word_1_96' title='bbox 216 1581 536 1646; x_wconf 72' lang='lat' dir='ltr'>adhaerent,</span> <span class='ocrx_word' id='word_1_97' title='bbox 569 1584 625 1634; x_wconf 92' lang='lat' dir='ltr'>et</span> <span class='ocrx_word' id='word_1_98' title='bbox 656 1579 824 1650; x_wconf 90' lang='lat' dir='ltr'>quasi</span> <span class='ocrx_word' id='word_1_99' title='bbox 851 1579 908 1633; x_wconf 91' lang='lat' dir='ltr'>in</span> <span class='ocrx_word' id='word_1_100' title='bbox 941 1581 1190 1651; x_wconf 84' lang='lat' dir='ltr'>speciem</span> <span class='ocrx_word' id='word_1_101' title='bbox 1224 1581 1521 1652; x_wconf 73' lang='lat' dir='ltr'>botryonis</span> <span class='ocrx_word' id='word_1_102' title='bbox 1559 1597 1627 1635; x_wconf 88' lang='lat' dir='ltr'>ex</span> <span class='ocrx_word' id='word_1_103' title='bbox 1669 1579 1866 1651; x_wconf 68' lang='lat' dir='ltr'>aliquo</span> 
     </span>
    </p>
   </div>
   <div class='ocr_carea' id='block_1_16' title="bbox 214 1667 1862 1742">
    <p class='ocr_par' dir='ltr' id='par_1_16' title="bbox 214 1667 1862 1742">
     <span class='ocr_line' id='line_1_16' title="bbox 214 1667 1862 1742; baseline -0.003 -16"><span class='ocrx_word' id='word_1_104' title='bbox 214 1670 340 1726; x_wconf 93' lang='lat' dir='ltr'>loco</span> <span class='ocrx_word' id='word_1_105' title='bbox 389 1670 690 1742; x_wconf 88' lang='lat' dir='ltr'>pendent:</span> <span class='ocrx_word' id='word_1_106' title='bbox 726 1685 791 1723; x_wconf 92' lang='lat' dir='ltr'>ac</span> <span class='ocrx_word' id='word_1_107' title='bbox 839 1669 887 1722; x_wconf 89' lang='lat' dir='ltr'>si</span> <span class='ocrx_word' id='word_1_108' title='bbox 941 1686 1001 1724; x_wconf 92' lang='lat' dir='ltr'>se</span> <span class='ocrx_word' id='word_1_109' title='bbox 1049 1668 1255 1723; x_wconf 90' lang='lat' dir='ltr'>ultima</span> <span class='ocrx_word' id='word_1_110' title='bbox 1286 1686 1531 1741; x_wconf 59' lang='lat' dir='ltr'>qumque</span> <span class='ocrx_word' id='word_1_111' title='bbox 1569 1667 1862 1736; x_wconf 82' lang='lat' dir='ltr'>laxaverit,</span> 
     </span>
    </p>
   </div>
   <div class='ocr_carea' id='block_1_17' title="bbox 215 1757 1863 1828">
    <p class='ocr_par' dir='ltr' id='par_1_17' title="bbox 215 1757 1863 1828">
     <span class='ocr_line' id='line_1_17' title="bbox 215 1757 1863 1828; baseline -0.002 -13"><span class='ocrx_word' id='word_1_112' title='bbox 215 1775 418 1815; x_wconf 91' lang='lat' dir='ltr'>omnes</span> <span class='ocrx_word' id='word_1_113' title='bbox 447 1757 836 1814; x_wconf 89' lang='lat' dir='ltr'>resolvuntur.</span> <span class='ocrx_word' id='word_1_114' title='bbox 874 1757 1033 1820; x_wconf 80' lang='lat' dir='ltr'>Quod</span> <span class='ocrx_word' id='word_1_115' title='bbox 1062 1758 1126 1810; x_wconf 82' lang='lat' dir='ltr'>ﬁt</span> <span class='ocrx_word' id='word_1_116' title='bbox 1157 1758 1410 1828; x_wconf 87' lang='lat' dir='ltr'>quodam</span> <span class='ocrx_word' id='word_1_117' title='bbox 1459 1773 1696 1812; x_wconf 90' lang='lat' dir='ltr'>munere</span> <span class='ocrx_word' id='word_1_118' title='bbox 1728 1757 1863 1812; x_wconf 90' lang='lat' dir='ltr'>cha-</span> 
     </span>
    </p>
   </div>
   <div class='ocr_carea' id='block_1_18' title="bbox 215 1839 1944 1917">
    <p class='ocr_par' dir='ltr' id='par_1_18' title="bbox 215 1839 1944 1917">
     <span class='ocr_line' id='line_1_18' title="bbox 215 1839 1944 1917; baseline -0.001 -15"><span class='ocrx_word' id='word_1_119' title='bbox 215 1846 426 1914; x_wconf 88' lang='lat' dir='ltr'>ritatis,</span> <span class='ocrx_word' id='word_1_120' title='bbox 463 1863 590 1917; x_wconf 69' lang='lat' dir='ltr'>quae</span> <span class='ocrx_word' id='word_1_121' title='bbox 642 1845 881 1900; x_wconf 83' lang='lat' dir='ltr'>difficile</span> <span class='ocrx_word' id='word_1_122' title='bbox 936 1845 994 1900; x_wconf 90' lang='lat' dir='ltr'>in</span> <span class='ocrx_word' id='word_1_123' title='bbox 1045 1845 1386 1901; x_wconf 87' lang='lat' dir='ltr'>hominibus</span> <span class='ocrx_word' id='word_1_124' title='bbox 1432 1845 1610 1916; x_wconf 82' lang='lat' dir='ltr'>hujus</span> <span class='ocrx_word' id='word_1_125' title='bbox 1662 1845 1864 1900; x_wconf 88' lang='lat' dir='ltr'>mundi</span> <span class='ocrx_word' id='word_1_126' title='bbox 1897 1839 1944 1902; x_wconf 88' lang='lat' dir='ltr'><strong>B</strong></span> 
     </span>
    </p>
   </div>
   <div class='ocr_carea' id='block_1_19' title="bbox 215 1935 524 2007">
    <p class='ocr_par' dir='ltr' id='par_1_19' title="bbox 215 1935 524 2007">
     <span class='ocr_line' id='line_1_19' title="bbox 215 1935 524 2007; baseline -0.006 -16"><span class='ocrx_word' id='word_1_127' title='bbox 215 1935 524 2007; x_wconf 80' lang='lat' dir='ltr'>reperitur.</span> 
     </span>
    </p>
   </div>
   <div class='ocr_carea' id='block_1_20' title="bbox 284 2066 1862 2140">
    <p class='ocr_par' dir='ltr' id='par_1_20' title="bbox 284 2066 1862 2140">
     <span class='ocr_line' id='line_1_20' title="bbox 284 2066 1862 2140; baseline -0.001 -17"><span class='ocrx_word' id='word_1_128' title='bbox 284 2070 372 2125; x_wconf 91' lang='lat'>88.</span> <span class='ocrx_word' id='word_1_129' title='bbox 407 2069 507 2124; x_wconf 88' lang='lat' dir='ltr'>Est</span> <span class='ocrx_word' id='word_1_130' title='bbox 536 2067 712 2124; x_wconf 89' lang='lat' dir='ltr'>etiam</span> <span class='ocrx_word' id='word_1_131' title='bbox 773 2067 912 2140; x_wconf 87' lang='lat' dir='ltr'>galli</span> <span class='ocrx_word' id='word_1_132' title='bbox 971 2072 1177 2123; x_wconf 89' lang='lat' dir='ltr'>cantus</span> <span class='ocrx_word' id='word_1_133' title='bbox 1238 2066 1434 2122; x_wconf 88' lang='lat' dir='ltr'>suavis</span> <span class='ocrx_word' id='word_1_134' title='bbox 1467 2067 1525 2122; x_wconf 90' lang='lat' dir='ltr'>in</span> <span class='ocrx_word' id='word_1_135' title='bbox 1557 2067 1862 2134; x_wconf 88' lang='lat' dir='ltr'>noctibus;</span> 
     </span>
    </p>
   </div>
   <div class='ocr_carea' id='block_1_21' title="bbox 211 2155 1863 2228">
    <p class='ocr_par' dir='ltr' id='par_1_21' title="bbox 211 2155 1863 2228">
     <span class='ocr_line' id='line_1_21' title="bbox 211 2155 1863 2228; baseline -0.002 -14"><span class='ocrx_word' id='word_1_136' title='bbox 211 2175 318 2214; x_wconf 90' lang='lat' dir='ltr'>nec</span> <span class='ocrx_word' id='word_1_137' title='bbox 349 2156 540 2212; x_wconf 89' lang='lat' dir='ltr'>solum</span> <span class='ocrx_word' id='word_1_138' title='bbox 573 2157 790 2224; x_wconf 87' lang='lat' dir='ltr'>suavis,</span> <span class='ocrx_word' id='word_1_139' title='bbox 823 2157 921 2211; x_wconf 88' lang='lat' dir='ltr'>sed</span> <span class='ocrx_word' id='word_1_140' title='bbox 957 2155 1129 2212; x_wconf 90' lang='lat' dir='ltr'>etiam</span> <span class='ocrx_word' id='word_1_141' title='bbox 1163 2155 1450 2228; x_wconf 87' lang='lat' dir='ltr'>utilis,qui</span> <span class='ocrx_word' id='word_1_142' title='bbox 1485 2157 1652 2228; x_wconf 91' lang='lat' dir='ltr'>quasi</span> <span class='ocrx_word' id='word_1_143' title='bbox 1675 2157 1863 2212; x_wconf 90' lang='lat' dir='ltr'>bonus</span> 
     </span>
    </p>
   </div>
   <div class='ocr_carea' id='block_1_22' title="bbox 211 2244 1863 2308">
    <p class='ocr_par' dir='ltr' id='par_1_22' title="bbox 211 2244 1863 2308">
     <span class='ocr_line' id='line_1_22' title="bbox 211 2244 1863 2308; baseline -0.001 -6"><span class='ocrx_word' id='word_1_144' title='bbox 211 2245 574 2302; x_wconf 87' lang='lat' dir='ltr'>cohabitator</span> <span class='ocrx_word' id='word_1_145' title='bbox 622 2250 678 2300; x_wconf 91' lang='lat' dir='ltr'>et</span> <span class='ocrx_word' id='word_1_146' title='bbox 721 2245 1110 2300; x_wconf 87' lang='lat' dir='ltr'>dormientem</span> <span class='ocrx_word' id='word_1_147' title='bbox 1161 2246 1395 2308; x_wconf 82' lang='lat' dir='ltr'>excitat,</span> <span class='ocrx_word' id='word_1_148' title='bbox 1446 2249 1501 2300; x_wconf 91' lang='lat' dir='ltr'>et</span> <span class='ocrx_word' id='word_1_149' title='bbox 1547 2244 1863 2300; x_wconf 87' lang='lat' dir='ltr'>sollicitum</span> 
     </span>
    </p>
   </div>
   <div class='ocr_carea' id='block_1_23' title="bbox 211 2333 1861 2405">
    <p class='ocr_par' dir='ltr' id='par_1_23' title="bbox 211 2333 1861 2405">
     <span class='ocr_line' id='line_1_23' title="bbox 211 2333 1861 2405; baseline -0.002 -14"><span class='ocrx_word' id='word_1_150' title='bbox 211 2337 505 2398; x_wconf 89' lang='lat' dir='ltr'>admonet,</span> <span class='ocrx_word' id='word_1_151' title='bbox 571 2338 627 2388; x_wconf 88' lang='lat' dir='ltr'>et</span> <span class='ocrx_word' id='word_1_152' title='bbox 679 2334 928 2388; x_wconf 83' lang='lat' dir='ltr'>viantem</span> <span class='ocrx_word' id='word_1_153' title='bbox 985 2333 1226 2398; x_wconf 86' lang='lat' dir='ltr'>solatur,</span> <span class='ocrx_word' id='word_1_154' title='bbox 1279 2351 1618 2405; x_wconf 88' lang='lat' dir='ltr'>processum</span> <span class='ocrx_word' id='word_1_155' title='bbox 1673 2334 1861 2390; x_wconf 89' lang='lat' dir='ltr'>noctis</span> 
     </span>
    </p>
   </div>
   <div class='ocr_carea' id='block_1_24' title="bbox 212 2422 1861 2494">
    <p class='ocr_par' dir='ltr' id='par_1_24' title="bbox 212 2422 1861 2494">
     <span class='ocr_line' id='line_1_24' title="bbox 212 2422 1861 2494; baseline -0.002 -14"><span class='ocrx_word' id='word_1_156' title='bbox 212 2440 426 2480; x_wconf 88' lang='lat' dir='ltr'>canora</span> <span class='ocrx_word' id='word_1_157' title='bbox 456 2422 882 2493; x_wconf 79' lang='lat' dir='ltr'>significatione</span> <span class='ocrx_word' id='word_1_158' title='bbox 932 2427 1282 2493; x_wconf 85' lang='lat' dir='ltr'>protestans.</span> <span class='ocrx_word' id='word_1_159' title='bbox 1319 2423 1433 2477; x_wconf 87' lang='lat' dir='ltr'>Hoc</span> <span class='ocrx_word' id='word_1_160' title='bbox 1479 2427 1719 2477; x_wconf 89' lang='lat' dir='ltr'>canente</span> <span class='ocrx_word' id='word_1_161' title='bbox 1750 2423 1861 2494; x_wconf 65' lang='lat'>(59)</span> 
     </span>
    </p>
   </div>
   <div class='ocr_carea' id='block_1_25' title="bbox 210 2510 1859 2583">
    <p class='ocr_par' dir='ltr' id='par_1_25' title="bbox 210 2510 1859 2583">
     <span class='ocr_line' id='line_1_25' title="bbox 210 2510 1859 2583; baseline -0.001 -15"><span class='ocrx_word' id='word_1_162' title='bbox 210 2513 357 2568; x_wconf 86' lang='lat' dir='ltr'>latro</span> <span class='ocrx_word' id='word_1_163' title='bbox 387 2529 527 2568; x_wconf 88' lang='lat' dir='ltr'>suas</span> <span class='ocrx_word' id='word_1_164' title='bbox 561 2510 837 2582; x_wconf 89' lang='lat' dir='ltr'>relinquit</span> <span class='ocrx_word' id='word_1_165' title='bbox 862 2510 1135 2578; x_wconf 86' lang='lat' dir='ltr'>insidias;</span> <span class='ocrx_word' id='word_1_166' title='bbox 1172 2511 1280 2566; x_wconf 91' lang='lat' dir='ltr'>hoc</span> <span class='ocrx_word' id='word_1_167' title='bbox 1323 2510 1445 2583; x_wconf 91' lang='lat' dir='ltr'>ipse</span> <span class='ocrx_word' id='word_1_168' title='bbox 1477 2511 1681 2567; x_wconf 84' lang='lat' dir='ltr'>lucifer</span> <span class='ocrx_word' id='word_1_169' title='bbox 1711 2511 1859 2567; x_wconf 80' lang='lat' dir='ltr'>exci-</span> 
     </span>
    </p>
   </div>
   <div class='ocr_carea' id='block_1_26' title="bbox 209 2600 1861 2671">
    <p class='ocr_par' dir='ltr' id='par_1_26' title="bbox 209 2600 1861 2671">
     <span class='ocr_line' id='line_1_26' title="bbox 209 2600 1861 2671; baseline -0.002 -13"><span class='ocrx_word' id='word_1_170' title='bbox 209 2607 368 2658; x_wconf 87' lang='lat' dir='ltr'>tatus</span> <span class='ocrx_word' id='word_1_171' title='bbox 425 2601 629 2665; x_wconf 91' lang='lat' dir='ltr'>oritur,</span> <span class='ocrx_word' id='word_1_172' title='bbox 685 2600 1038 2671; x_wconf 25' lang='lat' dir='ltr'>cmlumque‘</span> <span class='ocrx_word' id='word_1_173' title='bbox 1071 2601 1394 2667; x_wconf 87' lang='lat' dir='ltr'>illuminat;</span> <span class='ocrx_word' id='word_1_174' title='bbox 1454 2601 1562 2655; x_wconf 90' lang='lat' dir='ltr'>hoc</span> <span class='ocrx_word' id='word_1_175' title='bbox 1619 2605 1861 2656; x_wconf 91' lang='lat' dir='ltr'>canente</span> 
     </span>
    </p>
   </div>
   <div class='ocr_carea' id='block_1_27' title="bbox 211 2663 1859 2762">
    <p class='ocr_par' dir='ltr' id='par_1_27' title="bbox 211 2663 1859 2762">
     <span class='ocr_line' id='line_1_27' title="bbox 211 2663 1859 2762; baseline -0.001 -16"><span class='ocrx_word' id='word_1_176' title='bbox 211 2691 542 2746; x_wconf 72' lang='lat' dir='ltr'>mazstitiam</span> <span class='ocrx_word' id='word_1_177' title='bbox 567 2689 830 2761; x_wconf 89' lang='lat' dir='ltr'>trepidus</span> <span class='ocrx_word' id='word_1_178' title='bbox 856 2663 1637 2762; x_wconf 43' lang='lat' dir='ltr'>nautﬂleponitmmnisque</span> <span class='ocrx_word' id='word_1_179' title='bbox 1659 2691 1859 2745; x_wconf 88' lang='lat' dir='ltr'>crebro</span> 
     </span>
    </p>
   </div>
   <div class='ocr_carea' id='block_1_28' title="bbox 209 2777 1861 2850">
    <p class='ocr_par' dir='ltr' id='par_1_28' title="bbox 209 2777 1861 2850">
     <span class='ocr_line' id='line_1_28' title="bbox 209 2777 1861 2850; baseline -0.001 -16"><span class='ocrx_word' id='word_1_180' title='bbox 209 2778 554 2850; x_wconf 83' lang='lat' dir='ltr'>vespertinis</span> <span class='ocrx_word' id='word_1_181' title='bbox 589 2778 824 2832; x_wconf 79' lang='lat' dir='ltr'>flatibus</span> <span class='ocrx_word' id='word_1_182' title='bbox 855 2777 1100 2832; x_wconf 86' lang='lat' dir='ltr'>excitata</span> <span class='ocrx_word' id='word_1_183' title='bbox 1143 2782 1461 2849; x_wconf 85' lang='lat' dir='ltr'>tempestas</span> <span class='ocrx_word' id='word_1_184' title='bbox 1508 2782 1564 2832; x_wconf 89' lang='lat' dir='ltr'>et</span> <span class='ocrx_word' id='word_1_185' title='bbox 1610 2777 1861 2848; x_wconf 90' lang='lat' dir='ltr'>procella</span> 
     </span>
    </p>
   </div>
   <div class='ocr_carea' id='block_1_29' title="bbox 201 2866 1855 2934">
    <p class='ocr_par' dir='ltr' id='par_1_29' title="bbox 201 2866 1855 2934">
     <span class='ocr_line' id='line_1_29' title="bbox 201 2866 1855 2934; baseline -0.001 -11"><span class='ocrx_word' id='word_1_186' title='bbox 201 2867 498 2934; x_wconf 86' lang='lat' dir='ltr'>mitescit;</span> <span class='ocrx_word' id='word_1_187' title='bbox 534 2867 639 2921; x_wconf 90' lang='lat' dir='ltr'>hoc</span> <span class='ocrx_word' id='word_1_188' title='bbox 675 2871 916 2921; x_wconf 87' lang='lat' dir='ltr'>canente</span> <span class='ocrx_word' id='word_1_189' title='bbox 963 2867 1205 2920; x_wconf 86' lang='lat' dir='ltr'>devotus</span> <span class='ocrx_word' id='word_1_190' title='bbox 1253 2867 1494 2920; x_wconf 71' lang='lat' dir='ltr'>affectus</span> <span class='ocrx_word' id='word_1_191' title='bbox 1542 2866 1733 2921; x_wconf 78' lang='lat' dir='ltr'>exsilit</span> <span class='ocrx_word' id='word_1_192' title='bbox 1786 2868 1855 2921; x_wconf 89' lang='lat' dir='ltr'>ad</span> 
     </span>
    </p>
   </div>
   <div class='ocr_carea' id='block_1_30' title="bbox 212 2954 1858 3028">
    <p class='ocr_par' dir='ltr' id='par_1_30' title="bbox 212 2954 1858 3028">
     <span class='ocr_line' id='line_1_30' title="bbox 212 2954 1858 3028; baseline -0.001 -18"><span class='ocrx_word' id='word_1_193' title='bbox 212 2955 595 3028; x_wconf 88' lang='lat' dir='ltr'>precandum,</span> <span class='ocrx_word' id='word_1_194' title='bbox 629 2954 858 3025; x_wconf 83' lang='lat' dir='ltr'>legendi</span> <span class='ocrx_word' id='word_1_195' title='bbox 894 2971 1126 3026; x_wconf 87' lang='lat' dir='ltr'>quoque</span> <span class='ocrx_word' id='word_1_196' title='bbox 1158 2971 1376 3026; x_wconf 85' lang='lat' dir='ltr'>munus</span> <span class='ocrx_word' id='word_1_197' title='bbox 1405 2955 1725 3010; x_wconf 90' lang='lat' dir='ltr'>instaurat:</span> <span class='ocrx_word' id='word_1_198' title='bbox 1750 2955 1858 3010; x_wconf 91' lang='lat' dir='ltr'>hoc</span> 
     </span>
    </p>
   </div>
   <div class='ocr_carea' id='block_1_31' title="bbox 211 3028 1857 3118">
    <p class='ocr_par' dir='ltr' id='par_1_31' title="bbox 211 3028 1857 3118">
     <span class='ocr_line' id='line_1_31' title="bbox 211 3028 1857 3118; baseline 0.001 -19"><span class='ocrx_word' id='word_1_199' title='bbox 211 3049 504 3118; x_wconf 87' lang='lat' dir='ltr'>postremo</span> <span class='ocrx_word' id='word_1_200' title='bbox 536 3048 776 3098; x_wconf 83' lang='lat' dir='ltr'>canente</span> <span class='ocrx_word' id='word_1_201' title='bbox 803 3042 931 3115; x_wconf 86' lang='lat' dir='ltr'>ipsa</span> <span class='ocrx_word' id='word_1_202' title='bbox 952 3028 1404 3118; x_wconf 71' lang='lat' dir='ltr'>Ecclesim)petra</span> <span class='ocrx_word' id='word_1_203' title='bbox 1432 3043 1663 3116; x_wconf 89' lang='lat' dir='ltr'>culpam</span> <span class='ocrx_word' id='word_1_204' title='bbox 1688 3061 1857 3100; x_wconf 91' lang='lat' dir='ltr'>suam</span> 
     </span>
    </p>
   </div>
   <div class='ocr_carea' id='block_1_32' title="bbox 209 3131 1857 3205">
    <p class='ocr_par' dir='ltr' id='par_1_32' title="bbox 209 3131 1857 3205">
     <span class='ocr_line' id='line_1_32' title="bbox 209 3131 1857 3205; baseline -0.001 -16"><span class='ocrx_word' id='word_1_205' title='bbox 209 3133 401 3201; x_wconf 88' lang='lat' dir='ltr'>diluit,</span> <span class='ocrx_word' id='word_1_206' title='bbox 438 3149 613 3205; x_wconf 87' lang='lat' dir='ltr'>quam</span> <span class='ocrx_word' id='word_1_207' title='bbox 655 3131 997 3203; x_wconf 89' lang='lat' dir='ltr'>priusquam</span> <span class='ocrx_word' id='word_1_208' title='bbox 1043 3131 1233 3204; x_wconf 87' lang='lat' dir='ltr'>gallus</span> <span class='ocrx_word' id='word_1_209' title='bbox 1282 3136 1544 3188; x_wconf 88' lang='lat' dir='ltr'>cantaret</span> <span class='ocrx_word' id='word_1_210' title='bbox 1591 3135 1857 3205; x_wconf 87' lang='lat' dir='ltr'>negando</span> 
     </span>
    </p>
   </div>
   <div class='ocr_carea' id='block_1_33' title="bbox 1981 558 3429 633">
    <p class='ocr_par' dir='ltr' id='par_1_33' title="bbox 1981 558 3429 633">
     <span class='ocr_line' id='line_1_33' title="bbox 1981 558 3429 633; baseline 0.001 -19"><span class='ocrx_word' id='word_1_211' title='bbox 1981 559 2127 616; x_wconf 87' lang='lat' dir='ltr'>sime</span> <span class='ocrx_word' id='word_1_212' title='bbox 2159 558 2314 615; x_wconf 87' lang='lat' dir='ltr'>ﬂexit</span> <span class='ocrx_word' id='word_1_213' title='bbox 2347 566 2411 615; x_wconf 86' lang='lat' dir='ltr'>ut</span> <span class='ocrx_word' id='word_1_214' title='bbox 2440 558 2715 633; x_wconf 86' lang='lat' dir='ltr'>lacrymis</span> <span class='ocrx_word' id='word_1_215' title='bbox 2745 559 2870 617; x_wconf 86' lang='lat' dir='ltr'>suis</span> <span class='ocrx_word' id='word_1_216' title='bbox 2902 559 3120 617; x_wconf 85' lang='lat' dir='ltr'>deleret</span> <span class='ocrx_word' id='word_1_217' title='bbox 3149 575 3429 617; x_wconf 87' lang='lat' dir='ltr'>errorem.</span> 
     </span>
    </p>
   </div>
   <div class='ocr_carea' id='block_1_34' title="bbox 2591 666 3023 723">
    <p class='ocr_par' dir='ltr' id='par_1_34' title="bbox 2591 666 3023 723">
     <span class='ocr_line' id='line_1_34' title="bbox 2591 666 3023 723; baseline 0.002 -3"><span class='ocrx_word' id='word_1_218' title='bbox 2591 666 2818 722; x_wconf 86' lang='lat' dir='ltr'>CAPUT</span> <span class='ocrx_word' id='word_1_219' title='bbox 2857 667 3023 723; x_wconf 84' lang='lat' dir='ltr'>XXV.</span> 
     </span>
    </p>
   </div>
   <div class='ocr_carea' id='block_1_35' title="bbox 1977 756 3624 827">
    <p class='ocr_par' dir='ltr' id='par_1_35' title="bbox 1977 756 3624 827">
     <span class='ocr_line' id='line_1_35' title="bbox 1977 756 3624 827; baseline 0.002 -17"><span class='ocrx_word' id='word_1_220' title='bbox 1977 756 2082 810; x_wconf 90' lang='lat' dir='ltr'>Pia</span> <span class='ocrx_word' id='word_1_221' title='bbox 2111 757 2362 827; x_wconf 67' lang='lat' dir='ltr'>Auctoris</span> <span class='ocrx_word' id='word_1_222' title='bbox 2384 757 2639 825; x_wconf 80' lang='lat' dir='ltr'>precatio.</span> <span class='ocrx_word' id='word_1_223' title='bbox 2673 757 3067 827; x_wconf 85' lang='lat' dir='ltr'>Lacrymarum</span> <span class='ocrx_word' id='word_1_224' title='bbox 3093 757 3489 814; x_wconf 69' lang='lat' dir='ltr'>commutatio</span> <span class='ocrx_word' id='word_1_225' title='bbox 3534 758 3624 814; x_wconf 84' lang='lat' dir='ltr'>Di-</span> 
     </span>
    </p>
   </div>
   <div class='ocr_carea' id='block_1_36' title="bbox 2049 826 3626 901">
    <p class='ocr_par' dir='ltr' id='par_1_36' title="bbox 2049 826 3626 901">
     <span class='ocr_line' id='line_1_36' title="bbox 2049 826 3626 901; baseline 0.001 -19"><span class='ocrx_word' id='word_1_226' title='bbox 2049 826 2572 901; x_wconf 66' lang='lat' dir='ltr'>missiaauditorum</span> <span class='ocrx_word' id='word_1_227' title='bbox 2601 827 2671 882; x_wconf 86' lang='lat' dir='ltr'>ad</span> <span class='ocrx_word' id='word_1_228' title='bbox 2714 826 3080 901; x_wconf 72' lang='lat' dir='ltr'>refectionem.</span> <span class='ocrx_word' id='word_1_229' title='bbox 3113 830 3356 900; x_wconf 87' lang='lat' dir='ltr'>Denique</span> <span class='ocrx_word' id='word_1_230' title='bbox 3383 829 3455 884; x_wconf 84' lang='lat' dir='ltr'>ad</span> <span class='ocrx_word' id='word_1_231' title='bbox 3480 846 3626 901; x_wconf 78' lang='lat' dir='ltr'>mys-</span> 
     </span>
    </p>
   </div>
   <div class='ocr_carea' id='block_1_37' title="bbox 2051 899 3067 970">
    <p class='ocr_par' dir='ltr' id='par_1_37' title="bbox 2051 899 3067 970">
     <span class='ocr_line' id='line_1_37' title="bbox 2051 899 3067 970; baseline 0.002 -18"><span class='ocrx_word' id='word_1_232' title='bbox 2051 899 2192 952; x_wconf 86' lang='lat' dir='ltr'>teria</span> <span class='ocrx_word' id='word_1_233' title='bbox 2222 899 2496 954; x_wconf 82' lang='lat' dir='ltr'>Dominiei</span> <span class='ocrx_word' id='word_1_234' title='bbox 2522 901 2764 970; x_wconf 81' lang='lat' dir='ltr'>corporis</span> <span class='ocrx_word' id='word_1_235' title='bbox 2793 900 3067 954; x_wconf 76' lang='lat' dir='ltr'>invitatio.</span> 
     </span>
    </p>
   </div>
   <div class='ocr_carea' id='block_1_38' title="bbox 2049 1004 3631 1077">
    <p class='ocr_par' dir='ltr' id='par_1_38' title="bbox 2049 1004 3631 1077">
     <span class='ocr_line' id='line_1_38' title="bbox 2049 1004 3631 1077; baseline 0.003 -19"><span class='ocrx_word' id='word_1_236' title='bbox 2049 1005 2138 1058; x_wconf 89' lang='lat'>89.</span> <span class='ocrx_word' id='word_1_237' title='bbox 2175 1005 2415 1076; x_wconf 83' lang='lat' dir='ltr'>Respice</span> <span class='ocrx_word' id='word_1_238' title='bbox 2474 1021 2581 1060; x_wconf 90' lang='lat' dir='ltr'>nos</span> <span class='ocrx_word' id='word_1_239' title='bbox 2639 1021 2893 1077; x_wconf 89' lang='lat' dir='ltr'>quoque,</span> <span class='ocrx_word' id='word_1_240' title='bbox 2942 1004 3184 1061; x_wconf 90' lang='lat' dir='ltr'>Domine</span> <span class='ocrx_word' id='word_1_241' title='bbox 3236 1006 3400 1072; x_wconf 89' lang='lat' dir='ltr'>Jesu,</span> <span class='ocrx_word' id='word_1_242' title='bbox 3458 1011 3522 1062; x_wconf 90' lang='lat' dir='ltr'>ut</span> <span class='ocrx_word' id='word_1_243' title='bbox 3575 1012 3631 1064; x_wconf 91' lang='lat' dir='ltr'>et</span> 
     </span>
    </p>
   </div>
   <div class='ocr_carea' id='block_1_39' title="bbox 1979 1093 3628 1167">
    <p class='ocr_par' dir='ltr' id='par_1_39' title="bbox 1979 1093 3628 1167">
     <span class='ocr_line' id='line_1_39' title="bbox 1979 1093 3628 1167; baseline 0.002 -19"><span class='ocrx_word' id='word_1_244' title='bbox 1979 1110 2085 1148; x_wconf 92' lang='lat' dir='ltr'>nos</span> <span class='ocrx_word' id='word_1_245' title='bbox 2165 1093 2401 1165; x_wconf 89' lang='lat' dir='ltr'>propria</span> <span class='ocrx_word' id='word_1_246' title='bbox 2470 1110 2962 1167; x_wconf 88' lang='lat' dir='ltr'>recognoscamus</span> <span class='ocrx_word' id='word_1_247' title='bbox 3045 1099 3254 1159; x_wconf 88' lang='lat' dir='ltr'>errata,</span> <span class='ocrx_word' id='word_1_248' title='bbox 3331 1094 3628 1152; x_wconf 84' lang='lat' dir='ltr'>solvamus</span> 
     </span>
    </p>
   </div>
   <div class='ocr_carea' id='block_1_40' title="bbox 1977 1181 3624 1256">
    <p class='ocr_par' dir='ltr' id='par_1_40' title="bbox 1977 1181 3624 1256">
     <span class='ocr_line' id='line_1_40' title="bbox 1977 1181 3624 1256; baseline 0.003 -21"><span class='ocrx_word' id='word_1_249' title='bbox 1977 1181 2092 1253; x_wconf 89' lang='lat' dir='ltr'>piis</span> <span class='ocrx_word' id='word_1_250' title='bbox 2160 1181 2392 1237; x_wconf 87' lang='lat' dir='ltr'>ﬂetibus</span> <span class='ocrx_word' id='word_1_251' title='bbox 2457 1182 2713 1255; x_wconf 89' lang='lat' dir='ltr'>culpam,</span> <span class='ocrx_word' id='word_1_252' title='bbox 2806 1198 3137 1238; x_wconf 88' lang='lat' dir='ltr'>mereamur</span> <span class='ocrx_word' id='word_1_253' title='bbox 3200 1183 3624 1256; x_wconf 82' lang='lat' dir='ltr'>indulgentiam</span> 
     </span>
    </p>
   </div>
   <div class='ocr_carea' id='block_1_41' title="bbox 1975 1271 3625 1344">
    <p class='ocr_par' dir='ltr' id='par_1_41' title="bbox 1975 1271 3625 1344">
     <span class='ocr_line' id='line_1_41' title="bbox 1975 1271 3625 1344; baseline 0.002 -19"><span class='ocrx_word' id='word_1_254' title='bbox 1975 1273 2368 1342; x_wconf 89' lang='lat' dir='ltr'>peccatorum.</span> <span class='ocrx_word' id='word_1_255' title='bbox 2440 1271 2572 1326; x_wconf 93' lang='lat' dir='ltr'>Ideo</span> <span class='ocrx_word' id='word_1_256' title='bbox 2639 1271 2905 1328; x_wconf 89' lang='lat' dir='ltr'>consulto</span> <span class='ocrx_word' id='word_1_257' title='bbox 2985 1287 3316 1327; x_wconf 88' lang='lat' dir='ltr'>sermonem</span> <span class='ocrx_word' id='word_1_258' title='bbox 3398 1276 3625 1344; x_wconf 84' lang='lat' dir='ltr'>protra-</span> 
     </span>
    </p>
   </div>
   <div class='ocr_carea' id='block_1_42' title="bbox 1974 1358 3624 1432">
    <p class='ocr_par' dir='ltr' id='par_1_42' title="bbox 1974 1358 3624 1432">
     <span class='ocr_line' id='line_1_42' title="bbox 1974 1358 3624 1432; baseline 0.003 -20"><span class='ocrx_word' id='word_1_259' title='bbox 1974 1359 2189 1424; x_wconf 86' lang='lat' dir='ltr'>ximus,</span> <span class='ocrx_word' id='word_1_260' title='bbox 2236 1363 2302 1414; x_wconf 89' lang='lat' dir='ltr'>ut</span> <span class='ocrx_word' id='word_1_261' title='bbox 2344 1360 2512 1415; x_wconf 91' lang='lat' dir='ltr'>nobis</span> <span class='ocrx_word' id='word_1_262' title='bbox 2571 1375 2804 1432; x_wconf 91' lang='lat' dir='ltr'>quoque</span> <span class='ocrx_word' id='word_1_263' title='bbox 2863 1358 3053 1431; x_wconf 88' lang='lat' dir='ltr'>gallus</span> <span class='ocrx_word' id='word_1_264' title='bbox 3107 1363 3388 1429; x_wconf 88' lang='lat' dir='ltr'>cantaret,</span> <span class='ocrx_word' id='word_1_265' title='bbox 3441 1367 3497 1417; x_wconf 92' lang='lat' dir='ltr'>et</span> <span class='ocrx_word' id='word_1_266' title='bbox 3543 1361 3624 1417; x_wconf 85' lang='lat' dir='ltr'>lo-</span> 
     </span>
    </p>
   </div>
   <div class='ocr_carea' id='block_1_43' title="bbox 1976 1448 3623 1520">
    <p class='ocr_par' dir='ltr' id='par_1_43' title="bbox 1976 1448 3623 1520">
     <span class='ocr_line' id='line_1_43' title="bbox 1976 1448 3623 1520; baseline 0.003 -19"><span class='ocrx_word' id='word_1_267' title='bbox 1976 1448 2293 1519; x_wconf 89' lang='lat' dir='ltr'>quentibus</span> <span class='ocrx_word' id='word_1_268' title='bbox 2324 1448 2678 1513; x_wconf 89' lang='lat' dir='ltr'>subveniret,</span> <span class='ocrx_word' id='word_1_269' title='bbox 2715 1465 2830 1519; x_wconf 91' lang='lat' dir='ltr'>quo</span> <span class='ocrx_word' id='word_1_270' title='bbox 2861 1448 2910 1503; x_wconf 88' lang='lat' dir='ltr'>si</span> <span class='ocrx_word' id='word_1_271' title='bbox 2944 1449 3098 1520; x_wconf 91' lang='lat' dir='ltr'>quod</span> <span class='ocrx_word' id='word_1_272' title='bbox 3131 1448 3409 1504; x_wconf 87' lang='lat' dir='ltr'>delictum</span> <span class='ocrx_word' id='word_1_273' title='bbox 3462 1451 3623 1506; x_wconf 78' lang='lat' dir='ltr'>obre~</span> 
     </span>
    </p>
   </div>
   <div class='ocr_carea' id='block_1_44' title="bbox 1975 1535 3624 1608">
    <p class='ocr_par' dir='ltr' id='par_1_44' title="bbox 1975 1535 3624 1608">
     <span class='ocr_line' id='line_1_44' title="bbox 1975 1535 3624 1608; baseline 0.003 -18"><span class='ocrx_word' id='word_1_274' title='bbox 1975 1535 2192 1607; x_wconf 90' lang='lat' dir='ltr'>psisset</span> <span class='ocrx_word' id='word_1_275' title='bbox 2248 1536 2305 1590; x_wconf 87' lang='lat' dir='ltr'>in</span> <span class='ocrx_word' id='word_1_276' title='bbox 2363 1536 2559 1604; x_wconf 90' lang='lat' dir='ltr'>verbo,</span> <span class='ocrx_word' id='word_1_277' title='bbox 2620 1535 2874 1608; x_wconf 89' lang='lat' dir='ltr'>culpam,</span> <span class='ocrx_word' id='word_1_278' title='bbox 2910 1536 3160 1604; x_wconf 85' lang='lat' dir='ltr'>Christo,</span> <span class='ocrx_word' id='word_1_279' title='bbox 3211 1537 3482 1594; x_wconf 85' lang='lat' dir='ltr'>donares.</span> <span class='ocrx_word' id='word_1_280' title='bbox 3520 1539 3624 1605; x_wconf 90' lang='lat' dir='ltr'>Da,</span> 
     </span>
    </p>
   </div>
   <div class='ocr_carea' id='block_1_45' title="bbox 1974 1623 3622 1698">
    <p class='ocr_par' dir='ltr' id='par_1_45' title="bbox 1974 1623 3622 1698">
     <span class='ocr_line' id='line_1_45' title="bbox 1974 1623 3622 1698; baseline 0.002 -20"><span class='ocrx_word' id='word_1_281' title='bbox 1974 1641 2192 1696; x_wconf 67' lang='lat' dir='ltr'>quaeso,</span> <span class='ocrx_word' id='word_1_282' title='bbox 2231 1623 2520 1696; x_wconf 85' lang='lat' dir='ltr'>lacrymas</span> <span class='ocrx_word' id='word_1_283' title='bbox 2574 1624 2746 1692; x_wconf 91' lang='lat' dir='ltr'>Petri,</span> <span class='ocrx_word' id='word_1_284' title='bbox 2798 1623 2932 1680; x_wconf 87' lang='lat' dir='ltr'>nolo</span> <span class='ocrx_word' id='word_1_285' title='bbox 2978 1624 3236 1681; x_wconf 63' lang='lat' dir='ltr'>laetitiam</span> <span class='ocrx_word' id='word_1_286' title='bbox 3284 1627 3622 1698; x_wconf 87' lang='lat' dir='ltr'>peccatoris.</span> 
     </span>
    </p>
   </div>
   <div class='ocr_carea' id='block_1_46' title="bbox 1973 1712 3629 1786">
    <p class='ocr_par' dir='ltr' id='par_1_46' title="bbox 1973 1712 3629 1786">
     <span class='ocr_line' id='line_1_46' title="bbox 1973 1712 3629 1786; baseline 0.003 -19"><span class='ocrx_word' id='word_1_287' title='bbox 1973 1713 2280 1769; x_wconf 87' lang='lat' dir='ltr'>Fleverunt</span> <span class='ocrx_word' id='word_1_288' title='bbox 2335 1712 2578 1782; x_wconf 59' lang='lat' dir='ltr'>Hebraei,</span> <span class='ocrx_word' id='word_1_289' title='bbox 2611 1716 2666 1769; x_wconf 86' lang='lat' dir='ltr'>et</span> <span class='ocrx_word' id='word_1_290' title='bbox 2699 1729 2802 1786; x_wconf 91' lang='lat' dir='ltr'>per</span> <span class='ocrx_word' id='word_1_291' title='bbox 2839 1729 2999 1768; x_wconf 87' lang='lat' dir='ltr'>mare</span> <span class='ocrx_word' id='word_1_292' title='bbox 3039 1717 3174 1768; x_wconf 89' lang='lat' dir='ltr'>sunt</span> <span class='ocrx_word' id='word_1_293' title='bbox 3194 1713 3629 1772; x_wconf 87' lang='lat' dir='ltr'>dehiscentibus</span> 
     </span>
    </p>
   </div>
   <div class='ocr_carea' id='block_1_47' title="bbox 1975 1801 3625 1873">
    <p class='ocr_par' dir='ltr' id='par_1_47' title="bbox 1975 1801 3625 1873">
     <span class='ocr_line' id='line_1_47' title="bbox 1975 1801 3625 1873; baseline 0.002 -17"><span class='ocrx_word' id='word_1_294' title='bbox 1975 1801 2150 1857; x_wconf 91' lang='lat' dir='ltr'>undis</span> <span class='ocrx_word' id='word_1_295' title='bbox 2202 1801 2452 1856; x_wconf 86' lang='lat' dir='ltr'>liberati.</span> <span class='ocrx_word' id='word_1_296' title='bbox 2488 1801 2740 1856; x_wconf 66' lang='lat' dir='ltr'>Lzetatus</span> <span class='ocrx_word' id='word_1_297' title='bbox 2773 1807 2863 1858; x_wconf 92' lang='lat' dir='ltr'>est</span> <span class='ocrx_word' id='word_1_298' title='bbox 2891 1801 3112 1857; x_wconf 89' lang='lat' dir='ltr'>Pharao</span> <span class='ocrx_word' id='word_1_299' title='bbox 3156 1802 3310 1873; x_wconf 90' lang='lat' dir='ltr'>quod</span> <span class='ocrx_word' id='word_1_300' title='bbox 3355 1803 3625 1860; x_wconf 69' lang='lat' dir='ltr'>Hebraeos</span> 
     </span>
    </p>
   </div>
   <div class='ocr_carea' id='block_1_48' title="bbox 1975 1890 3624 1963">
    <p class='ocr_par' dir='ltr' id='par_1_48' title="bbox 1975 1890 3624 1963">
     <span class='ocr_line' id='line_1_48' title="bbox 1975 1890 3624 1963; baseline 0.002 -18"><span class='ocrx_word' id='word_1_301' title='bbox 1975 1892 2206 1946; x_wconf 74' lang='lat' dir='ltr'>tenebat</span> <span class='ocrx_word' id='word_1_302' title='bbox 2236 1890 2515 1959; x_wconf 89' lang='lat' dir='ltr'>inclusos,</span> <span class='ocrx_word' id='word_1_303' title='bbox 2547 1894 2605 1946; x_wconf 88' lang='lat' dir='ltr'>et</span> <span class='ocrx_word' id='word_1_304' title='bbox 2634 1890 2782 1946; x_wconf 87' lang='lat' dir='ltr'>mari</span> <span class='ocrx_word' id='word_1_305' title='bbox 2816 1906 3046 1946; x_wconf 88' lang='lat' dir='ltr'>mersus</span> <span class='ocrx_word' id='word_1_306' title='bbox 3076 1907 3210 1946; x_wconf 92' lang='lat' dir='ltr'>cum</span> <span class='ocrx_word' id='word_1_307' title='bbox 3253 1891 3468 1963; x_wconf 93' lang='lat' dir='ltr'>populo</span> <span class='ocrx_word' id='word_1_308' title='bbox 3519 1909 3624 1948; x_wconf 87' lang='lat' dir='ltr'>suo</span> 
     </span>
    </p>
   </div>
   <div class='ocr_carea' id='block_1_49' title="bbox 1975 1977 3624 2050">
    <p class='ocr_par' dir='ltr' id='par_1_49' title="bbox 1975 1977 3624 2050">
     <span class='ocr_line' id='line_1_49' title="bbox 1975 1977 3624 2050; baseline 0.001 -16"><span class='ocrx_word' id='word_1_309' title='bbox 1975 1979 2204 2034; x_wconf 91' lang='lat' dir='ltr'>occidit.</span> <span class='ocrx_word' id='word_1_310' title='bbox 2238 1977 2559 2034; x_wconf 85' lang='lat' dir='ltr'>Exsultavit</span> <span class='ocrx_word' id='word_1_311' title='bbox 2581 1982 2638 2034; x_wconf 90' lang='lat' dir='ltr'>et</span> <span class='ocrx_word' id='word_1_312' title='bbox 2665 1977 2849 2034; x_wconf 88' lang='lat' dir='ltr'>Judas</span> <span class='ocrx_word' id='word_1_313' title='bbox 2879 1978 2939 2033; x_wconf 90' lang='lat' dir='ltr'>in</span> <span class='ocrx_word' id='word_1_314' title='bbox 2973 1979 3239 2034; x_wconf 89' lang='lat' dir='ltr'>mercede</span> <span class='ocrx_word' id='word_1_315' title='bbox 3277 1979 3624 2050; x_wconf 87' lang='lat' dir='ltr'>proditionis</span> 
     </span>
    </p>
   </div>
   <div class='ocr_carea' id='block_1_50' title="bbox 1973 2065 3624 2142">
    <p class='ocr_par' dir='ltr' id='par_1_50' title="bbox 1973 2065 3624 2142">
     <span class='ocr_line' id='line_1_50' title="bbox 1973 2065 3624 2142; baseline 0.001 -20"><span class='ocrx_word' id='word_1_316' title='bbox 1973 2085 2094 2122; x_wconf 85' lang='lat' dir='ltr'>suae</span> <span class='ocrx_word' id='word_1_317' title='bbox 2125 2068 2224 2122; x_wconf 89' lang='lat' dir='ltr'>sed</span> <span class='ocrx_word' id='word_1_318' title='bbox 2260 2066 2446 2138; x_wconf 91' lang='lat' dir='ltr'>ipsius</span> <span class='ocrx_word' id='word_1_319' title='bbox 2478 2083 2541 2122; x_wconf 89' lang='lat' dir='ltr'>se</span> <span class='ocrx_word' id='word_1_320' title='bbox 2581 2067 2723 2123; x_wconf 72' lang='grc'>118</span> <span class='ocrx_word' id='word_1_321' title='bbox 2758 2066 3049 2122; x_wconf 89' lang='lat' dir='ltr'>mercedis</span> <span class='ocrx_word' id='word_1_322' title='bbox 3091 2065 3299 2137; x_wconf 85' lang='lat' dir='ltr'>laqueo</span> <span class='ocrx_word' id='word_1_323' title='bbox 3352 2072 3624 2142; x_wconf 87' lang='lat' dir='ltr'>strangu-</span> 
     </span>
    </p>
   </div>
   <div class='ocr_carea' id='block_1_51' title="bbox 1974 2155 3626 2224">
    <p class='ocr_par' dir='ltr' id='par_1_51' title="bbox 1974 2155 3626 2224">
     <span class='ocr_line' id='line_1_51' title="bbox 1974 2155 3626 2224; baseline 0.001 -14"><span class='ocrx_word' id='word_1_324' title='bbox 1974 2155 2131 2212; x_wconf 90' lang='lat' dir='ltr'>lavit.</span> <span class='ocrx_word' id='word_1_325' title='bbox 2169 2155 2348 2212; x_wconf 88' lang='lat' dir='ltr'>Flevit</span> <span class='ocrx_word' id='word_1_326' title='bbox 2387 2158 2640 2212; x_wconf 81' lang='lat' dir='ltr'>errorém</span> <span class='ocrx_word' id='word_1_327' title='bbox 2691 2172 2867 2212; x_wconf 88' lang='lat' dir='ltr'>suum</span> <span class='ocrx_word' id='word_1_328' title='bbox 2917 2160 3147 2224; x_wconf 88' lang='lat' dir='ltr'>Petrus,</span> <span class='ocrx_word' id='word_1_329' title='bbox 3197 2159 3257 2212; x_wconf 90' lang='lat' dir='ltr'>et</span> <span class='ocrx_word' id='word_1_330' title='bbox 3302 2156 3520 2213; x_wconf 87' lang='lat' dir='ltr'>meruit</span> <span class='ocrx_word' id='word_1_331' title='bbox 3563 2161 3626 2213; x_wconf 88' lang='lat' dir='ltr'>ut</span> 
     </span>
    </p>
   </div>
   <div class='ocr_carea' id='block_1_52' title="bbox 1972 2243 2782 2301">
    <p class='ocr_par' dir='ltr' id='par_1_52' title="bbox 1972 2243 2782 2301">
     <span class='ocr_line' id='line_1_52' title="bbox 1972 2243 2782 2301; baseline 0 -1"><span class='ocrx_word' id='word_1_332' title='bbox 1972 2245 2221 2300; x_wconf 91' lang='lat' dir='ltr'>aliorum</span> <span class='ocrx_word' id='word_1_333' title='bbox 2254 2243 2510 2301; x_wconf 88' lang='lat' dir='ltr'>aboleret</span> <span class='ocrx_word' id='word_1_334' title='bbox 2539 2261 2782 2300; x_wconf 89' lang='lat' dir='ltr'>errores.</span> 
     </span>
    </p>
   </div>
   <div class='ocr_carea' id='block_1_53' title="bbox 2041 2333 3629 2406">
    <p class='ocr_par' dir='ltr' id='par_1_53' title="bbox 2041 2333 3629 2406">
     <span class='ocr_line' id='line_1_53' title="bbox 2041 2333 3629 2406; baseline 0.001 -18"><span class='ocrx_word' id='word_1_335' title='bbox 2041 2335 2130 2389; x_wconf 81' lang='lat'>90.</span> <span class='ocrx_word' id='word_1_336' title='bbox 2163 2334 2272 2389; x_wconf 89' lang='lat' dir='ltr'>Sed</span> <span class='ocrx_word' id='word_1_337' title='bbox 2298 2335 2424 2405; x_wconf 86' lang='lat' dir='ltr'>jam</span> <span class='ocrx_word' id='word_1_338' title='bbox 2452 2338 2686 2406; x_wconf 89' lang='lat' dir='ltr'>tempus</span> <span class='ocrx_word' id='word_1_339' title='bbox 2728 2337 2818 2390; x_wconf 91' lang='lat' dir='ltr'>est</span> <span class='ocrx_word' id='word_1_340' title='bbox 2849 2349 2963 2405; x_wconf 91' lang='lat' dir='ltr'>quo</span> <span class='ocrx_word' id='word_1_341' title='bbox 2992 2333 3158 2390; x_wconf 81' lang='lat' dir='ltr'>ﬁnire</span> <span class='ocrx_word' id='word_1_342' title='bbox 3190 2350 3525 2390; x_wconf 90' lang='lat' dir='ltr'>sermonem</span> <span class='ocrx_word' id='word_1_343' title='bbox 3573 2338 3629 2391; x_wconf 90' lang='lat' dir='ltr'>et</span> 
     </span>
    </p>
   </div>
   <div class='ocr_carea' id='block_1_54' title="bbox 1971 2422 3624 2494">
    <p class='ocr_par' dir='ltr' id='par_1_54' title="bbox 1971 2422 3624 2494">
     <span class='ocr_line' id='line_1_54' title="bbox 1971 2422 3624 2494; baseline 0 -16"><span class='ocrx_word' id='word_1_344' title='bbox 1971 2422 2241 2478; x_wconf 90' lang='lat' dir='ltr'>claudere</span> <span class='ocrx_word' id='word_1_345' title='bbox 2271 2423 2623 2489; x_wconf 90' lang='lat' dir='ltr'>debeamus;</span> <span class='ocrx_word' id='word_1_346' title='bbox 2659 2427 2891 2494; x_wconf 91' lang='lat' dir='ltr'>tempus</span> <span class='ocrx_word' id='word_1_347' title='bbox 2949 2426 3038 2477; x_wconf 89' lang='lat' dir='ltr'>est</span> <span class='ocrx_word' id='word_1_348' title='bbox 3091 2439 3206 2494; x_wconf 92' lang='lat' dir='ltr'>quo</span> <span class='ocrx_word' id='word_1_349' title='bbox 3260 2422 3474 2478; x_wconf 86' lang='lat' dir='ltr'>melius</span> <span class='ocrx_word' id='word_1_350' title='bbox 3523 2428 3624 2480; x_wconf 88' lang='lat' dir='ltr'>aut</span> 
     </span>
    </p>
   </div>
   <div class='ocr_carea' id='block_1_55' title="bbox 1969 2512 3626 2583">
    <p class='ocr_par' dir='ltr' id='par_1_55' title="bbox 1969 2512 3626 2583">
     <span class='ocr_line' id='line_1_55' title="bbox 1969 2512 3626 2583; baseline 0.002 -17"><span class='ocrx_word' id='word_1_351' title='bbox 1969 2516 2212 2576; x_wconf 88' lang='lat' dir='ltr'>tacetur,</span> <span class='ocrx_word' id='word_1_352' title='bbox 2273 2516 2373 2567; x_wconf 91' lang='lat' dir='ltr'>aut</span> <span class='ocrx_word' id='word_1_353' title='bbox 2436 2512 2636 2579; x_wconf 87' lang='lat' dir='ltr'>ﬂetur;</span> <span class='ocrx_word' id='word_1_354' title='bbox 2692 2516 2926 2583; x_wconf 88' lang='lat' dir='ltr'>tempus</span> <span class='ocrx_word' id='word_1_355' title='bbox 2982 2516 3072 2568; x_wconf 88' lang='lat' dir='ltr'>est</span> <span class='ocrx_word' id='word_1_356' title='bbox 3127 2529 3241 2583; x_wconf 91' lang='lat' dir='ltr'>quo</span> <span class='ocrx_word' id='word_1_357' title='bbox 3299 2512 3626 2569; x_wconf 89' lang='lat' dir='ltr'>celebratur</span> 
     </span>
    </p>
   </div>
   <div class='ocr_carea' id='block_1_56' title="bbox 1970 2589 3624 2692">
    <p class='ocr_par' dir='ltr' id='par_1_56' title="bbox 1970 2589 3624 2692">
     <span class='ocr_line' id='line_1_56' title="bbox 1970 2589 3624 2692; baseline 0.002 -38"><span class='ocrx_word' id='word_1_358' title='bbox 1970 2589 2337 2692; x_wconf 54' lang='lat' dir='ltr'>indulgentia</span> <span class='ocrx_word' id='word_1_359' title='bbox 2367 2605 2757 2692; x_wconf 88' lang='lat' dir='ltr'>peccatorum.</span> <span class='ocrx_word' id='word_1_360' title='bbox 2809 2600 2987 2656; x_wconf 88' lang='lat' dir='ltr'>Nobis</span> <span class='ocrx_word' id='word_1_361' title='bbox 3029 2617 3263 2692; x_wconf 84' lang='lat' dir='ltr'>quoque</span> <span class='ocrx_word' id='word_1_362' title='bbox 3292 2601 3500 2692; x_wconf 23' lang='lat' dir='ltr'>gallus;</span> <span class='ocrx_word' id='word_1_363' title='bbox 3515 2601 3624 2692; x_wconf 88' lang='lat' dir='ltr'>iste</span> 
     </span>
    </p>
   </div>
   <div class='ocr_carea' id='block_1_57' title="bbox 1970 2688 3623 2762">
    <p class='ocr_par' dir='ltr' id='par_1_57' title="bbox 1970 2688 3623 2762">
     <span class='ocr_line' id='line_1_57' title="bbox 1970 2688 3623 2762; baseline 0.001 -18"><span class='ocrx_word' id='word_1_364' title='bbox 1970 2688 2256 2761; x_wconf 82' lang='lat' dir='ltr'>mysticus</span> <span class='ocrx_word' id='word_1_365' title='bbox 2313 2689 2371 2743; x_wconf 93' lang='lat' dir='ltr'>in</span> <span class='ocrx_word' id='word_1_366' title='bbox 2431 2689 2613 2744; x_wconf 88' lang='lat' dir='ltr'>sacris</span> <span class='ocrx_word' id='word_1_367' title='bbox 2683 2693 2878 2745; x_wconf 89' lang='lat' dir='ltr'>cantet</span> <span class='ocrx_word' id='word_1_368' title='bbox 2933 2690 3211 2762; x_wconf 90' lang='lat' dir='ltr'>quoniam</span> <span class='ocrx_word' id='word_1_369' title='bbox 3275 2690 3404 2761; x_wconf 87' lang='lat' dir='ltr'>jam</span> <span class='ocrx_word' id='word_1_370' title='bbox 3453 2690 3623 2746; x_wconf 90' lang='lat' dir='ltr'>Petri</span> 
     </span>
    </p>
   </div>
   <div class='ocr_carea' id='block_1_58' title="bbox 1968 2777 3622 2851">
    <p class='ocr_par' dir='ltr' id='par_1_58' title="bbox 1968 2777 3622 2851">
     <span class='ocr_line' id='line_1_58' title="bbox 1968 2777 3622 2851; baseline 0.002 -19"><span class='ocrx_word' id='word_1_371' title='bbox 1968 2777 2160 2850; x_wconf 86' lang='lat' dir='ltr'>gallus</span> <span class='ocrx_word' id='word_1_372' title='bbox 2189 2777 2248 2832; x_wconf 89' lang='lat' dir='ltr'>in</span> <span class='ocrx_word' id='word_1_373' title='bbox 2281 2781 2480 2833; x_wconf 85' lang='lat' dir='ltr'>nostro</span> <span class='ocrx_word' id='word_1_374' title='bbox 2511 2794 2780 2834; x_wconf 89' lang='lat' dir='ltr'>sermone</span> <span class='ocrx_word' id='word_1_375' title='bbox 2807 2779 3082 2834; x_wconf 88' lang='lat' dir='ltr'>cantavit.</span> <span class='ocrx_word' id='word_1_376' title='bbox 3120 2778 3279 2834; x_wconf 88' lang='lat' dir='ltr'>Fleat</span> <span class='ocrx_word' id='word_1_377' title='bbox 3307 2795 3412 2851; x_wconf 89' lang='lat' dir='ltr'>pro</span> <span class='ocrx_word' id='word_1_378' title='bbox 3454 2779 3622 2835; x_wconf 88' lang='lat' dir='ltr'>nobis</span> 
     </span>
    </p>
   </div>
   <div class='ocr_carea' id='block_1_59' title="bbox 1968 2866 3619 2939">
    <p class='ocr_par' dir='ltr' id='par_1_59' title="bbox 1968 2866 3619 2939">
     <span class='ocr_line' id='line_1_59' title="bbox 1968 2866 3619 2939; baseline 0 -17"><span class='ocrx_word' id='word_1_379' title='bbox 1968 2867 2192 2934; x_wconf 89' lang='lat' dir='ltr'>Petrus,</span> <span class='ocrx_word' id='word_1_380' title='bbox 2228 2866 2326 2939; x_wconf 91' lang='lat' dir='ltr'>qui</span> <span class='ocrx_word' id='word_1_381' title='bbox 2358 2883 2460 2938; x_wconf 91' lang='lat' dir='ltr'>pro</span> <span class='ocrx_word' id='word_1_382' title='bbox 2488 2883 2550 2922; x_wconf 90' lang='lat' dir='ltr'>se</span> <span class='ocrx_word' id='word_1_383' title='bbox 2580 2867 2726 2922; x_wconf 90' lang='lat' dir='ltr'>bene</span> <span class='ocrx_word' id='word_1_384' title='bbox 2757 2867 2916 2922; x_wconf 90' lang='lat' dir='ltr'>ﬂevit</span> <span class='ocrx_word' id='word_1_385' title='bbox 2943 2872 3000 2922; x_wconf 90' lang='lat' dir='ltr'>et</span> <span class='ocrx_word' id='word_1_386' title='bbox 3044 2867 3101 2921; x_wconf 92' lang='lat' dir='ltr'>in</span> <span class='ocrx_word' id='word_1_387' title='bbox 3140 2883 3245 2923; x_wconf 90' lang='lat' dir='ltr'>nos</span> <span class='ocrx_word' id='word_1_388' title='bbox 3278 2867 3374 2939; x_wconf 86' lang='lat' dir='ltr'>pia</span> <span class='ocrx_word' id='word_1_389' title='bbox 3404 2867 3619 2924; x_wconf 88' lang='lat' dir='ltr'>Christi</span> 
     </span>
    </p>
   </div>
   <div class='ocr_carea' id='block_1_60' title="bbox 1967 2955 3616 3029">
    <p class='ocr_par' dir='ltr' id='par_1_60' title="bbox 1967 2955 3616 3029">
     <span class='ocr_line' id='line_1_60' title="bbox 1967 2955 3616 3029; baseline 0.001 -18"><span class='ocrx_word' id='word_1_390' title='bbox 1967 2973 2068 3011; x_wconf 89' lang='lat' dir='ltr'>ora</span> <span class='ocrx_word' id='word_1_391' title='bbox 2125 2959 2439 3011; x_wconf 85' lang='lat' dir='ltr'>convertat.</span> <span class='ocrx_word' id='word_1_392' title='bbox 2498 2957 2857 3028; x_wconf 88' lang='lat' dir='ltr'>Approperet</span> <span class='ocrx_word' id='word_1_393' title='bbox 2913 2955 3053 3012; x_wconf 85' lang='lat' dir='ltr'>Jesu</span> <span class='ocrx_word' id='word_1_394' title='bbox 3113 2955 3334 3011; x_wconf 91' lang='lat' dir='ltr'>Domini</span> <span class='ocrx_word' id='word_1_395' title='bbox 3395 2959 3616 3029; x_wconf 88' lang='lat' dir='ltr'>passio,</span> 
     </span>
    </p>
   </div>
   <div class='ocr_carea' id='block_1_61' title="bbox 1967 3042 3622 3116">
    <p class='ocr_par' dir='ltr' id='par_1_61' title="bbox 1967 3042 3622 3116">
     <span class='ocr_line' id='line_1_61' title="bbox 1967 3042 3622 3116; baseline 0.002 -18"><span class='ocrx_word' id='word_1_396' title='bbox 1967 3059 2094 3115; x_wconf 86' lang='lat' dir='ltr'>quae</span> <span class='ocrx_word' id='word_1_397' title='bbox 2147 3043 2405 3116; x_wconf 91' lang='lat' dir='ltr'>quotidie</span> <span class='ocrx_word' id='word_1_398' title='bbox 2451 3042 2660 3100; x_wconf 89' lang='lat' dir='ltr'>delicta</span> <span class='ocrx_word' id='word_1_399' title='bbox 2706 3047 2906 3100; x_wconf 87' lang='lat' dir='ltr'>nostra</span> <span class='ocrx_word' id='word_1_400' title='bbox 2952 3044 3259 3111; x_wconf 79' lang='lat' dir='ltr'>condonet,</span> <span class='ocrx_word' id='word_1_401' title='bbox 3295 3048 3353 3100; x_wconf 90' lang='lat' dir='ltr'>et</span> <span class='ocrx_word' id='word_1_402' title='bbox 3401 3061 3622 3102; x_wconf 86' lang='lat' dir='ltr'>munus</span> 
     </span>
    </p>
   </div>
   <div class='ocr_carea' id='block_1_62' title="bbox 1969 3132 2658 3203">
    <p class='ocr_par' dir='ltr' id='par_1_62' title="bbox 1969 3132 2658 3203">
     <span class='ocr_line' id='line_1_62' title="bbox 1969 3132 2658 3203; baseline 0.003 -16"><span class='ocrx_word' id='word_1_403' title='bbox 1969 3132 2337 3189; x_wconf 88' lang='lat' dir='ltr'>remissionis</span> <span class='ocrx_word' id='word_1_404' title='bbox 2367 3136 2658 3203; x_wconf 90' lang='lat' dir='ltr'>operatur.</span> 
     </span>
    </p>
   </div>
   <div class='ocr_carea' id='block_1_63' title="bbox 209 3203 3622 3294">
    <p class='ocr_par' dir='ltr' id='par_1_63' title="bbox 209 3203 3622 3294">
     <span class='ocr_line' id='line_1_63' title="bbox 209 3203 3622 3294; baseline -0.001 -15"><span class='ocrx_word' id='word_1_405' title='bbox 209 3203 588 3279; x_wconf 85' lang='lat' dir='ltr'>contraxerat.</span> <span class='ocrx_word' id='word_1_406' title='bbox 621 3221 798 3276; x_wconf 88' lang='lat' dir='ltr'>Istius</span> <span class='ocrx_word' id='word_1_407' title='bbox 831 3225 1004 3276; x_wconf 91' lang='lat' dir='ltr'>cantu</span> <span class='ocrx_word' id='word_1_408' title='bbox 1036 3203 1170 3294; x_wconf 89' lang='lat' dir='ltr'>spes</span> <span class='ocrx_word' id='word_1_409' title='bbox 1202 3221 1480 3276; x_wconf 91' lang='lat' dir='ltr'>omnibus</span> <span class='ocrx_word' id='word_1_410' title='bbox 1507 3203 1856 3293; x_wconf 38' lang='lat' dir='ltr'>reditﬁegris</span> <span class='ocrx_word' id='word_1_411' title='bbox 1887 3203 1930 3270; x_wconf 85' lang='lat' dir='ltr'>C</span> <span class='ocrx_word' id='word_1_412' title='bbox 2039 3221 2127 3277; x_wconf 85' lang='lat'>91.</span> <span class='ocrx_word' id='word_1_413' title='bbox 2162 3223 2358 3278; x_wconf 88' lang='lat' dir='ltr'>Bonus</span> <span class='ocrx_word' id='word_1_414' title='bbox 2387 3220 2668 3278; x_wconf 88' lang='lat' dir='ltr'>Dominus</span> <span class='ocrx_word' id='word_1_415' title='bbox 2716 3221 3008 3278; x_wconf 87' lang='lat' dir='ltr'>dimittere</span> <span class='ocrx_word' id='word_1_416' title='bbox 3049 3223 3287 3294; x_wconf 87' lang='lat' dir='ltr'>jejunos</span> <span class='ocrx_word' id='word_1_417' title='bbox 3317 3237 3433 3277; x_wconf 91' lang='lat' dir='ltr'>non</span> <span class='ocrx_word' id='word_1_418' title='bbox 3475 3221 3622 3291; x_wconf 88' lang='lat' dir='ltr'>vult,</span> 
     </span>
    </p>
   </div>
   <div class='ocr_carea' id='block_1_64' title="bbox 207 3308 1855 3378">
    <p class='ocr_par' dir='ltr' id='par_1_64' title="bbox 207 3308 1855 3378">
     <span class='ocr_line' id='line_1_64' title="bbox 207 3308 1855 3378; baseline -0.002 -11"><span class='ocrx_word' id='word_1_419' title='bbox 207 3313 434 3369; x_wconf 88' lang='lat' dir='ltr'>levatur</span> <span class='ocrx_word' id='word_1_420' title='bbox 478 3310 942 3377; x_wconf 89' lang='lat' dir='ltr'>incommodum,</span> <span class='ocrx_word' id='word_1_421' title='bbox 996 3309 1280 3365; x_wconf 91' lang='lat' dir='ltr'>minuitur</span> <span class='ocrx_word' id='word_1_422' title='bbox 1326 3308 1490 3365; x_wconf 89' lang='lat' dir='ltr'>dolor</span> <span class='ocrx_word' id='word_1_423' title='bbox 1527 3309 1855 3378; x_wconf 91' lang='lat' dir='ltr'>vulnerum,</span> 
     </span>
    </p>
   </div>
   <div class='ocr_carea' id='block_1_65' title="bbox 187 3397 1856 3473">
    <p class='ocr_par' dir='ltr' id='par_1_65' title="bbox 187 3397 1856 3473">
     <span class='ocr_line' id='line_1_65' title="bbox 187 3397 1856 3473; baseline 0 -21"><span class='ocrx_word' id='word_1_424' title='bbox 187 3401 458 3458; x_wconf 77' lang='lat' dir='ltr'>-febrium</span> <span class='ocrx_word' id='word_1_425' title='bbox 490 3399 796 3473; x_wconf 89' lang='lat' dir='ltr'>ﬂagrantia</span> <span class='ocrx_word' id='word_1_426' title='bbox 827 3399 1465 3472; x_wconf 87' lang='lat' dir='ltr'>mitigatur,revertitur</span> <span class='ocrx_word' id='word_1_427' title='bbox 1486 3399 1628 3454; x_wconf 82' lang='lat' dir='ltr'>ﬁdes</span> <span class='ocrx_word' id='word_1_428' title='bbox 1653 3397 1856 3470; x_wconf 88' lang='lat' dir='ltr'>lapsis,</span> 
     </span>
    </p>
   </div>
   <div class='ocr_carea' id='block_1_66' title="bbox 205 3487 1858 3560">
    <p class='ocr_par' dir='ltr' id='par_1_66' title="bbox 205 3487 1858 3560">
     <span class='ocr_line' id='line_1_66' title="bbox 205 3487 1858 3560; baseline -0.002 -14"><span class='ocrx_word' id='word_1_429' title='bbox 205 3491 378 3546; x_wconf 89' lang='lat' dir='ltr'>Jesus</span> <span class='ocrx_word' id='word_1_430' title='bbox 410 3488 728 3544; x_wconf 89' lang='lat' dir='ltr'>titubantes</span> <span class='ocrx_word' id='word_1_431' title='bbox 760 3488 1020 3560; x_wconf 87' lang='lat' dir='ltr'>respicit,</span> <span class='ocrx_word' id='word_1_432' title='bbox 1041 3493 1304 3542; x_wconf 88' lang='lat' dir='ltr'>errantes</span> <span class='ocrx_word' id='word_1_433' title='bbox 1333 3487 1858 3559; x_wconf 89' lang='lat' dir='ltr'>corrigit.Denique</span> 
     </span>
    </p>
   </div>
   <div class='ocr_carea' id='block_1_67' title="bbox 209 3576 1857 3650">
    <p class='ocr_par' dir='ltr' id='par_1_67' title="bbox 209 3576 1857 3650">
     <span class='ocr_line' id='line_1_67' title="bbox 209 3576 1857 3650; baseline -0.002 -16"><span class='ocrx_word' id='word_1_434' title='bbox 209 3578 461 3650; x_wconf 84' lang='lat' dir='ltr'>respexit</span> <span class='ocrx_word' id='word_1_435' title='bbox 502 3577 757 3641; x_wconf 90' lang='lat' dir='ltr'>Petrum,</span> <span class='ocrx_word' id='word_1_436' title='bbox 790 3580 846 3631; x_wconf 91' lang='lat' dir='ltr'>et</span> <span class='ocrx_word' id='word_1_437' title='bbox 876 3577 1071 3631; x_wconf 88' lang='lat' dir='ltr'>statim</span> <span class='ocrx_word' id='word_1_438' title='bbox 1122 3593 1282 3632; x_wconf 90' lang='lat' dir='ltr'>error</span> <span class='ocrx_word' id='word_1_439' title='bbox 1328 3577 1607 3632; x_wconf 84' lang='lat' dir='ltr'>abscessit</span> <span class='ocrx_word' id='word_1_440' title='bbox 1640 3593 1653 3631; x_wconf 91' lang='lat'>:</span> <span class='ocrx_word' id='word_1_441' title='bbox 1689 3576 1857 3648; x_wconf 89' lang='lat' dir='ltr'>pulsa</span> 
     </span>
    </p>
   </div>
   <div class='ocr_carea' id='block_1_68' title="bbox 209 3664 1854 3738">
    <p class='ocr_par' dir='ltr' id='par_1_68' title="bbox 209 3664 1854 3738">
     <span class='ocr_line' id='line_1_68' title="bbox 209 3664 1854 3738; baseline -0.001 -16"><span class='ocrx_word' id='word_1_442' title='bbox 209 3672 299 3722; x_wconf 88' lang='lat' dir='ltr'>est</span> <span class='ocrx_word' id='word_1_443' title='bbox 351 3664 598 3738; x_wconf 88' lang='lat' dir='ltr'>negatio,</span> <span class='ocrx_word' id='word_1_444' title='bbox 631 3668 830 3719; x_wconf 89' lang='lat' dir='ltr'>secuta</span> <span class='ocrx_word' id='word_1_445' title='bbox 881 3664 1191 3720; x_wconf 81' lang='lat' dir='ltr'>confessio.</span> <span class='ocrx_word' id='word_1_446' title='bbox 1225 3666 1385 3730; x_wconf 85' lang='lat' dir='ltr'>Quod</span> <span class='ocrx_word' id='word_1_447' title='bbox 1445 3682 1559 3720; x_wconf 90' lang='lat' dir='ltr'>non</span> <span class='ocrx_word' id='word_1_448' title='bbox 1619 3665 1854 3721; x_wconf 86' lang='lat' dir='ltr'>fortuito</span> 
     </span>
    </p>
   </div>
   <div class='ocr_carea' id='block_1_69' title="bbox 209 3753 1851 3820">
    <p class='ocr_par' dir='ltr' id='par_1_69' title="bbox 209 3753 1851 3820">
     <span class='ocr_line' id='line_1_69' title="bbox 209 3753 1851 3820; baseline -0.002 -9"><span class='ocrx_word' id='word_1_449' title='bbox 209 3755 512 3820; x_wconf 87' lang='lat' dir='ltr'>accidisse,</span> <span class='ocrx_word' id='word_1_450' title='bbox 561 3753 660 3808; x_wconf 90' lang='lat' dir='ltr'>sed</span> <span class='ocrx_word' id='word_1_451' title='bbox 711 3769 778 3807; x_wconf 86' lang='lat' dir='ltr'>ex</span> <span class='ocrx_word' id='word_1_452' title='bbox 831 3753 1124 3807; x_wconf 89' lang='lat' dir='ltr'>sententia</span> <span class='ocrx_word' id='word_1_453' title='bbox 1171 3753 1403 3808; x_wconf 81' lang='lat' dir='ltr'>Domini</span> <span class='ocrx_word' id='word_1_454' title='bbox 1452 3753 1621 3808; x_wconf 87' lang='lat' dir='ltr'>lectio</span> <span class='ocrx_word' id='word_1_455' title='bbox 1667 3754 1851 3809; x_wconf 91' lang='lat' dir='ltr'>docet.</span> 
     </span>
    </p>
   </div>
   <div class='ocr_carea' id='block_1_70' title="bbox 207 3841 1854 3913">
    <p class='ocr_par' dir='ltr' id='par_1_70' title="bbox 207 3841 1854 3913">
     <span class='ocr_line' id='line_1_70' title="bbox 207 3841 1854 3913; baseline 0 -15"><span class='ocrx_word' id='word_1_456' title='bbox 207 3844 298 3898; x_wconf 88' lang='lat' dir='ltr'>Sic</span> <span class='ocrx_word' id='word_1_457' title='bbox 330 3842 486 3898; x_wconf 90' lang='lat' dir='ltr'>enim</span> <span class='ocrx_word' id='word_1_458' title='bbox 519 3841 802 3913; x_wconf 88' lang='lat' dir='ltr'>scriptum</span> <span class='ocrx_word' id='word_1_459' title='bbox 835 3845 943 3909; x_wconf 90' lang='lat' dir='ltr'>est,</span> <span class='ocrx_word' id='word_1_460' title='bbox 979 3842 1117 3913; x_wconf 88' lang='lat' dir='ltr'>quia</span> <span class='ocrx_word' id='word_1_461' title='bbox 1149 3841 1291 3896; x_wconf 81' lang='lat' dir='ltr'>dixit</span> <span class='ocrx_word' id='word_1_462' title='bbox 1329 3842 1502 3897; x_wconf 87' lang='lat' dir='ltr'>Jesus</span> <span class='ocrx_word' id='word_1_463' title='bbox 1553 3842 1622 3896; x_wconf 90' lang='lat' dir='ltr'>ad</span> <span class='ocrx_word' id='word_1_464' title='bbox 1667 3843 1854 3898; x_wconf 86' lang='lat' dir='ltr'>Simo-</span> 
     </span>
    </p>
   </div>
   <div class='ocr_carea' id='block_1_71' title="bbox 207 3930 1852 4002">
    <p class='ocr_par' dir='ltr' id='par_1_71' title="bbox 207 3930 1852 4002">
     <span class='ocr_line' id='line_1_71' title="bbox 207 3930 1852 4002; baseline -0.001 -14"><span class='ocrx_word' id='word_1_465' title='bbox 207 3948 383 3988; x_wconf 90' lang='lat' dir='ltr'>nem:</span> <span class='ocrx_word' id='word_1_466' title='bbox 419 3936 540 3988; x_wconf 83' lang='lat' dir='ltr'>Non</span> <span class='ocrx_word' id='word_1_467' title='bbox 584 3930 824 3986; x_wconf 81' lang='lat' dir='ltr'>cantabit</span> <span class='ocrx_word' id='word_1_468' title='bbox 872 3931 1072 4001; x_wconf 68' lang='lat' dir='ltr'>gallus,</span> <span class='ocrx_word' id='word_1_469' title='bbox 1124 3931 1453 4002; x_wconf 76' lang='lat' dir='ltr'>priusquam</span> <span class='ocrx_word' id='word_1_470' title='bbox 1500 3948 1587 3987; x_wconf 88' lang='lat' dir='ltr'>me</span> <span class='ocrx_word' id='word_1_471' title='bbox 1633 3935 1713 3986; x_wconf 86' lang='lat' dir='ltr'>ter</span> <span class='ocrx_word' id='word_1_472' title='bbox 1757 3933 1852 3986; x_wconf 89' lang='lat' dir='ltr'>ab-</span> 
     </span>
    </p>
   </div>
   <div class='ocr_carea' id='block_1_72' title="bbox 205 4018 1850 4091">
    <p class='ocr_par' dir='ltr' id='par_1_72' title="bbox 205 4018 1850 4091">
     <span class='ocr_line' id='line_1_72' title="bbox 205 4018 1850 4091; baseline 0.001 -16"><span class='ocrx_word' id='word_1_473' title='bbox 205 4037 362 4090; x_wconf 83' lang='lat' dir='ltr'>neges</span> <span class='ocrx_word' id='word_1_474' title='bbox 393 4019 600 4091; x_wconf 80' lang='lat' dir='ltr'>(Matth.</span> <span class='ocrx_word' id='word_1_475' title='bbox 655 4036 809 4084; x_wconf 73' lang='lat' dir='ltr'>xxvr,</span> <span class='ocrx_word' id='word_1_476' title='bbox 841 4019 953 4086; x_wconf 66' lang='lat' dir='ltr'>3’s).</span> <span class='ocrx_word' id='word_1_477' title='bbox 986 4019 1136 4075; x_wconf 89' lang='lat' dir='ltr'>Bene</span> <span class='ocrx_word' id='word_1_478' title='bbox 1168 4018 1333 4074; x_wconf 81' lang='lat' dir='ltr'>fortis</span> <span class='ocrx_word' id='word_1_479' title='bbox 1380 4018 1438 4073; x_wconf 91' lang='lat' dir='ltr'>in</span> <span class='ocrx_word' id='word_1_480' title='bbox 1485 4019 1578 4074; x_wconf 91' lang='lat' dir='ltr'>die</span> <span class='ocrx_word' id='word_1_481' title='bbox 1625 4021 1850 4089; x_wconf 91' lang='lat' dir='ltr'>Petrus,</span> 
     </span>
    </p>
   </div>
   <div class='ocr_carea' id='block_1_73' title="bbox 205 4107 1856 4180">
    <p class='ocr_par' dir='ltr' id='par_1_73' title="bbox 205 4107 1856 4180">
     <span class='ocr_line' id='line_1_73' title="bbox 205 4107 1856 4180; baseline 0 -16"><span class='ocrx_word' id='word_1_482' title='bbox 205 4115 373 4165; x_wconf 90' lang='lat' dir='ltr'>nocte</span> <span class='ocrx_word' id='word_1_483' title='bbox 403 4109 704 4176; x_wconf 90' lang='lat' dir='ltr'>turbatur;</span> <span class='ocrx_word' id='word_1_484' title='bbox 740 4112 796 4162; x_wconf 90' lang='lat' dir='ltr'>et</span> <span class='ocrx_word' id='word_1_485' title='bbox 843 4112 975 4163; x_wconf 90' lang='lat' dir='ltr'>ante</span> <span class='ocrx_word' id='word_1_486' title='bbox 1033 4107 1173 4180; x_wconf 88' lang='lat' dir='ltr'>galli</span> <span class='ocrx_word' id='word_1_487' title='bbox 1231 4112 1468 4163; x_wconf 88' lang='lat' dir='ltr'>cantum</span> <span class='ocrx_word' id='word_1_488' title='bbox 1517 4108 1754 4175; x_wconf 90' lang='lat' dir='ltr'>labitur,</span> <span class='ocrx_word' id='word_1_489' title='bbox 1799 4114 1856 4165; x_wconf 92' lang='lat' dir='ltr'>et</span> 
     </span>
    </p>
   </div>
   <div class='ocr_carea' id='block_1_74' title="bbox 204 4196 1855 4265">
    <p class='ocr_par' dir='ltr' id='par_1_74' title="bbox 204 4196 1855 4265">
     <span class='ocr_line' id='line_1_74' title="bbox 204 4196 1855 4265; baseline 0.001 -12"><span class='ocrx_word' id='word_1_490' title='bbox 204 4198 422 4254; x_wconf 90' lang='lat' dir='ltr'>labitur</span> <span class='ocrx_word' id='word_1_491' title='bbox 468 4197 668 4265; x_wconf 91' lang='lat' dir='ltr'>tertio;</span> <span class='ocrx_word' id='word_1_492' title='bbox 719 4202 782 4252; x_wconf 93' lang='lat' dir='ltr'>ut</span> <span class='ocrx_word' id='word_1_493' title='bbox 831 4198 981 4252; x_wconf 89' lang='lat' dir='ltr'>scias</span> <span class='ocrx_word' id='word_1_494' title='bbox 1029 4214 1142 4252; x_wconf 91' lang='lat' dir='ltr'>non</span> <span class='ocrx_word' id='word_1_495' title='bbox 1193 4196 1527 4252; x_wconf 88' lang='lat' dir='ltr'>inconsulta</span> <span class='ocrx_word' id='word_1_496' title='bbox 1573 4198 1855 4254; x_wconf 63' lang='lat' dir='ltr'>effusione</span> 
     </span>
    </p>
   </div>
   <div class='ocr_carea' id='block_1_75' title="bbox 205 4285 1853 4358">
    <p class='ocr_par' dir='ltr' id='par_1_75' title="bbox 205 4285 1853 4358">
     <span class='ocr_line' id='line_1_75' title="bbox 205 4285 1853 4358; baseline -0.001 -14"><span class='ocrx_word' id='word_1_497' title='bbox 205 4287 493 4344; x_wconf 89' lang='lat' dir='ltr'>sermonis</span> <span class='ocrx_word' id='word_1_498' title='bbox 524 4302 651 4342; x_wconf 87' lang='lat' dir='ltr'>esse</span> <span class='ocrx_word' id='word_1_499' title='bbox 683 4285 1041 4357; x_wconf 91' lang='lat' dir='ltr'>prolapsum,</span> <span class='ocrx_word' id='word_1_500' title='bbox 1073 4287 1171 4342; x_wconf 91' lang='lat' dir='ltr'>sed</span> <span class='ocrx_word' id='word_1_501' title='bbox 1205 4287 1418 4342; x_wconf 90' lang='lat' dir='ltr'>mentis</span> <span class='ocrx_word' id='word_1_502' title='bbox 1453 4303 1685 4358; x_wconf 90' lang='lat' dir='ltr'>quoque</span> <span class='ocrx_word' id='word_1_503' title='bbox 1723 4305 1853 4342; x_wconf 89' lang='lat' dir='ltr'>mu-</span> 
     </span>
    </p>
   </div>
   <div class='ocr_carea' id='block_1_76' title="bbox 204 4375 1852 4448">
    <p class='ocr_par' dir='ltr' id='par_1_76' title="bbox 204 4375 1852 4448">
     <span class='ocr_line' id='line_1_76' title="bbox 204 4375 1852 4448; baseline 0.001 -18"><span class='ocrx_word' id='word_1_504' title='bbox 204 4375 425 4430; x_wconf 88' lang='lat' dir='ltr'>tatione</span> <span class='ocrx_word' id='word_1_505' title='bbox 455 4376 756 4430; x_wconf 87' lang='lat' dir='ltr'>turbatum</span> <span class='ocrx_word' id='word_1_506' title='bbox 789 4375 920 4444; x_wconf 90' lang='lat'>(50).</span> <span class='ocrx_word' id='word_1_507' title='bbox 955 4375 1112 4429; x_wconf 92' lang='lat' dir='ltr'>Idem</span> <span class='ocrx_word' id='word_1_508' title='bbox 1143 4378 1340 4429; x_wconf 91' lang='lat' dir='ltr'>tamen</span> <span class='ocrx_word' id='word_1_509' title='bbox 1373 4379 1505 4446; x_wconf 85' lang='lat' dir='ltr'>post</span> <span class='ocrx_word' id='word_1_510' title='bbox 1535 4375 1675 4448; x_wconf 88' lang='lat' dir='ltr'>galli</span> <span class='ocrx_word' id='word_1_511' title='bbox 1717 4393 1852 4432; x_wconf 91' lang='lat' dir='ltr'>can-</span> 
     </span>
    </p>
   </div>
   <div class='ocr_carea' id='block_1_77' title="bbox 205 4461 1854 4534">
    <p class='ocr_par' dir='ltr' id='par_1_77' title="bbox 205 4461 1854 4534">
     <span class='ocr_line' id='line_1_77' title="bbox 205 4461 1854 4534; baseline 0.001 -15"><span class='ocrx_word' id='word_1_512' title='bbox 205 4468 331 4519; x_wconf 87' lang='lat' dir='ltr'>tum</span> <span class='ocrx_word' id='word_1_513' title='bbox 401 4463 466 4516; x_wconf 86' lang='lat' dir='ltr'>ﬂt</span> <span class='ocrx_word' id='word_1_514' title='bbox 530 4461 752 4524; x_wconf 83' lang='lat' dir='ltr'>fortior,</span> <span class='ocrx_word' id='word_1_515' title='bbox 802 4467 857 4516; x_wconf 91' lang='lat' dir='ltr'>et</span> <span class='ocrx_word' id='word_1_516' title='bbox 901 4463 1027 4532; x_wconf 86' lang='lat' dir='ltr'>jam</span> <span class='ocrx_word' id='word_1_517' title='bbox 1081 4463 1297 4534; x_wconf 85' lang='lat' dir='ltr'>dignus</span> <span class='ocrx_word' id='word_1_518' title='bbox 1356 4479 1531 4533; x_wconf 90' lang='lat' dir='ltr'>quem</span> <span class='ocrx_word' id='word_1_519' title='bbox 1589 4463 1854 4520; x_wconf 88' lang='lat' dir='ltr'>Christus</span> 
     </span>
    </p>
   </div>
   <div class='ocr_carea' id='block_1_78' title="bbox 1969 3309 3625 3382">
    <p class='ocr_par' dir='ltr' id='par_1_78' title="bbox 1969 3309 3625 3382">
     <span class='ocr_line' id='line_1_78' title="bbox 1969 3309 3625 3382; baseline 0.001 -16"><span class='ocrx_word' id='word_1_520' title='bbox 1969 3328 2040 3366; x_wconf 93' lang='lat' dir='ltr'>ne</span> <span class='ocrx_word' id='word_1_521' title='bbox 2072 3310 2204 3382; x_wconf 90' lang='lat' dir='ltr'>quis</span> <span class='ocrx_word' id='word_1_522' title='bbox 2237 3309 2465 3370; x_wconf 82' lang='lat' dir='ltr'>deﬁciat</span> <span class='ocrx_word' id='word_1_523' title='bbox 2494 3311 2552 3366; x_wconf 89' lang='lat' dir='ltr'>in</span> <span class='ocrx_word' id='word_1_524' title='bbox 2583 3310 2694 3366; x_wconf 89' lang='lat' dir='ltr'>via.</span> <span class='ocrx_word' id='word_1_525' title='bbox 2727 3310 2788 3366; x_wconf 93' lang='lat' dir='ltr'>Si</span> <span class='ocrx_word' id='word_1_526' title='bbox 2836 3309 2935 3366; x_wconf 91' lang='lat' dir='ltr'>ille</span> <span class='ocrx_word' id='word_1_527' title='bbox 2982 3310 3142 3381; x_wconf 88' lang='lat' dir='ltr'>dicit,</span> <span class='ocrx_word' id='word_1_528' title='bbox 3177 3311 3433 3367; x_wconf 75' lang='lat' dir='ltr'>Misereor</span> <span class='ocrx_word' id='word_1_529' title='bbox 3473 3313 3504 3366; x_wconf 92' lang='lat' dir='ltr'><strong>I</strong></span> <span class='ocrx_word' id='word_1_530' title='bbox 3526 3313 3625 3368; x_wconf 76' lang='grc'><strong>14</strong></span> 
     </span>
    </p>
   </div>
   <div class='ocr_carea' id='block_1_79' title="bbox 1967 3399 3628 3472">
    <p class='ocr_par' dir='ltr' id='par_1_79' title="bbox 1967 3399 3628 3472">
     <span class='ocr_line' id='line_1_79' title="bbox 1967 3399 3628 3472; baseline 0.001 -18"><span class='ocrx_word' id='word_1_531' title='bbox 1967 3400 2131 3470; x_wconf 78' lang='lat' dir='ltr'>huius</span> <span class='ocrx_word' id='word_1_532' title='bbox 2180 3399 2396 3464; x_wconf 65' lang='lat' dir='ltr'>turbae;</span> <span class='ocrx_word' id='word_1_533' title='bbox 2442 3401 2575 3472; x_wconf 88' lang='lat' dir='ltr'>quia</span> <span class='ocrx_word' id='word_1_534' title='bbox 2632 3400 2881 3455; x_wconf 80' lang='lat' dir='ltr'>triduum</span> <span class='ocrx_word' id='word_1_535' title='bbox 2943 3407 3023 3455; x_wconf 82' lang='lat' dir='ltr'>est</span> <span class='ocrx_word' id='word_1_536' title='bbox 3080 3400 3220 3472; x_wconf 85' lang='lat' dir='ltr'>quod</span> <span class='ocrx_word' id='word_1_537' title='bbox 3273 3408 3628 3470; x_wconf 77' lang='lat' dir='ltr'>perseverant</span> 
     </span>
    </p>
   </div>
   <div class='ocr_carea' id='block_1_80' title="bbox 1961 3488 3621 3560">
    <p class='ocr_par' dir='ltr' id='par_1_80' title="bbox 1961 3488 3621 3560">
     <span class='ocr_line' id='line_1_80' title="bbox 1961 3488 3621 3560; baseline 0 -16"><span class='ocrx_word' id='word_1_538' title='bbox 1961 3505 2196 3554; x_wconf 85' lang='lat' dir='ltr'>mecum,</span> <span class='ocrx_word' id='word_1_539' title='bbox 2231 3493 2280 3544; x_wconf 88' lang='lat' dir='ltr'>et</span> <span class='ocrx_word' id='word_1_540' title='bbox 2321 3505 2432 3544; x_wconf 79' lang='lat' dir='ltr'>non</span> <span class='ocrx_word' id='word_1_541' title='bbox 2480 3488 2678 3544; x_wconf 84' lang='lat' dir='ltr'>habent</span> <span class='ocrx_word' id='word_1_542' title='bbox 2725 3504 2923 3554; x_wconf 80' lang='lat' dir='ltr'>escam,</span> <span class='ocrx_word' id='word_1_543' title='bbox 2952 3496 3003 3544; x_wconf 93' lang='lat' dir='ltr'>et</span> <span class='ocrx_word' id='word_1_544' title='bbox 3049 3489 3324 3544; x_wconf 83' lang='lat' dir='ltr'>dimittere</span> <span class='ocrx_word' id='word_1_545' title='bbox 3353 3505 3442 3545; x_wconf 82' lang='lat' dir='ltr'>eos</span> <span class='ocrx_word' id='word_1_546' title='bbox 3469 3490 3621 3560; x_wconf 82' lang='lat' dir='ltr'>jeju-</span> 
     </span>
    </p>
   </div>
   <div class='ocr_carea' id='block_1_81' title="bbox 1963 3577 3622 3649">
    <p class='ocr_par' dir='ltr' id='par_1_81' title="bbox 1963 3577 3622 3649">
     <span class='ocr_line' id='line_1_81' title="bbox 1963 3577 3622 3649; baseline 0.001 -17"><span class='ocrx_word' id='word_1_547' title='bbox 1963 3593 2060 3632; x_wconf 83' lang='lat' dir='ltr'>nos</span> <span class='ocrx_word' id='word_1_548' title='bbox 2106 3578 2251 3645; x_wconf 82' lang='lat' dir='ltr'>noto,</span> <span class='ocrx_word' id='word_1_549' title='bbox 2287 3593 2355 3632; x_wconf 90' lang='lat' dir='ltr'>ne</span> <span class='ocrx_word' id='word_1_550' title='bbox 2383 3577 2638 3647; x_wconf 76' lang='lat' dir='ltr'>deﬁciant</span> <span class='ocrx_word' id='word_1_551' title='bbox 2686 3578 2742 3631; x_wconf 86' lang='lat' dir='ltr'>in</span> <span class='ocrx_word' id='word_1_552' title='bbox 2793 3578 2885 3632; x_wconf 84' lang='lat' dir='ltr'>via</span> <span class='ocrx_word' id='word_1_553' title='bbox 2913 3577 3124 3646; x_wconf 80' lang='lat' dir='ltr'>(Matth.</span> <span class='ocrx_word' id='word_1_554' title='bbox 3157 3594 3246 3644; x_wconf 84' lang='lat' dir='ltr'>xv,</span> <span class='ocrx_word' id='word_1_555' title='bbox 3279 3579 3413 3645; x_wconf 86' lang='lat'>32);</span> <span class='ocrx_word' id='word_1_556' title='bbox 3447 3579 3622 3649; x_wconf 85' lang='lat' dir='ltr'>cujus</span> 
     </span>
    </p>
   </div>
   <div class='ocr_carea' id='block_1_82' title="bbox 1962 3664 3620 3738">
    <p class='ocr_par' dir='ltr' id='par_1_82' title="bbox 1962 3664 3620 3738">
     <span class='ocr_line' id='line_1_82' title="bbox 1962 3664 3620 3738; baseline 0.001 -17"><span class='ocrx_word' id='word_1_557' title='bbox 1962 3667 2190 3721; x_wconf 89' lang='lat' dir='ltr'>intenta</span> <span class='ocrx_word' id='word_1_558' title='bbox 2219 3665 2474 3723; x_wconf 89' lang='lat' dir='ltr'>sermoni</span> <span class='ocrx_word' id='word_1_559' title='bbox 2507 3664 2690 3721; x_wconf 87' lang='lat' dir='ltr'>Maria</span> <span class='ocrx_word' id='word_1_560' title='bbox 2718 3670 3035 3738; x_wconf 86' lang='lat' dir='ltr'>apparatus</span> <span class='ocrx_word' id='word_1_561' title='bbox 3068 3665 3377 3722; x_wconf 89' lang='lat' dir='ltr'>recusabat</span> <span class='ocrx_word' id='word_1_562' title='bbox 3417 3665 3620 3737; x_wconf 87' lang='lat' dir='ltr'>epula-</span> 
     </span>
    </p>
   </div>
   <div class='ocr_carea' id='block_1_83' title="bbox 1963 3754 3618 3827">
    <p class='ocr_par' dir='ltr' id='par_1_83' title="bbox 1963 3754 3618 3827">
     <span class='ocr_line' id='line_1_83' title="bbox 1963 3754 3618 3827; baseline -0.001 -17"><span class='ocrx_word' id='word_1_563' title='bbox 1963 3772 2134 3822; x_wconf 91' lang='lat' dir='ltr'>rum;</span> <span class='ocrx_word' id='word_1_564' title='bbox 2191 3759 2409 3826; x_wconf 90' lang='lat' dir='ltr'>quanto</span> <span class='ocrx_word' id='word_1_565' title='bbox 2467 3755 2656 3827; x_wconf 89' lang='lat' dir='ltr'>magis</span> <span class='ocrx_word' id='word_1_566' title='bbox 2711 3770 2820 3809; x_wconf 92' lang='lat' dir='ltr'>nos</span> <span class='ocrx_word' id='word_1_567' title='bbox 2874 3754 3243 3810; x_wconf 87' lang='lat' dir='ltr'>considerare</span> <span class='ocrx_word' id='word_1_568' title='bbox 3309 3754 3618 3820; x_wconf 87' lang='lat' dir='ltr'>debemus,</span> 
     </span>
    </p>
   </div>
   <div class='ocr_carea' id='block_1_84' title="bbox 1965 3843 3625 3917">
    <p class='ocr_par' dir='ltr' id='par_1_84' title="bbox 1965 3843 3625 3917">
     <span class='ocr_line' id='line_1_84' title="bbox 1965 3843 3625 3917; baseline -0.001 -18"><span class='ocrx_word' id='word_1_569' title='bbox 1965 3844 2104 3917; x_wconf 89' lang='lat' dir='ltr'>quia</span> <span class='ocrx_word' id='word_1_570' title='bbox 2133 3860 2247 3899; x_wconf 91' lang='lat' dir='ltr'>non</span> <span class='ocrx_word' id='word_1_571' title='bbox 2281 3843 2455 3898; x_wconf 88' lang='lat' dir='ltr'>multi</span> <span class='ocrx_word' id='word_1_572' title='bbox 2507 3847 2666 3910; x_wconf 90' lang='lat' dir='ltr'>sunt,</span> <span class='ocrx_word' id='word_1_573' title='bbox 2703 3843 2803 3914; x_wconf 89' lang='lat' dir='ltr'>qui</span> <span class='ocrx_word' id='word_1_574' title='bbox 2836 3843 2896 3898; x_wconf 90' lang='lat' dir='ltr'>in</span> <span class='ocrx_word' id='word_1_575' title='bbox 2927 3843 3102 3898; x_wconf 90' lang='lat' dir='ltr'>verbo</span> <span class='ocrx_word' id='word_1_576' title='bbox 3145 3843 3244 3898; x_wconf 89' lang='lat' dir='ltr'>Dei</span> <span class='ocrx_word' id='word_1_577' title='bbox 3291 3843 3518 3909; x_wconf 91' lang='lat' dir='ltr'>vivunt,</span> <span class='ocrx_word' id='word_1_578' title='bbox 3569 3847 3625 3898; x_wconf 88' lang='lat' dir='ltr'>et</span> 
     </span>
    </p>
   </div>
   <div class='ocr_carea' id='block_1_85' title="bbox 1964 3929 3622 4004">
    <p class='ocr_par' dir='ltr' id='par_1_85' title="bbox 1964 3929 3622 4004">
     <span class='ocr_line' id='line_1_85' title="bbox 1964 3929 3622 4004; baseline -0.001 -17"><span class='ocrx_word' id='word_1_579' title='bbox 1964 3933 2094 3987; x_wconf 93' lang='lat' dir='ltr'>ideo</span> <span class='ocrx_word' id='word_1_580' title='bbox 2155 3933 2388 3988; x_wconf 84' lang='lat' dir='ltr'>refectio</span> <span class='ocrx_word' id='word_1_581' title='bbox 2448 3932 2706 4004; x_wconf 90' lang='lat' dir='ltr'>corporis</span> <span class='ocrx_word' id='word_1_582' title='bbox 2767 3932 3165 3988; x_wconf 88' lang='lat' dir='ltr'>desideratur!</span> <span class='ocrx_word' id='word_1_583' title='bbox 3229 3931 3391 3987; x_wconf 89' lang='lat' dir='ltr'>Certe</span> <span class='ocrx_word' id='word_1_584' title='bbox 3458 3929 3622 3987; x_wconf 84' lang='lat' dir='ltr'>illius</span> 
     </span>
    </p>
   </div>
   <div class='ocr_carea' id='block_1_86' title="bbox 1961 4019 3549 4093">
    <p class='ocr_par' dir='ltr' id='par_1_86' title="bbox 1961 4019 3549 4093">
     <span class='ocr_line' id='line_1_86' title="bbox 1961 4019 3549 4093; baseline -0.001 -17"><span class='ocrx_word' id='word_1_585' title='bbox 1961 4021 2141 4076; x_wconf 89' lang='lat' dir='ltr'>tridui</span> <span class='ocrx_word' id='word_1_586' title='bbox 2174 4026 2444 4077; x_wconf 88' lang='lat' dir='ltr'>nostrum</span> <span class='ocrx_word' id='word_1_587' title='bbox 2476 4021 2585 4076; x_wconf 91' lang='lat' dir='ltr'>hoc</span> <span class='ocrx_word' id='word_1_588' title='bbox 2615 4020 2894 4092; x_wconf 89' lang='lat' dir='ltr'>postridie</span> <span class='ocrx_word' id='word_1_589' title='bbox 2923 4021 3032 4093; x_wconf 79' lang='grc'>(54)</span> <span class='ocrx_word' id='word_1_590' title='bbox 3052 4019 3406 4075; x_wconf 89' lang='lat' dir='ltr'>laboriosius</span> <span class='ocrx_word' id='word_1_591' title='bbox 3437 4026 3549 4076; x_wconf 85' lang='lat' dir='ltr'>est.</span> 
     </span>
    </p>
   </div>
   <div class='ocr_carea' id='block_1_87' title="bbox 2033 4107 3620 4182">
    <p class='ocr_par' dir='ltr' id='par_1_87' title="bbox 2033 4107 3620 4182">
     <span class='ocr_line' id='line_1_87' title="bbox 2033 4107 3620 4182; baseline 0.001 -20"><span class='ocrx_word' id='word_1_592' title='bbox 2033 4110 2122 4164; x_wconf 75' lang='lat'>9&#39;2.</span> <span class='ocrx_word' id='word_1_593' title='bbox 2154 4110 2221 4165; x_wconf 89' lang='lat' dir='ltr'>Et</span> <span class='ocrx_word' id='word_1_594' title='bbox 2249 4111 2378 4166; x_wconf 90' lang='lat' dir='ltr'>ideo</span> <span class='ocrx_word' id='word_1_595' title='bbox 2405 4109 2504 4182; x_wconf 91' lang='lat' dir='ltr'>qui</span> <span class='ocrx_word' id='word_1_596' title='bbox 2536 4126 2669 4164; x_wconf 92' lang='lat' dir='ltr'>cum</span> <span class='ocrx_word' id='word_1_597' title='bbox 2703 4109 2907 4165; x_wconf 88' lang='lat' dir='ltr'>avibus</span> <span class='ocrx_word' id='word_1_598' title='bbox 2956 4108 3230 4174; x_wconf 88' lang='lat' dir='ltr'>lusimus,</span> <span class='ocrx_word' id='word_1_599' title='bbox 3278 4124 3413 4164; x_wconf 90' lang='lat' dir='ltr'>cum</span> <span class='ocrx_word' id='word_1_600' title='bbox 3465 4107 3620 4182; x_wconf 90' lang='lat' dir='ltr'>gallo</span> 
     </span>
    </p>
   </div>
   <div class='ocr_carea' id='block_1_88' title="bbox 1963 4197 3623 4270">
    <p class='ocr_par' dir='ltr' id='par_1_88' title="bbox 1963 4197 3623 4270">
     <span class='ocr_line' id='line_1_88' title="bbox 1963 4197 3623 4270; baseline -0.002 -16"><span class='ocrx_word' id='word_1_601' title='bbox 1963 4198 2349 4265; x_wconf 90' lang='lat' dir='ltr'>cantavimus,</span> <span class='ocrx_word' id='word_1_602' title='bbox 2398 4199 2525 4270; x_wconf 88' lang='lat' dir='ltr'>jam</span> <span class='ocrx_word' id='word_1_603' title='bbox 2579 4197 2811 4254; x_wconf 90' lang='lat' dir='ltr'>Domini</span> <span class='ocrx_word' id='word_1_604' title='bbox 2867 4214 3149 4253; x_wconf 88' lang='lat' dir='ltr'>canamus</span> <span class='ocrx_word' id='word_1_605' title='bbox 3208 4197 3510 4269; x_wconf 84' lang='lat' dir='ltr'>mysteria,</span> <span class='ocrx_word' id='word_1_606' title='bbox 3567 4200 3623 4252; x_wconf 90' lang='lat' dir='ltr'>et</span> 
     </span>
    </p>
   </div>
   <div class='ocr_carea' id='block_1_89' title="bbox 1964 4284 3617 4359">
    <p class='ocr_par' dir='ltr' id='par_1_89' title="bbox 1964 4284 3617 4359">
     <span class='ocr_line' id='line_1_89' title="bbox 1964 4284 3617 4359; baseline -0.001 -17"><span class='ocrx_word' id='word_1_607' title='bbox 1964 4287 2036 4342; x_wconf 90' lang='lat' dir='ltr'>ad</span> <span class='ocrx_word' id='word_1_608' title='bbox 2087 4303 2299 4359; x_wconf 88' lang='lat' dir='ltr'>corpus</span> <span class='ocrx_word' id='word_1_609' title='bbox 2358 4287 2496 4343; x_wconf 91' lang='lat' dir='ltr'>Jesu</span> <span class='ocrx_word' id='word_1_610' title='bbox 2563 4286 2912 4342; x_wconf 88' lang='lat' dir='ltr'>conveniant</span> <span class='ocrx_word' id='word_1_611' title='bbox 2975 4284 3183 4357; x_wconf 68' lang='lat' dir='ltr'>aquilae</span> <span class='ocrx_word' id='word_1_612' title='bbox 3241 4289 3617 4357; x_wconf 88' lang='lat' dir='ltr'>peccatorum</span> 
     </span>
    </p>
   </div>
   <div class='ocr_carea' id='block_1_90' title="bbox 1965 4373 3618 4447">
    <p class='ocr_par' dir='ltr' id='par_1_90' title="bbox 1965 4373 3618 4447">
     <span class='ocr_line' id='line_1_90' title="bbox 1965 4373 3618 4447; baseline -0.002 -15"><span class='ocrx_word' id='word_1_613' title='bbox 1965 4375 2264 4432; x_wconf 89' lang='lat' dir='ltr'>ablutione</span> <span class='ocrx_word' id='word_1_614' title='bbox 2295 4378 2612 4444; x_wconf 66' lang='lat' dir='ltr'>renovatae;</span> <span class='ocrx_word' id='word_1_615' title='bbox 2638 4376 2764 4446; x_wconf 87' lang='lat' dir='ltr'>jam</span> <span class='ocrx_word' id='word_1_616' title='bbox 2805 4375 2962 4430; x_wconf 91' lang='lat' dir='ltr'>enim</span> <span class='ocrx_word' id='word_1_617' title='bbox 3010 4378 3172 4430; x_wconf 88' lang='lat' dir='ltr'>cetus</span> <span class='ocrx_word' id='word_1_618' title='bbox 3218 4373 3316 4430; x_wconf 91' lang='lat' dir='ltr'>ille</span> <span class='ocrx_word' id='word_1_619' title='bbox 3364 4389 3618 4447; x_wconf 89' lang='lat' dir='ltr'>magnus</span> 
     </span>
    </p>
   </div>
   <div class='ocr_carea' id='block_1_91' title="bbox 1962 4461 3616 4536">
    <p class='ocr_par' dir='ltr' id='par_1_91' title="bbox 1962 4461 3616 4536">
     <span class='ocr_line' id='line_1_91' title="bbox 1962 4461 3616 4536; baseline -0.002 -16"><span class='ocrx_word' id='word_1_620' title='bbox 1962 4481 2162 4520; x_wconf 90' lang='lat' dir='ltr'>verum</span> <span class='ocrx_word' id='word_1_621' title='bbox 2196 4464 2364 4521; x_wconf 88' lang='lat' dir='ltr'>nobis</span> <span class='ocrx_word' id='word_1_622' title='bbox 2392 4465 2603 4520; x_wconf 90' lang='lat' dir='ltr'>Jonam</span> <span class='ocrx_word' id='word_1_623' title='bbox 2633 4461 2886 4519; x_wconf 88' lang='lat' dir='ltr'>reddidit</span> <span class='ocrx_word' id='word_1_624' title='bbox 2920 4467 3022 4519; x_wconf 65' lang='lat' dir='ltr'>:«et</span> <span class='ocrx_word' id='word_1_625' title='bbox 3045 4461 3416 4536; x_wconf 86' lang='lat' dir='ltr'>gratulemur</span> <span class='ocrx_word' id='word_1_626' title='bbox 3463 4461 3616 4534; x_wconf 89' lang='lat' dir='ltr'>quod</span> 
     </span>
    </p>
   </div>
   <div class='ocr_carea' id='block_1_92' title="bbox 205 4547 3614 4637">
    <p class='ocr_par' dir='ltr' id='par_1_92' title="bbox 205 4547 3614 4637">
     <span class='ocr_line' id='line_1_92' title="bbox 205 4547 3614 4637; baseline 0 -31"><span class='ocrx_word' id='word_1_627' title='bbox 205 4549 450 4622; x_wconf 88' lang='lat' dir='ltr'>aspiciat</span> <span class='ocrx_word' id='word_1_628' title='bbox 480 4565 494 4602; x_wconf 90' lang='lat'>:</span> <span class='ocrx_word' id='word_1_629' title='bbox 527 4547 679 4604; x_wconf 89' lang='lat' dir='ltr'>oculi</span> <span class='ocrx_word' id='word_1_630' title='bbox 709 4548 864 4637; x_wconf 81' lang='lat' dir='ltr'>enim</span> <span class='ocrx_word' id='word_1_631' title='bbox 899 4549 1128 4603; x_wconf 90' lang='lat' dir='ltr'>Domini</span> <span class='ocrx_word' id='word_1_632' title='bbox 1164 4565 1340 4620; x_wconf 92' lang='lat' dir='ltr'>super</span> <span class='ocrx_word' id='word_1_633' title='bbox 1389 4551 1607 4620; x_wconf 87' lang='lat' dir='ltr'>justos.</span> <span class='ocrx_word' id='word_1_634' title='bbox 1656 4556 1852 4624; x_wconf 83' lang='lat' dir='ltr'>Agno-</span> <span class='ocrx_word' id='word_1_635' title='bbox 1883 4573 1930 4637; x_wconf 72' lang='grc' dir='ltr'>Ι)</span> <span class='ocrx_word' id='word_1_636' title='bbox 1961 4554 2149 4610; x_wconf 84' lang='lat' dir='ltr'>factus</span> <span class='ocrx_word' id='word_1_637' title='bbox 2180 4557 2271 4609; x_wconf 90' lang='lat' dir='ltr'>est</span> <span class='ocrx_word' id='word_1_638' title='bbox 2321 4553 2490 4608; x_wconf 90' lang='lat' dir='ltr'>nobis</span> <span class='ocrx_word' id='word_1_639' title='bbox 2540 4568 2779 4626; x_wconf 87' lang='lat' dir='ltr'>vespere</span> <span class='ocrx_word' id='word_1_640' title='bbox 2822 4551 2950 4608; x_wconf 86' lang='lat' dir='ltr'>dies</span> <span class='ocrx_word' id='word_1_641' title='bbox 2998 4551 3279 4623; x_wconf 88' lang='lat' dir='ltr'>quintus;</span> <span class='ocrx_word' id='word_1_642' title='bbox 3313 4551 3417 4607; x_wconf 79' lang='lat' dir='ltr'>fiat</span> <span class='ocrx_word' id='word_1_643' title='bbox 3448 4550 3614 4607; x_wconf 86' lang='lat' dir='ltr'>nobis</span> 
     </span>
    </p>
   </div>
   <div class='ocr_carea' id='block_1_93' title="bbox 204 4636 1852 4708">
    <p class='ocr_par' dir='ltr' id='par_1_93' title="bbox 204 4636 1852 4708">
     <span class='ocr_line' id='line_1_93' title="bbox 204 4636 1852 4708; baseline 0.002 -14"><span class='ocrx_word' id='word_1_644' title='bbox 204 4639 285 4694; x_wconf 90' lang='lat' dir='ltr'>vit</span> <span class='ocrx_word' id='word_1_645' title='bbox 313 4637 542 4692; x_wconf 88' lang='lat' dir='ltr'>venisse</span> <span class='ocrx_word' id='word_1_646' title='bbox 573 4636 914 4702; x_wconf 90' lang='lat' dir='ltr'>remedium,</span> <span class='ocrx_word' id='word_1_647' title='bbox 949 4641 1081 4708; x_wconf 90' lang='lat' dir='ltr'>post</span> <span class='ocrx_word' id='word_1_648' title='bbox 1127 4638 1283 4708; x_wconf 91' lang='lat' dir='ltr'>quod</span> <span class='ocrx_word' id='word_1_649' title='bbox 1325 4638 1453 4708; x_wconf 88' lang='lat' dir='ltr'>jam</span> <span class='ocrx_word' id='word_1_650' title='bbox 1508 4655 1698 4695; x_wconf 91' lang='lat' dir='ltr'>errare</span> <span class='ocrx_word' id='word_1_651' title='bbox 1739 4658 1852 4698; x_wconf 90' lang='lat' dir='ltr'>non</span> 
     </span>
    </p>
   </div>
   <div class='ocr_carea' id='block_1_94' title="bbox 276 4794 1374 4870">
    <p class='ocr_par' dir='ltr' id='par_1_94' title="bbox 276 4794 1374 4870">
     <span class='ocr_line' id='line_1_94' title="bbox 276 4794 1374 4870; baseline 0 -17"><span class='ocrx_word' id='word_1_652' title='bbox 276 4799 388 4870; x_wconf 65' lang='grc'>(47)</span> <span class='ocrx_word' id='word_1_653' title='bbox 420 4801 557 4852; x_wconf 83' lang='lat' dir='ltr'>Mss.</span> <span class='ocrx_word' id='word_1_654' title='bbox 591 4794 1135 4870; x_wconf 68' lang='lat' dir='ltr'>aliquot.consuevit</span> <span class='ocrx_word' id='word_1_655' title='bbox 1154 4798 1374 4870; x_wconf 68' lang='lat' dir='ltr'>offendi.</span> 
     </span>
    </p>
   </div>
   <div class='ocr_carea' id='block_1_95' title="bbox 276 4868 1853 4941">
    <p class='ocr_par' dir='ltr' id='par_1_95' title="bbox 276 4868 1853 4941">
     <span class='ocr_line' id='line_1_95' title="bbox 276 4868 1853 4941; baseline -0.002 -15"><span class='ocrx_word' id='word_1_656' title='bbox 276 4868 387 4940; x_wconf 67' lang='grc'>(48)</span> <span class='ocrx_word' id='word_1_657' title='bbox 421 4870 587 4926; x_wconf 81' lang='lat' dir='ltr'>Rom.</span> <span class='ocrx_word' id='word_1_658' title='bbox 623 4868 785 4934; x_wconf 89' lang='lat' dir='ltr'>edit.,</span> <span class='ocrx_word' id='word_1_659' title='bbox 818 4875 1070 4936; x_wconf 78' lang='lat' dir='ltr'>vagatur.</span> <span class='ocrx_word' id='word_1_660' title='bbox 1101 4869 1179 4923; x_wconf 87' lang='lat' dir='ltr'>Ex</span> <span class='ocrx_word' id='word_1_661' title='bbox 1207 4868 1363 4924; x_wconf 28' lang='lat' dir='ltr'>’Bas.</span> <span class='ocrx_word' id='word_1_662' title='bbox 1423 4869 1664 4939; x_wconf 91' lang='lat' dir='ltr'>scilicet,</span> <span class='ocrx_word' id='word_1_663' title='bbox 1698 4869 1853 4941; x_wconf 87' lang='lat' dir='ltr'>apud</span> 
     </span>
    </p>
   </div>
   <div class='ocr_carea' id='block_1_96' title="bbox 206 4948 728 5014">
    <p class='ocr_par' dir='ltr' id='par_1_96' title="bbox 206 4948 728 5014">
     <span class='ocr_line' id='line_1_96' title="bbox 206 4948 728 5014; baseline -0.006 -15"><span class='ocrx_word' id='word_1_664' title='bbox 206 4959 400 5014; x_wconf 84' lang='lat' dir='ltr'>quem,</span> <span class='ocrx_word' id='word_1_665' title='bbox 433 4948 728 5014; x_wconf 71' lang='grc' dir='ltr'>ἐπιπρλάζει.</span> 
     </span>
    </p>
   </div>
   <div class='ocr_carea' id='block_1_97' title="bbox 274 5010 1852 5085">
    <p class='ocr_par' dir='ltr' id='par_1_97' title="bbox 274 5010 1852 5085">
     <span class='ocr_line' id='line_1_97' title="bbox 274 5010 1852 5085; baseline -0.001 -17"><span class='ocrx_word' id='word_1_666' title='bbox 274 5015 387 5085; x_wconf 83' lang='grc'>(49)</span> <span class='ocrx_word' id='word_1_667' title='bbox 419 5013 628 5085; x_wconf 86' lang='lat' dir='ltr'>Confer</span> <span class='ocrx_word' id='word_1_668' title='bbox 659 5012 830 5067; x_wconf 90' lang='lat' dir='ltr'>sodes</span> <span class='ocrx_word' id='word_1_669' title='bbox 853 5010 1006 5067; x_wconf 89' lang='lat' dir='ltr'>hunc</span> <span class='ocrx_word' id='word_1_670' title='bbox 1039 5011 1231 5066; x_wconf 90' lang='lat' dir='ltr'>locum</span> <span class='ocrx_word' id='word_1_671' title='bbox 1263 5011 1479 5084; x_wconf 85' lang='lat' dir='ltr'>hymno</span> <span class='ocrx_word' id='word_1_672' title='bbox 1509 5011 1624 5068; x_wconf 91' lang='lat' dir='ltr'>diei</span> <span class='ocrx_word' id='word_1_673' title='bbox 1659 5013 1852 5067; x_wconf 92' lang='lat' dir='ltr'>Domi-</span> 
     </span>
    </p>
   </div>
   <div class='ocr_carea' id='block_1_98' title="bbox 207 5084 715 5140">
    <p class='ocr_par' dir='ltr' id='par_1_98' title="bbox 207 5084 715 5140">
     <span class='ocr_line' id='line_1_98' title="bbox 207 5084 715 5140; baseline -0.004 0"><span class='ocrx_word' id='word_1_674' title='bbox 207 5085 349 5140; x_wconf 67' lang='lat' dir='ltr'>nicae</span> <span class='ocrx_word' id='word_1_675' title='bbox 371 5084 441 5140; x_wconf 86' lang='lat' dir='ltr'>ad</span> <span class='ocrx_word' id='word_1_676' title='bbox 477 5084 715 5139; x_wconf 90' lang='lat' dir='ltr'>Laudes.</span> 
     </span>
    </p>
   </div>
   <div class='ocr_carea' id='block_1_99' title="bbox 277 5154 1857 5228">
    <p class='ocr_par' dir='ltr' id='par_1_99' title="bbox 277 5154 1857 5228">
     <span class='ocr_line' id='line_1_99' title="bbox 277 5154 1857 5228; baseline 0.001 -18"><span class='ocrx_word' id='word_1_677' title='bbox 277 5157 388 5228; x_wconf 87' lang='lat'>(50)</span> <span class='ocrx_word' id='word_1_678' title='bbox 421 5156 560 5212; x_wconf 89' lang='lat' dir='ltr'>Mss.</span> <span class='ocrx_word' id='word_1_679' title='bbox 594 5155 818 5227; x_wconf 91' lang='lat' dir='ltr'>aliquot</span> <span class='ocrx_word' id='word_1_680' title='bbox 847 5159 902 5210; x_wconf 89' lang='lat' dir='ltr'>et</span> <span class='ocrx_word' id='word_1_681' title='bbox 930 5154 1066 5222; x_wconf 91' lang='lat' dir='ltr'>edit,</span> <span class='ocrx_word' id='word_1_682' title='bbox 1101 5159 1230 5210; x_wconf 84' lang='lat' dir='ltr'>Am.</span> <span class='ocrx_word' id='word_1_683' title='bbox 1283 5172 1348 5211; x_wconf 90' lang='lat' dir='ltr'>ac</span> <span class='ocrx_word' id='word_1_684' title='bbox 1391 5155 1532 5222; x_wconf 91' lang='lat' dir='ltr'>Pet.,</span> <span class='ocrx_word' id='word_1_685' title='bbox 1575 5157 1857 5212; x_wconf 79' lang='lat' dir='ltr'>nutatione</span> 
     </span>
    </p>
   </div>
   <div class='ocr_carea' id='block_1_100' title="bbox 1964 4642 2543 4698">
    <p class='ocr_par' dir='ltr' id='par_1_100' title="bbox 1964 4642 2543 4698">
     <span class='ocr_line' id='line_1_100' title="bbox 1964 4642 2543 4698; baseline -0.003 0"><span class='ocrx_word' id='word_1_686' title='bbox 1964 4659 2137 4698; x_wconf 90' lang='lat' dir='ltr'>mane</span> <span class='ocrx_word' id='word_1_687' title='bbox 2169 4642 2292 4698; x_wconf 88' lang='lat' dir='ltr'>dies</span> <span class='ocrx_word' id='word_1_688' title='bbox 2324 4645 2543 4698; x_wconf 85' lang='lat' dir='ltr'>sextus.</span> 
     </span>
    </p>
   </div>
   <div class='ocr_carea' id='block_1_101' title="bbox 1963 4802 2261 4859">
    <p class='ocr_par' dir='ltr' id='par_1_101' title="bbox 1963 4802 2261 4859">
     <span class='ocr_line' id='line_1_101' title="bbox 1963 4802 2261 4859; baseline -0.01 0"><span class='ocrx_word' id='word_1_689' title='bbox 1963 4802 2261 4859; x_wconf 78' lang='lat' dir='ltr'>turbatum.</span> 
     </span>
    </p>
   </div>
   <div class='ocr_carea' id='block_1_102' title="bbox 2035 4869 3609 4944">
    <p class='ocr_par' dir='ltr' id='par_1_102' title="bbox 2035 4869 3609 4944">
     <span class='ocr_line' id='line_1_102' title="bbox 2035 4869 3609 4944; baseline -0.004 -15"><span class='ocrx_word' id='word_1_690' title='bbox 2035 4874 2146 4944; x_wconf 84' lang='lat'>(5|)</span> <span class='ocrx_word' id='word_1_691' title='bbox 2179 4874 2273 4930; x_wconf 88' lang='lat' dir='ltr'>Sic</span> <span class='ocrx_word' id='word_1_692' title='bbox 2302 4873 2439 4929; x_wconf 90' lang='lat' dir='ltr'>edit.</span> <span class='ocrx_word' id='word_1_693' title='bbox 2489 4888 2713 4940; x_wconf 88' lang='lat' dir='ltr'>omnes,</span> <span class='ocrx_word' id='word_1_694' title='bbox 2745 4875 2804 4927; x_wconf 91' lang='lat' dir='ltr'>et</span> <span class='ocrx_word' id='word_1_695' title='bbox 2828 4869 3112 4944; x_wconf 79' lang='lat' dir='ltr'>nonnulli</span> <span class='ocrx_word' id='word_1_696' title='bbox 3158 4887 3301 4944; x_wconf 73' lang='lat' dir='ltr'>mss.</span> <span class='ocrx_word' id='word_1_697' title='bbox 3335 4871 3410 4926; x_wconf 87' lang='lat' dir='ltr'>At</span> <span class='ocrx_word' id='word_1_698' title='bbox 3439 4869 3609 4944; x_wconf 85' lang='lat' dir='ltr'>Carn.</span> 
     </span>
    </p>
   </div>
   <div class='ocr_carea' id='block_1_103' title="bbox 1964 4941 3611 5017">
    <p class='ocr_par' dir='ltr' id='par_1_103' title="bbox 1964 4941 3611 5017">
     <span class='ocr_line' id='line_1_103' title="bbox 1964 4941 3611 5017; baseline -0.002 -17"><span class='ocrx_word' id='word_1_699' title='bbox 1964 4941 2133 5017; x_wconf 84' lang='lat' dir='ltr'>Corb.</span> <span class='ocrx_word' id='word_1_700' title='bbox 2165 4944 2270 4999; x_wconf 91' lang='lat' dir='ltr'>Th.</span> <span class='ocrx_word' id='word_1_701' title='bbox 2303 4961 2369 5000; x_wconf 88' lang='lat' dir='ltr'>ac</span> <span class='ocrx_word' id='word_1_702' title='bbox 2399 4945 2548 5017; x_wconf 66' lang='lat' dir='ltr'>Reg.</span> <span class='ocrx_word' id='word_1_703' title='bbox 2569 4951 2690 5016; x_wconf 74' lang='lat' dir='ltr'>post</span> <span class='ocrx_word' id='word_1_704' title='bbox 2712 4942 3072 5017; x_wconf 58' lang='lat' dir='ltr'>pridie.__Big.</span> <span class='ocrx_word' id='word_1_705' title='bbox 3107 4945 3164 5017; x_wconf 82' lang='lat' dir='ltr'>et</span> <span class='ocrx_word' id='word_1_706' title='bbox 3195 4941 3385 5017; x_wconf 77' lang='lat' dir='ltr'>Cem.,</span> <span class='ocrx_word' id='word_1_707' title='bbox 3411 4942 3611 5017; x_wconf 80' lang='lat' dir='ltr'>postri-</span> 
     </span>
    </p>
   </div>
   <div class='ocr_carea' id='block_1_104' title="bbox 1964 5013 3620 5086">
    <p class='ocr_par' dir='ltr' id='par_1_104' title="bbox 1964 5013 3620 5086">
     <span class='ocr_line' id='line_1_104' title="bbox 1964 5013 3620 5086; baseline -0.003 -16"><span class='ocrx_word' id='word_1_708' title='bbox 1964 5016 2105 5084; x_wconf 88' lang='lat' dir='ltr'>dui.,</span> <span class='ocrx_word' id='word_1_709' title='bbox 2175 5020 2366 5072; x_wconf 91' lang='lat' dir='ltr'>Germ.</span> <span class='ocrx_word' id='word_1_710' title='bbox 2439 5013 2621 5081; x_wconf 70' lang='lat'>0615.,</span> <span class='ocrx_word' id='word_1_711' title='bbox 2680 5013 2815 5070; x_wconf 81' lang='lat' dir='ltr'>cum</span> <span class='ocrx_word' id='word_1_712' title='bbox 2890 5013 3044 5068; x_wconf 51' lang='lat' dir='ltr'>Vict.—</span> <span class='ocrx_word' id='word_1_713' title='bbox 3091 5013 3344 5086; x_wconf 83' lang='lat' dir='ltr'>duobus,</span> <span class='ocrx_word' id='word_1_714' title='bbox 3409 5013 3620 5086; x_wconf 53' lang='lat' dir='ltr'>postri;</span> 
     </span>
    </p>
   </div>
   <div class='ocr_carea' id='block_1_105' title="bbox 1964 5083 3610 5156">
    <p class='ocr_par' dir='ltr' id='par_1_105' title="bbox 1964 5083 3610 5156">
     <span class='ocr_line' id='line_1_105' title="bbox 1964 5083 3610 5156; baseline -0.002 -15"><span class='ocrx_word' id='word_1_715' title='bbox 1964 5083 2153 5142; x_wconf 81' lang='lat' dir='ltr'>duum.</span> <span class='ocrx_word' id='word_1_716' title='bbox 2183 5088 2245 5142; x_wconf 92' lang='lat' dir='ltr'>In</span> <span class='ocrx_word' id='word_1_717' title='bbox 2278 5087 2386 5142; x_wconf 87' lang='lat' dir='ltr'>hac</span> <span class='ocrx_word' id='word_1_718' title='bbox 2416 5091 2611 5142; x_wconf 89' lang='lat' dir='ltr'>autem</span> <span class='ocrx_word' id='word_1_719' title='bbox 2643 5086 3001 5151; x_wconf 89' lang='lat' dir='ltr'>diversitate,</span> <span class='ocrx_word' id='word_1_720' title='bbox 3033 5088 3223 5156; x_wconf 14' lang='lat' dir='ltr'>atque,</span> <span class='ocrx_word' id='word_1_721' title='bbox 3242 5083 3610 5156; x_wconf 82' lang='lat' dir='ltr'>obscuritate</span> 
     </span>
    </p>
   </div>
   <div class='ocr_carea' id='block_1_106' title="bbox 1965 5155 3301 5231">
    <p class='ocr_par' dir='ltr' id='par_1_106' title="bbox 1965 5155 3301 5231">
     <span class='ocr_line' id='line_1_106' title="bbox 1965 5155 3301 5231; baseline -0.002 -16"><span class='ocrx_word' id='word_1_722' title='bbox 1965 5159 2255 5231; x_wconf 88' lang='lat' dir='ltr'>optimum</span> <span class='ocrx_word' id='word_1_723' title='bbox 2279 5159 2473 5214; x_wconf 79' lang='lat' dir='ltr'>visum</span> <span class='ocrx_word' id='word_1_724' title='bbox 2502 5162 2592 5216; x_wconf 87' lang='lat' dir='ltr'>est</span> <span class='ocrx_word' id='word_1_725' title='bbox 2619 5175 2734 5214; x_wconf 89' lang='lat' dir='ltr'>non</span> <span class='ocrx_word' id='word_1_726' title='bbox 2766 5157 3033 5214; x_wconf 88' lang='lat' dir='ltr'>recedere</span> <span class='ocrx_word' id='word_1_727' title='bbox 3061 5155 3136 5212; x_wconf 82' lang='lat' dir='ltr'>ab</span> <span class='ocrx_word' id='word_1_728' title='bbox 3163 5155 3301 5212; x_wconf 89' lang='lat' dir='ltr'>edit.</span> 
     </span>
    </p>
   </div>
  </div>
