3932 6212
1602 395 2146 461 HEXAEMBRDN
2189 396 2338 459 LIB.
2377 394 2484 459 VI.

1602 719 1931 806 LIBER
1988 717 2466 804 SEXTUS.

1474 924 1591 984 DE
1651 922 1965 983 OPERE
2022 922 2305 984 SEXTI
2368 921 2604 982 DIEI.

680 1216 915 1273 CAPUT
943 1215 1230 1273 PRIMUM
1261 1216 1488 1289 (Sermo
1519 1216 1632 1287 IX).

330 1332 523 1389 Ultimi
563 1331 729 1403 hujus
780 1346 1050 1387 sermonis
1104 1331 1404 1403 difﬁcultas
1457 1331 1725 1402 exempto
1758 1339 1976 1387 certan-

399 1404 545 1475 tium
576 1405 639 1459 in
668 1403 816 1459 ludis
838 1404 1084 1475 publicis
1113 1404 1465 1475 empticatur;
1495 1407 1657 1475 atque
1691 1419 1727 1458 a
1790 1419 1979 1457 rerum

395 1473 462 1601 «tie
486 1473 921 1601 quiliuzs‘agitur,
946 1473 1291 1547 jucunditate
1318 1473 1665 1546 utititatebue
1700 1474 1977 1530 concilia-

420 1562 491 1600 ur
518 1562 553 1600 a
695 1562 769 1602 ιο.

397 1696 449 1749 1.
482 1694 693 1751 Sextus
721 1695 833 1750 iste
862 1697 953 1751 est
997 1695 1142 1764 dies,
1178 1710 1294 1766 quo
1327 1695 1636 1750 mundanae
1696 1699 1979 1750 creaturae

322 1783 486 1855 origo
517 1782 926 1851 concluditur;
960 1788 1019 1839 et
1042 1783 1173 1839 ideo
1221 1782 1395 1839 etiam
1445 1783 1735 1839 sermonis
1794 1781 1976 1838 nostri

322 1887 498 1945 quem
531 1873 603 1928 de
634 1888 830 1928 rerum
871 1871 1122 1929 exordiis
1152 1872 1264 1944 (52)
1324 1871 1782 1945 assumpsimus,
1846 1870 1980 1926 ﬁnis

325 1964 585 2032 paratur.
641 1960 748 2025 Qui
782 1960 889 2017 etsi
921 1977 1024 2034 per
1052 1961 1314 2033 quinque
1360 1962 1487 2033 jam
1529 1961 1654 2017 dies
1711 1976 1827 2016 non
1859 1976 1979 2016 me-

323 2048 505 2105 diocri
538 2048 739 2106 labore
785 2049 957 2105 nobis
1015 2048 1401 2122 processerit;
1457 2054 1654 2105 tamen
1696 2048 1980 2104 hodierno

322 2136 438 2205 die,
501 2138 725 2209 majore
782 2153 1058 2193 curarum
1117 2137 1400 2193 accrescit
1447 2138 1665 2205 fenore,
1729 2136 1874 2208 quia
1920 2135 1980 2191 in

320 2225 431 2281 hoc
461 2229 522 2282 et
551 2226 923 2299 superiorum
960 2224 1187 2282 dierum
1214 2225 1540 2298 periculum
1571 2228 1680 2295 est,
1712 2230 1769 2281 et
1797 2216 2009 2280 totius‘

322 2331 562 2371 summa
604 2314 963 2370 certaminis.
995 2315 1228 2371 Etenim
1258 2314 1308 2371 si
1338 2314 1398 2369 in
1431 2314 1650 2371 fidibus
1700 2317 1802 2370 aut
1851 2329 1982 2369 can-

317 2403 479 2459 tibus
509 2406 569 2459 et
597 2403 951 2459 athletarum
1007 2402 1482 2459 contentionibus
1513 2403 1733 2459 crebris
1763 2401 1897 2458 licet
1925 2406 1984 2457 et

318 2491 598 2548 maximis
625 2490 891 2561 ludicris,
924 2495 1122 2548 tamen
1155 2491 1488 2565 superiores
1517 2492 1644 2548 dies
1701 2492 1829 2547 sine
1860 2491 1980 2547 ullo

2011 1214 2063 1279 Α
2090 1208 2196 1302 per
2224 1247 2428 1287 omnes
2458 1231 2694 1303 quidem
2728 1236 3027 1287 creaturas
3086 1231 3510 1303 providentiam
3566 1249 3742 1307 pene-

2087 1322 2239 1373 trare
2290 1318 2568 1385 divinam,
2603 1319 2700 1374 sed
2734 1336 2865 1373 cum
2916 1319 3139 1375 czeteris
3199 1319 3365 1375 vobis
3429 1338 3745 1380 commune

2087 1423 2371 1479 corporeae
2401 1406 2733 1479 fragilitatis
2765 1425 2892 1463 esse
2928 1408 3313 1475 consortium,
3348 1427 3462 1482 prae
3511 1412 3738 1469 caeteris

2087 1498 2282 1550 tamen
2314 1512 2414 1551 vos
2445 1494 2626 1551 animi
2658 1495 2871 1550 virtute
2902 1500 3190 1567 constare,
3252 1514 3380 1569 quis
3411 1498 3536 1555 sola
3592 1499 3741 1556 nihil

2088 1582 2264 1638 habet
2295 1600 2604 1640 commune
2633 1600 2763 1639 cum
2798 1585 3040 1640 caeteris.

2756 1673 2988 1728 CAPUT
3022 1673 3089 1729 II.

2089 1760 2166 1816 Ad
2199 1761 2546 1816 tractandum
2575 1760 2641 1817 de
2670 1762 2965 1817 bestiarum
2994 1772 3199 1818 natura
3226 1763 3537 1821 Ambrosius
3591 1782 3749 1824 acce-

2159 1832 2243 1886 dit
2263 1850 2287 1906 εΔ
2310 1833 2657 1906 Scripturam
2685 1835 3008 1904 simpliciter
3027 1835 3399 1906 accipiendam
3415 1836 3561 1893 docet
3579 1855 3598 1892 :
3634 1841 3745 1894 ins-

2160 1904 2309 1978 tituit
2337 1905 2426 1958 sui
2453 1920 2577 1978 cum
2602 1921 2840 1975 paupere
2869 1907 3093 1978 conviva
3123 1904 3616 1978 comparationem:
3647 1926 3743 1965 cu-

2160 1976 2336 2051 riosas
2381 1976 2703 2051 quaestiones
2731 1976 3019 2051 fugiendas
3071 1976 3299 2043 monet;
3348 1994 3575 2051 eamque
3627 1997 3746 2037 rem

2161 2045 2359 2115 Moysis
2388 2047 2636 2117 exempto
2667 2049 2973 2117 conﬁrmat.

2159 2135 2211 2187 3.
2247 2133 2413 2189 Nunc
2443 2150 2568 2206 age,
2603 2139 2844 2189 naturas
2868 2135 3191 2191 bestiarum
3224 2137 3513 2205 dicamus,
3545 2143 3604 2195 et
3636 2139 3742 2197 ho-

2090 2221 2265 2277 minis
2296 2223 2749 2295 generationem.
2811 2226 2997 2279 Audio
3030 2225 3186 2281 enim
3235 2227 3593 2297 jamdudum
3631 2228 3746 2284 ali-

2090 2325 2237 2380 quos
2267 2310 2638 2367 insusurrare
2663 2312 2963 2379 dicentes;
3000 2314 3268 2379 Quandiu
3324 2314 3514 2372 aliena
3568 2316 3743 2373 disci-

2092 2415 2245 2465 mus,
2292 2403 2350 2454 et
2401 2404 2601 2454 nostra
2653 2401 2997 2456 nescimus?
3046 2402 3314 2465 Quandiu
3368 2405 3438 2459 de
3498 2404 3744 2478 reliquis

2092 2486 2494 2542 animantibus
2524 2488 2802 2543 docemur
2856 2490 3180 2554 scientiam,
3238 2496 3296 2547 et
3351 2494 3747 2565 nosmetipsos

318 2597 544 2637 coronae
573 2581 983 2652 transiguntur
1009 2580 1339 2655 dispendio,
1390 2585 1725 2653 postremus
1784 2582 1978 2636 autem
2011 2581 2057 2645 Β
2090 2575 2479 2647 ignoramus?
2510 2574 2655 2631 Illud
2684 2577 2839 2632 dicat
2869 2579 3023 2649 quod
3056 2579 3200 2635 mihi
3232 2581 3434 2652 prosit,
3471 2583 3624 2637 unde
3651 2598 3743 2638 me

326 2667 449 2724 dies
480 2668 658 2724 habet
687 2672 904 2725 sortem
936 2685 1180 2738 coronae,
1227 2668 1287 2724 in
1345 2686 1463 2741 quo
1519 2672 1578 2725 et
1632 2670 1980 2725 decernendi

323 2756 645 2828 periculum
678 2760 789 2824 est,
819 2761 875 2812 et
904 2756 1145 2813 cedendi
1176 2756 1580 2830 opprobrium,
1619 2761 1679 2813 et
1707 2757 1981 2814 vincendi

327 2844 656 2916 praemium.
688 2845 915 2909 Quanto
946 2846 1136 2919 magis
1175 2845 1237 2902 in
1291 2845 1403 2902 hoc
1460 2849 1623 2902 tanto
1654 2862 1838 2919 agone
1883 2864 1981 2903 sa-

328 2933 578 3005 pientiae,
611 2936 775 2990 tanto
807 2950 920 2989 non
949 2949 1271 3006 paucorum
1314 2934 1415 2990 sed
1448 2934 1851 2990 universorum
1876 2936 1981 3005 ju-

324 3020 498 3091 dicio,
531 3038 668 3077 cum
700 3021 873 3078 hodie
898 3022 1070 3078 nobis
1103 3021 1263 3078 velut
1319 3023 1590 3095 quaedam
1641 3023 1981 3080 certaminis

323 3125 538 3166 corona
576 3110 877 3182 procedat,
928 3106 1117 3181 maior
1172 3110 1509 3167 sollicitudo
1563 3110 1765 3184 angit;
1820 3127 1893 3167 ne
1924 3116 1982 3168 et

322 3198 699 3271 superiorum
730 3199 1105 3255 ell‘undamus
1153 3198 1414 3255 laborem
1446 3199 1699 3266 dierum,
1728 3204 1785 3256 et
1837 3218 1979 3273 prae-

324 3288 509 3343 sentis
539 3287 862 3343 subeamus
893 3288 1198 3359 pudorem.
1222 3288 1423 3358 Neque
1452 3288 1607 3343 enim
1640 3288 1842 3344 eadem
1892 3290 1980 3345 di-

323 3376 489 3431 cendi
519 3375 799 3447 conditio,
832 3393 960 3450 qua:
990 3376 1234 3432 canendi
1288 3380 1462 3448 atque
1518 3375 1810 3446 luctandi;
1843 3394 1979 3435 cum

324 3463 382 3518 in
414 3463 533 3520 illis
560 3462 743 3520 ludus
771 3464 1130 3534 offensionis,
1157 3465 1215 3520 in
1242 3465 1355 3520 isto
1384 3464 1589 3537 lapsus
1628 3466 1707 3521 sit
1750 3467 1976 3525 mortis.

323 3550 445 3606 Illic
467 3551 519 3608 si
549 3568 775 3625 pecces,
808 3552 1198 3625 spectantium
1242 3552 1546 3609 fastidium
1579 3558 1705 3609 est:
1738 3554 1833 3610 hic
1885 3557 1983 3612 da-

324 3656 529 3696 mnum
551 3644 645 3696 cst
661 3640 1049 3697 audientium.

389 3732 442 3783 2.
474 3728 750 3785 Assistitc
781 3728 964 3801 igitur
983 3728 1127 3784 mihi
1149 3732 1431 3801 tanquam
1455 3745 1701 3797 coronae,
1722 3730 1977 3801 judices,

319 3822 378 3871 et
404 3815 781 3891 ingredimini
814 3832 1042 3873 mecum
1087 3818 1146 3873 in
1177 3817 1287 3874 hoc
1318 3834 1605 3892 magnum
1636 3824 1695 3874 et
1723 3819 1979 3875 admira-

321 3904 434 3961 bile
462 3904 647 3961 totius
670 3905 922 3961 visibilis
942 3905 1239 3962 theatrum
1260 3910 1554 3963 creaturaa.
1589 3907 1811 3963 Etenim
1846 3909 1893 3964 si
1926 3909 1978 3966 is

319 3994 419 4066 qui
447 3994 713 4066 explorat
743 4010 1025 4050 novorum
1052 3995 1335 4052 adventus
1366 3994 1691 4067 hospitum,
1723 4000 1845 4052 toto
1878 4014 1978 4055 eos

317 4080 707 4137 circumducit
761 4082 927 4138 urbis
971 4083 1220 4151 ambitu,
1279 4084 1687 4156 praestantiora
1734 4101 1979 4158 quaeque

315 4186 492 4241 opera
520 4170 956 4238 demonstrans,
989 4188 1105 4227 non
1136 4171 1489 4228 mediocrem
1522 4171 1679 4228 locat
1700 4174 1975 4246 gratiam;

316 4262 536 4330 quanto
566 4259 759 4331 magis
789 4259 916 4315 sine
967 4259 1201 4316 fastidio
1232 4261 1505 4332 accipere
1547 4261 1791 4332 debetis,
1823 4264 1979 4335 quod

316 4346 475 4403 velut
500 4348 761 4419 quadam
794 4348 1083 4430 sermonis
1113 4365 1294 4404 manu
1318 4365 1422 4422 per
1435 4348 1589 4405 hanc
1606 4366 1979 4408 communem

325 4451 431 4491 vos
461 4436 842 4493 circumduce
892 4439 1031 4493 lu
1060 4437 1312 4510 patriam
1345 4437 1479 4509 (53),
1510 4443 1569 4494 et
1614 4439 1980 4512 singularum

308 4539 507 4581 rerum
538 4524 765 4597 species
807 4527 865 4580 et
919 4542 1135 4598 genera
1171 4526 1534 4595 demonstro,
1591 4543 1663 4584 ex
1707 4528 1980 4587 omnibus

312 4612 584 4687 colligere
613 4614 885 4686 cupiens,
920 4619 1138 4686 quanto
1168 4615 1334 4671 vobis
1381 4614 1621 4671 Creator
1671 4617 1980 4675 universo-

311 4718 443 4757 rum
474 4702 728 4774 gratiam
746 4702 1098 4769 uberiorem,
1131 4719 1312 4775 quam
1334 4703 1626 4760 universis
1648 4705 1975 4784 donaverit.

310 4788 486 4845 Vobis
539 4789 726 4862 igitur
774 4788 898 4845 haec
946 4806 1161 4847 corona
1215 4792 1580 4864 proponitur,
1638 4810 1744 4850 vos
1802 4794 1979 4857 hodie

310 4878 482 4950 cupio
511 4881 706 4934 vestro
730 4878 954 4948 judicio
986 4895 1285 4937 coronare.
1320 4879 1449 4937 Non
1482 4881 1640 4936 enim
1673 4898 1779 4938 nos
1802 4882 1981 4942 athle.

310 4970 507 5022 tarum
540 4967 717 5023 modo
772 4968 1095 5024 marcentia
1124 4972 1281 5024 serta
1309 4968 1704 5041 deposcimus,
1737 4971 1837 5027 sed
1888 4972 1977 5027 vi-

311 5054 432 5111 ride
478 5061 684 5112 νοείτω
744 5052 1078 5113 sanctitatis
1135 5071 1413 5126 examen;
1474 5073 1591 5130 quo
1647 5059 1975 5117 decernetis

556 5200 700 5255 Tres
732 5216 880 5256 mss.
914 5199 980 5257 de
1007 5200 1227 5256 dierum
1250 5199 1508 5257 eacrdiis.

383 5198 504 5341 (52g
556 5200 700 5255 Tres
732 5216 880 5256 mss.
914 5199 980 5257 de
1007 5200 1227 5256 dierum
1250 5199 1508 5257 eacrdiis.
1712 5272 1723 5284 .

408 5271 482 5325 53
564 5270 706 5327 Mss.
751 5272 964 5354 .Carn.,
1023 5271 1217 5356 Corb.,
1291 5271 1399 5356 'l‘h.
1458 5287 1527 5355 ac
1586 5272 1822 5356 Regius,
1881 5290 1981 5347 per

319 5338 461 5415 haue
476 5338 922 5415 mammarum
947 5338 1043 5399 uos
1072 5342 1417 5415 circumduco
1444 5345 1509 5415 in,
1528 5338 1794 5415 patriam.

381 5412 491 5483 (5t)
518 5413 668 5470 Edit.
694 5430 923 5483 omnes,
941 5416 1189 5485 quaestio.
1213 5414 1356 5471 Mss.
1375 5412 1613 5484 rectius,
1635 5418 1967 5487 conquestio,

321 5480 373 5536 id
402 5488 492 5539 est
522 5485 780 5540 querela.

318 5497 373 5536 ια
402 5497 492 5539 est
522 5497 780 5542 querela.

378 5500 492 5629 (3;;
816 5555 1014 5629 plures
1043 5557 1439 5629 potioresque.
1472 5556 1584 5612 Alii
1632 5573 1767 5614 cum
1826 5557 1966 5614 edit.

312 5626 359 5700 (1
399 5625 592 5686 bestias
635 5625 835 5688 terra?
849 5625 1152 5700 secundum
1178 5625 1371 5700 genus,
1427 5635 1479 5685 et
1531 5643 1731 5700 pecora
1781 5646 1972 5686 secun-

313 5691 436 5756 dum
461 5714 649 5773 genus,
676 5709 728 5762 et
758 5699 1019 5778 repentis
1045 5691 1212 5763 terrae
1239 5698 1311 5761 ad
1351 5691 1548 5777 'genusi
1597 5699 1769 5763 Rom.
1824 5700 1975 5765 edit.

2090 2665 2285 2735 ipsum
2317 2664 2597 2720 noverim.
2623 2665 2693 2720 Et
2712 2666 2878 2734 justa
2908 2670 2998 2722 est
3055 2669 3396 2739 conquestio
3427 2671 3578 2739 (54):
3640 2672 3743 2727 sed

2089 2752 2231 2807 ordo
2249 2753 2571 2808 servandus
2588 2757 2676 2809 est
2692 2770 2867 2825 quem
2891 2755 3191 2828 Scriptura
3205 2759 3500 2827 contexuit
3522 2778 3536 2828 ;
3562 2759 3742 2816 simul

2092 2839 2230 2912 quia
2260 2857 2375 2896 non
2407 2857 2725 2912 possumus
2756 2842 2985 2914 plenius
3032 2861 3137 2900 nos
3196 2862 3564 2918 cognoscere,
3628 2848 3742 2904 nisi

2090 2928 2254 2999 prius
2286 2945 2413 3000 qua
2446 2930 2523 2986 sit
2553 2931 2819 2987 omnium
2851 2937 3062 2989 natura
3088 2934 3478 2993 animantium
3529 2953 3743 3010 cogno-

2089 3033 2367 3073 verimus.

2160 3107 2212 3160 4.
2245 3106 2542 3176 Producat,
2596 3108 2807 3181 inquit,
2844 3115 2991 3167 terra
3046 3114 3289 3168 animam
3350 3116 3619 3173 viventem
3657 3132 3741 3172 se-

2087 3193 2327 3249 cundum
2357 3211 2543 3266 genus,
2577 3198 2966 3270 quadrupedes,
3001 3204 3051 3255 et
3091 3210 3382 3271 serpentes,
3436 3207 3487 3258 et
3543 3204 3743 3259 bestias

2089 3286 2268 3349 terrae,
2326 3288 2378 3340 et
2424 3300 2622 3356 pecora
2680 3287 2976 3342 secundum
3028 3305 3200 3359 genus
3254 3291 3388 3361 (55).
3447 3295 3498 3345 et
3554 3293 3742 3348 omnia

2088 3372 2331 3444 reptitia.
2391 3375 2451 3428 Et
2477 3375 2606 3443 fecit
2635 3376 2773 3431 Deus
2818 3375 3016 3431 bestias
3062 3381 3246 3447 terra),
3301 3387 3354 3433 et
3408 3382 3594 3434 omnia
3648 3396 3742 3452 pe-

2087 3476 2215 3516 cora
2261 3461 2330 3516 ad
2356 3478 2545 3533 genus,
2578 3471 2629 3520 et
2653 3466 2840 3519 omnia
2866 3467 3114 3536 repentia
3143 3474 3308 3523 terra:
3332 3466 3402 3521 ad
3429 3484 3622 3539 genus.
3675 3470 3741 3524 Et

2086 3549 2224 3604 vidit
2266 3555 2407 3606 Deus
2435 3554 2568 3623 quia
2628 3554 2785 3620 bona,
2819 3561 2868 3609 et
2897 3554 3042 3611 dixit
3086 3557 3262 3611 Deus:
3319 3558 3594 3628 faciamus
3651 3559 3741 3612 ho-

2086 3640 2294 3695 minem
2322 3639 2474 3711 (Gen.
2507 3658 2547 3711 1,
2578 3644 2670 3707 2a,
2701 3644 2792 3709 25,
2825 3642 2938 3713 26).
2998 3644 3117 3699 Hoc
3174 3644 3299 3701 loco
3359 3662 3473 3702 non
3533 3647 3738 3718 ignoro

2088 3727 2374 3797 quosdam
2398 3729 2715 3785 bestiarum
2747 3734 2802 3785 et
2822 3746 3097 3802 pecorum
3118 3736 3172 3788 et
3188 3734 3555 3804 serpentium
3573 3739 3739 3789 terrae

2088 3814 2310 3887 species
2342 3816 2453 3872 alio
2470 3817 2740 3875 retulisse
2768 3837 2780 3886 ;
2814 3820 2949 3876 115
3004 3826 3068 3876 ut
3102 3820 3218 3876 haec
3242 3823 3311 3876 ad
3340 3822 3738 3879 immanitates

2089 3903 2424 3969 criminum,
2456 3905 2770 3962 stultitiam
2801 3913 3194 3978 peccatorum,
3227 3910 3549 3981 nequitiam
3581 3912 3739 3984 cogi-

2089 3992 2381 4048 tationum
2413 3994 2691 4050 referrent
2718 4013 2731 4051 :
2760 4012 2865 4067 ego
2895 4000 3089 4051 autem
3148 3996 3443 4069 simplices
3497 4003 3737 4055 naturas

2088 4081 2553 4153 uniuscujusque
2574 4082 2802 4155 generis
2833 4083 3072 4155 accipio.

2157 4171 2212 4224 5.
2245 4169 2357 4225 Nec
2382 4186 2580 4225 vereor
2617 4187 2689 4225 ne
2719 4172 2852 4242 quis
2883 4187 2974 4227 me
3006 4172 3280 4244 pauperis
3312 4173 3560 4229 convivae
3592 4191 3736 4247 prte-

2089 4258 2409 4330 sumptioni
2437 4258 2848 4315 conferendum
2882 4264 3068 4331 putet,
3106 4261 3205 4333 qui
3237 4261 3431 4318 studio
3461 4262 3738 4319 humani-

2089 4346 2227 4402 tatis
2257 4346 2588 4419 complures
2620 4353 2801 4420 roget,
2838 4365 2941 4404 nec
2972 4348 3066 4405 his
3096 4350 3419 4421 quidquam
3444 4351 3557 4408 nisi
3590 4351 3735 4409 viles

2089 4439 2145 4490 et
2176 4436 2422 4492 usitatos
2447 4441 2701 4509 apponat
2731 4436 2911 4502 cibos,
2945 4442 3003 4493 et
3032 4438 3192 4494 tenui
3219 4455 3432 4494 mensae
3460 4441 3735 4513 pauperis

2089 4530 2369 4596 apparatu
2402 4526 2535 4596 plus
2576 4525 3045 4598 reprehensionis
3096 4527 3356 4583 incurrat
3386 4546 3455 4585 ex
3504 4529 3738 4585 fastidio

2088 4613 2485 4681 convivarum,
2519 4631 2695 4686 quam
2728 4615 2918 4687 gratia
2948 4617 3159 4671 referat
3188 4633 3257 4672 ex
3313 4616 3737 4691 hospitalitatis

2087 4701 2316 4757 aﬂ‘ectu.
2370 4703 2485 4758 Nec
2514 4704 2671 4759 enim
2731 4704 3002 4760 Elisaeum
3062 4705 3233 4760 amici
3291 4707 3458 4778 quasi
3517 4707 3739 4763 malum

2088 4791 2386 4846 convivam
2440 4793 2694 4864 agrestia
2749 4798 3136 4866 apponentem
3195 4794 3352 4850 olera
3408 4795 3739 4851 refutarunt

2087 4879 2179 4951 (IV
2224 4882 2349 4949 Reg.
2409 4897 2485 4948 1v,
2542 4882 2650 4953 44).
2710 4881 2912 4938 Simile
2967 4882 3134 4937 vanis
3186 4882 3567 4939 relationibus
3621 4884 3734 4954 (56)

2086 4968 2444 5039 exquisitum
2486 4968 2630 5024 illud
2661 4974 2718 5024 et
2749 4975 3086 5025 accuratum
3119 4969 3358 5041 opipare
3407 4970 3734 5026 convivium

2085 5062 2193 5124 est,
2228 5057 2286 5111 in
2320 5074 2434 5129 quo
2466 5056 2734 5129 phasiani
2760 5063 2863 5113 aut
2883 5057 3131 5113 turturis
3150 5058 3375 5128 species
3399 5058 3732 5130 apponitur,

2084 5198 2383 5281 secundum
2410 5215 2599 5268 genus.
2635 5199 2765 5255 Haec
2802 5199 2977 5256 etiam
3036 5198 3200 5254 addit
3251 5197 3394 5266 sola,
3426 5207 3478 5255 et
3528 5201 3735 5271 factum

2084 5279 2291 5413 efﬁgie):
2326 5339 2494 5394 Rom.
2523 5339 2685 5413 edit,
2738 5343 2912 5413 variis
2948 5341 3325 5413 relationibus.
3357 5340 3483 5396 Vet.
3516 5356 3582 5413 ac
3615 5341 3733 5413 ple-

2084 5411 2251 5497 rique
2284 5426 2464 5491 mss.,_
2502 5412 3072 5497 vanis-relationibus.
3126 5415 3217 5495 At:
3278 5412 3445 5497 Ben:
3499 5411 3631 5468 Car:
3678 5418 3737 5497 et

2079 5482 2298 5545 Germ.,
2331 5482 2491 5536 vanis
2520 5482 2958 5551 refutationibus.
3008 5484 3143 5538 Ben.
3205 5484 3355 5538 inler
3410 5482 3617 5547 lincas,
3677 5485 3735 5540 id

2076 5563 2153 5627 est
2182 5551 2682 5627 relationibus._lbi
2715 5555 2912 5607 tamen
2960 5569 3071 5627 vox
3119 5555 3731 5627 refutatiogfastidium

2078 5626 2409 5699 signiﬁcare
2439 5622 2669 5699 videtur
2683 5640 2706 5699 ,-
2741 5637 2877 5678 nam
2923 5622 3190 5683 refutare
3226 5625 3521 5686 interdum
3576 5628 3733 5688 idem

2076 5665 2706 5758 ἕὲῗ¹³ξῑὶἴῖἕιέιίἁῖιιῖἶὶθί
2729 5665 3023 5773 suae;
