3932 6212
146 378 267 439 259

1608 371 1676 432 S.
1720 366 2102 432 AMBROSII

3434 378 3558 440 260

146 514 201 564 et
241 509 405 565 intus
432 506 631 581 pullus
661 508 1070 575 manducatur,
1104 510 1207 563 aut
1263 503 1463 579 pullus
1518 503 1787 570 infertur,
1816 500 1875 567 Α
1902 502 2184 573 aequalem
2216 504 2327 560 sibi
2358 522 2492 562 cum
2523 505 2637 563 Deo
2659 511 3005 580 potestatem
3030 512 3088 565 et
3108 509 3415 566 scientiam
3446 528 3553 567 au-

147 603 203 652 et
232 596 440 651 ostreis
479 599 565 650 est
598 595 801 660 fartus,
835 600 937 651 aut
985 593 1321 668 spondylis;
1357 598 1458 649 aut
1515 591 1789 665 poculum

146 685 367 741 bibitur
386 685 539 757 quod
572 684 801 740 diverso
831 684 1023 740 colore
1054 692 1227 754 atque
1258 683 1432 738 odore
1462 682 1521 736 in
1571 680 1791 736 alienos

145 778 408 830 mutetur
435 788 690 845 sapores.
726 772 1015 828 Maritima
1053 772 1318 839 terrenis,
1378 775 1608 826 terrena
1667 786 1789 825 ma-

144 862 358 918 ritimis
418 862 760 918 farciuntur.
813 861 930 916 Hoc
986 866 1073 916 est
1121 860 1541 931 reprehendere
1601 859 1789 931 provi-

145 950 400 1007 dentiam
432 950 743 1015 Creatoris,
804 948 905 1021 qui
964 949 1133 1004 nobis
1190 950 1262 1003 ad
1318 948 1534 1003 victum
1594 947 1795 1003 omnia

142 1040 397 1106 donavit,
432 1039 586 1110 quod
620 1055 733 1093 non
767 1037 867 1093 illa
896 1037 1198 1092 miscuerit
1228 1055 1241 1092 :
1290 1037 1390 1092 sed
1446 1036 1567 1091 haec
1599 1036 1793 1092 dulcia

142 1129 332 1201 primo
378 1127 669 1194 videntur,
703 1130 759 1182 et
788 1132 991 1199 postea
1020 1126 1167 1181 ﬁunt
1193 1143 1410 1180 amara.
1460 1124 1581 1188 Quo
1634 1124 1790 1180 enim

141 1215 429 1289 copiosior
458 1216 633 1271 fuerit
662 1214 942 1281 luxuries,
993 1231 1059 1270 eo
1092 1214 1469 1286 perniciosior
1506 1214 1791 1285 intempe-

142 1304 332 1361 rantia
389 1309 497 1360 est.
551 1303 789 1359 Elismus
836 1307 1030 1359 autem
1084 1319 1284 1358 amara
1337 1301 1627 1373 apposuit,
1687 1302 1788 1356 sed

143 1398 346 1465 postea
375 1393 527 1448 facta
559 1398 699 1448 sunt
725 1391 936 1448 dulcia.
972 1390 1233 1463 Denique
1264 1390 1364 1463 qui
1395 1394 1527 1445 ante
1574 1390 1632 1444 in
1690 1389 1790 1445 illo

141 1482 270 1538 cibo
302 1486 551 1537 mortem
584 1481 890 1553 putabant,
924 1484 1125 1553 postea
1158 1480 1215 1535 in
1246 1497 1312 1536 eo
1370 1478 1677 1535 suavitatis
1732 1483 1792 1535 et

139 1570 266 1625 vitae
288 1570 536 1643 gratiam
568 1575 711 1625 sunt
739 1569 952 1642 adepti.

206 1661 260 1715 6.
290 1660 489 1731 Neque
519 1676 727 1714 rursus
761 1657 1035 1714 fornidini
1084 1662 1192 1723 est,
1227 1674 1298 1712 ne
1344 1656 1540 1729 plures
1595 1657 1792 1713 videar

138 1747 438 1815 invitasse,
471 1764 650 1819 quam
683 1763 927 1819 possum
961 1763 1218 1819 pascere,
1278 1751 1333 1800 et
1389 1745 1552 1801 vobis
1609 1763 1790 1817 panes

1903 591 2036 646 deat
2064 591 2393 662 vindicare;
2426 600 2490 651 ut
2520 612 2642 668 ques
2669 596 2822 653 Deus
2863 598 3187 669 maiestatis
3246 615 3365 654 sum
3422 615 3553 655 esse

1900 680 2133 751 proprio
2155 681 2407 753 signavit
2436 684 2695 751 oraculo,
2727 685 2849 741 haec
2881 685 2992 741 sibi
3021 686 3198 743 homo
3229 687 3303 742 ad
3351 687 3554 761 cogni-

1901 767 2118 823 tionem
2152 775 2458 841 suppetere
2479 789 2650 844 posse
2681 774 3044 845 praesumat?

1970 856 2024 910 8.
2056 856 2220 914 Certe
2253 859 2480 932 Moyses
2511 862 2776 918 eruditus
2805 867 2931 918 erat
2961 863 3018 917 in
3051 864 3212 918 omni
3265 864 3555 936 sapientia

1852 1006 1855 1009 _
1902 944 2337 1015 Egyptiorum:
2373 950 2471 1006 sed
2505 950 2644 1021 quia
2668 952 2943 1023 spiritum
2977 952 3075 1007 Dei
3104 952 3343 1024 accepit,
3385 953 3556 1024 quasi

1901 1032 2169 1090 minister
2200 1036 2295 1091 Dei
2337 1036 2573 1093 inanem
2605 1037 2766 1094 illam
2804 1044 2861 1094 et
2890 1039 3321 1111 usurpatoriam
3355 1040 3549 1096 Philo-

1904 1121 2119 1193 sophia:
2151 1124 2477 1181 doctrinam
2508 1127 2769 1183 veritatis
2808 1128 3016 1182 rationi
3074 1128 3449 1199 posthabuit:
3499 1134 3557 1185 et

1898 1226 1967 1264 ea
1997 1210 2305 1283 descripsit
2334 1213 2480 1269 mihi
2527 1230 2640 1285 que
2668 1218 2877 1270 nostras
2909 1216 3031 1288 spei
3052 1217 3430 1272 accommoda
3448 1217 3554 1288 ju-

1900 1298 2133 1365 dicavit,
2167 1301 2319 1371 quod
2352 1306 2562 1357 terram
2594 1303 2792 1358 fecerit
2819 1304 2994 1370 Deus,
3025 1305 3179 1376 quod
3220 1306 3557 1376 produxerit

1898 1391 2053 1442 terra
2073 1388 2243 1459 juxta
2274 1389 2371 1444 Dei
2401 1390 2819 1462 omnipotentis
2866 1391 3203 1464 imperium,
3265 1393 3553 1464 operatio-

1902 1492 2155 1547 nemque
2204 1478 2432 1533 Domini
2462 1479 2601 1534 Jesu
2631 1480 2884 1552 virgulta
2916 1481 2987 1535 de
3016 1480 3209 1547 terris,
3237 1485 3295 1536 et
3315 1497 3552 1537 omnem

1897 1563 2157 1620 animam
2182 1566 2471 1622 viventem
2524 1569 2854 1623 secundum
2906 1584 3122 1641 genus.
3176 1571 3253 1623 At
3283 1586 3398 1626 non
3458 1569 3556 1626 ille

1898 1653 2123 1724 putavit
2150 1653 2485 1721 dicendum,
2512 1660 2805 1727 quantum
2830 1656 2901 1711 de
2918 1657 3112 1728 spatio
3133 1656 3287 1713 aeris
3309 1662 3557 1731 occupet

1900 1741 2112 1796 umbra
2143 1746 2329 1808 terrae,
2365 1760 2498 1798 cum
2556 1744 2643 1799 sol
2687 1744 2909 1801 recedit
2937 1762 2971 1799 a
3032 1745 3222 1813 nobis,
3282 1746 3556 1818 diemque

137 1837 411 1892 deficiant
441 1836 752 1892 verborum
786 1852 1049 1890 meorum
1078 1853 1090 1901 ;
1126 1835 1264 1906 quia
1295 1839 1351 1889 et
1380 1834 1622 1889 Eliszeus
1652 1841 1708 1889 et
1738 1847 1794 1902 si
1826 1867 1871 1931 Β
1903 1829 2954 1900 abducitinferioraaxisilluminans;
2980 1838 3036 1888 et
3054 1834 3549 1905 quemadmodum

137 1925 342 1981 merito
402 1923 771 1980 inimitabilis
830 1923 997 1979 nobis
1050 1922 1372 1979 imitandus
1456 1923 1587 1989 fide,
1675 1941 1789 1979 non

135 2013 523 2069 consideravit
552 2017 805 2086 quantas
840 2029 1021 2083 panes
1051 2011 1308 2077 haberet,
1344 2012 1443 2066 sed
1477 2027 1626 2082 quos
1686 2011 1787 2066 ha-

134 2101 295 2157 beret
326 2102 584 2158 dividere
614 2102 889 2157 omnibus
919 2100 1118 2168 voluit,
1141 2104 1197 2154 et
1218 2100 1485 2155 sufﬁcere
1512 2099 1789 2156 omnibus

128 2189 427 2259 judicavit.
463 2190 671 2262 Itaque
697 2191 897 2244 decem
937 2205 1117 2260 panes
1148 2188 1259 2259 (57)
1294 2187 1644 2243 hordeaceos
1700 2188 1787 2243 di-

140 2277 336 2333 videre
360 2278 417 2332 iu
451 2277 679 2350 plebem
703 2277 886 2348 jussit
912 2277 1181 2331 ministro
1204 2276 1363 2345 (Ibid.
1397 2276 1509 2347 42).
1545 2276 1611 2330 Et
1646 2276 1790 2331 dixit

136 2365 407 2421 minister
434 2384 446 2422 :
511 2366 653 2435 Quid
682 2366 820 2421 dabo
850 2367 948 2422 hoc
981 2368 1041 2420 in
1070 2367 1353 2436 conspectu
1380 2373 1600 2420 centum
1640 2367 1785 2421 viro-

135 2471 256 2509 rum
290 2456 315 2507 ?
346 2455 410 2509 Et
440 2453 762 2527 respondit.
797 2455 875 2508 Da
904 2458 953 2509 et
985 2453 1329 2519 manducent,
1363 2456 1625 2524 quoniam
1668 2456 1787 2511 haec

133 2542 269 2597 dicit
300 2544 570 2598 Dominus
598 2559 610 2596 :
646 2542 1049 2598 Manducabunt
1077 2546 1128 2597 et
1149 2543 1458 2613 relinquent
1489 2542 1647 2614 (Ibid.
1677 2543 1784 2614 t3.)

135 2630 303 2685 Fides
364 2630 545 2703 igitur
628 2635 819 2687 vestra
876 2631 1045 2687 faciet
1106 2632 1404 2687 abundare
1510 2631 1784 2703 pauperis

134 2717 345 2790 lingua:
376 2720 726 2775 convivium.
759 2721 871 2775 Nec
888 2737 1105 2790 vereor,
1130 2737 1236 2775 nec
1263 2720 1487 2790 jejunia
1516 2737 1617 2775 vos
1647 2721 1784 2775 eda-

135 2805 322 2862 ciores
380 2807 636 2875 faciant;
690 2808 1008 2879 quominus
1053 2806 1288 2879 repleti,
1349 2813 1405 2863 et
1462 2808 1783 2864 esurientes

135 2911 201 2948 ac
235 2894 402 2950 vacui
430 2896 822 2964 revertamini,
854 2895 994 2967 quia
1023 2895 1301 2966 scriptum
1335 2900 1451 2951 est:
1488 2896 1783 2967 Conﬁrmat

139 2983 307 3051 iustos
364 2984 647 3047 Dominus,
698 2991 749 3039 et
818 2985 873 3037 in
932 2982 1121 3038 diebus
1165 2986 1333 3055 famis
1389 2986 1783 3040 saturabuntur

134 3069 303 3140 (Psal.
334 3087 523 3138 xum,
559 3072 625 3125 17
654 3080 703 3127 et
736 3072 844 3143 19).
882 3070 1059 3126 Multo
1099 3071 1404 3143 pulchrius
1422 3079 1511 3129 est
1542 3074 1781 3130 hordea-

133 3173 265 3213 ceos
297 3174 475 3229 panes
501 3176 614 3214 non
645 3160 1005 3227 erubescere,
1038 3166 1095 3216 et
1125 3178 1413 3233 apponere
1467 3164 1620 3234 quod
1680 3162 1779 3219 ha-

134 3246 293 3308 beas.
328 3264 504 3319 quam
539 3264 767 3320 negare.
803 3248 1045 3305 Elismus
1076 3231 1179 3322 qui
1205 3231 1318 3306 sibi
1350 3231 1498 3306 nihil
1520 3251 1772 3324 reliquit,
1807 3231 1849 3297 (ἶ

138 3334 371 3406 populis
402 3336 739 3392 abundavit.
773 3336 1016 3394 Elisseae
1046 3355 1181 3411 ergo
1211 3339 1563 3397 hordeaceos
1602 3358 1781 3413 panes

133 3438 247 3477 non
278 3425 512 3479 erubuit
540 3442 867 3497 apponere;
902 3444 1009 3483 nos
1038 3429 1439 3484 erubescimus
1485 3429 1781 3502 simplices

132 3509 454 3584 intelligere
470 3518 786 3580 creaturas,
821 3532 947 3588 qua:
978 3516 1348 3589 simplicibus
1370 3524 1425 3574 et
1445 3519 1568 3574 suis
1590 3518 1779 3575 decla-

133 3602 340 3654 rantur
368 3601 670 3658 vocabulis
701 3601 714 3656 l
748 3602 969 3659 Caelum
991 3604 1263 3677 legimus,
1295 3605 1503 3661 caelum
1532 3607 1778 3680 accipia-

132 3703 266 3742 mus
299 3704 313 3755 ;
345 3691 561 3743 terram
602 3688 874 3762 legimus,
907 3697 1124 3748 terram
1159 3693 1558 3767 intelligamus
1593 3694 1779 3768 frugi-

135 3774 340 3830 feram.

201 3867 255 3919 7.
291 3864 440 3927 Quid
473 3865 615 3922 mihi
647 3884 908 3940 qumrere
939 3886 1065 3941 quae
1096 3870 1173 3925 sit
1202 3871 1330 3942 ejus
1359 3888 1636 3928 mensura
1666 3873 1776 3928 cir-

132 3952 346 4020 cuitus,
381 3970 561 4025 quam
588 3960 893 4026 geometrae
916 3962 1151 4014 centum
1179 3959 1473 4032 octoginta
1516 3959 1779 4017 millibus

130 4040 455 4097 stadiorum
481 4044 964 4102 aestimaverunt?
994 4047 1268 4104 Libenter
1298 4049 1481 4105 fateor
1534 4067 1627 4105 me
1680 4067 1778 4106 ne-

127 4128 276 4183 scire
309 4131 463 4202 quod
497 4132 713 4201 nescio,
744 4134 861 4190 imo
894 4136 1050 4206 quod
1097 4136 1245 4192 scire
1304 4137 1450 4193 nihil
1501 4138 1775 4210 proderit.

136 4216 345 4273 Melius
374 4222 462 4274 est
480 4235 695 4292 genera
720 4226 1006 4278 terrarum
1026 4224 1175 4279 scire
1200 4242 1377 4297 quam
1408 4226 1617 4299 spatia,
1652 4244 1779 4299 qua

128 4305 483 4363 circumfuso
516 4310 685 4376 mari,
717 4309 1043 4383 interjectis
1082 4315 1231 4369 I16
1264 4315 1651 4371 Barbarorum
1690 4333 1779 4372 re-

127 4393 653 4464 gionibus,suﬂ‘usa
672 4402 846 4469 atque
865 4400 1021 4456 invia
1040 4400 1354 4472 paludibus
1366 4402 1779 4476 humo,quem-

132 4482 451 4537 admodum
502 4500 821 4555 possumus
874 4489 1406 4561 comprehendere?
1458 4492 1612 4563 quod
1669 4492 1781 4548 im-

1902 1919 1961 1971 in
1991 1919 2286 1989 regionem
2348 1921 2565 1975 umbris
2618 1922 2821 1976 mundi
2879 1922 3060 1992 hujus
3118 1922 3380 1978 incidens
3436 1924 3549 1995 (58)

1899 2005 2047 2060 luna:
2077 2006 2284 2079 globus
2314 2008 2579 2080 eclipsim
2612 2010 2823 2077 faciat;
2856 2010 3133 2082 quoniam
3165 2028 3291 2083 quae
3314 2010 3550 2067 nihilad

1899 2112 2026 2165 nos,
2060 2096 2226 2167 quasi
2258 2096 2401 2151 nihil
2436 2098 2742 2168 profutura
2768 2099 3068 2170 praeteriit.
3101 2098 3262 2154 Vidit
3308 2099 3464 2155 enim
3487 2099 3549 2154 in

1897 2188 2100 2239 sancto
2127 2184 2354 2256 Spiritu
2390 2202 2503 2241 non
2537 2185 2668 2241 illas
2702 2187 3116 2243 marcescentis
3160 2188 3287 2258 jam
3318 2187 3551 2260 sapien-

1894 2272 1988 2327 tiae
2018 2272 2303 2329 vanitates
2324 2274 2673 2345 sequendas,
2698 2292 2827 2347 quae
2845 2276 3020 2332 rebus
3043 2275 3551 2348 inexplicabilibus

1895 2366 2149 2417 mentem
2183 2366 2443 2418 nostram
2476 2363 3134 2436 occupant,luduntque
3154 2381 3411 2437 operam,
3445 2365 3549 2422 sed

1894 2466 1961 2504 ea
1990 2450 2184 2521 potius
2212 2450 2619 2518 describenda,
2652 2468 2781 2524 qua:
2810 2453 2882 2508 ad
2924 2451 3157 2508 virtutis
3214 2456 3551 2526 spectarent

1893 2539 2244 2610 profectum.

2534 2629 2772 2685 CAPUT
2831 2629 2907 2685 Ill

1891 2716 2276 2772 Animantibus
2306 2716 2543 2772 inditam
2574 2719 2672 2772 Dei
2704 2718 2861 2778 verba
2891 2720 3259 2787 generationis
3279 2719 3452 2788 legem
3481 2721 3543 2775 in

1962 2790 2265 2857 specierum
2310 2791 2734 2844 successionibus
2776 2805 3144 2860 perseverare.
3176 2790 3398 2845 Minime
3441 2807 3541 2847 ne-

1962 2859 2198 2935 gandum
2223 2868 2652 2935 naturaeqrum
2682 2859 3019 2935 qumgenita
3049 2871 3195 2935 sunt,
3220 2863 3538 2935 ueritatem:

1962 2933 2017 2982 at
2049 2929 2259 2985 homini
2290 2929 2593 2985 beltuinam
2613 2929 2827 2986 imitari
2837 2929 3042 2997 'vitam,
3061 2933 3535 3000 ﬂagitiosumesse.

1962 3002 2188 3073 Domum
2205 3003 2452 3073 sequitur
2506 3003 2766 3056 vitiorum
2822 3003 3181 3073 quorumdam
3209 3006 3368 3059 certis
3413 3005 3539 3060 ani-

1960 3072 2198 3145 malibus
2251 3072 2632 3143 familiarium
2660 3072 2843 3145 atque
2866 3074 2997 3129 adeo
3036 3074 3424 3143 fugimdorum
3450 3092 3543 3132 ea:-

1954 3144 2176 3213 positio.

1956 3248 2010 3305 9.
2066 3248 2461 3305 Inhzereamus
2520 3249 2699 3323 igitur
2755 3249 3111 3322 prOpheticis
3170 3250 3364 3320 dictis,
3426 3268 3539 3308 nec

1888 3338 2141 3410 Spiritus
2161 3339 2346 3393 sancti
2372 3338 2539 3410 quasi
2563 3337 2700 3393 vilia
2721 3339 3020 3411 despectui
3053 3339 3378 3395 habeamus
3398 3339 3539 3396 allo-

1890 3426 2074 3499 quia)
2108 3424 2413 3493 Producat,
2447 3426 2660 3498 inquit,
2714 3430 2871 3482 terra
2935 3426 3192 3482 animam
3250 3427 3539 3484 viventem

1888 3530 2163 3587 pecorum
2196 3518 2252 3569 et
2303 3514 2625 3570 bestiarum
2656 3518 2712 3569 et
2742 3513 3040 3587 reptilium
3076 3515 3211 3587 (59).
3247 3515 3398 3580 Quid
3447 3532 3541 3572 ar-

1888 3607 2305 3677 gumentemur
2361 3602 2478 3658 alia
2507 3603 2640 3675 (60),
2672 3604 2773 3659 ubi
2802 3604 3103 3661 evidenter
3130 3608 3540 3661 creaturarum

1887 3690 2253 3746 terrestrium
2274 3694 2484 3747 natura
2516 3691 2800 3746 formatur
2819 3692 2848 3746 ‘?
2878 3692 3071 3748 Currit
3100 3693 3262 3771 enim
3312 3692 3371 3749 in
3403 3709 3544 3749 con-

1888 3777 2188 3834 stitutione
2220 3779 2425 3834 mundi
2454 3796 2557 3851 per
2585 3796 2820 3836 omnem
2865 3785 3190 3837 creaturam
3248 3781 3350 3837 Dei
3399 3781 3541 3838 Ver-

1886 3866 2029 3921 bum
2054 3908 2067 3932 ,
2102 3872 2167 3922 ut
2196 3868 2390 3924 subito
2423 3868 2494 3924 de
2525 3868 2695 3925 terris
2725 3869 2925 3925 omnia
2954 3887 3081 3941 quae
3112 3870 3321 3926 statuit
3361 3870 3538 3939 Deus,

1886 3955 2278 4011 animantium
2316 3972 2533 4029 genera
2564 3957 2985 4029 producantur,
3044 3962 3101 4013 et
3158 3958 3217 4013 in
3275 3958 3542 4014 futurum

1886 4043 2013 4116 lege
2042 4044 2398 4116 praescripta,
2434 4045 2759 4100 secundum
2792 4061 2977 4118 genus
3010 4045 3142 4112 sibi,
3202 4044 3540 4101 similitudi-

1887 4148 2139 4204 nemque
2167 4132 2437 4189 universa
2467 4133 2805 4201 succedant,
2835 4139 2900 4189 ut
2924 4132 3010 4189 lco
3032 4133 3260 4189 leonem
3284 4137 3539 4206 generet,

1886 4220 2055 4292 tigris
2083 4220 2375 4292 tigridem,
2411 4221 2515 4277 bos
2543 4222 2770 4290 bovem,
2804 4238 3027 4295 cygnus
3048 4238 3323 4295 cygnum,
3344 4221 3544 4296 aquila

1889 4306 2169 4378 aquilam.
2203 4307 2392 4363 Semel
2416 4313 2767 4381 praeceptum
2799 4308 2861 4364 in
2890 4315 3241 4383 perpetuum
3304 4309 3544 4367 inolevit

1888 4400 2130 4451 naturae.
2156 4395 2221 4451 Et
2252 4396 2377 4451 ideo
2409 4396 2721 4452 ministerii
2753 4399 2844 4453 sui
2881 4399 3236 4471 obsequium
3286 4400 3545 4472 praebere

1887 4489 2043 4540 terra
2082 4501 2196 4539 non
2258 4487 2405 4540 117
2470 4485 2704 4554 desinit,
2763 4491 2829 4541 ut
2885 4487 3088 4559 prisca:
3150 4488 3543 4545 animantium

127 4569 412 4640 possibile
457 4587 585 4628 esse
630 4573 968 4632 hominibus
1024 4578 1324 4650 Scriptura
1396 4580 1780 4651 demonstrat,
1811 4601 1859 4666 D
1890 4573 2113 4645 ερθθίθε
2138 4572 2446 4645 ΓθΡᾶΓθιδίῙί
2480 4574 2708 4645 generis
2736 4576 3105 4633 δυοοθδείοηθ
3151 4577 3212 4633 in
3242 4579 3421 4634 “Was
3453 4594 3542 4634 1‘9'

125 4658 354 4714 dicente
406 4659 559 4716 Deo:
625 4663 756 4731 Quis
804 4681 1028 4721 mensus
1106 4671 1184 4722 est
1240 4685 1413 4724 manu
1464 4686 1671 4741 aquam
1732 4658 1852 4728 et—
1891 4665 2170 4735 parentur
2200 4665 2421 4717 aetates-

133 4748 336 4804 cwtum
370 4749 577 4820 palmo,
631 4756 685 4807 et
739 4755 1055 4810 universam
1111 4762 1314 4812 terram
1340 4758 1530 4814 clausa
1558 4777 1730 4815 manu
1759 4764 1784 4815 .9

131 4835 265 4903 Quis
292 4838 489 4893 statuit
518 4843 724 4895 montes
756 4843 811 4896 in
848 4840 1014 4911 libra,
1039 4852 1089 4899 et
1146 4861 1306 4917 rupes
1363 4848 1423 4901 in
1477 4852 1699 4917 statera,
1734 4857 1785 4905 et

129 4941 356 4981 nemora
406 4928 468 4983 in
489 4928 628 5000 jugo
658 4930 784 5001 (lsa.
816 4948 909 4996 XL,
961 4932 1099 5005 i2)?
1145 4938 1202 4990 et
1230 4934 1418 4990 infra:
1480 4938 1585 5005 Qui
1642 4941 1785 4994 tenet

128 5030 331 5085 gyrum
376 5023 559 5084 terrm,
617 5027 670 5074 et
722 5020 1031 5077 habitantes
1086 5024 1147 5077 in
1202 5039 1265 5079 ea
1319 5026 1459 5080 sicut
1511 5026 1782 5083 Iocustas:

130 5104 226 5174 qui
251 5107 444 5161 statuit
470 5108 665 5163 malum
696 5117 755 5164 ut
795 5126 1071 5166 cameram
1094 5111 1250 5183 (Ibid.
1297 5114 1411 5185 22).
1444 5114 1585 5177 Quis
1604 5115 1784 5188 igitur
1814 5154 1819 5157 Α

203 5236 293 5306 57)
326 5237 464 5294 Mss.
500 5257 704 5318 omnes
751 5243 975 5318 et‘edit.
1027 5248 1512 5318 vet._c_onstanter
1558 5246 1779 5318 legunt,

132 5305 527 5394 decempanes.
563 5312 729 5368 Rom.
763 5314 903 5369 edit.
939 5332 1073 5371 cum
1102 5316 1259 5372 LXX.
1285 5317 1498 5391 Interp.
1527 5335 1593 5374 ac
1610 5305 1778 5394 Vulg:

136 5385 342 5447 viginti
369 5395 555 5447 panes.

207 5395 339 5444 mm
406 5396 555 5436 anes.

207 5395 491 5535 ςῷὃῌᾷᾳε.
527 5452 769 5535 aliquot,
800 5460 857 5510 et
886 5457 1052 5535 item.
1086 5458 1247 5535 edit.,
1282 5462 1342 5515 in
1362 5462 1640 5535 regionem
1667 5479 1782 5517 um-

139 5518 252 5574 brae
297 5520 495 5603 “hujus
569 5518 834 5603 incidens.
883 5527 994 5603 Alii
1036 5533 1168 5603 AetJ
1197 5518 1332 5597 vet.,
1391 5518 1452 5585 in
1508 5534 1785 5602 regionem

136 5588 527 5672 mundihujus
557 5596 831 5672 incedens,
877 5598 1285 5672 veltincidens.
1320 5588 1454 5657 Car.
1513 5588 1591 5659 etv
1618 5588 1781 5672 Ben.,

137 5661 201 5721 in
228 5661 507 5733 regionem
534 5667 749 5726 umbra?
775 5661 1183 5746 mundi'hujus,
1231 5671 1480 5749 primus,
1512 5661 1780 5749 incidens;

1966 4750 2050 4804 10.
2081 4750 2192 4805 Sed
2221 4749 2310 4805 vis
2339 4750 2411 4805 ad
2445 4767 2619 4806 usum
2651 4750 2909 4809 hominis
2940 4754 3200 4811 derivare
3256 4771 3385 4826 quas
3443 4769 3542 4827 ge-

1884 4838 2015 4894 nita
2044 4842 2230 4894 sunt?
2259 4837 2387 4894 Noli
2415 4840 2719 4897 veritatem
2752 4842 3072 4914 unicuique
3090 4843 3287 4916 generi
3319 4846 3541 4899 natura:

1888 4926 2132 4999 propriis
2164 4928 2470 4999 denegare,
2500 4932 2558 4984 et
2607 4929 2791 4986 multo
2838 4931 3026 5003 magis
3056 4948 3124 4987 ea
3169 4932 3243 4987 ad
3290 4931 3539 5003 gratiam

1890 5016 2119 5088 aptabis
2150 5015 2491 5072 humanam.
2548 5017 2816 5074 Primum
2876 5020 3017 5091 quia
3074 5020 3272 5075 omnia
3327 5035 3543 5092 genera

1891 5121 2189 5177 pecorum,
2224 5105 2568 5174 bestiarum,
2603 5123 2670 5163 ac
2704 5107 2958 5180 piscium
2988 5108 3048 5163 in
3079 5107 3272 5165 alvum
3329 5113 3542 5165 natura

1893 5256 2187 5314 secundus
2216 5255 2491 5312 incedens.

1964 5328 2075 5399 (59)
2110 5328 2276 5402 Rom.
2311 5328 2449 5383 edit.
2480 5328 2644 5402 sola:
2690 5330 2977 5401 producat,
2999 5333 3201 5402 inquit,
3233 5334 3380 5386 terra
3407 5330 3540 5385 ani-

1893 5416 2040 5454 mam
2068 5401 2357 5475 ﬁciiientem
2384 5400 2906 5474 secundum’genus,
2934 5400 3132 5475 pecora
3180 5409 3230 5457 et
3259 5403 3459 5457 bestias
3487 5405 3541 5457 et

1891 5472 2135 5542 repentia
2163 5474 2347 5526 terrae.

1964 5542 2075 5613 (60)
2109 5541 2194 5618 Ita
2215 5557 2359 5618 mss.
2389 5541 2649 5599 melioris
2680 5548 2829 5601 nota:
2861 5549 3037 5618 atque
3067 5545 3213 5618 edit,
3226 5545 3393 5618 Rom.
3425 5542 3541 5599 Alii

1890 5612 2566 5690 vero_majori_numero,
2591 5618 2769 5689 atque
2798 5612 2959 5675 editf
2985 5620 3122 5683 vet.,
3183 5615 3325 5686 Quid
3377 5631 3540 5690 argu-

1890 5687 2082 5747 menta
2107 5684 2369 5747 moralia.
