3932 6212
191 422 296 483 261
1521 424 2060 494 HEXAEMEBON
2108 424 2256 490 LIB.
2300 425 2401 490 VI.
3536 426 3656 491 262

205 559 562 630 prostravit,
600 564 679 616 ut
708 558 833 618 alia
862 562 1058 617 ventre
1090 563 1315 632 repant,
1348 559 1465 615 alia
1494 576 1622 632 qua:
1653 560 1899 632 pedibus
1926 564 1983 629 Α
2011 565 2067 615 et
2098 560 2146 615 si
2178 576 2325 632 quos
2366 560 2712 631 insipientes
2761 562 2818 615 et
2868 576 3079 615 sensus
3127 560 3345 632 preprii
3392 566 3660 617 carentes

214 647 635 719 sustinentur,
665 650 945 707 demersa
988 649 1177 721 magis
1226 649 1591 721 quadrupedi
1640 649 1901 720 corporis
2011 649 2205 719 vigore
2265 650 2517 719 potuerit
2574 664 2945 720 congregare,
2976 649 3175 703 fovens
3221 664 3319 702 eos
3371 647 3660 705 illecebris

224 753 452 810 gressu,
489 742 557 792 et
612 736 783 793 velut
830 738 1005 793 afﬁxa
1060 736 1231 794 terris
1288 737 1484 793 videas
1536 753 1689 804 esse,
1721 754 1901 808 quam
2011 738 2430 807 corporalibus,
2489 737 2589 791 ubi
2650 738 2905 808 primum
2958 754 3065 792 vox
3130 736 3343 792 Christi
3401 737 3659 809 parvulis

230 824 433 882 libera.
467 826 796 899 Siquidem
839 843 971 882 cum
1003 825 1263 898 erigendi
1292 842 1357 881 se
1386 843 1503 881 non
1532 825 1788 881 habeant
1818 825 1902 880 fa-
2013 826 2189 882 fuerit
2219 826 2435 892 infusa,
2465 826 2771 881 discedunt
2800 833 2972 898 atque
3002 826 3071 880 ad
3102 842 3229 880 eam
3263 844 3324 881 se
3354 826 3664 883 conferunt

246 914 552 984 unitatem,
588 915 663 971 de
693 919 854 971 terra
879 915 1097 970 victum
1132 914 1461 986 requirunt,
1494 919 1551 969 et
1593 914 1815 969 ventris
1842 913 1904 968 in
2014 919 2417 986 matrem,quae
2451 914 2644 985 pullos
2677 931 2815 969 suos
2847 915 2997 969 sicut
3018 916 3143 970 avis
3173 922 3435 970 materno
3466 931 3664 970 amore

2014 1002 2438 1075 complectitur.
2470 1003 2851 1073 Congregavit
2898 1004 3053 1057 enim
3102 1002 3371 1058 diabolus
3394 1003 3662 1076 gentiles,

2017 1109 2165 1164 quos
2196 1108 2311 1146 non
2345 1096 2666 1158 creaverat;
2702 1092 2801 1146 sed
2838 1092 2935 1145 ubi
2969 1092 3022 1145 in
3060 1092 3364 1162 Evangelio
3416 1109 3523 1148 suo
3565 1110 3663 1149 vo-

207 1021 421 1123 Vfinem
473 1004 896 1071 deﬂectuntur,
955 1002 1108 1058 solas
1172 1006 1503 1074 sequuntur
1555 1000 1903 1074 voluptates.

251 1095 390 1123 Πρηηι
448 1110 481 1123 ι.
511 1093 725 1123 ιυπνυςν
759 1092 1049 1123 -υυιηΑν-πι
1097 1107 1258 1123 φήῃ-Α
1302 1090 1524 1123 ηις-,ιπηιιῖ
1572 1094 1715 1123 Fnun
1745 1107 1816 1123 nn
1846 1091 1903 1123 :n

251 1095 414 1163 Cave,
447 1110 483 1150 0
511 1093 725 1149 homo!
758 1092 1054 1165 pecudum
1096 1107 1261 1147 more
1302 1090 1547 1147 curvari.
1572 1094 1716 1146 Cave
1745 1107 1817 1146 ne
1846 1091 1907 1145 in

251 1183 447 1240 alvum
477 1187 538 1238 te
568 1199 686 1237 non
718 1187 841 1236 tam
867 1196 1124 1252 corpore,
1156 1196 1336 1253 quam
1381 1179 1701 1252 cupiditate
1731 1178 1906 1234 deﬂe-

254 1277 398 1328 ctas.
434 1269 685 1343 Respice
709 1269 970 1342 corporis
998 1268 1085 1324 tui
1114 1269 1385 1338 formam,
1409 1272 1467 1323 et
1496 1267 1748 1340 speciem
1778 1283 1911 1321 con-

255 1363 570 1433 gruentem
602 1357 742 1414 celsi
772 1356 986 1429 vigoris
1015 1372 1270 1412 assume.
1302 1355 1437 1411 Sine
1467 1354 1593 1411 sola
1633 1353 1914 1410 animalia

254 1465 445 1521 prona
476 1450 799 1520 pascantur
818 1445 1074 1517 (6i).Cur
1098 1449 1154 1501 te
1181 1444 1241 1500 in
1271 1444 1497 1500 edendo
1527 1442 1743 1499 sternis
1763 1442 1910 1515 ipse,

255 1553 437 1609 quem
469 1540 684 1591 natura
711 1552 826 1591 non
854 1534 1099 1591 stravit?
1128 1535 1241 1591 Cur
1269 1550 1336 1589 eo
1366 1532 1674 1589 delectaris
1703 1531 1763 1586 in
1796 1548 1913 1604 quo

257 1630 489 1682 natura
518 1624 738 1696 injuria
765 1624 896 1679 est?
923 1627 1035 1678 Cur
1066 1626 1267 1678 noctes
1298 1629 1355 1678 et
1382 1622 1507 1678 dies
1545 1621 1673 1677 cibo
1724 1622 1912 1675 inten-

253 1720 357 1770 tus
397 1729 680 1786 pecorum
738 1729 902 1768 more
958 1715 1188 1767 terrena
1236 1710 1617 1783 depasceris?
1645 1709 1763 1765 Cur
1792 1707 1913 1763 ille-

257 1803 455 1859 cebris
487 1799 889 1874 corporalibus
936 1800 1193 1868 deditus,
1223 1799 1422 1872 ipsum
1471 1804 1527 1854 te
1575 1797 1914 1864 inhonorus,

2018 1197 2145 1237 cem
2175 1180 2442 1237 Christus
2466 1180 2682 1246 emisit,
2718 1179 2790 1233 ad
2839 1197 2972 1234 eum
3023 1197 3085 1235 se
3134 1180 3505 1249 potissimum
3536 1198 3667 1238 con-

2018 1269 2298 1334 tulerunt,
2333 1286 2479 1340 quos
2536 1269 2644 1323 sub
2705 1269 2909 1322 umbra
2961 1269 3188 1323 alarum
3239 1286 3481 1325 suarum
3540 1270 3666 1343 ipse

2020 1357 2297 1430 suscepit,
2328 1362 2384 1412 et
2414 1356 2585 1412 matri
2618 1357 2773 1411 dedit
2797 1357 3059 1411 Εςσιρεὶίθ
3093 1357 3452 1415 nutriendos.

2094 1447 2182 1501 Η.
2220 1446 2329 1501 Leo
2363 1452 2582 1500 naturae
2606 1462 2722 1499 sua:
2745 1447 3037 1515 supr-rbus
3070 1447 3281 1502 ferocia
3302 1447 3670 1521 aliarum(6i)

2024 1535 2281 1590 ferarum
2330 1534 2645 1606 generibus
2694 1534 2940 1588 miscere
2989 1550 3050 1588 se
3095 1536 3326 1590 nescit:
3359 1536 3458 1591 sed
3500 1538 3670 1608 quasi

2024 1640 2119 1679 rex
2154 1623 2396 1695 quidam
2447 1621 2834 1694 plurimorum
2885 1622 3237 1693 dedignatur
3282 1624 3667 1683 consortium.

2026 1712 2133 1776 Qui
2164 1712 2342 1767 etiam
2396 1710 2595 1765 cibum
2646 1709 2869 1764 fastidit
2919 1710 3277 1780 hesternum,
3311 1716 3369 1767 et
3392 1712 3523 1785 ipsa
3550 1730 3671 1770 sum

2026 1817 2168 1857 esca:
2201 1799 2480 1872 reliquias
2513 1803 2832 1854 aversatur.
2868 1801 3001 1863 Qua:
3049 1803 3243 1855 autem
3279 1817 3341 1857 se
3371 1801 3423 1857 ei
3451 1802 3673 1859 sociare

256 1892 403 1946 dum
435 1890 625 1945 ventri
656 1895 830 1962 atque
878 1890 1006 1959 ejus
1052 1888 1429 1961 passionibus
1473 1886 1776 1943 deservis?
1800 1887 1918 1942 Cur
1951 1938 1997 1962 ἢ
2029 1890 2149 1945 fera
2197 1891 2429 1954 audeat,
2470 1889 2641 1959 cujus
2695 1888 2816 1942 voci
2881 1894 3076 1943 tantus
3134 1891 3480 1947 naturaliter
3520 1891 3673 1949 inest

255 1978 629 2035 intellectum
685 1978 789 2033 tibi
849 1977 1084 2043 adimis,
1118 1992 1294 2049 quem
1323 1976 1431 2031 tibi
1465 1976 1702 2032 Creator
1754 1974 1919 2030 attri-

258 2068 430 2124 buit?
461 2067 580 2123 Cur
606 2071 661 2121 te
681 2066 979 2137 jumentis
1002 2081 1329 2137 comparas,
1361 2082 1396 2120 a
1425 2064 1641 2136 quibus
1661 2067 1717 2118 te
1736 2061 1921 2118 voluit

262 2157 420 2212 Deus
452 2154 747 2228 segregari
796 2153 998 2209 dicens
1030 2172 1043 2209 :
1074 2154 1257 2209 Nolite
1294 2154 1420 2224 ﬁeri
1463 2154 1605 2208 sicut
1653 2168 1823 2224 equus
1870 2158 1922 2206 et

264 2245 476 2312 mulus,
527 2243 723 2316 quibus
773 2259 882 2298 non
925 2246 1002 2298 est
1054 2242 1361 2298 intellectus
1392 2241 1564 2312 (Psal.
1613 2257 1768 2305 XXXI,
1817 2238 1921 2311 9)?

265 2336 383 2388 Aut
408 2333 461 2389 si
494 2337 550 2387 te
580 2331 835 2387 edacitas
866 2330 999 2402 equi
1030 2329 1599 2402 intemperantiaque
1644 2328 1920 2393 delectat,

270 2427 327 2478 et
356 2420 672 2477 adhinnire
720 2420 787 2475 ad
837 2419 1086 2476 feminas
1116 2418 1401 2491 voluptati
1431 2422 1539 2486 est,
1572 2416 1819 2491 delectet
1861 2417 1919 2471 in

272 2512 436 2567 freno
490 2508 762 2565 maxillas
792 2512 928 2564 tuas
978 2524 1261 2580 camoque
1311 2482 1745 2580 constringit/Si
1789 2522 1920 2561 cru-

268 2598 480 2656 delitas
510 2602 569 2657 te
598 2597 804 2670 pascit,
840 2597 1095 2653 ferarum
1124 2596 1247 2652 haec
1276 2596 1469 2652 rabies
1499 2600 1608 2664 est,
1634 2612 1761 2667 quae
1792 2611 1923 2667 pro-

266 2693 396 2760 pter
418 2687 707 2754 saavitiam
738 2686 1132 2753 trucidantur;
1172 2684 1303 2741 vide
1358 2701 1431 2741 ne
1480 2685 1538 2739 in
1586 2688 1642 2739 te
1688 2700 1922 2756 quoque

269 2775 640 2832 crudelitatis
670 2779 783 2830 tuae
813 2779 1075 2831 vertatur
1104 2774 1465 2830 immanitas.

336 2866 424 2922 Η.
461 2864 631 2937 Piger
658 2864 884 2930 asinus,
919 2868 977 2919 et
1022 2864 1319 2936 expositus
1367 2863 1437 2918 ad
1492 2862 1745 2935 praedam
1778 2862 1916 2933 (62),

269 2969 569 3025 sensuque
599 2953 823 3008 tardior
869 2951 1010 3024 quid
1043 2951 1199 3007 aliud
1246 2952 1434 3017 docet,
1466 2950 1579 3007 nisi
1614 2968 1722 3007 nos
1764 2950 1920 3005 viva-

270 3043 455 3098 ciores
484 3058 615 3097 esse
644 3041 875 3109 debere,
909 3056 1014 3095 nec
1064 3039 1293 3095 desidia
1338 3038 1597 3112 corporis
1624 3038 1921 3110 animique

268 3131 619 3203 pigrescere,
651 3129 961 3202 confugere
991 3129 1063 3184 ad
1097 3129 1289 3195 ﬁdem,
1323 3144 1451 3200 quae
1500 3144 1678 3183 onera
1724 3126 1922 3200 gravia

272 3219 519 3276 allevare
550 3216 954 3274 consueverit?

342 3309 431 3363 12.
467 3306 864 3363 Fraudulenta
892 3304 1096 3377 vulpes
1126 3305 1304 3362 foveis
1335 3322 1397 3361 se
1425 3303 1805 3377 latibulisque
1829 3305 1922 3360 de-
1951 3302 1993 3369 C

232 3445 239 3451 .
275 3413 569 3469 mergens,
597 3412 785 3451 nonne
815 3394 1032 3450 indicio
1056 3398 1146 3451 est
1174 3394 1607 3451 infructuosum
1636 3410 1765 3449 esse
1796 3393 1920 3450 ani-

274 3484 411 3553 mal,
462 3484 715 3555 odioque
772 3482 1018 3555 dignum
1049 3487 1289 3556 propter
1318 3482 1608 3554 rapinam,
1642 3482 1918 3555 despectu

271 3578 511 3646 prepter
537 3571 963 3640 infirmitatem,
988 3574 1045 3627 et
1062 3570 1193 3627 ideo
1223 3588 1340 3627 suae
1372 3570 1676 3627 incautum
1708 3570 1918 3626 salutis

271 3663 414 3718 dum
444 3661 762 3717 insidiatur
790 3658 1033 3716 alienae?
1422 3726 1427 3727 ί

337 3751 430 3807 43.
464 3749 765 3807 Perdicem
795 3752 1052 3805 astutam
1085 3765 1212 3820 qua:
1244 3748 1356 3821 (63)
1388 3747 1577 3804 aliena
1624 3765 1731 3805 ova
1778 3746 1918 3803 diri-

268 3840 410 3913 piat,
446 3839 559 3896 hoc
612 3842 721 3906 est,
754 3836 1009 3910 perdicis
1054 3836 1295 3893 alterius
1343 3842 1400 3893 et
1448 3853 1686 3910 corpore
1735 3837 1922 3892 foveat

268 3946 375 3985 suo
407 3945 422 3986 :
458 3928 562 3984 sed
591 3927 815 3982 fraudis
862 3943 980 3981 suae
1032 3927 1287 3982 fructum
1318 3925 1532 3984 habere
1561 3943 1676 3982 non
1708 3941 1917 3998 posse;

267 4017 407 4090 quia
435 4032 573 4072 cum
602 4015 867 4071 eduxerit
888 4013 1081 4086 pullos
1129 4031 1290 4082 suos,
1336 4015 1554 4071 amittit
1601 4032 1738 4082 eos;
1782 4014 1922 4086 quia

267 4106 367 4160 ubi
398 4120 601 4160 vocem
634 4105 764 4174 ejus
796 4101 1088 4158 audierint
1108 4119 1235 4173 quae
1265 4119 1368 4158 ova
1398 4101 1921 4175 generavit,relicta

268 4212 337 4251 ea
364 4195 438 4250 ad
470 4193 635 4249 illam
668 4208 730 4248 se
758 4189 1010 4246 naturali
1037 4191 1292 4262 quodam
1331 4207 1571 4246 munere
1618 4195 1677 4247 et
1723 4207 1920 4246 amore

269 4285 601 4349 conferunt,
634 4297 811 4354 quam
843 4296 1039 4336 veram
1070 4279 1181 4337 sibi
1213 4284 1459 4335 matrem
1485 4295 1723 4335 ovorum
1754 4295 1922 4351 gene-

269 4374 496 4428 ratione
554 4368 951 4443 cognoverint,
1014 4369 1411 4441 signilicantes
1463 4367 1615 4423 hanc
1674 4367 1921 4423 nutricis

270 4459 438 4533 fungi
469 4459 686 4529 ofﬁcio,
719 4457 882 4513 illam
915 4457 1194 4530 parentis.
1229 4457 1429 4528 Itaque
1458 4457 1756 4513 incassum
1787 4472 1919 4528 pro-

269 4549 430 4621 prios
461 4548 661 4603 fundit
689 4546 940 4615 labores,
974 4563 1040 4602 ac
1071 4545 1296 4601 fraudis
1326 4561 1443 4600 suae
1474 4545 1659 4617 pretio
1681 4544 1923 4600 mulcta-

1951 1938 1999 2002 B

2032 1984 2247 2043 terror;
2283 1984 2347 2033 nt
2378 1978 2565 2033 multa
2606 1977 2991 2032 animantium
3028 1995 3153 2049 quae
3184 1996 3286 2050 per
3317 1980 3672 2038 celeritatem

2028 2072 2269 2139 possent
2324 2067 2607 2139 impetum
2662 2067 2789 2135 ejus
2858 2067 3118 2132 evadere,
3189 2067 3471 2140 rugientis
3544 2071 3674 2141 ejus

2030 2155 2226 2211 sonitu
2257 2154 2416 2210 velut
2447 2154 2701 2227 qundam
2755 2155 2805 2208 vi
2858 2154 3105 2210 attonita
3146 2160 3321 2227 atque
3366 2156 3482 2213 icta
3529 2159 3673 2214 defi-

2031 2243 2228 2299 ciant?

2102 2332 2340 2387 45.Nam
2372 2332 2441 2387 de
2464 2332 2627 2403 pardi
2652 2333 2838 2404 specie
2867 2350 2967 2389 nec
2994 2333 3292 2405 Scriptura
3326 2333 3490 2391 siluit
3518 2337 3673 2408 quod

2030 2419 2306 2475 varietate
2336 2419 2545 2475 coloris
2595 2425 2789 2476 motus
2838 2421 3025 2476 varios
3056 2422 3263 2477 anima:
3296 2441 3413 2479 sua:
3446 2427 3671 2497 prodat.

2031 2508 2182 2564 Dicit
2220 2506 2377 2563 enim
2429 2508 2711 2564 Jeremias
2768 2526 2779 2564 :
2830 2509 2890 2564 Si
2937 2512 3173 2566 mutabit
3201 2514 3443 2585 ΑῖιΙιίορε
3476 2517 3676 2587 pellem

2030 2613 2209 2665 suam,
2258 2605 2308 2651 et
2354 2596 2557 2668 pardus
2602 2599 2919 2653 varietatem
2964 2616 3118 2653 suam
3160 2601 3373 2671 (Jerem.
3405 2618 3527 2669 xm,
3559 2606 3672 2676 23).

2031 2686 2153 2740 Non
2188 2685 2376 2741 solum
2409 2685 2564 2740 enim
2598 2687 2669 2741 de
2699 2686 2906 2758 figura,
2933 2688 3032 2742 sed
3056 2687 3231 2744 etiam
3260 2691 3331 2745 de
3353 2690 3676 2747 mobilitate

2032 2773 2243 2829 furoris
2301 2774 2455 2829 istud
2511 2774 2827 2846 accipitur;
2878 2792 2944 2830 eo
3003 2776 3157 2847 quod
3229 2780 3554 2835 tenebrosis
3619 2784 3677 2835 et

2029 2862 2309 2933 inquietis
2338 2879 2404 2917 ac
2436 2862 2752 2918 mobilibus
2798 2863 2987 2918 infida:
3036 2866 3251 2920 mentis
3281 2871 3455 2939 atque
3493 2868 3675 2924 animi

2030 2951 2453 3007 mutationibus
2485 2952 2849 3008 decoloratus
2880 2953 3131 3026 populus
3160 2955 3495 3011 Judzcorum
3537 2958 3675 3013 boni

2029 3039 2306 3113 propositi
2341 3042 2588 3113 gratiam
2634 3043 2759 3112 jam
2810 3046 3005 3098 tenere
3053 3060 3167 3099 non
3219 3047 3422 3116 possit,
3456 3063 3562 3103 nec
3600 3048 3673 3103 ad

2027 3128 2494 3185 emendationem
2525 3128 2707 3184 ullam
2737 3132 3267 3203 correctionemque
3290 3135 3674 3207 remeare,qui

2029 3216 2209 3272 semel
2242 3217 2490 3272 ferinam
2523 3218 2778 3273 induerit
2797 3218 3247 3275 immanitatem.

2671 3332 2905 3388 CAPUT
2942 3332 3034 3388 ιν.

2027 3421 2101 3475 De
2138 3422 2282 3475 mira
2325 3420 2507 3475 indole
2550 3422 2945 3477 nonnullorum
2986 3424 3318 3479 animalium
3350 3426 3408 3479 in
3436 3427 3676 3482 vitandis

2099 3493 2209 3546 sibi
2235 3494 2634 3565 noxiis,atque
2662 3493 2897 3548 utilibus
2924 3495 3349 3565 prosequendis;
3381 3504 3431 3551 et
3469 3496 3534 3551 de
3578 3514 3677 3553 na-

2098 3563 2377 3689 tturplibus
2408 3564 2704 3618 virtutibus
2733 3580 2867 3635 quas
2896 3566 2955 3619 in
2980 3563 3101 3619 illis
3124 3568 3339 3623 imitari
3381 3584 3477 3623 nos
3518 3584 3675 3641 opor-

2123 3650 2185 3689 ea
2217 3676 2229 3689 .

2100 3750 2188 3805 46.
2227 3750 2327 3805 Est
2368 3753 2565 3806 tamen
2614 3750 2790 3807 etiam
2836 3751 2896 3806 in
2945 3756 3157 3808 natura
3202 3754 3674 3827 quadrupedum,

2031 3838 2187 3910 quod
2238 3838 2453 3893 imitari
2503 3854 2610 3894 nos
2658 3856 2850 3895 sermo
2901 3840 3243 3897 adhortetur
3278 3843 3673 3915 prepheticus,

2030 3942 2145 3998 quo
2174 3925 2436 3998 exemplo
2467 3943 2777 3983 caveamus
2821 3928 3129 3993 desidiam,
3164 3935 3219 3984 et
3248 3932 3562 4002 exiguitate
3591 3931 3674 3988 vel

2030 4015 2371 4069 infirmitate
2393 4015 2652 4087 corporis
2684 4033 2718 4071 a
2746 4017 2980 4071 virtutis
3012 4019 3207 4073 studio
3253 4035 3367 4073 non
3419 4020 3676 4075 reﬂecta-

2030 4119 2377 4175 mur,neque
2400 4120 2737 4159 revocemur
2768 4105 2839 4159 ab
2874 4105 3049 4160 ullius
3082 4106 3363 4178 propositi
3390 4108 3680 4180 magnitu-

2029 4190 2186 4246 dine.
2236 4191 2456 4262 Exigua
2504 4196 2593 4246 est
2643 4191 2799 4246 enim
2832 4192 3094 4259 formica,
3127 4211 3255 4265 quae
3302 4195 3528 4266 majora
3553 4196 3677 4252 suis

2029 4279 2206 4334 audet
2232 4278 2484 4348 viribus;
2520 4296 2708 4351 neque
2757 4279 2991 4336 servitio
3022 4282 3090 4337 ad
3125 4283 3484 4354 operandum
3521 4284 3677 4356 cogi-

2029 4371 2145 4433 tur,
2177 4368 2278 4423 sed
2309 4372 2642 4438 spontaneis
2676 4369 2971 4441 proposito
3004 4370 3430 4444 prospicientiae
3479 4373 3684 4430 futura:

2031 4456 2443 4511 alimentorum
2478 4456 2743 4513 subsidia
2773 4454 2887 4513 sibi
2914 4460 3224 4530 praestruit.
3249 4460 3429 4533 Cujus
3461 4466 3526 4517 ut
3550 4462 3680 4517 imi-

2030 4544 2173 4600 teris
2202 4544 2554 4600 industriam
2612 4545 2915 4618 Scriptura
2974 4554 3305 4604 commonet
3336 4554 3394 4605 te
3425 4550 3627 4607 dicens
3660 4568 3673 4607 :

268 4641 384 4692 tur.
434 4635 619 4733 Unde
647 4638 705 4690 et
748 4634 1035 4691 Jeremias
1083 4633 1189 4733 ait,
1280 4632 1548 4689 Clamavit
1865 4637 1921 4733 et
1948 4667 1995 4733 D
2034 4632 2328 4733 Conferte
2373 4633 2802 4733 adu/Iormicaim,
2832 4651 2881 4733 ὀ
2923 4638 3104 4733 piger,
3151 4640 3201 4692 et
3244 4640 3515 4695 azmulare
3562 4641 3679 4695 vias

268 4726 621 4797 congregavit
649 4739 768 4794 qua
795 4738 903 4778 non
927 4724 1142 4795 peperit
1172 4722 1388 4794 (Jerem.
1418 4735 1561 4790 xvn,
1594 4722 1705 4792 11),
1718 4720 1777 4776 id
1808 4725 1916 4791 est,

268 4831 373 4870 ova
401 4811 861 4885 congrevavit,et
890 4811 1161 4867 clamavit
1190 4810 1361 4883 quasi
1395 4827 1576 4866 ovans
1624 4827 1742 4867 sua:
1775 4810 1924 4865 frau‘

269 4902 360 4959 dis
388 4902 621 4959 effectu.
655 4901 762 4957 Sed
794 4899 944 4956 ludit
969 4915 1236 4973 operam;
1272 4899 1411 4972 quia
1440 4900 1704 4971 impenso
1725 4897 1924 4954 labore

270 4991 367 5046 alii
394 4991 614 5058 educit,
648 5005 797 5062 quos
847 4989 975 5061 ipsa
1030 4988 1319 5044 diuturna
1352 4988 1508 5044 118
1541 4988 1663 5043 fotu
1711 4986 1923 5043 seduli-

269 5080 411 5136 tatis
460 5078 829 5135 animaverit.
864 5077 1051 5149 Hujus
1081 5076 1342 5133 imitator
1370 5080 1459 5132 est
1488 5074 1778 5144 diabolus,
1822 5075 1922 5147 qui

272 5168 678 5240 generationes
728 5165 1017 5223 Creatoris
1078 5165 1275 5222 zeterni
1334 5181 1537 5236 rapere
1601 5164 1921 5233 contendit,

342 5320 455 5393 (64)
486 5320 640 5376 Edit.
668 5324 731 5393 et
761 5318 931 5393 pauci
963 5334 1131 5389 mss.,
1163 5317 1225 5393 Si
1270 5318 1385 5373 sola
1430 5315 1704 5393 animalia
1746 5331 1923 5393 prima

272 5388 586 5463 pascuntur.
619 5390 730 5447 Alii
756 5388 953 5463 plures
985 5406 1051 5445 ac
1082 5388 1386 5463 meliores,_
1410 5389 1532 5443 sine
1573 5403 1685 5463 qua
1730 5388 1917 5463 sola...

271 5457 589 5535 pascuntur,
625 5457 1495 5535 quidam,pascantur.0mnium
1526 5457 1744 5530 optime
1778 5457 1917 5515 Ben.

276 5539 330 5589 et
358 5534 554 5591 Germ.
588 5533 659 5589 ut
684 5550 795 5590 nos
824 5533 885 5588 in
917 5536 1099 5588 textu.

342 5606 449 5678 (62)
482 5606 675 5678 Codex
713 5604 843 5678 vat.
896 5620 1071 5671 unus,
1111 5611 1172 5678 et
1209 5602 1483 5675 expositus
1540 5600 1611 5656 ad
1654 5599 1916 5673 pondera.

277 5675 439 5734 Rom;
469 5677 609 5733 edit.
644 5681 699 5734 et
722 5675 794 5746 ad
818 5691 955 5731 onus
984 5675 1278 5746 expositus.

340 5748 450 5828 (63)
499 5747 671 5811 Rom.
695 5745 861 5821 edit,
891 5742 1130 5809 astutam
1175 5745 1421 5809 novimus
1464 5759 1607 5823 quae,
1652 5746 1764 5806 etc.
1796 5742 1919 5806 Ma-

2031 4722 2169 4793 ejus,
2216 4724 2266 4777 et
2311 4726 2421 4777 esto
2450 4722 2551 4777 illa
2605 4725 2903 4794 sapientior
2931 4726 3112 4797 (Prov.
3155 4743 3229 4793 v1,
3278 4727 3358 4798 6.)
3390 4727 3491 4783 Illa
3519 4730 3676 4785 enim

2008 4809 2255 4873 ,nullam
2287 4809 2575 4865 culturam
2606 4812 2887 4881 possidet.
2914 4830 3101 4885 neque
3122 4831 3256 4869 eum
3289 4815 3387 4887 qui
3418 4832 3480 4871 se
3509 4822 3679 4889 cogat

2032 4898 2254 4954 habens
2284 4916 2471 4971 neque
2518 4899 2628 4954 sub
2674 4900 2911 4956 domino
2941 4918 3145 4972 agens,
3176 4905 3675 4973 quemadmodum

2032 4990 2320 5059 praeparat
2348 5003 2698 5059 escam,quaa
2721 4988 2791 5043 de
2808 4988 2926 5043 tuis
2955 4988 3255 5044 laboribus
3279 4991 3388 5045 sibi
3424 5008 3674 5049 messem

2032 5075 2326 5143 recondit;
2360 5079 2415 5130 et
2445 5092 2576 5130 cum
2610 5080 2673 5130 tu
2705 5075 3048 5149 plerumque
3079 5093 3268 5149 egeas,
3302 5078 3403 5132 illa
3433 5096 3548 5135 non
3579 5080 3675 5137 in-

2031 5163 2209 5235 diget.
2242 5162 2415 5217 Nulla
2445 5167 2581 5219 sunt
2611 5165 2661 5219 ei
2701 5163 2903 5221 clausa
2958 5166 3181 5232 horrea,
3207 5164 3381 5221 nullae
3412 5167 3672 5240 impene-

2031 5311 2631 5399 nifesta‘quidemhic
2661 5312 2884 5399 ellipsis
2915 5319 3025 5399 est,
3048 5332 3173 5399 quae
3207 5315 3460 5399 suppleri
3484 5321 3676 5389 potest

2031 5401 2134 5457 per
2161 5384 2354 5457 verba,
2387 5384 2890 5457 novimim,_ferimt,
2927 5392 3030 5441 aut
3066 5384 3239 5443 'aliud
3282 5384 3513 5457 simile;
3566 5408 3673 5447 nos

2030 5453 2285 5511 auctoris
2314 5459 2536 5526 textum
2567 5458 2632 5507 ut
2660 5453 2721 5507 in
2769 5456 3029 5526 antiquis
3080 5476 3221 5514 mss.
3256 5465 3313 5515 et
3343 5460 3479 5515 edit.
3502 5453 3671 5517 inve-

2030 5528 2209 5593 nitur,
2243 5525 2604 5580 exhibemus.

2101 5598 2212 5684 (‘64)
2236 5598 2330 5684 lta
2357 5611 2523 5684 imas.
2538 5595 2695 5684 “fere
2715 5597 3120 5684 amnesin-lii,
3153 5604 3353 5684 atque“
3377 5602 3541 5669 edit.,
3570 5605 3672 5684 Leo

2026 5666 2248 5730 natura?
2272 5683 2393 5730 sua
2420 5668 2476 5729 vi
2501 5666 2772 5745 superbus
2797 5666 3137 5749 ferocitatem
3155 5666 3251 5731 sui
3272 5666 3538 5747 aliarum,
3561 5683 3668 5735 etc.
