3932 6212
268 367 387 428 263

1726 365 1791 426 S.
1837 359 2215 426 AMBROSII

3562 365 3692 426 264

268 498 506 554 trabiles
532 499 828 568 custodiae,
864 499 1011 555 nulli
1048 497 1409 555 inviolabiles
1445 496 1653 552 acervi.
1688 497 1924 568 Spectat
1947 495 2003 562 Α
2035 497 2392 568 comprobat.
2429 498 2633 554 Videas
2664 498 2839 555 etiam
2869 498 3106 571 vulpem
3137 496 3460 570 lacrymula
3507 497 3698 568 pinus

271 589 425 644 II9
493 593 713 653 custos,
788 589 1056 661 furtaque
1111 587 1417 661 prohibere
1484 603 1598 641 non
1668 586 1843 639 audet
1903 602 1916 640 :

269 675 478 748 aspicit
519 694 627 732 sua
657 676 873 732 damna
923 694 1242 749 possessor,
1277 692 1381 731 nec
1430 674 1707 729 vindicat.
1743 673 1919 745 Nigro

270 769 639 820 cenvectatur
668 767 905 836 agmine
937 767 1130 838 praeda
1161 781 1262 837 per
1292 780 1550 836 campos,
1576 763 1797 816 fervent
1828 777 1918 816 se-

269 853 422 908 mitae
480 853 755 908 comitatu
827 855 1138 922 viantium,
1191 859 1248 910 et
1318 870 1446 924 quae
1505 849 1920 922 comprehendi

271 945 516 1012 angusto
573 957 670 996 ore
717 959 831 997 non
887 947 1156 1013 possunt,
1191 941 1456 996 humeris
1505 941 1752 1011 grandia
1802 940 1920 993 fru-

269 1034 463 1084 menta
509 1031 844 1086 truduntur.
889 1032 1124 1103 Spectat
1172 1030 1293 1084 haec
1353 1028 1626 1084 dominus
1687 1028 1918 1094 messis,

264 1120 321 1172 et
344 1118 634 1174 erubescit
669 1124 789 1173 tam
824 1136 1003 1190 parca
1034 1119 1139 1190 pice
1173 1117 1474 1173 industria:
1522 1134 1732 1189 negare
1765 1133 1922 1172 com-

174 1245 180 1248 -
266 1206 502 1276 pendia.

341 1295 425 1349 17.
461 1294 610 1356 Quid
646 1306 838 1349 autem
874 1296 942 1350 de
972 1295 1215 1350 canibus
1243 1293 1467 1366 loquar,
1521 1293 1736 1365 quibus
1782 1293 1922 1348 insi-

269 1386 397 1437 tum
432 1387 522 1437 est
553 1388 765 1438 natura
797 1384 1050 1455 quadam
1086 1384 1298 1438 referre
1331 1382 1600 1454 gratiam,
1624 1388 1680 1436 et
1711 1381 1925 1437 sollici-

267 1476 357 1526 tas
391 1471 664 1526 excubias
697 1489 799 1542 pro
851 1471 1224 1526 dominorum
1289 1472 1479 1526 salute
1526 1471 1927 1541 prmtendere?

266 1557 424 1614 Unde
483 1560 552 1613 ad
623 1561 997 1615 immemores
1053 1559 1341 1627 beneﬁcii,
1373 1564 1429 1614 et
1488 1559 1719 1614 desides
1750 1563 1926 1628 atque

263 1647 504 1719 ignavos
537 1646 751 1703 clamat
803 1648 1107 1719 Scriptura
1155 1665 1166 1702 :
1226 1648 1396 1703 Canes
1441 1650 1601 1714 muti,
1631 1649 1925 1702 nescientes

264 1737 604 1807 latrareUsa.
641 1755 748 1803 va,
787 1737 896 1807 le).
932 1737 1084 1791 Sunt
1131 1753 1269 1808 ergo
1300 1753 1473 1792 canes
1522 1735 1619 1807 qui
1665 1735 1925 1790 noverint

267 1823 483 1880 latrare
511 1842 613 1896 pro
647 1825 924 1890 dominis,
958 1826 1221 1880 noverint
1253 1843 1360 1880 sua
1401 1830 1552 1880 tecta
1595 1824 1921 1879 defendere.

269 1913 427 1970 Unde
459 1918 514 1968 et
545 1918 606 1968 tu
643 1913 801 1968 disce
833 1931 1029 1968 vocem
1054 1920 1212 1968 tuam
1238 1931 1501 1969 exercere
1531 1929 1634 1984 pro
1665 1911 1921 1979 Christo,

267 2002 502 2072 quando
534 2000 680 2056 ovile
711 2002 976 2056 Ecclesia:
1008 2001 1312 2057 incursant
1344 2001 1466 2072 lupi
1500 2017 1721 2072 graves.
1755 1999 1922 2054 Disce

267 2091 322 2144 in
357 2107 453 2145 ore
485 2095 583 2144 tuo
615 2091 858 2145 verbum
891 2095 1116 2157 tenere;
1152 2109 1221 2145 ne
1264 2091 1432 2162 quasi
1484 2093 1680 2144 mutus
1756 2089 1919 2143 canis

267 2178 648 2233 commissam
680 2179 784 2232 tibi
817 2178 949 2233 fidei
983 2178 1308 2233 custodiam
1349 2177 1601 2248 quodam
1653 2175 1921 2248 prevari-

272 2265 516 2322 cationis
577 2265 808 2322 silentio
868 2266 1198 2322 deseruisse
1252 2266 1525 2320 videaris.
1557 2264 1714 2319 Talis
1758 2264 1920 2319 canis

271 2355 457 2409 viator
484 2359 542 2408 et
573 2371 766 2409 comes
799 2352 988 2425 angeli
1022 2358 1130 2417 est,
1165 2371 1339 2426 quem
1378 2353 1629 2425 Raphael
1679 2353 1737 2406 in
1772 2352 1920 2406 libro

266 2443 606 2515 prophetico
639 2460 751 2497 non
802 2443 985 2497 otiose
1033 2443 1146 2498 sibi
1196 2449 1252 2497 et
1301 2443 1493 2499 Tobiae
1527 2443 1636 2514 (L35)
1668 2441 1785 2496 ﬁlio
1819 2441 1918 2495 ad-

258 2531 632 2603 jungendum
665 2531 1148 2601 putavit,quaudo
1170 2531 1423 2603 perrexit
1453 2535 1517 2585 ut
1546 2530 1919 2585 Asmodazum

265 2622 515 2692 fugaret,
552 2619 814 2674 firmaret
843 2619 1113 2690 copulam
1148 2619 1515 2691 conjugalem
1544 2620 1687 2687 (Tob.
1722 2635 1797 2682 v1,
1844 2619 1915 2688 1),

263 2727 339 2774 xI,
371 2708 447 2779 9).
503 2707 779 2763 Memoris
811 2707 967 2762 enim
1000 2709 1240 2763 affectus
1291 2709 1480 2779 gratia
1530 2706 1764 2778 pellitur
1803 2707 1919 2760 dae-

267 2797 556 2865 monium,
590 2795 888 2851 stabilitur
918 2796 1278 2867 conjugium.
1300 2796 1471 2850 Muta:
1504 2796 1699 2866 itaque
1729 2793 1919 2865 specie

267 2885 464 2941 bestiis
525 2889 763 2938 sanctus
814 2882 1068 2954 Raphael
1130 2883 1375 2954 angelus
1423 2883 1612 2938 Tobiae
1661 2883 1917 2954 juvenis,

268 2989 444 3046 quem
494 2961 778 3028 tuendum
829 2975 1142 3042 receperat,
1189 2973 1259 3026 ad
1311 2970 1688 3027 relationnem
1721 2971 1917 3044 gratia:

269 3062 573 3118 erudiebat
622 3061 914 3115 affectum.
947 3059 1086 3123 Quis
1117 3061 1272 3115 enim
1308 3077 1419 3115 non
1454 3062 1758 3116 erubescat
1787 3077 1916 3132 gra-

268 3151 409 3205 tiam
440 3150 586 3204 bene
608 3149 677 3203 de
708 3164 769 3203 se
802 3149 1157 3204 merentibus
1183 3165 1295 3204 non
1319 3149 1694 3215 referre,cum
1720 3150 1918 3205 videat

2029 585 2358 640 medentem
2393 586 2526 654 sibi,
2561 592 2617 641 et
2644 587 2747 642 tali
2778 589 3034 644 remedio
3085 585 3448 642 imminentis
3477 585 3697 642 mortis

2031 674 2224 745 spatia
2253 691 2288 745 p
2303 675 2669 730 referentem.

2100 761 2188 814 20.
2236 760 2459 816 Clamat
2510 763 2634 833 ipse
2683 763 2968 819 Dominus
3027 763 3086 818 in
3137 762 3402 818 Jeremiaa
3458 761 3612 818 libro
3677 780 3695 818 :

2034 850 2229 904 Τηνίων
2247 859 2297 904 et
2330 851 2586 916 hirundo,
2621 855 2746 920 agri
2771 869 3010 923 passeres
3039 851 3412 906 custodierunt
3444 854 3704 922 tempora

2031 940 2295 993 introitus
2322 942 2410 993 sui
2439 940 2552 1009 (67)
2584 957 2602 1001 ;
2629 942 2862 1011 populus
2890 946 3074 996 autem
3101 956 3254 995 meus
3285 956 3396 995 non
3434 935 3702 1008 cognovit

2029 1027 2247 1098 judicia
2291 1029 2527 1082 Domini
2581 1031 2796 1100 (Jerem.
2852 1047 2971 1096 vm,
3048 1031 3124 1098 7).
3197 1027 3364 1083 Novit
3433 1027 3700 1083 hirundo

2034 1117 2267 1186 quando
2328 1117 2540 1183 veniat,
2605 1118 2756 1173 120
2809 1117 3041 1188 quando
3095 1117 3273 1171 etiam
3340 1119 3694 1170 revertatur.

2034 1203 2200 1258 Novit
2230 1203 2404 1258 etiam
2433 1204 2526 1274 pia
2556 1205 2677 1259 avis
2713 1207 2822 1275 (68)
2855 1205 3203 1260 annuntiare
3252 1204 3541 1259 adventus
3591 1202 3697 1258 sui

2033 1293 2365 1348 testimonio
2424 1294 2572 1348 veris
2622 1294 2924 1348 indicium.
2987 1294 3154 1348 Novit
3201 1293 3378 1348 etiam
3438 1291 3695 1347 formica

2033 1381 2330 1452 explorare
2361 1382 2689 1441 serenitatis
2719 1387 3010 1453 tempora;
3045 1397 3180 1434 nam
3211 1397 3342 1435 cum
3374 1379 3699 1435 adverterit

2037 1469 2368 1524 madidatos
2401 1471 2586 1525 imbre
2611 1471 2834 1526 fructus
2857 1487 2995 1525 suos
3017 1467 3697 1540 humescere,explorato

2036 1557 2375 1629 diligentius
2407 1575 2536 1613 aere
2572 1560 2804 1630 quando
2827 1561 3030 1630 jugem
3063 1557 3247 1630 possit
3267 1573 3498 1613 servare
3529 1560 3696 1611 tem-

2038 1648 2278 1717 periem,
2313 1664 2546 1702 acervos
2578 1652 2795 1702 reserat
2828 1665 2987 1712 suos,
3021 1652 3076 1701 et
3124 1647 3193 1701 de
3235 1645 3498 1701 cavernis
3531 1645 3696 1702 foras

2041 1737 2165 1791 suis
2218 1735 2480 1790 humeris
2531 1740 2823 1807 exportat;
2876 1741 2939 1790 ut
2979 1736 3107 1807 jugi
3140 1733 3260 1792 sole
3300 1734 3536 1806 propria
3566 1734 3699 1788 fru-

2042 1831 2239 1880 menta
2269 1825 2576 1879 siccentur.
2615 1825 2872 1896 Denique
2917 1825 3378 1896 haudquaquam
3411 1821 3528 1877 illis
3560 1821 3694 1877 die-

2038 1916 2148 1970 bus
2199 1915 2476 1969 omnibus
2507 1912 2700 1984 rumpi
2752 1913 2822 1968 de
2870 1913 3126 1968 nubibus
3185 1911 3403 1966 imbres
3455 1910 3698 1978 videris,

2036 2003 2149 2058 nisi
2184 2015 2312 2057 cum
2350 2003 2545 2074 fruges
2595 2019 2733 2057 suas
2765 2001 2989 2056 horreis
3023 2001 3274 2073 propriis
3307 1999 3553 2055 formica
3599 2015 3697 2054 re-

2031 2096 2338 2147 vocaverit.
2364 2091 2544 2146 Boves
2575 2090 2947 2162 impendente
2981 2089 3174 2161 pluvia
3201 2090 3273 2144 ad
3308 2087 3591 2160 praasepia
3623 2103 3693 2144 se

2032 2187 2224 2236 tenere
2254 2180 2725 2234 noverunt.ldem
2761 2179 2859 2233 ubi
2888 2177 3137 2233 naturali
3177 2193 3353 2232 sensu
3402 2175 3691 2230 mutatio-

2031 2287 2164 2324 nem
2198 2267 2322 2323 εωΙὶ
2354 2267 2712 2338 collegerint,
2748 2267 2900 2322 foras
2933 2269 3215 2337 spectant,
3248 2269 3303 2320 et
3336 2263 3486 2319 ultra
3534 2281 3684 2335 pra:-

2031 2358 2195 2429 scpia
2225 2356 2474 2412 cervices
2505 2355 2825 2411 extendunt
2856 2372 2994 2410 suas
3045 2371 3164 2409 una
3213 2369 3415 2408 omnes
3448 2353 3682 2424 specie;

2032 2453 2097 2502 ut
2147 2445 2376 2518 prodire
2428 2461 2488 2500 se
2536 2443 2680 2499 velle
2726 2449 3033 2499 testentur.
3083 2443 3217 2498 Ovis
3268 2443 3378 2497 sub
3426 2442 3685 2496 adventu

2029 2535 2243 2590 hiemis
2270 2532 2634 2604 inexplebilis
2660 2534 2732 2587 ad
2766 2549 2959 2588 escam
2991 2529 3402 2587 insatiabiliter
3432 2529 3684 2585 herbam

2031 2625 2202 2696 rapit,
2255 2641 2320 2678 eo
2371 2622 2523 2693 quod
2576 2621 2909 2693 praesentiat
2965 2620 3275 2692 asperitate
3321 2616 3532 2673 hiemis
3563 2617 3688 2688 (69)

2030 2715 2361 2768 defuturam
2383 2715 2472 2778 ;ut
2500 2726 2561 2765 se
2594 2709 2757 2781 prius
2787 2709 2977 2764 herbae
3012 2706 3223 2780 pabulo
3260 2706 3686 2776 farciat,quam

2030 2801 2160 2874 gelu
2195 2801 2472 2855 adurente
2502 2797 2694 2853 omnis
2725 2797 2908 2852 herba
2955 2796 3203 2851 deﬁciat.
3256 2794 3511 2850 Echinus
3569 2794 3688 2849 iste

2028 2897 2314 2957 terrenus,
2349 2905 2522 2959 quem
2554 2885 2725 2958 vulgo
2756 2886 3001 2941 ericium
3034 2889 3261 2950 vocant,
3280 2883 3328 2938 si
3357 2882 3497 2955 quid
3526 2882 3686 2938 insi-

2028 2981 2258 3035 diarum
2304 2976 2687 3049 praesenserit.
2725 2975 2912 3046 spinis
2967 2973 3089 3028 suis
3141 2972 3456 3038 clauditur,
3498 2975 3686 3042 atque

2028 3070 2086 3123 in
2118 3084 2223 3123 sua
2255 3083 2317 3121 se
2348 3082 2512 3119 arma
2540 3061 2782 3135 colligit,
2819 3067 2881 3117 ut
2911 3061 3246 3133 quicunque
3275 3076 3409 3115 eum
3441 3059 3684 3114 contin-

2028 3158 2283 3230 gendum
2334 3152 2636 3224 putaverit,
2686 3151 3043 3206 vulneretur.
3109 3151 3382 3220 Idemque
3428 3147 3682 3204 echinus

267 3241 443 3295 etiam
475 3237 714 3307 bestias,
748 3237 1010 3308 refugere
1041 3238 1261 3292 crimen
1295 3238 1548 3310 ingrati?
1579 3238 1642 3292 Et
1669 3237 1777 3292 illa:
1809 3239 1914 3294 im-
1947 3223 1990 3291 Ο
2029 3223 2210 3301 {Uiuri
2241 3223 2550 3315 providens
2579 3239 2842 3311 geminas
2875 3238 2986 3293 sibi
3019 3235 3344 3308 respirandi
3374 3236 3498 3292 vias
3536 3253 3679 3292 mu-

265 3327 486 3400 pertitae
519 3325 804 3381 alimonia
856 3330 1087 3380 servant
1134 3327 1500 3396 memoriam,
1532 3331 1594 3381 tu
1634 3343 1749 3381 non
1781 3344 1905 3384 ser-

265 3434 365 3472 vas
395 3415 602 3472 salutis
635 3413 915 3486 accepta?

338 3505 425 3558 18.
460 3503 604 3558 Ursa
632 3503 920 3558 insidians
952 3503 1103 3570 licet,
1139 3508 1201 3558 ut
1231 3504 1531 3576 Scriptura
1575 3505 1658 3560 ait
1688 3506 1902 3577 (Thren.

266 3611 348 3660 ιιι,
383 3592 492 3663 40),
520 3595 608 3646 est
635 3591 791 3646 enim
824 3591 994 3662 plena
1033 3592 1254 3647 fraudis
1299 3593 1452 3661 fera;
1485 3598 1678 3649 tamen
1727 3595 1908 3649 fertur

265 3683 545 3737 informes
579 3684 739 3734 utero
769 3685 969 3751 partus
1000 3681 1190 3746 edere,
1223 3681 1324 3735 sed
1359 3687 1524 3737 natos
1554 3682 1754 3754 lingua
1792 3683 1906 3737 ﬁn-

265 3786 399 3842 gere
447 3767 710 3842 atquein
744 3767 995 3838 speciem
1046 3767 1138 3822 sui
1185 3768 1750 3842 similitudinemque
1798 3771 1908 3825 for-

267 3786 399 3842 gere
447 3785 620 3838 atque
744 3785 995 3838 spemem
1046 3785 1138 3822 SUl
1185 3785 1750 3842 Similitudinemque
1798 3785 1904 3825 10r-

267 3873 446 3913 mare.
482 3857 606 3911 Non
628 3785 894 3942 (miraris
940 3856 999 3910 in
1051 3857 1171 3911 fera
1218 3860 1339 3912 tam
1389 3859 1467 3929 pii
1525 3859 1642 3914 oris
1694 3859 1904 3926 ofﬁcia,

265 3946 434 4017 cujus
465 3949 734 4000 naturam
765 3945 948 4016 pietas
977 3946 1284 4017 exprimit?
1310 3946 1456 4002 Ursa
1483 3946 1659 4019 igitur
1704 3952 1908 4019 partus

264 4051 402 4089 suos
457 4035 527 4090 ad
578 4033 668 4089 sui
701 4033 927 4106 effingit
957 4033 1426 4102 similitudinem,
1459 4040 1522 4090 tu
1575 4034 1725 4090 ﬁlios
1777 4041 1908 4092 tuos

264 4122 571 4178 instituere
600 4121 823 4177 similes
852 4122 935 4176 tui
968 4138 1078 4177 non
1103 4123 1306 4194 potes?

335 4210 421 4266 19.
459 4211 604 4276 Quid
639 4211 789 4282 quod
841 4210 1017 4266 etiam
1068 4213 1339 4267 medendi
1395 4212 1746 4268 industriam
1793 4230 1908 4268 non

263 4299 674 4370 praetermisit?
705 4300 1006 4371 Siquidem
1039 4301 1197 4373 gravi
1230 4301 1436 4357 affecta
1466 4302 1639 4366 caede,
1672 4305 1728 4357 et
1768 4318 1909 4357 con-

264 4389 528 4443 sauciata
564 4387 906 4444 vulneribus
947 4390 1166 4445 mederi
1216 4390 1327 4444 sibi
1377 4390 1534 4445 novit
1577 4390 1768 4445 herbae
1815 4390 1908 4446 cui

265 4493 478 4531 nomen
508 4480 596 4531 est
624 4484 809 4547 φλόμος
841 4479 972 4548 (66),
1025 4483 1088 4532 ut
1137 4478 1314 4533 Grznci
1355 4478 1668 4550 appellant,
1719 4479 1911 4535 ulcera

2018 3336 2136 3401 nit;
2194 3338 2259 3386 ut
2307 3330 2542 3402 quando
2593 3329 2832 3383 Boream
2893 3328 3170 3381 ﬂaturum
3225 3324 3539 3398 collegerit,
3572 3325 3678 3381 Se-

2016 3419 2466 3496 ptentrionalem
2515 3417 2813 3482 obstruat;
2865 3415 3097 3486 quando
3147 3414 3292 3468 Noto
3337 3413 3674 3485 cognoverit

2016 3511 2234 3583 detergi
2265 3508 2414 3564 aeris
2462 3506 2684 3574 nubila,
2718 3505 2790 3559 ad
2835 3501 3356 3575 Septentrionalem
3405 3519 3466 3557 se
3515 3517 3658 3556 con-

2017 3604 2181 3663 ferat,
2216 3603 2280 3653 ut
2310 3598 2483 3651 flatus
2510 3593 2758 3649 declinet
2791 3593 3011 3657 obvios,
3043 3596 3098 3647 et
3143 3608 3173 3646 e
3221 3590 3454 3663 regione
3500 3589 3664 3645 noci-

2017 3697 2198 3745 turos.

2086 3777 2171 3832 21.
2209 3774 2369 3830 Unde
2399 3772 2636 3844 dignam
2669 3770 2913 3826 Domine
2962 3768 3195 3824 laudem
3245 3767 3533 3840 Propheta
3561 3768 3660 3822 de-

2016 3866 2170 3933 tulit,
2231 3863 2429 3918 dicens
2475 3879 2488 3915 :
2541 3865 2720 3930 Quam
2764 3859 3116 3928 magniﬁcam
3156 3866 3282 3912 sunt
3327 3873 3490 3929 opera
3539 3861 3658 3922 tua,

2015 3955 2274 4010 Domine!
2309 3951 2502 4006 Omnia
2531 3950 2592 4003 in
2621 3950 2896 4018 sapientia
2942 3948 3120 4018 fecisti
3161 3947 3330 4016 (Psal.
3379 3963 3496 4013 CIII,
3543 3946 3659 4017 24),

2017 4041 2225 4099 Omnia
2273 4041 2538 4112 penetrat
2583 4037 2780 4091 divina
2831 4036 3139 4108 sapientia,
3172 4033 3376 4107 implet
3421 4033 3656 4100 omnia;

2020 4133 2192 4202 idque
2255 4126 2606 4199 locupletius
2677 4142 2744 4180 ex
2816 4123 3306 4180 irrationabilium
3364 4122 3658 4187 sensibus,

2019 4237 2196 4292 quam
2227 4235 2297 4273 ex
2327 4213 2764 4271 rationabilium
2799 4213 3190 4285 disputatione
3222 4209 3660 4284 colligitur.Va-

2019 4309 2196 4365 lidius
2225 4311 2312 4362 est
2338 4304 2493 4360 enim
2522 4307 2742 4357 naturae
2775 4301 3200 4368 testimonium,
3235 4316 3411 4372 quam
3453 4298 3665 4355 doctri-

2020 4416 2104 4454 me
2128 4391 2667 4468 argumentum.Cui
2687 4391 2973 4470 animanti
2989 4389 3349 4462 incognitum
3365 4392 3664 4460 estquem-

2021 4485 2340 4542 admodum
2373 4499 2540 4537 suam
2585 4485 2822 4535 tueatur
2866 4478 3117 4534 salutem
3154 4497 3166 4533 :
3201 4478 3249 4533 si
3293 4477 3478 4532 virtus
3530 4493 3666 4547 sup-

267 4563 589 4636 SUbjiCiens
622 4581 749 4631 sua,
799 4570 863 4619 ut
911 4566 1032 4622 8010
1083 4572 1359 4622 curentur
1389 4571 1628 4622 attactu.
1663 4567 1910 4639 Serpens
1941 4590 1988 4655 D
2021 4575 2182 4649 petit,
2224 4570 2576 4636 resistendo;
2613 4569 2661 4624 si
2703 4567 2976 4633 velocius,
3004 4567 3314 4639 fugiendo;
3350 4565 3400 4621 si
3426 4564 3663 4631 astutia,

269 4668 500 4724 quoque
534 4657 705 4724 pastu
738 4653 973 4709 feniculi
997 4655 1312 4710 cazcitatem
1344 4656 1568 4728 repellit
1593 4661 1909 4728 exceptam.

270 4743 471 4813 Itaque
504 4741 599 4796 ubi
634 4741 833 4796 oculos
867 4743 1077 4798 obduci
1101 4744 1211 4799 sibi
1245 4745 1512 4815 senserit,
1545 4750 1681 4801 nota
1728 4763 1913 4801 reme-

269 4829 365 4887 dia
397 4831 560 4903 petit,
594 4848 697 4886 nec
729 4831 1032 4887 fraudetur
1063 4832 1287 4888 effectu.
1313 4835 1566 4890 Testudo
1595 4835 1915 4890 visceribus

271 4925 437 4992 pasta
468 4920 780 4992 serpentis,
814 4938 947 4976 cum
981 4938 1268 4977 venenum
1315 4923 1624 4978 adverterit
1653 4923 1764 4978 sibi
1796 4939 1915 4978 ser-

270 5026 424 5081 pere,
462 5010 700 5082 origano
734 5010 1085 5066 medicinam
1139 5029 1256 5066 suae
1302 5011 1510 5067 salutis
1560 5018 1784 5067 exercet
1816 5029 1827 5067 :
1863 5017 1919 5068 et

271 5115 405 5153 cum
455 5099 532 5153 sit
574 5099 898 5155 volutabris
947 5100 1308 5172 palustribus
1359 5117 1570 5171 mersa,
1621 5118 1823 5156 curare
1853 5118 1915 5158 se

275 5191 468 5242 tamen
501 5189 736 5259 proprie
769 5189 926 5243 nevit
955 5190 1235 5256 antidoto,
1271 5194 1541 5261 certoque
1575 5189 1786 5245 auxilio
1819 5208 1917 5246 sa-

274 5274 475 5330 nitatis
537 5281 852 5347 potestates
899 5277 1212 5334 herbarum
1262 5279 1438 5334 etiam
1488 5277 1614 5349 ipsa
1664 5280 1810 5334 scire
1855 5295 1917 5336 se

346 5443 460 5514 (65)
493 5443 632 5498 Mss.
693 5447 952 5516 quinque
1003 5445 1259 5502 melioris
1306 5447 1428 5514 sivi,
1477 5451 1527 5502 et
1578 5448 1744 5502 Tobis.
1804 5448 1915 5503 Alii

275 5518 605 5588 quatuor,et
641 5516 782 5588 Tobi,
817 5523 873 5588 et
899 5517 980 5571 sic
1015 5518 1071 5570 in
1103 5519 1509 5588 sequentibus.
1544 5518 1707 5574 LXX.
1742 5529 1916 5581 Τωδίτ.

350 5585 441 5656 (66
493 5591 707 5656 ψλόμος,
741 5587 937 5641 Latine
966 5584 1328 5643 verbascum.

350 5584 463 5731 (67)
493 5654 600 5715 Sex
630 5673 798 5730 mea,
831 5665 1072 5730 tempora
1092 5659 1214 5718 nidi
1238 5661 1328 5717 sui

348 5654 462 5730 (67)
493 5654 613 5715 Sex'
630 5673 798 5730 mea,
831 5665 1072 5730 tempora
1092 5659 1214 5718 nidi
1238 5661 1347 5719 sui.

2022 4658 2428 4737 prrecavendo?
2459 4658 2564 4724 Qui
2591 4673 2688 4712 eas
2710 4674 2883 4712 usum
2917 4655 3184 4710 medendi
3233 4655 3666 4724 herbarumque

2023 4752 2219 4808 decuit
2247 4749 2461 4804 habere
2488 4745 2801 4802 notitiam?
2833 4746 3106 4800 Homines
3141 4759 3369 4811 sumus,
3414 4749 3470 4797 et
3517 4757 3669 4812 saepe

2022 4841 2213 4914 specie
2241 4838 2556 4893 herbarum
2588 4834 2931 4902 fallimur,et
2962 4833 3305 4906 plerumque
3337 4847 3480 4903 quas
3512 4828 3669 4885 salu-

2020 4933 2154 4986 bres
2217 4931 2514 5000 putamus,
2573 4922 2774 4978 noxias
2840 4921 3183 4994 reperimus.
3233 4919 3469 4985 Quoties
3519 4919 3671 4973 inter

2023 5018 2224 5074 dulces
2251 5013 2454 5087 epulas
2483 5011 2650 5066 cibus
2679 5010 2914 5066 lethalis
2952 5009 3207 5081 irrepsit,
3241 5014 3298 5064 et
3327 5007 3479 5062 inter
3509 5008 3670 5080 ipsas

2025 5107 2349 5165 aulicorum
2382 5101 2655 5157 excubias
2686 5099 3113 5166 ministrorum,
3135 5097 3333 5153 vitalia
3363 5113 3567 5168 regum
3599 5095 3671 5150 fe-

2026 5198 2162 5254 ralis
2191 5212 2323 5251 esca
2354 5190 2715 5265 penetravit?
2748 5190 2902 5245 Ferae
2935 5189 3055 5244 sole
3107 5191 3323 5243 nerunt
3370 5187 3544 5242 odore
3576 5200 3672 5239 ne.

2023 5289 2118 5343 xia
2163 5289 2220 5340 et
2266 5282 2570 5356 profutura
2617 5279 2946 5334 discernere
2987 5295 2999 5332 :
3044 5276 3203 5333 nullo
3236 5275 3468 5349 previo,
3513 5272 3672 5329 nullo

2098 5454 2206 5525 (68)
2235 5454 2441 5525 ltauest
2470 5447 2716 5515 ciconia,
2750 5447 2822 5525 de
2857 5465 2972 5518 qua
3003 5464 3180 5525 supra
3210 5444 3256 5525 l._
3281 5463 3334 5499 v.
3369 5460 3418 5498 c.

2098 5516 2208 5599 (‘69)
2259 5522 2409 5577 Edit.
2463 5535 2686 5585 omnes,
2745 5523 2808 5599 et
2849 5516 2990 5599 mss.
3044 5516 3286 5599 aliquot,
3329 5516 3678 5599 asperitatem

2025 5588 2219 5676 hiemis
2245 5599 2511 5676 laturam,
2544 5589 2810 5676 nonnulli
2850 5588 3191 5662 adfuturam.
3239 5588 3518 5645 Omnium
3576 5601 3677 5644 an-

2025 5662 2348 5743 tiquissimi
2376 5665 2442 5722 ut
2470 5677 2576 5721 nos
2599 5662 2659 5719 in
2689 5665 2868 5721 textu.
