3932 6212
145 347 246 407 963

138 483 573 552 przegustatore
621 481 882 552 carpitur
925 481 1127 547 herba,
1183 499 1288 536 nec
1337 481 1512 536 lmdit.

144 568 286 624 enim
321 568 616 640 magistra
645 568 902 624 veritatis
936 575 1146 624 natura
1195 577 1302 625 est.
1338 571 1464 625 H.130
1525 573 1647 626 sine
1703 571 1788 623 nl-

143 658 244 710 lius
268 657 618 727 magisterio
633 659 974 712 suavitatem
998 659 1264 712 sanitatis
1289 666 1410 712 nost
1428 659 1502 713 ris
1535 660 1790 713 infundit

141 745 433 808 sensibus,
471 746 674 800 eadem
711 746 926 801 doloris
957 749 1328 802 acerbitatem
1359 749 1523 801 docet.
1549 767 1674 801 esse
1711 751 1790 802 lu-

142 835 430 904 giendam.
449 835 598 888 Hinc
618 835 735 889 vita
755 836 997 904 dulcior,
1023 836 1156 890 hinc
1183 854 1339 890 mors
1369 837 1638 890 amarior.
1659 837 1788 890 Ilmc

141 923 520 976 commendat
549 922 740 977 leaena:
771 923 994 977 catulos
1027 942 1188 989 suos,
1217 930 1270 978 et
1305 926 1588 978 immitem
1611 926 1787 979 fs'iram

143 1017 400 1065 materno
431 1010 626 1065 mollit
659 1013 886 1065 affectu.
928 1012 1052 1067 Hmc
1088 1013 1317 1084 tigridis
1354 1013 1678 1084 interpellat
1711 1015 1787 1066 fc.-

144 1099 465 1165 rocitatcm,
521 1103 572 1151 et
622 1099 1025 1154 imminentem
1080 1119 1205 1154 eam
1258 1103 1464 1172 prmia}
1526 1103 1786 1155 I‘cilct‘tit.

144 1191 399 1257 Namque
436 1187 539 1240 ubi
572 1205 818 1241 vacuum
856 1193 1028 1260 raptae
1062 1190 1278 1241 sobolis
1331 1193 1438 1242 ίίι¹ι
1471 1191 1516 1240 to
1567 1208 1788 1242 remi-c-

144 1277 226 1339 rit,
258 1275 417 1329 illico
452 1277 718 1347 vestigiis
753 1279 998 1348 raptoris
1049 1279 1283 1332 insistit.
1323 1281 1385 1331 At
1440 1278 1536 1330 illc
1584 1297 1790 1350 quain-

141 1366 217 1417 vis
247 1381 400 1435 equo
435 1370 637 1419 vectus
673 1366 880 1437 fugaci,
915 1366 1117 1420 videns
1150 1371 1342 1420 tamen
1372 1367 1672 1419 velocitate
1713 1369 1789 1420 fe-

145 1471 207 1505 r:e
239 1471 298 1506 se
331 1469 514 1524 posse
542 1455 823 1525 praeverti,
859 1472 961 1508 nec
993 1456 1266 1509 evadendi
1305 1455 1486 1508 ullum
1521 1461 1790 1525 suppi-to-

143 1559 195 1596 re
225 1542 332 1597 sibi
368 1560 550 1613 posse
581 1543 934 1611 subsidium,
967 1544 1237 1599 technam
1273 1545 1606 1611 hujusmoli
1640 1547 1790 1597 "imi-

141 1633 202 1685 de
235 1630 503 1685 molitur.
542 1631 649 1686 Ubi
685 1633 902 1686 I2Isc
934 1631 1277 1702 contiguum
1323 1633 1545 1695 viderit,
1601 1633 1787 1702 splnr-

141 1738 254 1774 ram
285 1721 356 1774 de
385 1721 541 1773 vitro
579 1721 833 1790 projicit:
872 1727 926 1773 at
965 1721 1061 1774 illa
1096 1721 1349 1788 imagine
1405 1721 1492 1774 sui
1547 1721 1788 1784 luditur,

139 1815 188 1861 ct.
217 1808 487 1862 sobolem
525 1815 711 1879 putat.
747 1810 1296 1878 revocatimpetum,
1324 1809 1786 1881 colligi‘wcl'ctum
1827 1847 1868 1908 Β

141 1896 502 1950 desiderans.
543 1897 766 1950 Rursus
801 1897 954 1949 inani
991 1898 1182 1967 specie
1216 1903 1437 1950 rctcnia
1471 1899 1604 1950 totis
1630 1917 1688 1951 se
1721 1900 1788 1952 ad

141 1984 760 2054 comprehendendum
779 1985 1032 2054 equitem
1050 1984 1269 2038 viribus
1291 1987 1474 2039 fundit
1491 1992 1545 2039 et
1570 1987 1720 2039 iraen
1737 2005 1794 2039 n—

144 2072 240 2125 dia:
270 2072 519 2126 stimulo
551 2071 800 2126 velocior
833 2072 1068 2141 fugienti
1106 2073 1390 2126 imminet.
1440 2073 1536 2127 llle
1583 2075 1788 2128 iterum

144 2161 372 2231 Sphzeraz
407 2161 641 2231 objeclu
679 2166 1017 2231 sequentem
1050 2163 1334 2225 retardat;
1361 2179 1457 2215 nec
1485 2167 1674 2216 tamen
1710 2180 1793 2216 sc-

145 2249 442 2303 dulitatem
482 2248 692 2303 matris
726 2251 1006 2303 mcmoria
1057 2251 1278 2302 fraudis
1329 2251 1613 2305 exitlurlit:
1672 2270 1792 2305 cas-

147 2356 261 2392 sam
294 2343 491 2392 versat
527 2338 868 2410 imaginem,
905 2339 1143 2409 etquasi
1172 2338 1452 2392 laetatura
1489 2342 1634 2392 fctus
1661 2340 1791 2393 rosi-

147 2427 252 2481 det.
285 2427 377 2482 Sic
413 2426 654 2498 pietatis
685 2444 800 2481 sum
833 2427 1024 2482 studio
1058 2429 1317 2498 decepta,
1366 2433 1421 2480 et
1475 2429 1789 2482 vindictam

148 2515 350 2569 amittit
381 2522 436 2570 et
466 2514 756 2569 sobolem.

207 2607 290 2656 22.
352 2604 530 2668 Quod
589 2604 756 2658 nobis
816 2605 1117 2675 Scriptura
1186 2607 1369 2670 ati'crt,
1423 2625 1547 2676 quas
1619 2606 1787 2658 dicit:

148 2695 282 2752 Filii,
315 2693 541 2762 diligite
568 2696 749 2763 patres
784 2698 1020 2752 vestros:
1051 2700 1319 2764 parentes,
1358 2696 1522 2747 nolite
1548 2695 1624 2747 ad
1679 2697 1787 2746 ira-

147 2781 388 2835 cundiam
442 2797 749 2853 provocare
803 2782 945 2850 ﬁlios
1006 2787 1208 2837 vestros
1266 2783 1486 2854 (Cc/oss.
1538 2801 1618 2850 ιιι,
1678 2785 1787 2850 2U).

151 2871 354 2925 Natura
393 2871 513 2924 hoc
564 2869 766 2925 bestiis
816 2871 1090 2934 infundit,
1143 2878 1203 2924 ut
1253 2872 1473 2923 catti’os
1527 2873 1790 2942 proprios

151 2965 348 3023 ament,
390 2961 549 3013 fetus
581 2975 720 3011 suos
752 2959 1010 3027 diligant.
1047 2959 1324 3012 Nesciunt
1358 2961 1464 3013 illa:
1511 2962 1641 3013 odia
1691 2977 1790 3013 no-

154 3047 406 3111 vercalia,
433 3063 549 3100 nec
582 3052 804 3101 mutato
849 3049 1159 3101 concubitu
1218 3055 1482 3117 parentes
1516 3068 1546 3101 a
1597 3049 1791 3102 sobole

154 3136 558 3206 depravantur,
598 3153 780 3206 neque
813 3141 1096 3190 noverunt
1127 3140 1391 3208 praeferre
1427 3140 1572 3191 tiiios
1605 3144 1788 3207 poste-

157 3224 308 3280 rioris
340 3223 591 3296 copulaz,
629 3225 943 3294 superioris
985 3230 1178 3279 autem
1216 3225 1522 3297 ncgligrre.
1572 3226 1791 3280 Norant
1823 3210 1862 3273 (ἶ

157 3315 383 3384 pignora
411 3331 549 3379 sua,
584 3313 848 3367 nesciunt
872 3314 1171 3368 charitatis
1207 3316 1792 3376 differentiam,odio-

155 3419 271 3456 rum
320 3402 635 3466 incentiva,
691 3403 1076 3456 offensionum
1127 3403 1491 3456 discrimina.
1538 3405 1796 3473 Simplex

159 3493 397 3546 ferarum
432 3494 650 3545 notura
679 3496 785 3558 est,
817 3491 999 3546 nescit
1031 3493 1288 3545 veritatis
1321 3492 1667 3546 calumnias.
1703 3494 1796 3547 Sic

159 3580 299 3634 enim
329 3579 537 3634 omnia
568 3580 912 3650 temperavit
941 3580 1113 3645 Deus,
1148 3585 1208 3633 ut
1235 3581 1450 3652 quibus
1476 3581 1670 3635 minus
1716 3600 1797 3635 ra-

159 3668 320 3722 tionis
364 3669 558 3732 daret,
620 3666 751 3737 plus
802 3667 1131 3740 indulgeret
1179 3670 1441 3723 ati’ectus.
1496 3673 1626 3734 Qua}
1679 3672 1797 3723 fera

159 3772 250 3825 pro
297 3757 514 3811 catulis
554 3757 678 3810 suis
709 3774 820 3810 non
873 3757 1000 3827 ipsa
1052 3758 1422 3828 potissimum
1476 3776 1536 3811 se
1591 3760 1794 3812 otl‘crat

158 3846 354 3899 morti?
383 3847 526 3909 Quae
561 3845 679 3899 fera
699 3845 848 3899 fetus
871 3862 1028 3912 suos,
1047 3844 1371 3899 innumeris
1398 3846 1527 3898 licrt
1559 3848 1796 3900 oti~=cssa

157 3935 339 3988 cuneis
361 3938 753 3997 armatorum,
783 3951 897 3986 non
943 3933 1066 3986 suis
1127 3934 1443 3988 visceribus
1475 3936 1665 4004 tegat?
1708 3936 1795 3988 ln-

160 4030 311 4091 gruat
336 4022 475 4076 licet
509 4021 754 4075 telorum
791 4039 977 4092 seges,
1012 4022 1111 4075 illa
1140 4031 1330 4076 tamen
1367 4025 1634 4094 parvulos
1659 4042 1795 4078 suos

160 4127 311 4165 muro
343 4112 430 4166 sui
470 4111 732 4180 corporis
777 4116 971 4180 swptos
1015 4109 1312 4164 immunes
1367 4117 1597 4181 prmstat
1653 4113 1799 4182 peri-

162 4197 442 4261 culi.Quid
474 4197 616 4250 dicit
647 4197 821 4251 homo
849 4197 946 4268 qui
979 4199 1319 4252 mandatum
1346 4200 1612 4270 ucgligit,
1635 4207 1798 4254 natu-

164 4301 272 4339 ram
296 4285 838 4341 oblitterat!Filius
883 4286 1108 4341 Patrem
1161 4287 1426 4357 despicit,
1490 4294 1648 4359 pater
1697 4292 1796 4344 al)-

165 4373 302 4428 dicat
330 4376 550 4429 filium:
590 4378 646 4428 et
678 4373 785 4430 hoc
817 4380 1025 4446 putant
1047 4377 1148 4446 jus
1181 4392 1328 4446 esse,
1356 4378 1450 4431 ubi
1487 4378 1800 4432 damnatur

169 4463 509 4520 fecunditas:
547 4480 609 4518 se
638 4464 835 4535 potius
867 4469 1030 4536 pater
1061 4466 1320 4529 damnat,
1355 4467 1450 4536 qui
1490 4468 1621 4521 facit
1671 4468 1798 4521 irri-

1403 348 1949 410 liEXAi’MERON
2001 349 2140 409 LIB.
2191 351 2290 409 Vl.

3425 348 3546 411 966

1591 481 1790 536 Melior
1818 482 1871 547 Α
1903 483 2064 536 canis
2097 482 2421 537 eruditione
2454 482 2940 554 comprehendere
2973 482 3137 538 facile
3169 481 3544 554 poteritassti-

1905 571 2068 624 mari.
2106 573 2248 625 Nam
2286 571 2380 624 ubi
2415 571 2726 642 vestigium
2751 571 2964 643 leporis
2995 571 3213 626 cervive
3247 570 3542 642 repererit,

1902 666 2072 730 at-pn-
2108 661 2174 712 ad
2212 659 2616 714 diverticulum
2650 661 2867 714 semita?
2899 659 3137 725 venerit,
3171 664 3228 714 ct
3249 659 3544 730 quoddam

1898 749 2118 801 viarum
2155 749 2474 818 compitum
2511 749 2660 818 quod
2699 753 2887 819 partes
2921 749 2978 802 in
3013 748 3298 819 plurimas
3321 747 3539 801 scindi-

1899 841 2025 902 tur;
2061 836 2259 889 ()liiens
2295 837 2658 907 singularum
2684 838 3024 892 semitarum
3047 836 3301 899 exordia,
3330 835 3544 890 tacitus

1903 943 2098 978 secum
2137 926 2259 994 ipse.
2287 929 2620 995 ι’)επγίιεεισῖειΐι,
2669 925 2829 980 velut
2879 925 3300 998 syllogisticam
3347 941 3543 978 vocem

1901 1014 2212 1081 sagacitate
2247 1012 2551 1082 colligendi
2598 1013 2792 1068 odoris
2837 1014 3133 1067 emittens.
3167 1014 3279 1066 Aut
3308 1010 3366 1065 in
3397 1010 3548 1065 hanc

1905 1108 2152 1170 partem,
2185 1101 2394 1170 inquit,
2429 1102 2680 1164 deflexit,
2714 1106 2811 1155 aut
2845 1102 2900 1155 in
2936 1101 3126 1165 illam;
3163 1106 3265 1154 aut
3296 1105 3447 1155 certe
3487 1100 3546 1153 in

1905 1191 2056 1243 hunc
2092 1209 2150 1240 sc
2184 1195 2506 1244 anfractum
2543 1189 2820 1245 contulit:
2856 1191 2956 1244 sed
2991 1206 3094 1243 nec
3129 1190 3326 1253 istam,
3362 1205 3464 1242 nec
3488 1187 3550 1241 il-

1906 1279 2018 1332 lam
2058 1281 2357 1338 ingressus
2391 1285 2475 1330 est
2506 1280 2690 1332 viam:
2727 1284 2993 1349 superest
3024 1277 3548 1349 igiturutinistam

1904 1386 1962 1420 se
2002 1388 2062 1437 pa
2077 1374 2217 1419 rtem
2255 1369 2377 1421 sine
2393 1367 3262 1433 dubitationecontulerit.Quod
3280 1365 3549 1422 homines

1905 1459 1993 1509 vix
2033 1457 2251 1526 prrdExa
2313 1457 2644 1525 cmnposita:
2693 1456 2834 1510 artis
2885 1455 3258 1509 meditatione
3307 1471 3546 1527 compo~

1905 1549 2070 1604 nunt,
2139 1545 2243 1598 hoc
2294 1545 2540 1598 canibus
2580 1562 2645 1597 ex
2697 1548 2904 1598 natura
2957 1543 3254 1614 suppetit;
3310 1547 3374 1597 ut
3422 1547 3552 1596 ante

1906 1634 2270 1687 li]t‘.tltl:lt‘jilt:tl
2309 1632 2779 1702 deprehendant;
2827 1636 2883 1684 et
2915 1636 3114 1702 postea
3167 1630 3416 1684 falsitate
3459 1645 3547 1685 re-

1908 1722 2140 1790 pudiata
2177 1721 2470 1774 inveniant
2504 1721 2827 1774 veritatem.
2865 1719 3065 1773 Nonne
3101 1718 3387 1788 totosdies
3418 1735 3550 1773 con-

1907 1813 2088 1864 l'i_-.runt
2131 1810 2457 1880 philosophi
2495 1807 2918 1881 propositiones
2951 1807 3056 1860 sibi
3089 1808 3146 1861 in
3178 1806 3414 1878 pulvere
3455 1807 3545 1861 di-

1908 1900 2183 1952 videntis.
2220 1898 2316 1967 qui
2353 1899 2510 1952 radio
2543 1898 2653 1950 sibi
2683 1897 3019 1950 describunt
3046 1895 3330 1967 singulas,
3383 1900 3439 1950 et
3482 1912 3550 1950 ex

1908 1989 2090 2040 tribus
2126 1987 2234 2055 t7”)
2279 2004 2410 2040 cum
2449 2003 2621 2039 unam
2657 2002 2855 2039 carum
2890 1985 3041 2040 1‘22
3073 2002 3263 2038 veram
3297 2001 3426 2040 esse
3449 2001 3546 2039 ne-

1904 2093 2063 2128 cesse
2095 2077 2188 2134 sit.
2223 2077 2368 2128 duas
2403 2075 2589 2145 primo
2622 2073 3270 2145 interticiunttanquam
3306 2074 3549 2128 menda-

1904 2165 1988 2217 cio
2023 2170 2427 2229 congruentes,
2463 2170 2515 2218 et
2543 2163 2625 2217 sic
2651 2164 2705 2217 in
2740 2181 2806 2217 ea
2847 2180 2972 2234 qua:
3033 2161 3230 2217 relicta
3267 2167 3374 2230 est,
3429 2162 3546 2216 vim

1904 2254 2160 2307 veritatis
2213 2254 2487 2306 inlncrerc
2541 2251 2868 2306 deﬁniunt?
2900 2251 3039 2316 Quis
3071 2255 3191 2305 tam
3235 2256 3405 2306 tenax
3447 2268 3546 2323 p0-

1906 2349 2008 2396 tnst
2045 2360 2170 2396 csse
2208 2342 2490 2406 beneficii,
2524 2347 2576 2395 et
2617 2357 2842 2395 memor
2881 2340 3122 2412 gratim?
3173 2340 3545 2414 Quandoqui-

1903 2434 2030 2484 doto
2070 2448 2170 2501 pro
2210 2432 2446 2484 domino
2490 2431 2664 2484 etiam
2698 2431 2752 2483 in
2798 2429 3051 2484 latrones
3111 2428 3335 2485 insilire
3375 2446 3545 2485 nove-

1906 2525 2056 2574 runt.
2094 2526 2149 2573 et.
2179 2525 2585 2572 extraneorum
2635 2533 2904 2571 accessus
2960 2516 3265 2588 prohibere
3313 2523 3545 2573 noctur-

1905 2629 2028 2670 n-‘s,
2062 2614 2108 2661 et
2151 2607 2291 2661 mori
2328 2625 2428 2676 pro
2462 2607 2739 2669 dominis,
2772 2610 2828 2659 et
2859 2605 3137 2660 commori
3176 2622 3310 2662 cum
3357 2607 3545 2674 domi-

1905 2699 1990 2749 nis
2026 2699 2136 2750 sint
2177 2697 2401 2765 parati?
2434 2696 2589 2766 Saepe
2621 2695 2796 2749 etiam
2831 2693 2988 2748 necis
3025 2689 3199 2748 illatae
3257 2693 3546 2750 evidentia.

1902 2805 2094 2842 canes.
2130 2788 2196 2838 ad
2235 2785 2668 2852 rmlarguendos
2703 2801 2831 2838 reos
2865 2782 3077 2837 indicia
3136 2783 3540 2855 prodiderunt,

1907 2881 1958 2926 ut
1996 2877 2152 2925 :nuto
2183 2890 2379 2924 eorum
2419 2871 2752 2924 testimonio
2776 2869 3117 2941 plerumque
3135 2870 3210 2925 sit
3231 2871 3540 2929 creditum.

1975 2963 2060 3014 2’i.
2112 2961 2426 3014 Antiocllim
2478 2960 2666 3013 ferunt
2700 2960 2753 3012 in
2809 2957 3103 3013 remotiori
3152 2964 3315 3031 parte
3376 2961 3540 3017 urbis

1904 3048 2244 3117 crepusculo
2278 3052 2544 3100 necatum
2580 3045 2787 3113 virum,
2831 3047 2929 3118 qui
2964 3063 3166 3100 canem
3201 3047 3311 3102 sibi
3344 3049 3545 3120 adjun-

1906 3145 2061 3190 ctnvn
2084 3137 2337 3189 haberet.
2363 3125 2783 3216 Milesﬁuidam
2809 3135 3105 3206 praedandi
3151 3136 3346 3191 studio
3370 3139 3543 3193 mini-

1906 3235 2021 3280 ster
2052 3226 2221 3280 caulis
2254 3225 2580 3277 exstiterat:
2619 3231 2801 3276 tectus
2837 3224 2986 3276 idem
3021 3224 3325 3278 tenebroso
3351 3227 3545 3282 adhuc

1904 3314 2014 3368 diei
2040 3313 2339 3367 cmi-dioin
2360 3312 2404 3365 al
2420 3315 2500 3366 ias
2518 3319 2705 3383 partes
2722 3317 3086 3365 Concesserat
3105 3313 3360 3380 :jacebat
3378 3314 3546 3370 inhu-

1909 3410 2127 3457 matum
2164 3403 2423 3464 cadaver,
2459 3401 3132 3472 fretiluensspectantium
3151 3401 3360 3473 vulgus
3387 3407 3544 3458 asta-

1910 3495 2024 3556 bat,
2085 3493 2246 3546 canis
2295 3495 2502 3562 questu
2577 3489 2931 3562 lacrvmabili
3002 3489 3222 3544 domini
3298 3492 3547 3548 deflebat

1907 3599 2246 3634 mruniiiam.
2296 3582 2458 3634 Forte
2512 3580 2560 3632 is
2616 3580 2710 3649 qni
2771 3595 2968 3633 necem
3020 3578 3316 3648 intulerat,
3367 3585 3434 3636 ut
3484 3598 3547 3638 se

1908 3671 2082 3724 habet
2113 3669 2370 3723 versutia
2419 3668 2660 3722 hun'iani
2718 3666 2954 3738 ingenii,
3005 3684 3120 3738 quo
3166 3669 3434 3724 versandi
3489 3670 3550 3724 in

1910 3760 2097 3812 medio
2119 3759 2461 3811 auctoritate
2501 3761 2851 3826 priesumpta
2882 3755 3053 3810 ﬁdem
3088 3757 3437 3812 adscisceret
3465 3757 3555 3814 in-

1909 3848 2300 3913 iii_u:i"suti:n,ail
2335 3845 2487 3899 illarn
2522 3844 3063 3916 circumspectantis
3097 3845 3295 3917 populi
3347 3863 3542 3902 acces-

1909 3936 1984 3988 sit
2016 3953 2308 4000 coronam,
2338 3939 2391 3987 et
2418 3934 2574 3987 velut
2610 3934 2894 3987 miserans
2939 3934 3427 4006 appropinquavit
3479 3936 3550 3990 ad

1911 4029 2107 4078 t'unus.
2145 4022 2864 4092 'i‘uincanis,scquestrato
2880 4021 3176 4092 paulisper
3202 4028 3411 4094 questu
3445 4024 3550 4078 do-

1911 4114 2069 4168 loris.
2104 4131 2264 4166 arma
2297 4111 2536 4164 ultionis
2570 4111 2892 4180 assumpsit
2921 4116 3094 4181 atque
3117 4111 3549 4182 apprehensum

1910 4203 2096 4256 tenuit
2128 4207 2183 4253 et
2215 4200 2361 4253 velut
2396 4199 2620 4269 epilogo
2653 4198 3035 4268 (Ti)quodam
3058 4198 3388 4254 miserabile
3433 4217 3556 4256 car-

1914 4308 2041 4344 men
2079 4291 2537 4343 immurmurans
2591 4287 2894 4341 universus
2943 4287 3222 4342 convertit
3262 4288 3320 4341 in
3370 4288 3552 4361 lacry-

1913 4397 2059 4440 mas,
2097 4379 2263 4431 fidi-nn
2322 4376 2643 4447 probalii‘mi
2709 4375 2912 4429 detulit
2973 4376 3106 4447 (72),
3159 4377 3311 4448 quod
3362 4377 3554 4433 solum

1913 4469 2099 4522 tenuit
2130 4485 2195 4521 ex
2221 4465 2510 4537 plurimis,
2529 4482 2629 4518 nec
2645 4464 2884 4519 dimisit.
2904 4464 3161 4536 Denique
3183 4467 3556 4537 perturbatus

169 4556 275 4606 tum
307 4570 435 4608 esse
460 4554 615 4624 quod
652 4553 871 4624 genuit.
911 4556 974 4608 Et
1005 4553 1110 4608 hoc
1142 4560 1420 4625 putantur
1441 4555 1798 4610 auctoritatis
1834 4576 1878 4638 D
1915 4557 2028 4622 ille,
2065 4556 2218 4627 quod
2255 4560 2371 4608 tam
2409 4555 2784 4607 manifestum
2819 4553 2897 4608 rei
2930 4553 3182 4608 indicem
3216 4555 3553 4627 nequeodii,

168 4655 300 4706 esse,
331 4642 427 4696 ubi
466 4641 794 4696 sterilitatis
829 4646 1036 4697 natura
1070 4642 1405 4698 mulctatur.

229 4729 311 4783 23.
342 4731 647 4786 Exsortem
683 4730 924 4785 rationis
953 4747 1154 4786 canem
1190 4749 1316 4786 esse
1353 4750 1522 4786 nemo
1572 4733 1803 4787 dubita-

169 4819 326 4885 verit;
370 4826 572 4874 tamen
607 4819 652 4872 si
707 4836 916 4874 sensus
974 4821 1101 4890 ejus
1145 4821 1399 4892 vigorem
1449 4822 1804 4890 consideres,

168 4920 357 4961 censes
380 4925 518 4961 eum
555 4907 842 4961 sentiendi
896 4910 1213 4980 sagacitate
1246 4911 1360 4963 vim
1415 4911 1523 4964 sibi.
1567 4911 1806 4964 rationis

172 4996 460 5051 asciscere.
499 4996 764 5068 Denique
796 4999 948 5068 quod
984 4997 1152 5069 pauci
1193 4997 1250 5052 iu
1302 5000 1626 5071 gymnasiis
1671 5017 1804 5054 con-

173 5082 366 5151 stituti,
404 5085 507 5156 qui
543 5090 722 5139 totam
763 5086 819 5139 in
872 5086 1151 5141 discendo
1201 5087 1328 5141 vita:
1383 5087 1804 5159 longicvitatem

175 5173 560 5239 contriverint,
595 5174 688 5228 vix
715 5179 1030 5245 potuerunt
1077 5193 1426 5247 cognoscere
1459 5184 1520 5230 ut
1573 5177 1808 5249 syllogi-

176 5272 424 5316 smorum
459 5263 908 5332 conjunctiones
959 5269 1356 5328 contexerent,
1408 5265 1513 5319 hoc
1564 5267 1812 5320 naturali

242 5427 348 5496 (70)
407 5429 550 5483 Mss.
602 5447 829 5497 novem,
875 5432 985 5486 sibi
1027 5433 1338 5487 describunt
1385 5435 1608 5501 singula
1670 5451 1811 5489 som-

176 5499 284 5558 nia.
311 5503 357 5553 et.
389 5516 456 5554 ex
488 5501 684 5565 tribus,
719 5509 828 5558 etc.

241 5570 348 5641 (71)
407 5573 658 5646 Epilogo,
706 5573 762 5646 id
819 5579 908 5629 est
955 5574 1222 5646 querela;
1283 5591 1348 5630 co
1411 5576 1564 5645 quod
1625 5583 1814 5633 orato-

177 5655 260 5696 res
294 5643 562 5714 querelas
594 5645 850 5701 maxime
882 5647 940 5700 in
975 5643 1210 5721 epilogo
1268 5654 1324 5702 et
1373 5643 1488 5704 ﬁne
1538 5649 1816 5708 orationis

483 5771 749 5842 ΡΑτιιοι..
798 5772 958 5843 XIV.

1916 4662 2104 4716 neque
2138 4643 2599 4704 inimicitiarum,
2633 4659 2820 4713 neque
2878 4641 3128 4710 invidiae,
3177 4649 3279 4699 aut
3327 4645 3554 4716 injuriae

1915 4733 2161 4804 alicujus
2190 4737 2410 4802 poterat
2439 4732 2760 4799 objectione
2812 4748 3112 4799 cvacuare,
3167 4733 3387 4788 crimen
3435 4734 3560 4789 diu-

1916 4823 2032 4876 tius
2066 4822 2323 4892 nequivit
2357 4821 2634 4874 refellere.
2667 4824 2860 4891 itaque
2885 4822 3036 4891 quod
3071 4827 3194 4876 erat
3238 4822 3557 4886 difﬁcilius,

1919 4913 2198 4966 ultionem
2232 4915 2571 4979 persecutus
2602 4914 2725 4976 est;
2781 4910 2918 4979 quia
2968 4909 3364 4964 defensionem
3414 4927 3557 4981 prte-

1920 5006 2069 5056 stare
2105 5017 2214 5053 non
2251 4999 2453 5069 potuit.
2488 4998 2630 5060 Quid
2679 5015 2782 5053 nos
2824 4997 3066 5067 dignum
3113 5005 3306 5052 nostro
3355 5000 3558 5054 referi-

1924 5107 2053 5143 mus
2081 5087 2355 5148 Creatori,
2392 5087 2559 5155 cujus
2593 5085 2718 5139 cibo
2759 5087 3069 5152 vescimur,
3121 5089 3176 5140 et
3223 5085 3560 5144 dissimula-

1924 5196 2054 5232 mus
2086 5176 2354 5244 injurias,
2389 5180 2444 5227 et
2477 5190 2626 5243 smpc
2659 5173 2913 5228 inimicis
2943 5173 3044 5229 Dei
3075 5190 3174 5229 eas
3200 5191 3346 5246 quas
3369 5191 3402 5230 a
3448 5175 3562 5232 Deo
3645 5173 3652 5180 ’

1923 5265 2263 5337 accipimus,
2299 5261 2500 5333 epulas
2530 5261 2916 5316 exhibemus?

1926 5436 2260 5495 adhibeant,
2298 5435 2359 5484 ut.
2384 5431 2616 5500 judiccs
2646 5430 2879 5485 ﬂectant
2910 5432 2979 5485 ad
3014 5433 3492 5491 misericordiam.

1998 5509 2110 5580 (72‘)
2162 5504 2404 5580 Aliquot
2463 5518 2774 5580 mss._nou
2853 5504 3113 5580 minima}
3181 5507 3565 5577 auctoritatis,

1925 5571 2190 5638 convertit
2225 5571 2296 5631 ιη’
2311 5573 2492 5649 ﬁdem,
2513 5571 2892 5647 probationem
2920 5573 3133 5631 detulit.
