3932 6212
346 282 462 345 267

1800 285 1866 345 S.
1913 281 2288 345 AMBROSII

3625 278 3749 343 268

414 414 505 470 25.
539 413 686 481 Quid
717 413 1010 487 agniculis
1042 415 1388 489 simplicius,
1439 432 1592 488 quos
1640 415 1984 472 minuscula
2017 417 2067 482 Α
2102 421 2325 489 petram
2357 416 2625 488 quaesivit
2653 416 2880 484 Petrus,
2913 429 3047 472 cum
3076 412 3361 471 titubaret
3386 412 3445 468 in
3469 411 3748 471 ﬂuctibus

347 502 720 575 parvulorum
752 518 1168 576 comparamus
1194 503 1537 558 innocentia
1557 503 1585 557 ?
1615 504 1776 575 Sape
1802 520 1868 559 ex
1900 504 1994 559 his

344 591 403 645 in
437 607 652 664 magno
683 608 857 664 grege
889 590 1198 664 agniculus
1230 608 1329 664 per
1358 590 1531 647 ovilia
1582 596 1703 647 tota
1751 597 1994 663 vagatus

346 683 562 735 errata
607 684 815 747 matre,
847 684 904 736 et
951 697 1085 735 cum
1131 697 1258 736 eam
1310 679 1563 753 reperire
1621 697 1735 735 non
1787 680 1990 752 possit,

348 767 546 824 balatu
603 768 891 841 frequenti
948 770 1249 824 absentem
1299 770 1456 835 citat,
1508 773 1575 824 ut
1628 786 1992 841 responsura

348 874 546 913 vocem
576 858 803 924 excitet,
836 874 951 929 quo
982 859 1050 912 ad
1083 860 1212 928 ejus
1244 875 1454 915 sonum
1474 857 1993 930 errabundarepli-

351 953 438 1002 cet
491 946 760 1019 vestigia:
821 946 1026 1002 multis
1083 946 1219 1002 licet
1269 950 1534 1003 versetur
1596 947 1657 1001 in
1730 946 1995 1003 millibus

350 1034 570 1101 ovium,
601 1035 966 1108 recognoscit
992 1052 1191 1091 vocem
1228 1035 1505 1107 parentis,
1525 1035 1762 1090 festinat
1775 1036 1845 1091 ad
1873 1054 1994 1091 ma-

349 1126 522 1190 trem,
550 1121 719 1178 lactis
748 1139 983 1195 quoque
1013 1124 1263 1178 materni
1295 1129 1463 1179 notos
1495 1123 1604 1178 sibi
1666 1124 1854 1179 fontes
1902 1140 1996 1177 re-

353 1210 572 1283 quirit:
606 1212 874 1282 quamvis
905 1212 1017 1267 cibi
1048 1212 1335 1268 desiderio
1376 1216 1644 1267 teneatur
1699 1218 1754 1268 et
1801 1217 1993 1284 potus,

350 1300 702 1355 transcurrit
731 1304 925 1357 tamen
958 1300 1151 1357 aliena
1181 1302 1361 1356 ubera
1392 1301 1651 1374 gravida,
1705 1300 1841 1357 licet
1887 1301 1995 1355 hn-

353 1404 517 1444 more
563 1387 732 1443 lactis
774 1391 1103 1457 exundent;
1158 1389 1341 1445 solam
1413 1394 1658 1445 matrem
1730 1390 1992 1461 requirit,

352 1475 537 1532 solius
567 1476 677 1531 sibi
711 1476 959 1532 materni
990 1477 1187 1533 uberis
1218 1495 1502 1549 pauperes
1536 1494 1741 1533 succos
1771 1479 1995 1551 signifi-

351 1568 443 1619 cat
472 1565 789 1621 abundare.
826 1565 931 1621 Illa
960 1566 1361 1638 quoqueinter
1379 1566 1563 1621 multa
1588 1566 1993 1639 agniculorum

350 1654 538 1711 millia
567 1653 756 1709 solum
792 1654 977 1710 filium
1012 1654 1200 1721 novit;
1231 1672 1387 1710 unus
1420 1654 1807 1726 plurimorum
1842 1655 1998 1710 bala-

349 1748 464 1810 tus,
497 1743 700 1798 eadem
731 1743 988 1815 species;
1022 1743 1125 1799 illa
1152 1747 1348 1798 tamen
1381 1744 1563 1798 fetum
1595 1760 1767 1798 suum
1785 1744 1997 1799 discer-

353 1833 442 1887 nit
469 1849 503 1887 a
529 1831 769 1898 cateris,
798 1837 855 1887 et
884 1832 1075 1887 solum
1108 1831 1294 1887 ﬁlium
1327 1832 1501 1887 tacito
1547 1832 1782 1903 pietatis
1834 1833 1995 1887 testi-

355 1920 550 1977 monio
599 1921 980 1993 recognoscit.
1030 1921 1237 1977 Pastor
1293 1926 1447 1976 errat
1519 1921 1579 1975 in
1652 1921 1999 1977 discretione

354 2010 570 2077 avium,
604 2008 913 2082 agniculus
944 2009 1001 2064 in
1036 2011 1333 2082 agnitione
1366 2010 1571 2065 matris
1586 2009 1996 2065 nesciterrare.

354 2098 558 2154 Pastor
588 2097 811 2153 fallitur
840 2099 1065 2169 specie;
1101 2099 1201 2153 sed
1246 2099 1370 2153 ovis
1417 2097 1630 2169 pietate
1679 2115 1793 2153 non
1845 2098 2014 2177 falli:

351 2191 468 2242 tur.
503 2186 666 2242 Unus
697 2187 839 2242 odor
863 2187 1159 2253 omnibus,
1185 2188 1284 2242 sed
1319 2191 1515 2241 tamen
1558 2186 1733 2241 habet
1792 2192 2001 2242 natura

354 2276 589 2331 odorem
642 2292 817 2330 suum
871 2276 1259 2331 domesticum
1320 2292 1493 2347 quem
1546 2275 1773 2330 soboles
1824 2276 2000 2331 chara

354 2364 509 2420 123
568 2364 807 2436 speciali
862 2364 1118 2435 quadam
1183 2364 1413 2419 videtur
1479 2365 1830 2436 proprietate
1904 2381 1996 2420 re-

353 2451 568 2508 dolere.

420 2543 512 2598 26.
542 2542 728 2597 Habet
748 2558 885 2598 suos
917 2560 1061 2597 usus
1108 2546 1339 2606 natura,
1369 2546 1427 2597 et
1457 2557 1669 2597 sensus
1714 2541 1998 2599 domesti-

351 2646 467 2686 cos.
503 2630 607 2685 Vix
637 2629 926 2687 infantulo
987 2637 1285 2703 coeperunt
1333 2632 1539 2687 dentes
1600 2647 1997 2703 prorumpere,

352 2723 409 2774 et
429 2720 557 2791 jam
600 2719 758 2775 novit
804 2736 914 2775 sua
964 2737 1130 2775 arma
1180 2723 1425 2774 tentare.
1479 2719 1752 2774 Nondum
1804 2719 1997 2775 catulo

353 2808 579 2873 dentes,
610 2812 668 2863 et
696 2811 978 2879 tanquam
1011 2808 1242 2874 habeat,
1290 2824 1387 2862 ore
1447 2808 1680 2879 proprio
1730 2824 1791 2863 se
1839 2825 1997 2879 qua-

352 2897 429 2952 rit
488 2895 711 2951 ulcisci.
772 2896 1044 2950 Nondum
1117 2912 1282 2951 cervo
1365 2912 1603 2961 cornua,
1664 2904 1717 2951 et
1800 2901 1996 2953 tamen

353 2986 539 3041 fronte
569 2983 857 3056 praludit,
891 2988 1064 3055 atque
1116 3000 1184 3038 ea
1234 3000 1360 3056 qua
1416 2986 1677 3039 nondum
1726 2991 1997 3057 expertus

351 3073 446 3140 sit,
481 3072 593 3128 tela
626 3071 947 3127 minitatur.
980 3072 1177 3143 Lupus
1209 3073 1257 3128 si
1291 3073 1448 3145 prior
1488 3073 1786 3129 hominem
1838 3073 1995 3129 vide-

348 3162 445 3227 rit,
475 3177 671 3217 vocem
705 3161 896 3233 eripit,
929 3169 983 3217 et
1012 3161 1258 3233 despicit
1285 3178 1418 3217 eum
1468 3166 1750 3234 tanquam
1812 3162 1995 3218 victor
2026 3149 2067 3215 C

346 3250 506 3306 vocis
536 3249 759 3306 ablata.
796 3250 954 3305 Idem
986 3251 1035 3306 si
1067 3266 1130 3306 se
1160 3250 1471 3322 pravisum
1523 3251 1792 3319 senserit,
1816 3251 1996 3324 depo-

348 3339 435 3395 nit
465 3338 759 3409 ferociam,
793 3356 907 3395 non
959 3343 1150 3412 potest
1203 3356 1456 3396 currere.
1511 3340 1621 3395 Leo
1665 3338 1887 3412 gallum
1942 3345 1999 3397 et

348 3428 602 3485 maxime
632 3427 833 3483 album
864 3433 1113 3484 veretur.
1147 3428 1366 3500 Caprea
1398 3428 1707 3484 vulnerata
1751 3428 1996 3485 dictam-

349 3532 492 3572 num
523 3517 633 3585 (73)
686 3516 850 3587 petit,
912 3517 1067 3572 etde
1120 3515 1361 3573 vulnere
1408 3516 1665 3572 excludit
1728 3518 1993 3589 sagittas.

350 3605 581 3660 Norunt
611 3608 667 3659 et
695 3603 893 3659 bestia
923 3605 1184 3660 remedia
1215 3622 1341 3660 sua.
1394 3607 1505 3662 Leo
1553 3623 1705 3678 ager
1760 3606 1996 3661 simiam

352 3691 580 3765 quarit,
631 3696 698 3747 ut
753 3693 985 3749 devoret
1041 3710 1156 3765 quo
1219 3694 1404 3765 possit
1449 3695 1663 3751 sanari.
1748 3696 1996 3767 Leopar-

349 3782 461 3838 dus
484 3797 702 3853 caprea
722 3782 970 3854 agrestis
986 3783 1329 3854 sanguinem
1354 3783 1518 3850 bibit,
1550 3787 1604 3839 et
1627 3784 1742 3839 vim
1759 3783 1997 3855 languo-

350 3869 431 3926 ris
462 3869 655 3925 evitat.
690 3869 893 3925 Omnis
923 3871 1043 3925 fera
1088 3888 1242 3943 agra
1290 3871 1452 3927 canis
1500 3871 1712 3927 hausto
1759 3876 1998 3927 curatur

345 3956 651 4031 sanguine.
714 3957 899 4013 Ursus
944 3974 1094 4029 ager
1146 3960 1419 4015 formicas
1473 3960 1726 4015 devorat.
1779 3960 1994 4017 Cervus

345 4046 483 4102 olea
517 4045 886 4102 ramusculos
918 4047 1165 4102 mandit.

414 4137 503 4190 27.
537 4135 686 4208 Ergo
721 4136 851 4192 fera
880 4139 1099 4193 norunt
1126 4140 1390 4209 expetere
1421 4152 1487 4192 ea
1540 4153 1669 4208 qua
1701 4137 1813 4192 sibi
1862 4154 1992 4209 pro-

337 4224 484 4292 sint;
519 4229 578 4279 tu
615 4224 870 4293 ignoras,
903 4241 936 4280 o
959 4224 1154 4291 homo,
1188 4225 1448 4281 remedia
1497 4225 1624 4280 tua!
1660 4226 1745 4279 Tu
1805 4224 1993 4280 nescis

334 4312 626 4384 quomodo
658 4313 936 4369 virtutem
972 4313 1188 4385 eripias
1230 4314 1589 4380 adversario,
1642 4318 1704 4368 ut
1753 4317 1809 4368 te
1857 4318 1993 4368 tan-

335 4418 516 4472 quam
544 4405 872 4473 praventus
934 4401 1115 4473 lupus
1166 4403 1278 4473 (74)
1325 4402 1578 4473 effugere
1624 4393 1735 4457 non
1789 4403 1992 4473 possit,

2102 510 2159 560 et
2191 505 2442 571 invenit;
2478 504 2618 576 quia
2647 505 2949 560 dexteram
2976 502 3280 575 amplexus
3308 504 3399 557 est
3427 500 3664 557 Christi.

2171 594 2259 648 28.
2291 594 2437 659 Quid
2469 594 2660 648 dicam
2692 592 2827 648 allio
2860 592 3128 647 homines
3160 589 3453 658 delectari,
3504 594 3561 645 et
3600 589 3747 646 illud

2103 683 2173 737 ad
2205 698 2397 737 escam
2428 698 2680 749 sumere,
2714 682 2868 753 quod
2901 685 2959 736 et
2984 679 3295 752 leopardus
3345 678 3529 751 fugit?
3575 677 3748 734 Deni-

2103 788 2215 842 que
2244 770 2430 825 sicubi
2461 770 2664 825 allium
2690 769 2905 842 aliquis
2944 768 3384 825 confricandum
3432 767 3739 839 putaverit,

2104 860 2414 931 leopardus
2471 860 2607 914 inde
2662 858 2875 927 exsilit,
2925 875 3030 913 nec
3085 856 3323 912 resistit.
3394 856 3575 926 Cujus
3647 872 3747 912 ve-

2104 953 2304 1003 nerata
2336 949 2456 1003 fera
2503 948 2738 1003 odorem
2788 964 2905 1002 non
2957 950 3146 1019 potest
3195 944 3507 1010 sustinere,
3568 944 3628 999 id
3680 949 3746 1000 tu

2105 1054 2208 1109 pro
2239 1037 2367 1092 cibo
2422 1037 2633 1103 sumis,
2680 1041 2738 1091 et
2779 1035 3099 1091 visceribus
3145 1032 3406 1089 infundis
3457 1032 3748 1089 internis?

2103 1127 2211 1180 Sed
2246 1126 2567 1180 medicatur
2606 1125 2902 1180 interdum
2944 1122 3266 1179 doloribus.
3316 1122 3594 1177 Sumatur
3643 1138 3747 1194 pro

2106 1216 2549 1281 medicamento,
2584 1231 2698 1268 non
2732 1230 2835 1285 pro
2864 1212 3024 1269 cibo:
3057 1220 3328 1268 sumatur
3357 1211 3428 1265 ab
3460 1214 3747 1283 aegrotan-

2105 1304 2283 1367 tibus,
2308 1320 2423 1358 non
2456 1304 2527 1357 ab
2558 1301 2948 1374 epulantibus.
2978 1300 3469 1357 Medicamentum
3510 1300 3747 1372 quaris,

2105 1397 2162 1447 et
2184 1392 2479 1463 jejunium
2512 1378 2700 1464 fugis;
2734 1390 2902 1462 quasi
2922 1390 3116 1459 majus
3141 1387 3297 1443 aliud
3313 1387 3639 1443 remedium
3662 1405 3747 1444 re-

2107 1483 2292 1553 perire
2324 1479 2535 1552 possis.
2575 1480 2774 1549 Jejuni
2820 1478 3077 1534 hominis
3123 1481 3365 1549 sputum
3412 1476 3459 1532 si
3504 1493 3747 1549 serpens

2106 1569 2443 1639 gustaverit,
2476 1568 2743 1623 moritur.
2776 1568 2953 1623 Vides
2983 1570 3203 1638 quanta
3251 1566 3338 1621 vis
3372 1565 3583 1637 jejunii
3635 1566 3744 1635 sit;

2107 1666 2168 1715 ut
2188 1666 2241 1714 ct
2272 1663 2445 1730 sputo
2475 1674 2582 1714 suo
2612 1658 2785 1712 homo
2814 1661 3110 1711 terrenum
3149 1659 3475 1727 serpentem
3525 1654 3749 1711 interﬁ-

2105 1749 2239 1812 ciat,
2272 1752 2329 1802 et
2358 1746 2562 1800 merito
2596 1744 2938 1817 spiritalem.

2178 1838 2264 1890 29.
2301 1838 2585 1901 Quantam
2622 1834 2906 1889 Dominus
2935 1834 3110 1889 etiam
3141 1831 3493 1889 minusculis
3530 1832 3752 1889 infudit

2109 1923 2517 1996 prudentiam!
2554 1924 2773 1978 Turtur
2801 1923 2938 1977 nido
2970 1939 3097 1987 suo,
3131 1938 3204 1978 ne
3233 1920 3422 1993 pullos
3475 1938 3618 1977 suos
3664 1922 3752 1978 in-

2107 2019 2301 2068 curset
2331 2013 2527 2085 lupus,
2558 2011 2785 2084 squilla
2817 2011 2956 2067 folia
2986 2011 3319 2083 superjacit.
3376 2010 3547 2065 Novit
3591 2012 3750 2066 enim

2108 2103 2261 2174 quod
2295 2101 2632 2172 hujusmodi
2666 2100 2801 2156 folia
2832 2100 2955 2171 lupi
2989 2100 3186 2172 fugere
3213 2098 3577 2155 consuerint.
3634 2100 3753 2155 No-

2106 2192 2188 2244 vit
2243 2190 2551 2262 vulpecula
2580 2192 2691 2260 (75)
2750 2188 3043 2260 quomodo
3102 2186 3503 2260 posteritatem
3564 2187 3753 2245 foveat

2107 2296 2305 2334 suam:
2342 2284 2398 2333 et
2427 2283 2488 2332 tu
2522 2279 2776 2349 ignoras,
2804 2283 2868 2332 tu
2901 2274 3151 2348 negligis
3198 2276 3493 2348 quomodo
3543 2277 3753 2333 adver-

2108 2385 2240 2424 sum
2298 2367 2468 2439 lupos
2527 2366 2796 2438 nequitia
2854 2364 3134 2437 spiritalis
3176 2364 3573 2437 posteritatem
3627 2365 3752 2421 vita

2108 2457 2288 2527 hujus
2317 2456 2537 2512 habeas
2568 2454 2843 2510 tutiorem
2868 2458 2891 2510 ἲ

2658 2570 2813 2625 124
2841 2568 3078 2625 CAPUT
3115 2568 3186 2620 V.

2108 2663 2220 2729 Qua
2282 2662 2493 2713 mitione
2549 2660 2812 2713 Dominus
2867 2658 2997 2712 aliis
3029 2657 3208 2712 bestiis
3263 2657 3407 2712 colla
3480 2656 3750 2713 breviora.

2180 2734 2310 2786 aliis
2377 2732 2649 2799 [θηρίονιά
2670 2731 2957 2784 creaverit.
2986 2729 3087 2784 Ubi
3142 2730 3430 2799 potissium
3475 2729 3766 2800 elephanti

2175 2804 2448 2866 membra,
2505 2803 2888 2873 praprietates,
2945 2799 3198 2871 atquein
3253 2817 3313 2856 re
3340 2799 3592 2856 militari
3623 2816 3754 2856 usus

2176 2875 2573 2929 describuntur.

2177 2992 2264 3044 30.
2299 2990 2409 3045 Sed
2438 2991 2798 3044 revertamur
2826 2987 2899 3042 ad
2924 2985 3132 3042 seriem
3165 2989 3463 3053 creatura,
3509 2990 3572 3044 et
3624 3002 3757 3044 con-

2109 3080 2434 3136 sideremus
2466 3094 2582 3149 qua
2603 3077 2825 3131 ratione
2859 3074 3137 3131 Dominus
3169 3075 3299 3131 aliis
3330 3075 3535 3132 bestiis
3568 3093 3754 3150 angu-

2107 3168 2285 3223 stiora
2302 3166 2813 3233 collatormaverit,
2841 3164 3378 3236 utleonibusatque
3411 3164 3751 3236 tigridibus,

2107 3257 2261 3312 ursis
2293 3272 2558 3327 quoque;
2590 3253 2719 3310 aliis
2751 3252 3080 3326 prolixiora,
3114 3256 3178 3307 ut
3207 3251 3533 3324 elephantis
3566 3258 3627 3310 et
3659 3270 3752 3310 ca-

2107 3344 2275 3401 melis
2309 3346 2441 3415 (76).
2478 3344 2679 3399 Nonne
2710 3342 2945 3398 evidens
2978 3359 3157 3397 causa
3184 3346 3301 3409 est;
3322 3340 3597 3413 quiaillis
3616 3342 3752 3398 feris

2107 3452 2237 3507 qua
2265 3450 2437 3489 carne
2486 3436 2823 3499 vescuntur,
2875 3448 2990 3486 non
3043 3435 3167 3486 erat
3215 3446 3363 3502 opus
3413 3429 3749 3502 prolixitate

2106 3521 2384 3578 cervicis?
2440 3522 2566 3576 Non
2623 3520 2780 3575 enim
2840 3519 2901 3573 in
2958 3522 3143 3574 terras
3202 3518 3477 3589 pascendi
3564 3519 3752 3592 gratia

2107 3612 2386 3668 cervicem
2417 3615 2590 3681 atque
2621 3626 2723 3664 ora
2752 3608 3065 3678 dejiciunt:
3099 3608 3200 3664 sed
3243 3612 3346 3663 aut
3392 3623 3633 3663 cervum
3663 3608 3748 3663 in-

2104 3700 2344 3767 vadunt,
2382 3702 2482 3754 aut
2512 3698 2714 3751 bovem
2746 3713 3028 3767 ovemque
3072 3696 3425 3767 discerpunt.
3477 3695 3749 3752 Camelus

2105 3805 2239 3844 vero
2266 3804 2399 3843 cum
2433 3787 2511 3841 sit
2534 3784 2722 3852 altior,
2748 3785 3040 3856 quomodo
3083 3783 3279 3840 herbis
3329 3782 3746 3840 minutissimis

2106 3880 2461 3949 pasceretur,
2484 3874 2597 3929 nisi
2629 3872 2893 3946 longiora
2923 3888 3110 3944 usque
3140 3871 3212 3926 ad
3241 3876 3459 3927 terram
3490 3871 3645 3928 colla
3676 3871 3746 3926 ad

2104 3982 2279 4021 usum
2311 3963 2594 4036 pastionis
2642 3962 3011 4018 extenderet?
3056 3960 3257 4032 Itaque
3317 3960 3582 4016 camelus
3647 3975 3747 4032 pro

2104 4053 2325 4109 ratione
2356 4050 2719 4125 proceritatis
2776 4067 2893 4106 sua
2942 4048 3256 4121 prolixiora
3303 4046 3450 4104 colla
3502 4047 3746 4103 sortitus

2102 4147 2209 4208 est,
2242 4158 2429 4213 equus
2461 4157 2564 4213 pro
2594 4140 2840 4204 ratione,
2869 4139 2975 4194 bos
3024 4153 3259 4209 quoque
3308 4135 3489 4192 simili
3538 4137 3743 4192 modo:

2103 4232 2160 4285 hi
2193 4231 2348 4286 enim
2369 4233 2691 4303 pascuntur
2708 4227 2923 4284 herbis.

2170 4322 2259 4375 31.
2294 4318 2648 4391 Elephantus
2679 4320 2875 4373 autem
2907 4315 3083 4370 etiam
3132 4314 3562 4387 prominentem
3614 4330 3743 4386 pro-

2102 4409 2428 4464 muscidem
2460 4408 2661 4474 habet;
2696 4404 2835 4478 quia
2865 4421 2999 4459 cum
3032 4403 3109 4459 sit
3128 4403 3477 4459 eminentior
3491 4401 3741 4470 cunctis,

334 4493 399 4544 ut
429 4488 597 4578 oculo
620 4493 730 4544 tua
776 4491 993 4545 mentis
1032 4492 1160 4561 ejus
1210 4490 1515 4562 perﬁdiam
1564 4490 1991 4562 deprehendas,
2022 4514 2067 4578 D
2099 4515 2162 4555 se
2206 4497 2487 4552 inclinare
2544 4496 2612 4550 ad
2676 4493 3033 4566 pascendum
3093 4508 3208 4547 non
3266 4495 3475 4562 potest.
3539 4495 3745 4562 Itaque

332 4581 389 4632 et
420 4576 578 4648 prior
609 4593 848 4633 cursum
902 4579 1214 4633 verborum
1262 4579 1390 4647 ejus
1439 4578 1746 4650 impedias,
1793 4579 1989 4651 impu-

334 4664 593 4721 dcntiam
626 4665 754 4735 ejus
797 4671 853 4720 et
907 4681 1153 4721 acumen
1204 4665 1626 4737 disputationis
1674 4668 1985 4723 obtundas.

335 4753 497 4817 Quod
530 4752 579 4808 si
618 4756 673 4808 te
704 4752 799 4809 ille
858 4753 1219 4826 pravenerit,
1274 4771 1471 4810 vocem
1518 4755 1621 4810 tibi
1683 4757 1896 4824 aufert;
1930 4760 1988 4812 et

336 4842 384 4897 si
417 4842 803 4907 obmutueris,
839 4843 997 4898 solve
1026 4843 1308 4898 amictum
1334 4848 1525 4907 tuum,
1565 4850 1627 4898 ut
1658 4861 1984 4900 sermonem

335 4930 611 4986 resolvas.
650 4935 715 4986 Et
747 4931 793 4987 si
843 4931 899 4986 in
932 4937 988 4986 te
1019 4931 1400 4986 insurrexerit
1433 4932 1627 5003 lupus,
1650 4938 1868 5004 petram
1892 4949 1984 4988 ca-

333 5036 423 5093 pe,
457 5024 514 5076 et
544 5020 711 5093 fugit.
747 5020 914 5076 Petra
944 5026 1046 5076 tua
1076 5020 1344 5076 Christus
1366 5027 1472 5075 est.
1498 5022 1555 5076 Si
1575 5022 1646 5076 ad
1686 5022 1982 5077 Christum

331 5108 659 5183 confugias,
696 5110 844 5182 fugit
874 5109 1070 5182 lupus,
1106 5127 1211 5164 nec
1246 5115 1456 5164 terrore
1486 5114 1537 5162 te
1568 5111 1798 5180 poterit.
1827 5110 1983 5165 Ilnnc

401 5241 515 5311 (75)
573 5241 769 5297 Grace
821 5250 1104 5313 δίκταμνον,
1139 5241 1320 5297 herba

331 5308 505 5365 Creta
557 5313 838 5380 nascitur,
900 5308 1010 5368 alio
1080 5314 1314 5369 nomine

332 5386 388 5434 et
412 5380 691 5456 hortense
724 5384 1009 5456 gingiher.

402 5453 516 5591 E70)
550 5452 686 5509 Mss.
726 5452 856 5509 nonw
870 5455 1062 5527 pauci,
1093 5464 1359 5527 tanquam
1384 5457 1655 5525 pravisus
1690 5456 1870 5527 lupus.

426 5523 515 5591 75)
550 5524 699 5579 Edit.
733 5526 887 5581 Cost.
922 5531 1179 5591 etRom.,
1199 5528 1357 5582 Novit
1376 5526 1613 5581 avicula.
1637 5527 1870 5584 Commc

426 5523 515 5595 75)
550 5524 699 5595 Edit.
733 5523 888 5581 Cost:
922 5531 1179 5592 etRom.,
1199 5523 1357 5582 Novit
1376 5523 1613 5581 avicula.
1637 5523 1978 5595 Commode,

333 5590 383 5650 si
414 5590 664 5671 'quisgeis
695 5596 975 5674 antiquus
1005 5590 1185 5655 codex
1214 5597 1653 5671 suifragaretur.

1418 5259 1503 5296 ua
1564 5243 1849 5313 praecipue
1925 5244 1981 5298 in

1425 5314 1598 5369 icitur
1656 5314 1979 5385 pulegium,

2097 4588 2224 4657 ejus
2273 4586 2344 4641 ad
2376 4583 2766 4657 colligendum
2798 4582 2997 4638 cibum
3040 4581 3229 4636 utitur
3274 4579 3620 4636 ministerio.
3667 4578 3744 4634 Ea

2098 4673 2343 4729 immani
2374 4673 2575 4728 bestia
2601 4671 2742 4743 largi
2775 4667 3737 4743 potusinfundithumorem;ideu-

2097 4780 2211 4834 que
2262 4777 2516 4817 concava
2568 4764 2677 4824 est,
2737 4775 2855 4831 quo
2904 4759 2975 4813 ad
3033 4756 3511 4829 restinguendam
3565 4758 3740 4810 tanta

2095 4850 2300 4906 bellua
2333 4849 2493 4904 sitim
2543 4846 2747 4919 plenos
2808 4846 2972 4902 lacus
3030 4845 3281 4911 hauriat,
3342 4849 3445 4900 aut
3500 4842 3739 4899 collecto

2095 4939 2337 4993 ﬂumine
2388 4936 2574 5009 posslt
2631 4935 2919 4991 inundare
2975 4939 3294 5007 potantem.
3366 4933 3562 4988 Cervix
3601 4944 3739 4987 sane

2094 5028 2287 5083 minor
2310 5031 2398 5081 est
2428 5040 2607 5096 quam
2658 5029 2858 5097 poscat
2914 5022 3061 5079 tanti
3120 5021 3379 5094 corporis
3411 5020 3622 5089 moles;
3667 5033 3737 5074 ne

2092 5134 2157 5171 ea
2182 5131 2411 5187 quoque
2441 5113 2601 5169 oneri
2638 5112 2830 5186 magis
2861 5116 3019 5169 esset
3053 5128 3231 5183 quam
3281 5110 3437 5167 usui.
3489 5109 3736 5180 Ideoque

2165 5248 2481 5331 (76)‘Rom.
2516 5246 2681 5313 edit.,
2716 5254 2776 5301 ut
2805 5246 3029 5331 camelis
3044 5248 3108 5331 ‘et
3132 5245 3324 5331 cuuis.-
3356 5243 3565 5331 Contr};
3608 5238 3735 5331 alia

2091 5311 2230 5387 edit,
2259 5311 2315 5375 et
2342 5334 2548 5392 omnes
2572 5388 2584 5392 _
2606 5311 2775 5392 mss.,
2809 5318 2869 5371 ut
2917 5311 3243 5392 elephantis,
3276 5319 3386 5371 etc.
3422 5311 3543 5392 _Sed
3600 5326 3735 5392 cum

2092 5382 2305 5446 dicitur
2364 5391 2517 5445 Deus
2572 5382 2839 5461 longiora
2880 5382 3028 5442 colla
3087 5387 3320 5461 dedisse
3388 5382 3733 5461 elephantis,

2134 5462 2426 5533 romuscis
2456 5454 2836 5533 intelligenda
2866 5462 2975 5523 est,
3001 5473 3130 5533 qua
3159 5455 3277 5533 illis
3298 5454 3559 5533 cervicis
3584 5468 3735 5533 Apro-

2134 5479 2426 5517 I‘Ol’l’lUSClS
2456 5479 2836 5533 Intelligenaa
2866 5479 2975 5523 68L,
3043 5479 3130 5512 υω
3159 5479 3277 5511 lllls
3309 5479 3547 5512 CBI‘VIGIB
3602 5479 3732 5525 pru-

2089 5479 2311 5588 lixioris
2358 5531 2542 5589 vlcem
2593 5531 2855 5604 supplet:
2925 5479 3082 5604 untde
3160 5527 3361 5604 B_asil._,
3418 5531 3611 5604 ἔχειδέ-
3641 5534 3732 5591 τὴν

2086 5603 2407 5681 προνομαίαν,
2464 5604 2557 5668 τὴν
2610 5589 3038 5673 τοῧῖτραχήλου
3093 5598 3259 5669 γριξαν
3323 5589 3728 5664 ἇποτὲληροῦσαύσ
