3932 6212
195 319 301 382 269

1454 316 1664 377 HEXA
1678 313 1997 375 EMERON
2041 314 2192 374 LIB.
2239 310 2340 373 Vl.

3476 303 3599 367 270

197 467 294 509 nec
321 467 516 526 genua
541 451 816 520 inﬂectit,
847 451 988 524 quia
1013 449 1389 524 rigidioribus
1412 465 1559 521 opus
1580 448 1691 503 fuit
1712 464 1841 503 cru-
1873 447 1928 513 Α
1956 462 2143 518 equus
2166 445 2295 516 ejus
2334 444 2777 516 perterrefactus
2808 446 2979 497 tantae
3007 442 3203 497 bestiae
3230 434 3600 497 immanitate

200 542 375 609 ribus,
405 558 523 614 quo
554 540 724 597 velut
769 538 1063 596 columnis
1110 543 1272 595 tanta
1320 537 1507 610 possit
1554 536 1845 591 membro-

198 646 322 686 rum
354 629 638 686 machina
688 627 987 686 sustineri.
1040 627 1390 683 Calcaneum
1421 625 1621 682 leviter
1654 625 1845 679 incur-

195 723 310 787 vat,
371 718 569 791 rigent
626 722 837 774 caetera
894 717 1107 790 pedum
1157 734 1189 771 a
1237 732 1469 771 summo
1521 730 1708 786 usque
1776 712 1847 768 ad

197 810 399 864 imum.
438 808 557 863 Nec
606 808 762 864 sicut
802 807 859 861 in
901 802 1137 878 ancylas
1173 806 1285 877 (77)
1308 821 1413 859 nos
1436 820 1587 875 saepe
1608 802 1848 875 deponi-

198 914 349 965 mus,
383 897 466 951 ita
496 913 560 953 se
590 897 767 951 etiam
791 894 1182 967 bestiapotest
1202 897 1363 948 tanta
1377 892 1680 946 deﬂectere
1703 909 1715 957 ;
1737 906 1852 945 me-

197 986 424 1058 ritoque
447 1001 565 1040 non
591 983 854 1040 volvendi
881 1000 964 1049 se,
998 998 1185 1054 neque
1216 980 1493 1037 eurvandi
1518 996 1691 1035 usum
1715 995 1849 1035 cum

200 1074 422 1130 ceteris
478 1073 880 1131 animantibus
939 1075 1128 1144 potest
1179 1070 1394 1125 habere
1451 1084 1847 1124 communem.

201 1162 461 1220 Fulcitur
500 1162 633 1218 hinc
664 1161 800 1217 inde
830 1160 1097 1216 trabibus
1129 1158 1400 1214 maximis
1427 1176 1439 1223 ;
1465 1162 1529 1212 ut
1557 1156 1616 1211 in
1646 1172 1851 1211 scmno

200 1251 634 1325 aliquantulum
687 1249 815 1305 sine
864 1248 1120 1321 periculo
1174 1247 1521 1313 reﬂectatur,
1568 1245 1703 1317 quia
1748 1261 1850 1317 pes

199 1343 325 1413 ejus
354 1339 525 1396 nulla
550 1343 787 1395 artuum
819 1336 1229 1409 conjunctione
1260 1334 1663 1408 distinguitur.
1688 1334 1852 1389 Man-

203 1431 386 1487 suetis
418 1428 602 1502 igitur
628 1426 809 1483 veluti
856 1426 1124 1498 quaedam
1176 1423 1363 1480 fulcra
1401 1440 1604 1480 eorum
1639 1422 1853 1494 quibus

203 1519 296 1573 hic
342 1534 492 1574 usus
551 1520 659 1582 est,
715 1520 999 1589 parantur
1050 1513 1332 1587 ingenio:
1385 1512 1521 1569 feris
1571 1516 1765 1567 autem
1798 1514 1855 1566 et

202 1606 558 1681 agrestibus,
591 1604 731 1678 quia
774 1621 944 1660 nemo
992 1602 1331 1675 hujusmodi
1374 1601 1589 1674 quibus
1622 1604 1852 1656 susten-

201 1697 309 1752 tari
362 1698 585 1768 queant
632 1692 819 1748 fulcra
882 1691 1224 1758 substernit,
1282 1690 1418 1746 hinc
1483 1690 1639 1745 venit
1709 1704 1853 1744 usus

204 1783 471 1857 periculi.

268 1873 358 1927 32.
391 1873 658 1944 Namque
689 1871 878 1927 arbori
909 1870 1090 1925 innixi
1131 1872 1231 1925 aut
1266 1872 1458 1924 costas
1492 1868 1720 1935 fricant,
1755 1872 1856 1922 aut

201 1962 256 2016 in
290 1978 501 2017 somno
551 1976 680 2016 sese
727 1959 1009 2025 relaxant,
1061 1976 1190 2031 quae
1239 1973 1662 2028 nonnunquam
1707 1955 1856 2012 victa

198 2055 375 2123 atque
419 2049 633 2105 inﬂexa
679 2052 839 2104 tanto
900 2064 1137 2120 corpore
1188 2046 1521 2117 frangitur:
1575 2044 1671 2100 ille
1721 2062 1853 2101 vero

198 2139 299 2211 qui
332 2155 463 2194 sese
496 2138 554 2193 in
596 2138 861 2193 eamdem
896 2138 1208 2201 refuderat,
1242 2135 1460 2191 corruit
1500 2151 1604 2189 nec
1635 2134 1853 2206 erigere

196 2233 374 2300 atque
415 2225 642 2283 elevare
672 2243 732 2282 se
765 2228 989 2298 potest;
1024 2225 1221 2297 ibique
1258 2226 1463 2296 jaceus
1508 2223 1720 2289 interit,
1755 2228 1855 2278 aut

196 2316 424 2389 gemitu
451 2332 560 2370 suo
591 2313 857 2387 proditus
885 2314 1184 2380 sternitur,
1217 2314 1357 2369 dum
1388 2318 1584 2368 ventre
1608 2312 1854 2367 caeteris-

195 2421 313 2477 que
335 2406 510 2475 juxta
548 2402 913 2459 mollioribus
962 2404 1033 2458 ad
1084 2402 1295 2459 vulnus
1335 2407 1512 2475 patet.
1544 2401 1689 2456 Nam
1721 2402 1851 2457 dor-

194 2511 333 2549 sum
387 2493 523 2564 ejus
573 2497 895 2564 caeteraque
939 2493 1223 2548 exteriora
1272 2509 1385 2547 non
1420 2490 1542 2546 ulla
1573 2490 1736 2547 facile
1769 2508 1854 2546 so-

193 2581 319 2638 lent
346 2581 465 2637 tela
497 2584 821 2654 penetrare.
882 2582 1025 2636 Sunt
1087 2586 1281 2636 autem
1316 2580 1415 2652 qui
1447 2584 1681 2653 propter
1709 2580 1854 2634 ebur

193 2671 305 2727 has
354 2670 474 2726 illis
528 2669 777 2725 insidias
825 2674 1065 2742 parent;
1114 2674 1177 2724 ut
1233 2670 1468 2725 arbores
1508 2687 1605 2724 eas
1636 2669 1851 2741 quibus

193 2778 256 2817 se
287 2757 588 2833 applicare
619 2760 1045 2823 consueverint,
1079 2776 1145 2813 ex
1176 2758 1289 2814 alia
1324 2763 1484 2830 parte
1517 2776 1632 2831 qua
1674 2758 1850 2813 infre-

193 2850 470 2922 quentior
499 2865 645 2904 usus
678 2848 728 2904 ei
762 2848 857 2916 sit,
908 2847 1340 2920 aliquantulum
1380 2848 1530 2904 125
1568 2848 1847 2916 recidant,

192 2944 259 2993 ut
297 2939 634 2993 reﬂectente
682 2953 747 2993 se
792 2936 1121 3009 elephanto,
1175 2938 1404 3009 pondus
1450 2937 1847 2992 membrorum

194 3030 324 3099 ejus
353 3026 648 3082 sustinere
678 3042 792 3081 non
817 3026 1003 3098 possit
1028 3026 1375 3097 ruinamque
1417 3027 1544 3097 ejus
1569 3029 1844 3081 arcessat.
1890 3062 1903 3073 σ

263 3116 354 3171 33.
387 3115 502 3171 Sed
549 3114 599 3170 si
648 3114 781 3186 quis
830 3115 947 3170 ista
998 3114 1388 3186 reprehendit,
1458 3114 1846 3187 reprehendat

1958 535 2271 607 ditfugiat?
2322 534 2467 598 Quid
2524 533 2697 588 faciat
2744 531 3103 605 sagittarius,
3166 547 3301 586 eum
3349 530 3604 603 desuper

1960 624 2172 679 ferrata
2198 623 2454 678 virorum
2504 639 2747 694 corpora
2790 620 2972 693 jaculi
3023 619 3206 675 ictum
3237 619 3454 675 sentire
3484 634 3603 674 non

1959 714 2222 786 possint;
2275 713 2464 767 bestia
2513 727 2747 783 quoque
2790 727 2891 766 nec
2925 709 3085 765 nuda
3134 707 3302 764 facile
3332 711 3602 780 penetra-

1959 802 2091 858 bilis
2141 802 2291 857 ferro
2324 802 2417 857 sit:
2452 807 2509 856 et
2563 800 2791 855 munita
2840 799 3059 867 loricis,
3109 797 3309 854 obvias
3357 796 3483 852 sine
3514 795 3606 853 sui

1959 890 2216 964 periculo
2244 891 2397 946 acies
2429 894 2601 956 secet,
2636 893 2691 944 et
2721 892 2980 943 conterat
3010 890 3237 942 turmas
3257 887 3285 940 ?

2029 981 2117 1035 34.
2156 981 2355 1051 itaque
2409 982 2474 1033 ut
2521 978 2811 1033 immensa
2861 976 3126 1044 aedificia,
3184 976 3266 1031 ita
3312 973 3606 1046 elephanti

1963 1068 2361 1124 fundamentis
2427 1066 2806 1123 validioribus
2860 1065 3279 1132 sustinentur;
3344 1062 3605 1134 alioquin

1960 1158 2287 1231 imparibus
2333 1156 2459 1212 fulti
2511 1155 2773 1229 pedibus,
2827 1154 2981 1209 intra
3012 1154 3243 1208 brevem
3271 1152 3609 1208 laberentur

1962 1253 2211 1303 aetatem.
2264 1247 2429 1302 Nunc
2478 1250 2673 1301 autem
2723 1248 2780 1300 et
2827 1244 3099 1300 trecentis
3152 1246 3210 1298 et
3239 1240 3496 1313 amplius
3526 1239 3607 1295 fe-

1962 1342 2173 1392 runtur
2220 1335 2387 1390 annis
2436 1335 2613 1389 vitam
2665 1333 3021 1406 producere;
3074 1331 3213 1403 quia
3258 1328 3458 1386 omnia
3496 1327 3610 1385 sibi

1963 1427 2034 1481 ad
2087 1423 2550 1497 magnitudinem
2612 1422 2876 1478 membra
2920 1421 3294 1477 conveniunt.
3360 1418 3611 1490 Ideoque

1963 1532 2079 1571 non
2112 1513 2374 1569 distincti
2428 1516 2493 1567 ut
2541 1511 2728 1579 nobis,
2783 1511 2883 1566 sed
2918 1509 3206 1581 compacti
3252 1510 3415 1563 artus
3446 1509 3606 1573 sunt,

1963 1621 2079 1677 quo
2112 1603 2230 1659 sint
2262 1601 2639 1658 robustiores.
2673 1601 2857 1664 Quam
2903 1599 3017 1654 cito
3059 1596 3396 1653 hominibus
3427 1594 3476 1651 si
3507 1594 3607 1650 diu

1965 1693 2251 1761 steterint,
2294 1697 2394 1747 aut
2429 1690 2683 1746 velocius
2708 1686 3090 1757 cucurrerint,
3115 1686 3201 1741 vel
3227 1685 3450 1757 jugiter
3479 1699 3610 1740 am-

1966 1782 2314 1847 bulaverint,
2338 1797 2528 1853 genua
2576 1782 2858 1834 vexantur
2895 1780 2953 1832 et
2998 1775 3205 1848 planta:
3241 1773 3252 1829 l
3286 1772 3612 1843 Conjuncta

1962 1871 2119 1927 enim
2171 1876 2227 1927 et
2272 1870 2577 1925 articulate
2626 1866 2855 1923 facilius
2905 1882 3083 1937 quam
3132 1866 3402 1920 concreta
3432 1865 3609 1933 atque

1964 1960 2212 2017 solidata
2243 1962 2344 2015 aut
2372 1958 2590 2014 doloris
2623 1973 2883 2024 sensum,
2910 1959 3011 2010 aut
3036 1970 3239 2010 casum
3271 1949 3610 2009 offensionis

1963 2051 2300 2106 admittunt.

2034 2140 2121 2193 35.
2158 2139 2225 2193 Et
2256 2137 2395 2209 quid
2447 2136 2702 2204 miraris,
2735 2134 2782 2190 si
2824 2133 3018 2189 vestiti
3067 2130 3243 2187 armis
3288 2129 3607 2194 timentur;

1964 2227 2440 2301 quandoquidem
2474 2226 2747 2281 dentibus
2779 2224 2903 2280 suis
2931 2227 3213 2294 tanquam
3247 2217 3613 2275 naturalibus

1964 2317 2207 2389 spiculis
2258 2332 2489 2387 semper
2550 2312 2757 2368 armati
2809 2310 3008 2368 sunt?
3066 2308 3443 2365 Promuscide
3504 2321 3615 2362 sua

1964 2405 2247 2478 quidquid
2299 2404 2661 2467 involverint,
2718 2403 2995 2473 frangunt
3033 2418 3044 2454 :
3097 2399 3241 2472 pede
3272 2414 3405 2453 vero
3438 2395 3611 2468 quid-

1963 2494 2103 2566 quid
2160 2492 2633 2563 compresserint,
2700 2489 2857 2546 velut
2907 2490 3162 2561 quodam
3209 2487 3377 2559 lapsu
3428 2485 3613 2541 ruina

1961 2583 2214 2655 ingentis
2248 2581 2603 2637 exanimant.
2630 2578 2935 2635 Involvunt
2966 2576 3340 2649 promuscide
3369 2590 3610 2630 nemora

1961 2674 2031 2728 ad
2068 2673 2153 2727 sui
2190 2688 2404 2737 escam,
2438 2675 2493 2725 et
2523 2668 2690 2742 quasi
2722 2668 2962 2741 quidam
3013 2664 3285 2722 altissimi
3325 2664 3607 2719 dracones

1961 2761 2314 2834 serpentinis
2362 2776 2509 2833 quos
2565 2758 2865 2831 cmperint,
2920 2756 3095 2828 spiris
3136 2753 3452 2827 ﬂagellant.
3485 2750 3608 2808 Ple-

1960 2868 2207 2923 rumque
2234 2868 2331 2906 eas
2380 2850 2435 2904 in
2480 2849 2676 2905 orbem
2728 2846 3035 2918 colligunt,
3090 2843 3341 2899 maxime
3370 2859 3505 2898 eum
3536 2841 3607 2897 de

1955 2947 2111 2998 terra
2138 2941 2303 2996 cibus
2329 2940 2555 3012 legitur,
2589 2942 2691 2993 aut
2717 2940 2886 3009 potus
2916 2933 3208 2990 hauritur.
3240 2933 3600 2988 Documento

1956 3032 2153 3103 itaque
2184 3030 2354 3084 nobis
2381 3032 2536 3095 sunt,
2571 3027 2725 3099 quod
2759 3024 2904 3080 nihil
2936 3022 3301 3097 superﬂuum
3332 3023 3409 3078 sit
3438 3038 3600 3077 crea-

1954 3125 2120 3175 tum:
2155 3124 2212 3175 et
2264 3126 2457 3173 tamen
2508 3116 2629 3171 haec
2674 3119 2844 3170 tantae
2898 3114 3067 3170 molis
3114 3114 3300 3169 bestia
3341 3111 3605 3182 subjecta

195 3206 371 3262 etiam
405 3202 749 3259 altitudines
777 3202 1151 3259 aedificiorum
1178 3221 1191 3271 ;
1238 3203 1376 3274 quia
1406 3186 1581 3258 citius
1610 3220 1844 3275 gravem
1877 3186 1918 3251 (ἶ
1958 3210 2150 3275 nobis,
2180 3206 2442 3280 imperiis
2472 3205 2647 3261 servit
2667 3204 2967 3259 humanis.

199 3294 505 3351 minantur
546 3292 800 3361 ruinam,
832 3296 888 3348 et
938 3291 1238 3347 difficilius
1286 3291 1451 3364 lapsa
1480 3298 1844 3365 reparantur.

199 3382 420 3438 Verum
445 3382 495 3439 si
518 3380 620 3436 illa
643 3384 743 3436 aut
772 3386 1008 3452 propter
1030 3379 1551 3453 pulchritudinem,
1585 3385 1685 3436 aut
1715 3399 1851 3453 pro-

203 3476 332 3543 pter
360 3469 662 3543 speculam
706 3469 1038 3541 frequenter
1077 3468 1435 3538 attollimus;
1470 3469 1589 3525 haec
1622 3487 1852 3543 quoque

203 3561 263 3616 in
317 3560 647 3632 elephantis
696 3559 939 3633 probare
1009 3559 1309 3626 debemus,
1347 3547 1509 3630 'quia
1570 3578 1852 3633 magnum

204 3650 380 3705 rebus
410 3647 638 3704 bellicis
669 3664 842 3704 usum
876 3647 1229 3703 ministrant.
1269 3649 1403 3703 Inde
1452 3665 1596 3720 gens
1651 3651 1853 3705 Persa-

206 3755 337 3794 rum
383 3738 544 3793 ferox
582 3735 776 3803 bellis,
815 3734 1007 3793 valida
1047 3737 1250 3809 sagitis
1292 3738 1570 3810 omnique
1602 3739 1852 3795 telorum

198 3827 385 3897 jactu,
428 3825 570 3898 quia
608 3825 680 3880 de
719 3825 1117 3897 superioribus
1156 3826 1227 3880 ad
1272 3826 1541 3882 inferiora
1580 3828 1857 3884 validiore

210 3915 341 3971 nisu
388 3914 503 3970 tela
539 3918 906 3985 torquentur,
944 3913 1097 3971 acies
1126 3931 1327 3970 eorum
1350 3915 1505 3971 velut
1537 3917 1852 3989 gradienti-

210 4004 320 4059 bus
352 4003 617 4059 turribus
639 4006 803 4075 septa
833 4003 1110 4075 procedit.
1137 4003 1198 4061 In
1232 4004 1440 4061 mediis
1480 4005 1702 4077 campis
1734 4012 1858 4061 tan-

211 4109 387 4166 quam
415 4093 489 4147 de
520 4108 690 4147 muro
722 4091 1039 4159 dimicant;
1074 4097 1132 4148 et
1162 4092 1315 4150 velut
1339 4093 1394 4148 in
1447 4111 1576 4149 arce
1605 4096 1859 4165 quadam

209 4188 266 4236 et
314 4180 558 4254 specula
607 4179 869 4235 collocati
922 4184 1186 4253 spectant
1246 4182 1432 4255 magis
1478 4182 1648 4250 bella,
1683 4201 1862 4256 quam

212 4271 490 4326 subeunt.
527 4270 612 4325 Ita
664 4268 835 4324 alieni
869 4287 903 4324 a
931 4269 1188 4343 periculo
1227 4270 1515 4339 videntur,
1551 4273 1661 4327 tuti
1696 4273 1861 4329 moli-

216 4360 328 4415 bus
367 4359 716 4415 bestiarum.
768 4357 908 4424 Quis
940 4357 1096 4414 enim
1126 4373 1224 4415 eas
1264 4359 1424 4415 adire
1455 4362 1683 4427 audeat,
1728 4379 1863 4418 cum

215 4448 471 4520 desuper
512 4446 728 4518 jaculis
759 4445 925 4502 facile
974 4447 1205 4520 figatur,
1253 4446 1498 4504 inferius
1528 4448 1861 4522 elephanto-

215 4552 347 4592 rum
394 4538 733 4591 conteratur
783 4534 1022 4591 incursu
1064 4536 1091 4590 ?
1137 4536 1396 4608 Denique
1465 4539 1680 4594 cedunt
1745 4539 1865 4596 illis

216 4625 372 4681 acies
418 4626 479 4680 et
524 4627 883 4679 armatorum
933 4624 1124 4689 cunei,
1158 4629 1215 4681 et
1236 4629 1427 4682 castra
1455 4625 1556 4683 illa
1583 4628 1870 4700 quadrata

218 4711 549 4769 solvuntur.
597 4708 948 4766 Intolerabili
1001 4728 1254 4784 namque
1301 4712 1523 4785 impetu
1572 4715 1628 4770 in
1675 4715 1870 4773 hostes

221 4806 439 4868 ruunt;
495 4804 563 4855 ut
610 4798 772 4854 nullo
802 4799 1034 4872 agmine
1061 4800 1433 4869 bellatorum,
1466 4803 1627 4859 nulla
1656 4805 1870 4861 consti-

219 4890 456 4964 patione
488 4888 769 4955 militum,
802 4887 963 4943 nullo
1008 4888 1340 4961 clypeorum
1376 4893 1744 4948 retardentur
1771 4895 1872 4950 ob-

214 4980 377 5050 jecta
415 4996 428 5033 :
462 4976 624 5033 velut
655 4976 895 5049 quidam
942 4976 1187 5033 mobiles
1220 4983 1447 5036 montes
1478 4986 1784 5038 versantur
1815 4982 1874 5039 in

222 5066 457 5141 praeliis,
490 5072 549 5121 et
579 5070 641 5121 ut
671 5064 848 5121 colles
878 5065 993 5121 alto
1041 5067 1302 5122 eminent
1349 5069 1579 5137 vertice,
1613 5071 1875 5144 mugitus

226 5158 453 5229 fragore
505 5153 775 5211 omnium
834 5155 1177 5225 perturbant
1245 5157 1677 5214 confidentiam.
1729 5161 1873 5226 Quid

224 5244 318 5300 his
341 5244 513 5301 faciat
530 5244 734 5317 pedes,
769 5244 1035 5314 quamvis
1075 5242 1305 5300 lacertis
1335 5244 1582 5315 validus,
1618 5254 1674 5304 et
1700 5267 1877 5305 manu

228 5339 577 5407 promptus;
630 5348 768 5388 cum
810 5331 924 5388 sibi
973 5336 1172 5405 septus
1215 5339 1595 5403 armatorum,
1648 5338 1880 5410 populis

227 5422 517 5496 gradienti
550 5439 764 5479 murus
795 5422 1108 5477 occurrat?
1132 5421 1278 5485 Quid
1315 5422 1490 5478 faciat
1520 5442 1717 5497 eques,
1746 5443 1879 5482 cum

2530 3294 2682 3349 126
2710 3292 2938 3347 CAPUT
2977 3291 3070 3345 VI.

1962 3372 2179 3425 Belluns
2210 3366 2614 3423 robustissimus
2644 3381 2706 3419 ac
2734 3364 3097 3435 ferocissimas
3135 3360 3350 3435 homini
3377 3376 3413 3435 a_
3430 3361 3606 3435 Crea-

2032 3447 2144 3497 tore
2191 3438 2433 3495 subditas
2468 3454 2485 3491 :
2540 3432 2740 3491 cis-(1cm
2786 3435 3157 3488 minutissima
3200 3432 3472 3486 animalia
3503 3438 3609 3485 ler-

2033 3514 2149 3567 rori
2179 3516 2341 3580 atque
2387 3510 2559 3562 exitio
2603 3523 2735 3563 esse.
2797 3508 2926 3580 Tum
2980 3506 3169 3580 paucis
3206 3504 3272 3559 de
3298 3506 3611 3580 serpentum

2034 3575 2274 3639 utilitate
2302 3580 2612 3651 disputatis,
2650 3580 2804 3633 homo
2832 3578 2901 3632 ad
2919 3579 3009 3632 sui
3035 3578 3343 3647 animaeque
3364 3575 3611 3648 propria

2035 3655 2393 3726 cognitionem
2422 3652 2712 3706 excitatur.

2036 3746 2124 3799 36.
2159 3740 2383 3798 Etenim
2433 3738 2709 3811 quoniam
2760 3738 2830 3792 de
2883 3736 3140 3793 hominis
3187 3739 3455 3792 creatura
3516 3733 3610 3789 di-

1967 3832 2116 3888 cturi
2150 3847 2379 3896 sumus,
2404 3827 2969 3883 commendationem
3018 3827 3146 3897 ejus
3183 3829 3526 3897 praestruere
3555 3825 3614 3878 et

1968 3921 2268 3995 praelibare
2291 3918 2593 3976 debemus.
2615 3917 2937 3971 Videbatur
2957 3915 3101 3971 nihil
3119 3913 3446 3986 elephantis
3460 3927 3615 3968 crea-

1970 4017 2104 4066 tura
2132 4010 2345 4064 habere
2376 4005 2694 4073 robustius,
2729 4005 2873 4059 nihil
2924 4009 3044 4059 tam
3075 4002 3332 4058 terribile
3359 4002 3448 4057 vel
3478 4017 3612 4073 pro—

1970 4116 2190 4166 cerum,
2245 4096 2387 4151 nihil
2438 4100 2557 4150 tam
2611 4095 2793 4149 ferum
2826 4109 3001 4165 quam
3042 4091 3235 4147 leones
3257 4090 3346 4147 vel
3371 4089 3613 4163 tigrides

1971 4194 2147 4255 sunt;
2184 4186 2385 4242 ethice
2431 4184 2692 4239 serviunt
2736 4181 2981 4250 homini,
3032 4185 3087 4236 et
3139 4185 3411 4236 naturam
3442 4196 3613 4236 suam

1971 4277 2232 4332 humana
2270 4272 2633 4329 institutione
2673 4272 2992 4343 deponunt.
3036 4269 3410 4326 Obliviscitur
3459 4269 3616 4341 quod

1973 4369 2109 4421 nata
2140 4368 2297 4433 sunt,
2359 4363 2609 4417 induunt
2657 4361 2810 4431 quod
2853 4361 3153 4432 jubentur.
3208 4359 3355 4425 Quid
3387 4358 3619 4415 multo?

1972 4457 2266 4511 Docentur
2286 4458 2350 4507 ut
2374 4451 2617 4524 parvuli,
2652 4451 2912 4507 serviunt
2942 4454 3007 4505 ut
3038 4450 3276 4518 infirmi,
3308 4449 3618 4506 verberan-

1900 4561 1944 4625 Ι)
1978 4548 2075 4598 tur
2130 4545 2193 4597 ut
2242 4540 2455 4608 timidi,
2504 4539 2881 4611 corriguntur
2922 4543 2984 4593 ut
3030 4537 3272 4604 subditi,
3324 4537 3382 4593 in
3427 4552 3621 4593 mores

1980 4634 2288 4686 transeunt
2322 4634 2571 4695 nostros,
2607 4628 2884 4700 quoniam
2934 4631 3129 4683 motus
3173 4627 3439 4700 proprios
3491 4644 3622 4699 per-

1982 4718 2275 4775 diderunt.

2052 4808 2139 4863 37.
2174 4806 2457 4862 Mirabilis
2488 4806 2666 4879 igitur
2716 4808 3008 4864 naturain
3042 4806 3350 4876 maximis;
3384 4806 3625 4862 mirabi-

1983 4897 2057 4952 lis
2085 4896 2242 4952 enim
2290 4896 2347 4950 in
2398 4895 2641 4951 excelsis
2696 4897 2993 4962 Dominus,
3044 4895 3329 4952 mirabilis
3357 4895 3534 4951 etiam
3563 4895 3624 4950 in

1986 4982 2267 5039 minimis.
2302 4982 2465 5038 Sicut
2511 4983 2666 5037 enim
2699 5000 2812 5039 non
2846 4984 3042 5038 minus
3072 4985 3247 5054 plana
3283 5000 3626 5055 camporum

1986 5089 2162 5144 quam
2182 5072 2468 5126 montium
2495 5070 2613 5125 alta
2634 5073 2937 5138 miramur,
2970 5088 3075 5127 nec
3098 5072 3229 5144 plus
3252 5071 3626 5128 altitudinem

1988 5161 2142 5217 cedri
2176 5166 2482 5231 stupemus
2510 5176 2687 5230 quam
2738 5160 2872 5216 vitis
2901 5164 3000 5215 aut
3046 5160 3180 5217 oleae
3211 5159 3399 5216 brevis
3429 5162 3628 5217 fecun-

1991 5251 2267 5315 ditatem;
2303 5248 2382 5302 ita
2413 5265 2526 5303 non
2577 5248 2831 5320 amplius
2876 5250 3055 5305 miror
3082 5249 3459 5322 elephantum
3493 5249 3633 5321 quia

1988 5354 2266 5411 procerus
2313 5341 2420 5404 est,
2474 5352 2650 5406 quam
2698 5354 2947 5403 murem,
3009 5341 3149 5411 quia
3195 5339 3472 5396 terribilis
3518 5338 3633 5398 ele-

1990 5428 2209 5500 phanto
2256 5430 2365 5481 est.
2418 5425 2648 5479 Naturae
2697 5424 2877 5497 igitur
2923 5427 3044 5483 haec
3115 5431 3375 5502 potentia
3439 5434 3528 5487 est
3570 5435 3638 5488 ut

297 5558 408 5632 (77)
435 5557 670 5631 Ancylae
698 5553 1051 5629 suffragines
1092 5572 1194 5614 seu
1238 5559 1559 5616 curvaturae
1591 5557 1771 5619 cubiti
1792 5576 1851 5619 ve

2035 5560 2123 5622 ris.
2154 5556 2330 5618 Basil.
2359 5576 2371 5625 ς
2404 5568 2513 5620 οὔτε
2546 5566 2712 5637 μέντοι
2740 5568 2802 5627 εἰς
2830 5569 3075 5636 ἀγκύλην,
3113 5572 3224 5623 οὔτε
3256 5575 3319 5637 εἰς

228 5635 340 5711 γόνυ
364 5637 675 5713 διήρθρωται.
