3932 6212
327 331 443 392 271
484 402 499 413 ,

1790 333 1855 394 S.
1900 330 2277 394 AMBROSII

3605 334 3714 394 272

328 458 614 519 terribilia
662 458 813 533 aliis,
867 459 1000 518 aliis
1045 461 1389 521 meticulosa
1447 462 1585 519 sint.
1653 463 1755 519 Est
1813 463 1969 518 enim
1999 464 2057 530 Α
2087 462 2455 531 mulieribus,
2492 462 2605 519 nisi
2634 462 2854 534 anima,
2886 477 3014 537 qua:
3045 463 3106 519 in
3135 466 3383 536 utroque
3411 479 3547 520 sexu
3576 481 3714 537 prie-

331 551 546 607 donata
588 550 972 624 praerogativa
1019 551 1286 623 quaedam
1342 551 1591 626 singulis
1648 552 1970 608 creaturis:

330 644 397 695 ut
425 639 784 714 quibusdam
836 639 1155 712 privilegiis
1183 640 1435 714 propriis
1465 640 1801 699 fulciantur.
1838 641 1972 696 For-

330 727 629 784 midabilis
676 728 862 785 tauris
908 728 1279 801 elephantus,
1345 746 1575 787 murem
1627 730 1813 785 timet.
1864 729 1974 785 Leo

330 815 567 888 quidem
588 831 687 872 rex
706 816 958 873 ferarum
1003 817 1210 891 exiguo
1236 819 1564 890 scorpionis
1611 818 1810 874 aculeo
1842 835 1972 873 exa-

327 904 567 976 gitatur,
598 907 658 960 et
682 920 909 961 veneno
934 907 1226 979 serpentis
1261 908 1571 963 occiditur.
1605 906 1831 963 Eximio.
1857 906 1973 961 leo-

328 991 420 1048 nis
449 990 821 1064 pulchritudo
875 998 1177 1051 comantes
1236 995 1454 1051 cervice
1517 998 1677 1051 toros
1738 996 1973 1058 excutit,

325 1079 415 1137 vel
445 1080 677 1137 sublato
724 1086 957 1153 pectore
1004 1082 1222 1138 attollit
1251 1100 1371 1139 ora.
1413 1084 1522 1139 Sed
1556 1084 1689 1155 quis
1719 1101 1835 1139 non
1866 1083 1974 1137 mi-

328 1172 491 1226 retur
508 1173 630 1226 tam
678 1169 838 1234 brevi
869 1170 1195 1242 scorpionis
1228 1171 1448 1239 aculeo,
1473 1176 1540 1227 ut
1570 1172 1973 1242 incorporeum

328 1262 525 1330 putes,
551 1257 874 1330 ingentium
898 1274 1209 1331 corporum
1247 1261 1402 1315 exire
1434 1264 1680 1316 mortem
1700 1261 1728 1315 ‘2

397 1345 487 1403 38.
539 1346 657 1402 Nec
702 1346 813 1403 hoc
864 1348 1160 1420 quispiam
1213 1348 1601 1421 reprehendat
1651 1350 1785 1421 (78),
1818 1350 1973 1421 quod

329 1436 565 1492 Creator
593 1440 892 1510 serpentes
936 1438 1219 1493 creaturis
1268 1438 1415 1507 suis,
1466 1437 1696 1510 aliaque
1728 1438 1817 1494 vel
1851 1439 1975 1495 ani-

329 1525 620 1581 mantium
637 1524 728 1581 vel
749 1524 1065 1581 herbarum
1114 1542 1328 1599 genera
1349 1532 1632 1583 venenata
1651 1527 1968 1582 miscuerit.

326 1612 473 1669 Nata
525 1615 666 1670 sunt
718 1612 873 1669 enim
922 1613 1042 1669 haec
1093 1614 1165 1669 ad
1217 1616 1640 1687 correptionem
1687 1620 1971 1684 nostram,

330 1719 446 1758 non
476 1701 550 1759 ad
581 1702 1084 1759 deformationem.
1134 1703 1281 1759 Nam
1311 1721 1437 1775 quae
1479 1704 1725 1776 ignavis,
1754 1709 1856 1759 aut
1886 1705 1972 1759 in-

328 1790 539 1863 ﬁrmis,
569 1795 672 1851 aut
716 1790 915 1865 impiis
945 1791 1291 1865 plerumque
1323 1792 1627 1849 oﬂ'ensioni
1658 1798 1833 1865 atque
1857 1798 1972 1849 ter-

328 1879 447 1937 rori
495 1883 652 1949 sunt,
706 1879 837 1937 aliis
886 1880 1021 1937 usui
1069 1881 1153 1936 ita
1203 1886 1343 1937 sunt
1398 1882 1540 1949 haec,
1575 1886 1638 1937 ut
1675 1883 1977 1956 paedagogi

328 1968 608 2042 parvulis.
658 1970 856 2026 Amari
898 1971 1192 2039 videntur,
1246 1971 1438 2027 acerbi
1471 1976 1527 2026 et
1576 1971 1827 2037 molesti,
1862 1972 1977 2027 for-

328 2057 637 2114 midabiles
689 2058 945 2129 verbere,
999 2058 1329 2115 libertatem
1375 2059 1711 2115 lasciviendi
1740 2065 1977 2132 negant,

327 2146 735 2203 necessitatem
788 2147 1114 2220 disciplina:
1142 2147 1402 2221 exigunt,
1443 2147 1695 2219 pueriles
1726 2149 1975 2216 animos,

328 2251 401 2291 ne
431 2233 573 2292 luxu
623 2236 904 2306 deﬂuant,
957 2241 1179 2292 terrore
1226 2237 1678 2309 constringunt:
1732 2236 1978 2309 ideoque

328 2323 538 2380 horum
570 2324 911 2380 austeritate
940 2325 1090 2398 frugi
1123 2326 1394 2392 evadunt,
1428 2325 1626 2393 sobrii,
1676 2327 1977 2383 continen-

327 2416 437 2481 tes,
470 2412 632 2469 laudi
663 2413 853 2485 magis
882 2429 1061 2486 quam
1094 2413 1233 2470 ludo
1264 2415 1466 2471 dediti.
1499 2416 1675 2471 Vides
1701 2417 1840 2488 quid
1864 2421 1977 2471 ter-

328 2501 522 2557 ribilia
576 2502 689 2557 ista
745 2501 975 2575 ﬂagella
1031 2503 1383 2576 proﬁciant?
1433 2504 1526 2560 Sic
1586 2509 1644 2560 et
1683 2514 1979 2577 serpentes

329 2589 560 2663 ﬂagella
588 2595 730 2648 sunt
758 2608 959 2648 eorum
992 2592 1211 2663 quibus
1241 2592 1476 2648 infirma
1519 2594 1700 2649 animi
1730 2598 1891 2660 astas,
1924 2599 1981 2649 et

328 2681 596 2752 quaedam
627 2679 868 2753 puerilis
899 2681 1114 2736 mentis
1144 2686 1235 2736 est
1263 2680 1483 2749 virtus;
1534 2687 1805 2737 caeterum
1859 2683 1979 2738 for-

332 2767 581 2824 tioribus
611 2784 819 2825 nocere
866 2785 984 2823 non
1034 2773 1305 2840 possunt.
1362 2770 1618 2841 Denique
1667 2771 1979 2827 confidenli

328 2855 389 2911 in
418 2855 658 2912 domino
681 2856 906 2911 dictum
938 2860 1061 2911 est:
1118 2856 1289 2928 Super
1315 2857 1556 2928 aspidem
1582 2862 1635 2913 et
1666 2859 1980 2915 basiliscum

340 2944 682 3013 a‘mbubabis,
714 2944 1127 3000 etconculcabis
1156 2945 1367 3000 leonem
1407 2954 1458 3001 et
1485 2946 1774 3003 draconem
1805 2949 1975 3019 (Psal.

330 3049 421 3101 xc,
478 3032 587 3106 13).
647 3031 895 3089 Paulum
955 3033 1271 3090 momordit
1319 3034 1535 3108 vipera,
1596 3041 1654 3091 et
1693 3037 1980 3109 putabant

329 3137 464 3179 eum
496 3121 667 3194 quasi
696 3125 1058 3195 peccatorem
1090 3122 1184 3178 vix
1213 3123 1283 3179 de
1313 3124 1618 3198 naufragio
1660 3131 1974 3195 servatum,

2083 553 2360 608 stantiam
2394 552 2653 624 possidet
2679 551 3138 625 pulchritudinis
3157 552 3186 607 ?
3213 552 3497 609 Etmerito
3518 553 3714 610 decora

2083 645 2191 706 est,
2226 658 2357 712 quae
2388 658 2503 696 non
2536 646 2766 697 terrena
2818 643 2919 697 sed
2978 640 3253 714 caelestia,
3294 658 3410 697 non
3444 642 3713 715 corrupti-

2083 729 2225 784 bilia
2254 729 2356 785 sed
2416 730 2756 802 incorrupta
2808 730 3121 798 desiderat,
3170 730 3229 785 in
3289 730 3503 802 quibus
3546 730 3713 786 decus

2084 820 2272 891 perire
2321 836 2436 873 non
2495 818 2697 875 soleat.
2760 817 3095 892 Corporalia
3147 819 3305 873 enim
3355 819 3549 874 omnia
3592 837 3715 891 pro-

2084 924 2252 963 cessu
2286 908 2495 976 aetatis,
2527 911 2627 963 aut
2653 907 3018 980 aagritudinis
3049 906 3439 980 inaequalitate
3476 924 3713 963 marces-

2084 1002 2244 1051 cunt.
2280 996 2422 1051 Huic
2452 997 2705 1064 attende,
2753 996 2895 1051 dicit
2942 996 3191 1069 Moyses,
3236 997 3295 1051 in
3343 1012 3457 1068 qua
3481 1001 3539 1051 tu
3571 1000 3714 1052 totus

2084 1102 2168 1151 es,
2202 1086 2258 1140 in
2308 1102 2426 1157 qua
2476 1084 2685 1141 melior
2730 1086 2816 1140 tui
2870 1086 3058 1157 portio
3107 1090 3215 1141 est.
3256 1085 3514 1157 Denique
3543 1085 3713 1141 inter-

2085 1178 2347 1246 pretatus
2379 1179 2467 1229 est
2498 1175 2782 1230 Dominus
2812 1176 2944 1247 quis
2984 1174 3065 1230 sis
3096 1178 3181 1243 tu,
3216 1174 3435 1229 dicens.
3463 1174 3715 1230 Attendite
3765 1221 3773 1230 .

2086 1264 2231 1317 vobis
2261 1280 2293 1317 a
2349 1264 2508 1333 falsis
2561 1263 2839 1334 prophetis
2896 1262 3104 1335 (Matth.
3156 1278 3255 1329 vn,
3285 1263 3409 1333 45):
3444 1262 3538 1317 isti
3567 1263 3711 1318 enim

2084 1351 2342 1407 animam
2398 1350 2722 1421 debilitant,
2783 1356 3038 1408 mentem
3098 1352 3412 1408 subruunt.
3460 1352 3579 1406 Non
3610 1351 3711 1423 igi-

2083 1445 2179 1496 tur
2209 1457 2342 1495 caro
2400 1444 2465 1495 tu
2522 1456 2604 1495 es.
2668 1440 2816 1506 Quid
2870 1442 3026 1497 enim
3077 1444 3167 1497 est
3196 1457 3332 1496 caro
3369 1439 3495 1495 sine
3521 1440 3711 1495 animae

2083 1528 2498 1600 gubernaculo,
2550 1530 2764 1585 mentis
2806 1528 3046 1603 vigore?
3075 1529 3220 1585 Caro
3252 1526 3425 1584 hodie
3455 1528 3710 1594 sumitur,

2084 1623 2212 1672 cras"
2241 1617 2568 1688 deponitur.
2604 1620 2749 1674 Caro
2798 1617 3158 1691 temporalis,
3207 1617 3408 1673 anima
3436 1617 3710 1672 diuturna.

2083 1706 2227 1761 Caro
2267 1706 2521 1761 amictus
2571 1711 2660 1761 est
2707 1706 2936 1775 animae,
2989 1724 3115 1779 quae
3148 1722 3210 1762 se
3257 1705 3449 1761 induit
3477 1705 3713 1777 quodam

2083 1794 2343 1867 corporis
2400 1795 2767 1851 vestimento.
2831 1795 2955 1850 Non
2990 1795 3172 1867 igitur
3223 1800 3291 1850 tu
3321 1794 3715 1850 vestimentum

2087 1900 2172 1950 es,
2204 1884 2302 1939 sed
2337 1884 2435 1955 qui
2467 1884 2816 1939 vestimento
2847 1883 3050 1940 uteris.
3084 1883 3216 1939 Ideo
3252 1883 3353 1939 tibi
3386 1883 3610 1953 dicitur,
3639 1885 3714 1948 ut,

2087 1972 2419 2044 exspolians
2474 1976 2723 2028 veterem
2774 1971 3073 2028 hominem
3128 1989 3266 2028 cum
3313 1972 3539 2027 actibus
3578 1970 3713 2042 ejus,

2088 2078 2302 2116 novum
2337 2062 2569 2126 induas,
2620 2060 2719 2134 qui
2751 2077 2867 2116 non
2915 2061 2974 2116 in
3020 2060 3281 2134 corporis
3304 2060 3595 2133 qualitate,
3627 2059 3716 2114 sed

2089 2149 2146 2204 in
2179 2148 2388 2221 spiritu
2424 2149 2656 2217 mentis,
2725 2154 2781 2205 et
2828 2149 3122 2223 agnitione
3170 2154 3483 2205 renovatur
3511 2149 3713 2221 (Coloss.

2088 2256 2169 2305 Ill,
2218 2240 2325 2309 10).
2386 2238 2532 2306 Νοη,
2592 2238 2855 2311 inquam,
2915 2255 3049 2294 caro
3106 2254 3168 2294 es
3199 2242 3267 2294 tu
3304 2256 3319 2308 ;
3353 2232 3537 2310 neq’ue
3573 2236 3715 2293 enim

2088 2326 2248 2383 carni
2304 2328 2519 2383 dicitur
2563 2344 2576 2382 :
2639 2329 2914 2399 Templum
2964 2329 3112 2382 enim
3166 2329 3271 2383 Dei
3314 2331 3555 2383 sanctum
3625 2332 3713 2391 est,

2088 2417 2227 2489 quod
2282 2419 2409 2472 estis
2466 2433 2553 2472 vos
2611 2418 2659 2488 (I
2714 2420 2838 2474 Cor.
2870 2434 2956 2489 III,
2996 2417 3104 2487 17).
3166 2416 3234 2471 Et
3267 2416 3427 2484 alibi,
3461 2415 3713 2487 Templum

2087 2507 2186 2561 Dei
2238 2522 2325 2560 ros
2372 2508 2521 2574 estis,
2569 2510 2621 2560 et
2670 2504 2907 2577 Spiritus
2955 2513 3173 2560 sanctus
3215 2504 3428 2560 habitat
3472 2507 3531 2559 in
3583 2503 3717 2559 vobis

2088 2595 2245 2664 (Ibid.
2280 2596 2364 2665 16)
2392 2612 2404 2650 :
2437 2594 2538 2651 sed
2573 2593 2861 2650 renovatis
2892 2593 3106 2649 dicitur
3134 2597 3193 2649 et
3222 2593 3493 2648 ﬁdelibus
3523 2591 3579 2646 in
3605 2590 3718 2663 qui-

2089 2684 2199 2738 bus
2232 2687 2533 2754 permanet
2581 2683 2836 2755 Spiritus
2867 2682 2990 2738 Dei.
3048 2682 3111 2738 In
3153 2681 3487 2738 carnalibus
3538 2685 3716 2736 autem

2088 2789 2203 2827 non
2239 2778 2559 2843 permanet,
2593 2772 2732 2845 quia
2763 2771 3047 2843 scriptum
3078 2776 3167 2827 est
3196 2788 3209 2827 :
3257 2772 3373 2827 Non
3397 2767 3720 2843 permanebit

2085 2862 2313 2932 spiritus
2364 2878 2517 2917 meus
2562 2863 2625 2915 in
2668 2860 2980 2916 hominibus
3042 2861 3183 2925 istis,
3247 2862 3508 2932 quoniam
3549 2872 3723 2913 carnes

2085 2954 2213 3004 sunt
2243 2949 2393 3022 (Gen.
2426 2967 2504 3020 v1,
2538 2951 2614 3022 3).

2715 3038 2947 3095 CAPUT
2989 3038 3105 3094 VII.

2088 3128 2331 3183 Hominis
2396 3129 2727 3183 creationem
2773 3144 2807 3182 a
2836 3127 3271 3183 consideratione
3320 3128 3572 3183 creatoris
3599 3140 3718 3180 aus-

325 3226 546 3267 veneno
588 3227 717 3267 esse
756 3211 1145 3268 moriturum:
1195 3213 1294 3269 sed
1326 3218 1707 3286 posteaquam
1738 3214 1960 3270 inviola‘

2149 3202 2390 3286 picatur.
2452 3200 2672 3286 Filium.
2704 3200 3236 3286 Patrisuimlaginem
3286 3215 3417 3282 esse,
3480 3212 3717 3286 necnon

326 3299 464 3357 bilis
490 3299 712 3356 mansit
751 3290 996 3357 excussa
1035 3300 1094 3356 in
1144 3301 1340 3375 ignem
1391 3303 1613 3375 vipera,
1655 3302 1788 3375 plus
1820 3306 1974 3377 apud

326 3388 619 3446 intuentes
664 3388 1054 3446 venerationis
1103 3390 1341 3447 invenit.
1389 3391 1500 3447 Sed
1532 3396 1588 3447 et
1618 3392 1742 3465 ipse
1772 3393 1974 3449 Domi-

323 3494 439 3533 nus
485 3478 558 3534 ad
588 3494 794 3535 omnes
849 3480 991 3535 I21
1047 3479 1166 3535 ait:
1203 3480 1311 3548 Qui
1353 3480 1665 3547 crediderit,
1716 3486 1767 3537 et
1798 3483 1974 3553 bapti-

321 3568 479 3620 zatus
507 3567 696 3637 fuerit,
728 3567 818 3621 hic
842 3567 1027 3622 salvus
1054 3569 1205 3632 erit;
1237 3569 1334 3639 qui
1366 3584 1487 3623 vero
1516 3585 1626 3625 non
1655 3570 1971 3636 crediderit,

320 3652 678 3709 damnabitur
721 3655 911 3725 (Marc.
957 3672 1072 3723 xv1,
1126 3657 1234 3727 16).
1284 3655 1463 3729 Signa
1506 3662 1701 3713 autem
1733 3659 1970 3714 creden-

319 3742 471 3797 tium
496 3742 620 3798 hzec
658 3741 804 3798 dixit
825 3742 964 3810 fore,
997 3749 1063 3798 ut
1104 3750 1403 3817 serpentes
1430 3763 1605 3801 manu
1651 3746 1966 3815 mulceant,

318 3846 547 3887 venena
577 3830 667 3888 his
696 3836 872 3904 atque
902 3848 1073 3888 omne
1118 3833 1507 3901 mortiferum,
1542 3835 1771 3891 etiamsi
1802 3836 1969 3892 bibe-

318 3918 455 3989 rint,
489 3935 697 3978 nocere
726 3938 844 3977 non
874 3921 1121 3995 possint.
1155 3924 1280 3978 'I‘ua
1320 3922 1500 3996 igitur
1523 3924 1627 3980 tibi
1659 3924 1849 3997 magis
1878 3925 1965 3980 in-

315 4007 651 4079 credulitas,
684 4027 717 4066 o
765 4009 962 4080 homo,
1016 4027 1193 4084 quam
1240 4028 1463 4068 venena
1504 4016 1817 4069 metuenda
1846 4031 1966 4070 ser-

313 4098 579 4171 pentium
612 4102 770 4156 sunt.
804 4099 971 4157 Time
990 4100 1169 4173 igitur
1190 4099 1310 4172 illa,
1339 4107 1405 4157 ut
1435 4102 1641 4159 saltem
1676 4104 1816 4159 dum
1850 4104 1965 4159 for-

313 4186 616 4245 midantur
662 4187 764 4245 illa
791 4188 927 4262 (79),
961 4190 1033 4245 ad
1076 4190 1249 4246 fidem
1285 4208 1595 4263 provocare
1625 4197 1679 4248 te
1713 4192 1961 4265 possint.

312 4276 474 4342 Quod
507 4277 557 4333 si
586 4276 772 4335 Deum
801 4295 920 4335 non
950 4279 1144 4346 times,
1176 4278 1265 4335 vel
1315 4278 1547 4336 ultricia
1588 4282 1843 4354 perﬁdiae
1868 4298 1961 4337 ve-

312 4380 465 4420 nena
494 4364 703 4422 formid
713 4383 797 4423 es.

380 4453 469 4509 39.
502 4454 667 4509 Nunc
698 4455 977 4527 quoniam
1007 4460 1066 4512 et
1114 4455 1457 4529 elephantos
1488 4459 1650 4514 vides
1680 4459 1785 4513 tibi
1818 4459 1958 4515 sub-

311 4540 485 4637 ditos,
519 4545 576 4596 et
604 4540 802 4637 leones
831 4559 959 4599 esse
999 4544 1334 4637 subjectos:
1371 4561 1543 4601 nosce
1589 4552 1644 4601 te
1672 4546 1891 4618 ipsum,
1925 4564 1957 4604 ο
1989 4574 2037 4637 D

310 4629 510 4697 homo,
544 4630 698 4701 quod
730 4646 869 4697 non,
920 4635 984 4687 ut
1030 4632 1245 4700 ferunt,
1296 4633 1582 4704 Apollinis
1613 4634 1820 4706 Pythii,
1856 4636 1954 4693 sed

310 4716 641 4774 Salomonis
688 4720 875 4774 sancti
929 4724 1038 4786 est,
1090 4720 1190 4792 qui
1241 4721 1357 4776 ait:
1409 4724 1537 4778 Nisi
1570 4725 1713 4778 scias
1743 4734 1811 4792 te,
1843 4726 1957 4795 for-

307 4823 463 4864 mosa
503 4808 564 4863 in
613 4808 945 4864 mulieribus
990 4809 1171 4880 (Cant.
1200 4826 1239 4876 1,
1270 4810 1348 4881 7),
1383 4827 1720 4883 quanquam
1774 4813 1957 4870 multo

308 4901 481 4953 antea
509 4896 737 4971 Moyses
768 4897 827 4953 in
857 4897 1305 4955 Deuteronomio
1353 4900 1689 4972 scripserit:
1732 4902 1960 4958 Attende

308 4986 427 5055 tibi,
455 5001 486 5042 0
515 4985 692 5044 homo.
745 4986 970 5044 Attende
1024 4988 1129 5044 tibi
1186 4988 1365 5059 (Deut.
1424 5006 1500 5055 ιν,
1531 4989 1607 5061 9),
1642 4989 1723 5045 ait
1752 4989 1859 5046 lex.
1893 4991 1961 5047 Et

305 5075 595 5149 Propheta
646 5075 764 5134 ait:
817 5078 940 5134 Nisi
991 5078 1135 5133 scias
1190 5085 1258 5132 te.
1318 5078 1422 5133 Cui
1474 5071 1583 5133 hoc
1613 5079 1800 5134 dicit?
1831 5085 1961 5136 For-

304 5180 478 5236 mosa,
526 5165 741 5240 inquit,
802 5167 863 5222 in
909 5166 1259 5224 mulieribus.
1312 5168 1447 5233 Qua:
1495 5171 1583 5223 est
1619 5168 1865 5240 pulchra
1898 5169 1955 5225 in

375 5360 490 5433 (78)
512 5362 651 5438 Mss.
676 5380 881 5438 novem
906 5362 1052 5438 satis
1070 5362 1319 5438 probati,
1336 5363 1474 5438 quod
1496 5368 1711 5421 creator
1735 5381 1954 5438 serpen-

307 5434 377 5488 tis
401 5436 670 5488 creaturis
723 5437 839 5490 suis
894 5436 1034 5490 talia
1062 5434 1166 5501 uel,
1218 5441 1327 5490 etc.
1345 5434 1469 5490 ’Alii
1500 5439 1696 5493 tamen
1729 5442 1785 5493 et
1813 5434 1952 5494 edit.

308 5504 722 5560 anteponendi.

399 5574 492 5655 79)
522 5574 764 5655 Codices
811 5574 1007 5655 Ca_rn.,
1038 5576 1666 5655 gorb‘..vetus,_fl_‘b_ac
1697 5580 1861 5655 Reg.,
1893 5585 1956 5640 ut

301 5620 1007 5723 :aiiiim'éé'éii‘r'asﬁu'in’
1023 5620 1597 5732 ῥῆίὶῑὰτῖἱιῖῗίᾶῗ

2156 3268 2300 3326 inter
2349 3287 2438 3325 eos
2492 3272 2760 3325 uni/atem
2806 3268 3323 3341 distinctionemque
3372 3270 3608 3325 inveniri
3631 3268 3714 3341 de-

2154 3345 2440 3397 monstrat.
2505 3343 2743 3411 Denique
2801 3342 3077 3396 hominem
3126 3349 3188 3395 ut
3228 3339 3526 3409 cognoscat
3586 3339 3717 3393 unde

2153 3415 2385 3481 oriatur,
2414 3414 2651 3485 icujusve
2698 3414 3017 3484 imaginem,
3061 3416 3111 3467 et
3161 3414 3217 3467 in
3274 3430 3381 3484 qua
3427 3419 3581 3485 parte
3606 3426 3715 3465 eam

2149 3488 2321 3555 gerat,
2354 3484 2623 3540 admonet.

2152 3575 2237 3629 t0.
2267 3574 2376 3628 Sed
2407 3573 2593 3645 ipsius
2620 3571 2930 3629 creationis
2961 3576 3172 3629 nostra:
3218 3572 3431 3628 seriem
3462 3569 3713 3627 conside-

2079 3678 2298 3718 remus.
2375 3663 2679 3729 Faciamus,
2747 3660 2961 3733 inquit,
3031 3660 3309 3716 hominem
3375 3661 3446 3715 ad
3491 3667 3716 3715 nostram

2079 3754 2396 3822 imaginem,
2428 3760 2481 3807 et
2507 3752 2576 3805 ad
2621 3750 3047 3806 similitudinem
3074 3758 3319 3805 nostram
3349 3750 3498 3822 (Gen.
3542 3766 3579 3814 ι,
3609 3746 3707 3818 26).

2077 3839 2218 3905 Quis
2247 3839 2342 3894 hic
2364 3840 2552 3894 dicit?
2594 3839 2797 3894 Nonne
2828 3838 3003 3908 Deus,
3034 3838 3135 3910 qui
3167 3843 3223 3895 te
3254 3838 3436 3895 fecit?
3466 3836 3606 3903 Quid
3636 3837 3714 3889 est

2076 3928 2278 3983 Deus?
2324 3931 2491 3994 Caro,
2543 3945 2614 3983 an
2666 3927 2961 4000 spiritus?
3008 3928 3135 3983 Non
3185 3944 3321 3983 caro
3368 3927 3587 3998 utique,
3619 3923 3709 3979 sed

2075 4016 2340 4088 spiritus,
2372 4018 2544 4088 cujus
2592 4015 2807 4072 similis
2855 4033 2989 4072 caro
3022 4033 3151 4073 esse
3180 4032 3297 4071 non
3333 4020 3559 4088 potest;
3586 4011 3710 4085 quia

2073 4106 2199 4177 ipse
2221 4105 2597 4178 incorporeus
2629 4110 2686 4160 et
2712 4104 3022 4161 invisibilis
3052 4109 3155 4172 est,
3181 4105 3337 4162 128
3367 4121 3498 4160 caro
3529 4106 3706 4158 autem

2071 4194 2589 4266 comprehenditur
2636 4198 2693 4249 et
2738 4193 2990 4249 videtur.
3041 4192 3144 4248 Cui
3200 4192 3389 4249 dicit?
3436 4193 3558 4248 Non
3605 4186 3705 4245 sibi

2074 4281 2296 4353 utique,
2331 4282 2470 4355 quia
2516 4300 2632 4338 non
2685 4281 2826 4337 dicit
2866 4280 3099 4347 faciam,
3144 4280 3244 4337 sed
3274 4282 3559 4353 faciamus.
3591 4277 3704 4333 Non

2071 4370 2316 4443 angelis,
2351 4370 2489 4443 quia
2520 4369 2775 4427 ministri
2828 4374 2967 4425 sunt
3001 4388 3015 4439 ;
3048 4370 3197 4425 servi
3229 4375 3425 4426 autem
3456 4384 3584 4424 cum
3613 4365 3704 4420 do-

2070 4461 2250 4528 mino,
2283 4465 2341 4516 et
2370 4476 2547 4533 Opera
2599 4476 2730 4514 cum
2784 4463 3018 4515 auctore
3071 4474 3188 4514 non
3240 4451 3490 4531 possunt
3518 4468 3703 4528 Opera-

2068 4548 2245 4604 tionis
2287 4549 2505 4605 habere
2533 4548 2934 4604 consortium:
2968 4547 3072 4603 sed
3104 4546 3245 4602 dicit
3278 4546 3455 4602 Filio:
3489 4538 3701 4602 etiamsi

2067 4637 2253 4692 Judaei
2306 4637 2530 4704 nolint;
2577 4635 2808 4692 etiamsi
2850 4634 3051 4691 Ariani
3098 4638 3445 4708 repugnent.
3503 4630 3609 4688 Sed
3653 4630 3704 4684 et

2066 4725 2253 4780 Judaei
2299 4726 2710 4792 conticescant,
2761 4728 2818 4780 et
2862 4723 3060 4781 Ariani
3112 4740 3247 4779 cum
3295 4723 3421 4779 suis
3459 4715 3703 4795 parenti-

2067 4814 2179 4869 bus
2210 4815 2323 4885 (80)
2376 4814 2807 4885 obmutescant,
2839 4813 2940 4886 qui
2975 4814 3115 4869 dum
3146 4828 3333 4868 unum
3363 4829 3399 4868 a
3427 4803 3702 4867 consortio

2067 4902 2275 4957 divinae
2343 4902 2700 4974 operationis
2767 4900 3105 4973 excludunt,
3155 4900 3355 4973 plures
3403 4897 3698 4959 inserunt;

2066 4995 2125 5046 et
2154 4992 2592 5064 prazrogativam
2642 5007 2819 5063 quam
2864 4990 3007 5046 Filio
3057 4993 3292 5064 negant,
3338 4985 3580 5046 servulis
3608 4984 3698 5039 do-

2067 5085 2229 5136 nant.
2703 5069 2721 5084 ⁸

2137 5170 2224 5226 41.
2260 5170 2369 5225 Sed
2402 5173 2559 5225 esto:
2609 5172 2674 5224 ut
2695 5167 3052 5226 adminiculo
3074 5168 3438 5226 servulorum
3484 5163 3553 5221 ad
3579 5174 3701 5233 ope-

2137 5366 2249 5439 (80)
2278 5366 2430 5447 Edit.
2462 5369 2575 5447 vet:
2605 5371 2663 5423 et
2690 5384 2834 5424 mss.
2861 5365 3147 5447 quinque,
3164 5383 3289 5447 eum
3324 5365 3441 5447 suis
3456 5358 3693 5447 peribit:-

2067 5429 2316 5521 Rom.'et
2337 5439 2700 5521 [Πειρη-ΒΘΗιζ
2729 5454 2853 5495 cum
2878 5429 3004 5521 suis
3020 5429 3288 5521 partibus.
3323 5429 3693 5521 aliahng

2065 5526 2190 5640 gnta
2211 5511 2326 5566 suis
2343 5509 2617 5584 patribus.
2660 5509 2855 5579 Carn.,
2878 5504 3048 5568 Corb.
3093 5514 3278 5582 vetus,
3300 5511 3360 5565 et
3394 5504 3526 5572 Th.,
3557 5504 3617 5559 ut
3642 5504 3696 5553 in

2124 5598 2161 5640 x
2190 5598 2249 5639 ιι.
