3932 6212
222 417 337 484 273

1490 415 2037 484 HEXAEMERON
2081 418 2231 484 LIB.
2278 419 2382 485 VI.

3510 422 3635 497 274

222 551 473 612 randum
501 551 661 611 Deus
691 548 866 611 vobis
896 548 1223 628 indiguisse
1254 551 1538 610 videatur.
1570 553 1625 609 Si
1649 553 1874 627 operati
1902 553 1956 620 Α
1989 556 2048 612 in
2108 573 2225 630 qua
2280 560 2371 634 est
2423 554 2700 632 splendor
2728 555 2945 633 gloria,
3010 559 3069 619 et
3122 561 3377 634 paternae
3432 558 3628 634 imngo

220 644 556 702 communis
587 647 679 699 est
710 660 849 700 cum
881 642 1103 717 angelis
1133 644 1270 711 Deo,
1322 644 1611 716 numquid
1674 644 1788 699 Deo
1819 648 1875 699 et

216 734 653 808 augelisimago
671 733 1008 789 communis
1029 733 1155 789 est?
1169 732 1466 804 Numquid
1487 731 1709 806 angelis
1722 732 1875 787 dice-

213 828 302 879 ret
328 840 340 877 :
378 825 670 878 Faciamus
702 822 980 878 hominem
1010 821 1080 876 ad
1108 825 1353 877 nostram
1383 822 1701 892 imaginem,
1734 824 1784 876 et
1803 820 1874 874 ad

208 912 647 968 similitudinem
667 914 915 969 nostram
934 915 959 966 .9
984 910 1092 966 Sed
1127 910 1268 982 quid
1298 910 1373 965 sit
1394 909 1587 982 imago
1610 908 1711 964 Dei
1733 910 1871 965 audi

207 1001 384 1056 dicen
396 1005 512 1055 tem
539 1018 552 1056 :
586 1001 699 1072 Qui
723 1001 935 1072 eripuit
961 1015 1079 1067 nos,
1112 998 1325 1071 inquit,
1350 998 1416 1053 de
1443 1002 1703 1069 potestate
1722 1002 1873 1054 tene-

208 1091 466 1158 brarum,
500 1098 553 1145 et
582 1089 869 1145 transtulit
896 1090 957 1143 in
983 1104 1213 1157 regnum
1255 1089 1389 1143 Filii
1432 1088 1704 1143 claritatis
1756 1102 1874 1144 sua?

207 1181 351 1251 (8t),
387 1182 448 1235 in
476 1196 581 1250 quo
609 1178 871 1235 habemus
894 1167 1722 1250 redemptionem,reniissionem
1748 1193 1869 1248 pec-

202 1278 482 1337 catorum,
514 1271 613 1341 qui
636 1276 714 1325 est
743 1269 1029 1340 imagoDei
1059 1267 1374 1334 invisibilis,
1398 1274 1449 1322 et
1464 1269 1865 1338 primogenitus

207 1360 495 1414 universze
523 1365 817 1414 craeaturw
841 1356 1059 1417 (Coloss.
1093 1373 1133 1422 ι,
1162 1355 1373 1424 43-15).
1411 1355 1540 1427 Ipse
1569 1359 1660 1410 est
1678 1354 1871 1428 imago

210 1447 314 1503 Dei
350 1447 568 1514 Patris,
600 1447 699 1518 qui
732 1462 964 1518 semper
1015 1448 1122 1511 est,
1174 1449 1231 1500 et
1278 1448 1402 1500 erat
1450 1444 1509 1499 in
1562 1444 1868 1516 principio.

1983 647 2364 725 substantiaml
2380 650 2712 705 Secundum
2743 649 2896 707 hanc
2927 649 3247 725 imaginem
3278 668 3403 725 quin
3442 650 3626 707 reful-

1982 740 2097 808 get,
2134 736 2366 808 pictura
2386 738 2641 809 pretiosa
2672 744 2779 795 est.
2840 739 3176 795 Secundum
3225 739 3377 797 hanc
3408 740 3623 814 imagi-

1983 841 2116 880 nem
2145 826 2330 881 Adam
2363 831 2495 882 ante
2544 831 2886 899 peccatum:
2944 828 3043 885 sed
3097 828 3196 883 ubi
3255 829 3460 901 lapsus
3517 833 3624 894 est,

1983 913 2291 990 deposuit,
2328 914 2646 985 imaginem
2692 915 2961 984 ccelestis,
3009 915 3266 990 sumpsit
3335 918 3629 975 terrestris

1985 960 2252 986 “ru---
2329 960 2646 985 .--...g...---.
2693 960 2961 984 “meum,
3009 960 3266 990 πωπω..
3341 960 3629 975 mw"..-

1983 960 2402 1144 effigiem/Sed
2462 1004 2756 1075 fugiamus
2787 1005 2939 1061 hanc
2994 1005 3315 1079 imaginem
3375 1023 3503 1080 quae
3534 1007 3629 1063 in-

1983 1094 2136 1144 trare
2166 1091 2216 1144 ci
2257 1095 2457 1144 itatem
2486 1092 2586 1144 Dei
2614 1109 2726 1144 non
2755 1097 2964 1144 potest.
2998 1095 3137 1144 auia
3166 1094 3451 1144 sor-intum
3483 1100 3572 1144 est
3608 1111 3619 1144 ε

1983 1094 2136 1146 trare
2166 1091 2457 1147 civitatem
2486 1092 2586 1148 Dei
2614 1109 2727 1147 non
2755 1097 2965 1166 potest,
2998 1095 3137 1167 quia
3166 1094 3453 1168 scriptum
3483 1100 3572 1151 est
3608 1111 3620 1152 :

1982 1180 2228 1246 Domine,
2262 1182 2323 1236 in
2352 1183 2575 1238 civitate
2606 1185 2695 1236 tua
2726 1184 3029 1253 imaginem
3054 1199 3243 1239 eorum
3269 1183 3339 1239 ad
3386 1184 3630 1240 nihilum

1982 1268 2392 1341 rediges(Psal.
2456 1287 2625 1336 Lxxn,
2683 1270 2794 1342 20).
2853 1272 2925 1326 Et
2981 1288 3097 1327 non
3155 1271 3334 1327 intrat
3388 1272 3631 1346 indigna

1983 1356 2198 1429 imago,
2270 1361 2328 1412 et
2381 1375 2507 1431 quae
2578 1359 2842 1426 intraret,
2899 1360 3264 1428 excluditur;
3327 1361 3464 1433 quia
3520 1378 3632 1417 non

1982 1446 2232 1514 intrabit,
2266 1446 2479 1518 inquit,
2530 1448 2589 1502 in
2614 1464 2732 1502 eam
2782 1464 2942 1503 omne
2977 1464 3278 1516 commune,
3326 1453 3376 1506 et
3420 1451 3631 1521 faciens

206 1535 484 1608 Denique
514 1536 709 1608 imago
759 1539 850 1591 est
896 1533 997 1607 qui
1046 1532 1224 1589 dicit:
1268 1534 1542 1605 Philippe,
1587 1535 1685 1604 qui
1728 1533 1873 1588 videt
1979 1536 2408 1591 exsecrationem
2435 1538 2488 1591 et
2515 1536 2863 1591 mendacium
2921 1536 3099 1610 (Apoc.
3159 1554 3277 1604 xm,
3334 1536 3465 1609 27):
3525 1538 3629 1593 sed

205 1642 321 1695 me,
354 1625 506 1681 videt
535 1628 588 1681 et
617 1626 841 1681 Patrem
870 1624 1046 1696 (Joan.
1079 1638 1197 1691 xxv,
1229 1622 1305 1695 8).
1362 1623 1433 1677 Et
1484 1623 1777 1694 quomodo
1808 1628 1871 1678 tu

205 1731 351 1770 cum
386 1714 708 1787 imaginem
737 1714 929 1768 vivam
961 1712 1154 1767 Patris
1186 1711 1436 1767 viventis
1458 1711 1869 1778 videas,dicis:

209 1803 447 1861 Ostende
478 1804 636 1858 nobis
662 1808 892 1859 Patrem
911 1805 936 1856 .9
962 1818 1073 1858 non
1103 1801 1284 1857 credis
1309 1803 1441 1873 quia
1468 1817 1563 1872 ego
1595 1802 1655 1855 in
1682 1802 1869 1870 Patre,

1982 1623 2079 1679 ille
2110 1624 2352 1680 intrabit
2381 1624 2441 1680 in
2472 1641 2624 1692 eam,
2657 1625 2828 1696 cujus
2858 1624 2919 1680 in
2970 1625 3156 1681 fronte
3204 1624 3355 1700 Agni
3413 1640 3627 1682 nomen

1983 1712 2270 1785 scriptum
2302 1717 2409 1769 est.

1982 1818 1989 1823 ‘
2053 1803 2139 1858 43.
2176 1801 2389 1858 Anima
2419 1802 2599 1875 igitur
2629 1806 2831 1859 nostra
2875 1803 2947 1859 ad
2979 1802 3298 1876 imaginem
3358 1802 3457 1859 Dei
3517 1806 3625 1860 est.

208 1900 265 1948 et
292 1897 461 1948 Pater
488 1893 548 1947 in
580 1906 669 1946 me
695 1896 775 1947 est
807 1889 962 1962 (Ibid.
995 1891 1048 1960 9,
1110 1890 1197 1961 10)
1213 1892 1244 1987 :9
1300 1890 1506 1987 Imago
1524 1889 1624 1944 Dei
1684 1889 1871 1987 virtus
1902 1922 1951 1987 B
1983 1895 2046 1946 In
2080 1890 2189 1946 hac
2217 1894 2376 1947 totus
2402 1908 2485 1959 es,
2517 1891 2692 1947 homo
2718 1910 2731 1959 ;
2765 1891 2905 1964 quia
2936 1891 3060 1947 sine
3090 1891 3201 1947 hac
3228 1891 3374 1950 nihil
3407 1909 3489 1961 es,
3524 1893 3626 1948 sed

209 1986 328 2047 est,
363 1997 483 2036 non
518 1979 868 2035 infirmitas:
902 1979 1095 2051 imago
1126 1978 1225 2034 Dei
1258 1978 1548 2049 sapientia
1589 1981 1699 2045 est,
1724 1977 1873 2032 ima-

208 2087 293 2144 go
323 2070 427 2125 Dei
450 2067 689 2141 justitia
718 2073 805 2124 est
830 2086 843 2124 :
877 2068 977 2124 sed
1010 2067 1298 2140 sapientia
1317 2068 1515 2123 divina
1532 2070 1703 2131 est,et
1725 2083 1876 2122 sem-

208 2160 451 2232 piterna
492 2157 748 2229 justitia.
809 2160 1009 2229 Imago
1064 2156 1163 2212 Dei
1210 2160 1301 2211 est
1347 2156 1509 2213 solus
1573 2155 1690 2225 ille,
1772 2156 1874 2228 qui

209 2248 403 2303 dixit:
436 2249 550 2316 Ego
579 2251 631 2302 et
676 2248 863 2313 Pater,
926 2263 1102 2302 unum
1172 2262 1361 2301 sumus
1409 2245 1584 2317 (Joan.
1634 2262 1692 2311 x,
1741 2245 1870 2317 30);

204 2337 297 2392 ita
326 2336 562 2392 habens
594 2334 1047 2391 similitudinem
1075 2335 1284 2400 Patris,
1317 2339 1384 2390 ut
1439 2332 1790 2402 divinitatis,
1820 2337 1903 2393 et.

205 2424 609 2498 plenitudinis
639 2423 852 2479 habeat
884 2423 1191 2479 unitatem.
1242 2423 1349 2479 Ubi
1397 2423 1538 2478 dicit
1580 2424 1874 2495 faciamus,

205 2515 511 2587 quomodo
542 2512 951 2585 inzequalitas?
980 2514 1126 2569 Cum
1159 2512 1373 2568 iterum
1406 2512 1570 2567 dicat
1597 2512 1667 2566 ad
1713 2513 1875 2567 simi-

206 2602 514 2658 litudinem
562 2609 824 2665 nostram,
859 2600 959 2656 ubi
992 2606 1087 2656 est
1118 2600 1587 2656 dissimilitudo?
1608 2599 1701 2656 Sic
1731 2605 1787 2655 et
1818 2600 1875 2655 in

208 2691 537 2763 Evangelio
569 2690 670 2745 ubi
700 2689 839 2745 dicit
868 2692 975 2761 Ego
1005 2694 1054 2745 et
1104 2693 1291 2758 Pater,
1323 2688 1525 2760 utique
1584 2706 1699 2743 non
1762 2704 1881 2743 una

217 2797 477 2851 persona
508 2784 635 2835 est:
671 2779 769 2835 ubi
803 2783 996 2833 autem
1028 2778 1109 2834 ait
1138 2795 1313 2833 unum
1339 2794 1551 2844 sumus,
1598 2776 1762 2832 nulla
1789 2780 1880 2833 est

215 2868 623 2940 discrepantia
652 2866 973 2923 divinitatis
1012 2870 1112 2922 aut
1162 2867 1373 2939 operis.
1424 2867 1550 2922 Non
1604 2865 1788 2938 igitur
1816 2865 1876 2921 in

232 2962 481 3029 utroque
510 2974 631 3011 una
656 2972 925 3028 persona,
957 2955 1057 3011 sed
1103 2972 1221 3011 una
1270 2954 1604 3009 substantia
1650 2959 1760 3009 est.
1810 2954 1881 3009 Et

227 3048 379 3102 bene
410 3044 644 3099 addidit
669 3045 1024 3116 sumus,quia
1054 3059 1287 3116 semper
1315 3060 1443 3098 esse
1472 3043 1735 3097 divinum
1768 3046 1876 3107 est,

226 3139 294 3189 ut
323 3138 684 3189 cozeternum
715 3132 937 3198 credas,
998 3148 1173 3203 quem
1227 3132 1475 3203 putabas
1529 3124 1878 3186 dissimilem

228 3238 378 3278 esse.
411 3225 694 3276 Eternus
726 3225 814 3275 est
844 3219 1021 3287 enim,
1056 3221 1126 3275 de
1158 3236 1272 3292 quo
1303 3219 1442 3274 dicit
1473 3220 1700 3292 Moyses
1730 3237 1742 3275 :
1777 3220 1882 3288 Qui

1985 1996 2047 2036 es
2076 1984 2252 2048 terra,
2284 1982 2342 2035 et
2370 1979 2429 2034 in
2460 1984 2677 2036 terram
2707 1979 3034 2036 resolveris.
3067 1979 3330 2052 Denique
3361 1983 3427 2036 ut
3474 1979 3627 2037 scias

1985 2068 2123 2140 quia
2152 2068 2279 2124 sine
2309 2068 2508 2124 anima
2536 2085 2669 2124 caro
2699 2067 2845 2123 nihil
2869 2073 2993 2124 est:
3028 2069 3631 2140 Nolite,inquit,timere

1983 2174 2074 2214 eos
2104 2159 2201 2228 qui
2225 2164 2451 2229 possunt
2480 2173 2669 2229 corpus
2697 2156 2958 2222 occidere,
2991 2158 3278 2212 annimam
3306 2161 3489 2213 autem
3516 2172 3631 2213 non

1982 2248 2206 2317 possunt
2238 2245 2444 2318 (Matth.
2476 2263 2531 2311 x,
2562 2245 2677 2317 28).
2711 2245 2857 2309 Quid
2889 2244 3070 2317 igitur
3097 2245 3155 2300 in
3183 2261 3355 2301 carne
3410 2262 3630 2317 praesu-

1986 2334 2121 2401 mis,
2155 2333 2255 2405 qui
2288 2333 2433 2389 nihil
2466 2333 2769 2399 amittis,si
2802 2349 3036 2389 carnem
3069 2332 3386 2389 amiseris?
3416 2333 3528 2390 Sed
3560 2331 3631 2389 il-

1986 2422 2087 2477 lud
2120 2423 2280 2487 time,
2314 2439 2387 2477 ne
2417 2422 2625 2476 animm
2653 2425 2768 2477 tum
2798 2422 3160 2478 defrauderis
3191 2421 3631 2486 auxilio.0uam

1986 2511 2141 2566 enim
2199 2510 2362 2565 dabit
2436 2509 2612 2565 homo
2686 2511 3204 2566 commutationem
3275 2527 3379 2584 pro
3435 2510 3634 2567 anima

1988 2615 2115 2664 sua,
2148 2597 2208 2652 in
2267 2614 2384 2669 qua
2442 2613 2555 2651 non
2613 2595 2823 2670 exigua
2865 2595 2957 2652 sui
3018 2595 3228 2669 portio,
3283 2596 3384 2652 sed
3441 2596 3622 2652 totius

1988 2688 2259 2743 humanae
2306 2685 2708 2742 universitatis
2767 2685 3101 2741 substantia
3154 2684 3298 2742 est?
3357 2685 3486 2741 Haec
3543 2688 3634 2741 est

1987 2793 2091 2848 per
2121 2793 2296 2848 quam
2336 2775 2557 2831 caeteris
2619 2775 2873 2830 ferarum
2933 2773 3247 2845 aviumque
3306 2773 3632 2830 dominaris

1988 2864 2420 2921 animantibus:
2455 2863 2579 2919 haec
2606 2867 2694 2919 est
2725 2863 2798 2918 ad
2856 2862 3174 2935 imaginem
3235 2862 3358 2930 Dei,
3417 2878 3632 2935 corpus

1989 2959 2182 3009 autem
2216 2954 2287 3008 ad
2318 2953 2573 3025 speciem
2602 2952 2946 3008 bestiarum.
2981 2952 3045 3007 In
3102 2950 3212 3007 hac
3232 2950 3396 3025 pium
3423 2951 3632 3007 divinas

1987 3041 2332 3098 imitationis
2362 3041 2593 3115 insigne
2616 3062 2630 3110 ,-
2657 3041 2718 3096 in
2740 3040 2839 3097 illo
2869 3056 3005 3097 cum
3035 3040 3174 3097 feris
3196 3056 3262 3096 ac
3285 3039 3496 3097 belluis
3520 3038 3633 3098 vile

1989 3131 2369 3187 consortium.

2591 3235 2826 3292 CAPUT
2864 3235 3017 3291 VIII.

224 3313 301 3363 est
326 3308 483 3362 misit
512 3323 603 3362 me
633 3307 822 3378 (Exod.
887 3324 965 3373 IlI,
1032 3308 1135 3379 14).
1176 3290 1444 3362 ῬυΙοΙπθ
1500 3290 1675 3363 etiam
1729 3305 1876 3362 illud

2077 3328 2320 3398 prescins
2349 3290 2694 3398 intelligatur
2839 3323 3029 3398 divina
3047 3321 3353 3398 similitudo
3375 3321 3629 3398 resideat,

223 3395 531 3468 praemisit.
562 3396 674 3467 Ego
702 3403 753 3451 et
780 3400 969 3452 Pater.
1002 3396 1148 3451 Nam
1179 3396 1230 3451 si
1271 3395 1501 3451 Patrem
1559 3396 1877 3468 prmmisis-

224 3490 332 3549 set,
362 3490 426 3539 tu
460 3484 752 3539 minorem
804 3483 1013 3539 Filium
1066 3483 1403 3554 judicares:
1440 3485 1539 3540 sed
1599 3484 1882 3556 praemisit

227 3573 645 3644 Filium,quem
678 3590 791 3627 non
815 3572 1086 3628 convenit
1114 3572 1270 3628 credi
1301 3572 1470 3629 Patre
1493 3573 1877 3645 superiorem.

228 3662 515 3731 Adjunxit
546 3662 786 3732 Patrem,
820 3665 885 3716 ut
915 3662 1183 3718 advertas
1212 3661 1396 3716 Deum
1424 3661 1652 3717 Patrem
1702 3666 1760 3717 et
1790 3662 1880 3717 Fi-

229 3750 375 3806 lium
409 3752 540 3821 ejus
572 3749 797 3805 ordinis
828 3750 1163 3822 przejudicio
1193 3767 1309 3805 non
1344 3750 1544 3806 teneri.

300 3842 390 3894 42.
423 3839 674 3906 Attende,
702 3838 916 3911 inquit,
947 3841 1053 3894 tibi
1081 3840 1189 3894 soli
1219 3840 1398 3911 (Deut.
1481 3857 1539 3906 v,
1570 3839 1648 3911 9).
1706 3837 1880 3895 Aliud

230 3929 387 3984 enim
421 3944 634 3983 sumus
665 3944 793 3995 nos,
855 3927 1016 3983 aliud
1064 3931 1204 3983 sunt
1260 3932 1483 3998 nostra,
1535 3927 1694 3983 aliud
1755 3944 1883 3999 quas

230 4018 385 4073 circa
413 4032 522 4071 nos
554 4020 711 4071 sunt.
729 4016 845 4071 Nos
867 4015 1215 4083 sumus,hoc
1246 4015 1559 4083 est,anima
1588 4019 1644 4071 et
1675 4032 1878 4072 mens:

234 4109 438 4162 nostra
478 4109 620 4159 sunt
672 4103 933 4177 corporis
990 4104 1276 4170 membra,
1338 4108 1394 4159 et
1453 4121 1667 4160 sensus
1716 4105 1880 4176 ejus:

229 4194 384 4249 circa
416 4209 527 4248 nos
559 4196 758 4248 autem
789 4192 1043 4265 pecunia
1102 4197 1210 4257 est,
1246 4193 1393 4248 servi
1451 4197 1591 4248 sunt
1647 4199 1704 4249 et
1758 4192 1884 4248 vita:

232 4283 406 4338 istius
438 4285 778 4352 apparatus.
814 4280 944 4335 Tibi
973 4279 1156 4353 igitur
1206 4280 1459 4346 attende,
1492 4285 1550 4335 et
1602 4284 1658 4335 te
1689 4280 1885 4353 ipsum

231 4370 401 4434 scito,
436 4369 548 4424 hoc
579 4374 688 4434 est,
751 4386 867 4425 non
899 4368 1103 4440 quales
1160 4366 1410 4425 lacertos
1468 4368 1710 4438 habeas,
1772 4387 1888 4425 non

234 4462 519 4531 quantam
552 4457 813 4529 corporis
844 4457 1273 4524 fortitudinem,
1307 4474 1422 4513 non
1467 4462 1720 4529 quantas
1751 4475 1890 4530 pos-

234 4546 842 4617 sessiones,quantam
875 4547 1327 4620 potentiam,sed
1361 4547 1598 4620 qualem
1629 4547 1889 4603 animam

2054 3392 2293 3469 corporis
2321 3405 2373 3452 et
2398 3392 2606 3453 aniniae
2642 3395 2786 3469 dotes
2843 3395 3283 3469 examinantur._
3318 3392 3634 3469 Ostenditur

2057 3464 2230 3526 totum
2263 3468 2539 3523 hominem
2591 3467 2799 3523 animae
2851 3466 3110 3521 vocabulo
3166 3464 3468 3534 designari.
3526 3466 3630 3533 Qui

2057 3542 2154 3595 Dei
2182 3541 2480 3610 imaginem
2504 3542 2648 3609 fuco,
2681 3535 3260 3610 crudelitale,perﬁdia
3290 3535 3627 3610 oblitteram,

2058 3606 2436 3683 objurgantur.
2469 3606 2578 3665 Sub
2636 3610 2754 3666 haec
2804 3606 3131 3683 exhortatio
3159 3606 3250 3683 adq
3283 3608 3635 3679 vigilantiam

2057 3679 2245 3739 contra
2271 3683 2428 3748 vitia,
2461 3690 2512 3736 et
2539 3696 2846 3751 pauperum
2875 3696 2939 3735 ac
2962 3679 3198 3735 divitum
3227 3680 3373 3735 inter
3398 3696 3457 3737 se
3484 3695 3629 3735 com-

2057 3756 2274 3826 paratio
2303 3757 2465 3824 caput
2492 3752 2743 3808 absolvit.

2060 3844 2148 3899 44.
2184 3842 2293 3898 Sed
2324 3845 2643 3897 tractemus
2674 3839 2937 3896 limatius
2958 3838 3098 3911 quid
3131 3838 3209 3895 sit
3236 3838 3307 3895 ad
3334 3841 3636 3909 imaginem

1991 3932 2108 3986 Dei.
2143 3930 2285 3986 Caro
2318 3928 2605 4000 numquid
2635 3928 2706 3984 ad
2738 3927 3056 4001 imaginem
3087 3926 3189 3983 Dei
3219 3926 3355 3983 est?
3384 3926 3533 3999 Ergo
3574 3925 3634 3982 in

1995 4021 2107 4076 Deo
2137 4023 2293 4075 terra
2320 4022 2409 4073 est
2425 4018 2537 4089 (82)
2564 4041 2578 4083 ;
2612 4015 2751 4088 quia
2780 4032 2912 4072 caro
2943 4019 3099 4071 terra
3136 4018 3245 4070 est.
3303 4013 3451 4086 Ergo
3509 4029 3633 4070 cor-

1994 4125 2205 4181 poreus
2235 4106 2405 4163 Deus.
2440 4106 2587 4178 Ergo
2616 4104 2889 4160 inﬁrmus
2920 4106 2986 4159 ut
3040 4118 3194 4168 caro,
3227 4100 3634 4174 passionibus-

1995 4212 2108 4268 que
2136 4196 2458 4266 subjectus.
2519 4193 2584 4248 Et
2643 4192 2787 4248 forte
2841 4195 3017 4262 caput
3071 4188 3179 4246 tibi
3236 4188 3505 4245 videatur
3562 4190 3636 4245 ad

1995 4283 2446 4340 similitudinem
2477 4283 2601 4348 Dei,
2635 4280 2774 4353 quia
2816 4278 3071 4346 eminet;
3107 4281 3210 4334 aut
3266 4275 3440 4344 oculi,
3499 4277 3640 4350 quia

1996 4373 2337 4439 intuentur;
2372 4371 2459 4427 vel
2490 4386 2682 4434 aures,
2716 4368 2856 4441 quia
2881 4366 3147 4424 audiunt.
3175 4365 3234 4422 Si
3267 4365 3639 4422 altitudinem

1998 4466 2246 4534 spectes,
2300 4476 2443 4517 num
2501 4458 2725 4532 proceri
2782 4457 3069 4525 videmur,
3127 4455 3269 4528 quia
3332 4454 3640 4528 paululum

1995 4551 2209 4607 vertice
2239 4549 2570 4606 eminemus
2597 4564 2631 4604 a
2659 4547 2830 4603 terris
2850 4545 2878 4601 Ἰ
2908 4545 3019 4602 Sed
3078 4545 3208 4601 ideo
3267 4560 3382 4600 non
3441 4545 3643 4618 pudet,

235 4653 301 4692 ac
335 4637 617 4701 mentem,
665 4635 821 4691 unde
872 4636 1070 4692 omnia
1114 4634 1358 4692 consilia
1414 4635 1889 4709 proﬁciscuntur,
1920 4657 1968 4722 Β
1998 4657 2065 4697 eo
2095 4656 2201 4696 nos
2233 4638 2459 4695 similes
2489 4637 2589 4693 Dei
2622 4636 2755 4703 dici,
2790 4634 2929 4708 quia
2960 4634 3331 4708 serpentibus
3387 4634 3642 4691 caeteris-

235 4726 307 4781 ad
343 4739 524 4796 quam
557 4739 798 4795 operum
831 4727 1075 4780 tuorum
1108 4724 1336 4780 fructus
1367 4725 1633 4781 refertur.
1670 4725 1774 4781 Illa
1805 4730 1894 4782 est

235 4813 400 4871 enim
434 4809 607 4884 plena
636 4811 1141 4884 sapientie,plena
1161 4812 1398 4884 pietatis
1422 4817 1597 4884 atque
1609 4814 1854 4884 justitim
1880 4832 1894 4882 ;

234 4900 526 4976 quoniam
557 4900 751 4956 omnis
780 4901 967 4956 virtus
996 4917 1030 4955 a
1083 4901 1202 4956 Deo
1267 4902 1418 4957 I29
1452 4904 1558 4958 est.
1620 4901 1726 4957 Cui
1757 4902 1899 4958 dicit

232 4993 398 5049 Deus
447 5006 461 5043 :
524 4993 655 5046 Ecce
708 5006 841 5061 ego,
901 4990 1242 5056 Jerusalem,
1293 4992 1462 5061 pinxi
1519 5007 1709 5046 muros
1781 4997 1899 5048 tuos

234 5083 370 5152 (Isa.
398 5095 551 5141 XLIX,
595 5079 676 5150 16)
703 5096 716 5145 ;
752 5077 855 5133 illa
886 5078 1085 5134 anima
1114 5079 1211 5150 (De
1236 5080 1434 5150 paenit.
1493 5078 1628 5134 dist.
1673 5083 1726 5145 2,
1762 5097 1890 5152 cap.

236 5170 345 5226 Illa
408 5166 625 5237 anima)
682 5183 716 5222 a
772 5166 889 5222 Deo
947 5167 1228 5240 pingitur,
1287 5183 1414 5238 qua:
1475 5166 1649 5222 habet
1715 5167 1774 5222 in
1833 5185 1896 5224 se

236 5260 537 5312 virtutum
572 5254 821 5327 gratiam
856 5256 1224 5324 renitentem,
1259 5255 1743 5328 splendoremque
1776 5258 1894 5329 pie-

241 5345 409 5403 tatis.
444 5341 551 5398 Illa
583 5344 781 5399 anima
810 5344 959 5401 bene
989 5343 1146 5417 picta
1174 5349 1280 5413 est,
1329 5344 1389 5399 in
1435 5361 1552 5416 qua
1594 5344 1778 5399 elucet
1807 5347 1895 5401 ἀί-

233 5437 394 5492 vina
425 5432 782 5507 operationis
812 5433 1057 5506 efﬁgies.
1089 5432 1193 5490 illa
1222 5432 1420 5489 anima
1435 5432 1582 5488 bene
1603 5433 1754 5505 picta
1786 5439 1893 5504 est,

312 5592 402 5678 (Si
416 5591 555 5678 )“Ita
583 5608 731 5678 mss.
762 5592 962 5678 plures
995 5609 1059 5648 ac
1085 5592 1343 5678 potiores
1372 5607 1506 5647 cum
1525 5591 1896 5678 "editgantif

278 5663 581 5723 uioribus.
612 5663 987 5721 Benftamen
1047 5663 1107 5720 et
1133 5663 1231 5721 alii
1281 5680 1416 5720 cum
1474 5663 1615 5720 edit.
1676 5664 1806 5721 Gill.
1840 5671 1899 5723 et

328 5754 443 5807 m.,
473 5737 608 5793 Filii
631 5735 929 5794 charitatis
956 5751 1087 5793 suae.

2003 4745 2117 4800 que
2147 4726 2536 4800 reptantibus,
2566 4729 2667 4780 aut
2694 4725 2834 4797 quia
2863 4722 3140 4793 damulis,
3185 4727 3362 4795 atque
3415 4723 3641 4790 ovibus,

2001 4822 2059 4874 et
2084 4816 2238 4888 lupis
2270 4814 2542 4872 celsiores
2572 4831 2781 4870 sumus
2801 4813 2829 4868 ?
2861 4818 2918 4869 et
2947 4816 3234 4885 quantum
3267 4810 3328 4866 in
3358 4827 3427 4867 ea
3480 4813 3646 4883 parte

2002 4904 2209 4962 cameli
2242 4903 2412 4960 nobis
2464 4908 2638 4975 atque
2696 4901 2990 4973 elephanti
3048 4899 3407 4973 proceriores
3464 4898 3646 4954 sunt?

2003 4995 2256 5051 Obtutus
2286 4996 2377 5049 est
2405 4991 2645 5063 quidem
2677 4994 2982 5063 praestans,
3041 4990 3301 5060 spectare
3359 4985 3647 5041 elementa

2004 5082 2233 5149 mundi,
2261 5096 2609 5153 cognoscere
2639 5095 2765 5150 quae
2792 5076 2992 5132 nullus
3023 5074 3354 5140 annuntiat,
3381 5075 3483 5129 sed
3506 5079 3646 5131 tuus

2006 5170 2403 5243 deprehendat
2433 5172 2737 5239 aspectus;
2768 5181 2970 5220 verum
3003 5164 3112 5220 hoc
3141 5163 3339 5236 ipsum
3361 5167 3647 5234 quantum

2005 5263 2094 5315 est
2120 5257 2278 5329 quod
2307 5256 2609 5322 videmus;
2661 5258 2728 5308 ut
2782 5268 2848 5308 eo
2907 5253 2979 5308 ad
3037 5250 3488 5307 similitudinem
3544 5251 3647 5308 Dei

2006 5364 2113 5404 nos
2142 5362 2269 5402 esse
2295 5344 2580 5407 dicamus,
2616 5341 2716 5414 qui
2750 5340 2946 5395 omnia
2980 5340 3156 5406 videt,
3185 5343 3409 5412 spectat
3428 5339 3646 5409 omnia,

2005 5436 2160 5492 I30
2219 5432 2467 5487 latentes
2537 5427 2925 5502 deprehendit
3000 5428 3246 5484 affectus
3279 5469 3294 5496 ,
3353 5432 3652 5487 scrutatur

2076 5594 2166 5674 8_2)
2224 5590 2409 5674 Edita
2435 5589 2627 5674 Dom?
2688 5586 2802 5674 Sed
2845 5591 3135 5674 tractemus
3186 5589 3464 5674 elimatius
3520 5592 3619 5674 qui

2005 5660 2212 5740 factum
2229 5666 2316 5740 sit
2340 5662 2410 5740 ad
2433 5662 2731 5740 imaginem
2758 5661 2883 5740 Dei,
2900 5660 3343 5740 _(_Iaro_numqui_d
3386 5661 3458 5740 qd
3508 5660 3653 5740 ima-

2005 5733 2190 5808 ginem
2217 5738 2317 5793 Dei
2343 5736 2488 5807 facta
2512 5736 2631 5790 est?
2672 5734 2811 5791 Non.
2849 5733 3107 5806 Alioquin
3132 5748 3261 5802 ergo
3290 5734 3354 5791 in
3379 5733 3509 5800 Deo,
3538 5734 3648 5787 etc.
