3932 6212
336 494 339 497 ’
369 492 487 558 275

1824 488 1888 556 S.
1936 489 2308 555 AMBROSII

3628 498 3732 561 276

370 628 562 689 cordis
591 628 862 688 occulta?
892 629 1014 689 Non
1043 631 1222 705 pudet
1252 629 1360 687 hoc
1408 629 1633 699 dicere;
1692 647 1826 685 cum
1884 628 2010 699 ipse
2042 627 2097 692 Α
2127 632 2283 682 sunt.
2316 625 2409 684 Sic
2448 626 2602 684 enim
2661 625 2931 702 legimus,
2992 626 3217 687 dicente
3270 626 3479 688 Paulo:
3540 629 3735 692 Scimus

370 737 464 776 me
494 724 683 777 totum
713 721 904 777 videre
936 739 1050 777 non
1098 721 1364 793 possim?
1421 722 1581 787 Quod
1645 727 1776 776 ante
1834 718 2009 790 pedes

369 813 477 877 est,
498 809 663 865 video
692 827 704 878 ;
738 811 892 881 quod
926 828 958 864 a
989 817 1148 882 tergo
1197 815 1303 875 est,
1339 811 1529 866 videre
1582 827 1694 864 non
1745 824 2007 880 possum.

370 897 663 954 Cervicem
697 915 883 954 meam
918 899 1133 965 nescio,
1169 917 1282 955 non
1315 900 1443 954 novi
1478 898 2011 970 occipitium,renes

368 1001 530 1042 meos
560 987 753 1043 videre
784 1005 898 1043 non
931 1005 1195 1059 possum.
1245 988 1530 1044 Similiter
1588 995 1873 1060 quantum
1925 994 2013 1045 est

369 1076 524 1147 quod
556 1076 1092 1144 audivimus;cum
1128 1077 1183 1130 id
1236 1077 1391 1149 quod
1452 1076 1754 1148 paululum
1816 1076 2010 1142 distet,

365 1163 560 1220 videre
582 1168 639 1220 et
668 1166 870 1220 audire
914 1181 1028 1219 non
1088 1165 1358 1237 possim?
1417 1165 1704 1236 interjecti
1763 1166 2012 1237 parietes

370 1250 509 1321 sint,
541 1252 860 1324 impeditur
883 1257 1174 1325 aspectus,
1208 1254 1523 1325 impeditur
1553 1254 1806 1309 auditus.
1841 1255 2012 1311 Dein-

375 1341 446 1397 de
478 1357 688 1413 corpus
718 1347 983 1397 nostrum
1017 1360 1132 1395 uno
1163 1340 1221 1396 in
1254 1342 1377 1397 loco
1410 1342 1608 1410 bmret,
1643 1348 1893 1415 angusto
1923 1345 2009 1398 in-

374 1429 631 1485 cluditur
655 1431 861 1502 spatio.
896 1430 1111 1485 Omnes
1145 1431 1274 1485 fera:
1318 1431 1547 1485 latiores
1580 1437 1721 1486 sunt
1750 1432 2008 1499 homine,

373 1534 577 1574 omnes
607 1517 780 1573 etiam
815 1518 1145 1575 velociores.

443 1608 530 1662 45.
565 1607 689 1663 Non
721 1625 855 1681 ergo
889 1626 1019 1665 caro
1048 1614 1237 1681 potest
1263 1627 1389 1665 esse
1420 1612 1489 1666 ad
1524 1610 1839 1679 imaginem
1888 1612 2009 1679 Dei,

373 1696 473 1752 sed
508 1697 708 1752 anima
737 1702 936 1753 nostra
966 1715 1092 1770 qua:
1119 1698 1301 1754 libera
1351 1704 1457 1764 est,
1487 1702 1542 1754 et
1600 1700 1832 1757 diffusis
1864 1702 2013 1774 cogi-

373 1784 699 1841 tationibus
730 1789 907 1858 atque
938 1786 1200 1842 consiliis
1232 1788 1345 1843 huc
1378 1793 1552 1860 atque
1585 1787 1719 1844 illuc
1750 1795 2011 1862 vagatur,

375 1891 502 1947 quae
532 1874 952 1931 considerando
983 1881 1207 1948 spectat
1236 1876 1452 1932 omnia.
1513 1877 1655 1932 Ecce
1703 1895 1858 1934 nunc
1915 1897 2012 1935 su-

2118 722 2302 772 autem
2344 721 2604 790 quoniam
2656 719 3009 790 diligentibus
3066 722 3239 775 Deum
3290 723 3473 777 omnia
3524 739 3731 779 concur-

2119 808 2247 860 runt
2280 808 2336 861 in
2371 807 2588 872 bonum,
2624 810 2692 863 iis
2723 811 2820 879 qui
2855 809 3154 864 secundum
3206 812 3540 882 propositum
3596 814 3730 868 ιιι

2119 897 2294 949 vocati
2321 904 2447 950 sunt
2502 898 2708 951 sancti:
2741 914 2869 968 quos
2905 900 3205 968 praesciuit,
3238 906 3289 953 et
3342 899 3738 970 przdestinavit

2119 984 2418 1053 con/armes
2438 985 2562 1054 ﬁeri
2597 986 2859 1053 imaginis
2892 986 3025 1041 Filii
3048 987 3184 1061 (sui:
3248 991 3307 1042 ut
3362 988 3431 1042 sit
3482 990 3736 1061 primoge-

2120 1073 2265 1125 nitus
2297 1073 2353 1125 in
2387 1073 2577 1127 multis
2602 1074 2894 1143 fratribus.
2932 1060 3073 1143 Quos
3103 1079 3285 1130 autem
3332 1075 3737 1147 przdestinavit,

2122 1160 2215 1214 hos
2244 1163 2295 1214 et
2328 1163 2535 1215 vocavit
2563 1178 2575 1215 :
2599 1165 2649 1216 et
2670 1178 2798 1233 quos
2815 1165 3040 1231 vocavit,
3063 1164 3158 1219 hos
3186 1168 3239 1219 et
3258 1164 3603 1234 justiﬁeavit:
3624 1182 3740 1236 quos

2119 1250 2301 1301 autem
2320 1248 2660 1319 justi/ienuit,
2678 1251 2770 1305 hos
2799 1254 2849 1306 et
2865 1251 3197 1321 clariﬁcavit
3238 1252 3515 1323 (Rom.vm
3542 1252 3738 1323 28-30).

2122 1335 2328 1391 Utrum
2366 1337 2544 1409 igitur
2560 1340 2883 1394 secundum
2916 1356 3148 1411 corpus,
3173 1358 3247 1396 an
3282 1342 3594 1397 secundum
3630 1341 3740 1396 ani-

2122 1441 2278 1479 mam
2303 1426 2644 1495 justiﬁcatio
2676 1428 2779 1482 tibi
2811 1429 3058 1483 conferri
3089 1428 3371 1496 videatur,
3414 1447 3600 1503 quaeso
3636 1446 3741 1484 res-

2120 1514 2393 1584 pondeas.
2407 1515 2517 1570 Sed
2533 1515 2797 1571 dubitare
2812 1534 2924 1572 non
2942 1518 3743 1589 potes,cumjustitiaundeju-

2122 1603 2395 1658 stilicatio
2413 1604 3007 1671 derivataest,mentis
3024 1606 3223 1678 utique
3246 1624 3360 1662 non
3381 1608 3629 1679 corporis
3654 1607 3738 1662 sit.

2194 1694 2280 1746 47.
2317 1693 2510 1747 Pictus
2541 1710 2602 1748 es
2633 1711 2789 1766 ergo,
2826 1711 2857 1749 ο
2884 1695 3080 1761 homo,
3115 1701 3169 1750 et
3203 1697 3395 1769 pictus
3427 1714 3460 1752 a
3513 1695 3741 1752 Domino

2125 1784 2237 1835 Deo
2261 1787 2381 1835 tuo.
2417 1783 2640 1837 Bonum
2670 1782 2850 1838 habes
2883 1783 3166 1839 artiﬁcem
3226 1789 3401 1857 atque
3455 1785 3738 1857 pictorem,

2122 1868 2248 1925 Noli
2284 1872 2492 1925 bonam
2527 1871 2716 1926 delere
2748 1872 3057 1943 picturam,
3093 1890 3207 1928 non
3244 1874 3374 1929 fuco
3406 1875 3504 1930 sed
3527 1874 3744 1929 veritate

373 1980 508 2019 mus
539 1963 596 2017 in
628 1962 897 2060 Italia,_et
926 1964 1249 2036 cogitamus
1282 1982 1348 2020 ea
1379 1982 1501 2037 quae
1562 1967 1633 2021 ad
1692 1966 2014 2023 Orientales
2046 1996 2093 2060 Β
2126 1959 2466 2060 fulgentem.
2500 1978 2614 2060 τις)οῦ
2646 1977 2777 2059 Cera
2808 1977 3143 2060 Efpressam
3175 1964 3279 2020 sed
3320 1963 3538 2060 gratia.
3597 1961 3745 2060 Deles

374 2056 479 2109 aut
507 2051 901 2108 Occidentales
932 2057 1125 2124 partes
1157 2058 1415 2125 spectare
1473 2054 1761 2120 videntur,
1795 2060 1851 2110 et
1881 2073 2013 2111 cum

374 2139 491 2197 illis
519 2140 733 2197 versari
762 2141 1030 2196 videmur
1059 2142 1158 2213 qui
1191 2143 1248 2196 in
1274 2142 1505 2197 Perside
1528 2147 1667 2197 sunt
1689 2145 2013 2213 constituti,

375 2233 432 2286 et
461 2229 595 2286 illos
624 2230 888 2285 videmus
937 2231 1035 2301 qui
1098 2231 1317 2302 degunt
1374 2231 1432 2285 in
1490 2232 1703 2300 Africa,
1762 2234 1811 2289 si
1871 2252 2016 2306 quos

376 2319 639 2389 cognitos
672 2319 839 2374 nobis
871 2336 937 2373 ea
967 2324 1120 2374 terra
1148 2320 1504 2391 susceperit:
1539 2320 1843 2392 sequimur
1879 2341 2016 2394 pro—

375 2406 725 2473 ficiscentes,
757 2407 1108 2462 inhazremus
1138 2408 2019 2482 peregrinantibus,copulamur

378 2495 740 2565 absentibus,
774 2495 1130 2567 alloquimur
1160 2502 1475 2568 separatos,
1513 2499 1817 2555 defunctos
1872 2519 2016 2573 quo-

378 2600 493 2657 que
570 2584 640 2639 ad
717 2583 1071 2657 colloquium
1152 2586 1592 2653 resuscitamus,
1666 2604 1882 2659 eosque
1956 2594 2019 2644 ut

374 2672 635 2730 viventes
665 2673 1109 2746 complectimur
1140 2678 1194 2729 et
1225 2679 1516 2742 tenemus,
1552 2680 1607 2730 et
1650 2676 1776 2730 vitae
1827 2678 2018 2733 ofﬁcia

374 2761 469 2817 his
500 2778 791 2833 usumque
822 2763 1158 2818 deferimus.
1185 2763 1263 2817 Ea
1292 2763 1471 2834 igitur
1495 2769 1583 2818 est
1609 2765 1677 2818 ad
1704 2764 2017 2838 imaginem

376 2850 500 2919 Dei,
547 2867 673 2922 qua:
733 2867 848 2905 non
909 2867 1182 2922 corporeo
1243 2851 1584 2916 instituatur,
1642 2853 1741 2907 sed
1803 2856 2016 2911 mentis

373 2939 606 3011 vigore:
642 2954 769 3010 quae
800 2938 1072 2994 absentes
1102 2939 1275 3006 videt,
1299 2941 1694 2995 transmarina
1722 2942 1846 2997 visu
1874 2945 2014 3012 obit,

377 3026 666 3100 percurrit
718 3030 980 3099 aspectu,
1037 3031 1331 3082 scrutatur
1385 3028 1611 3097 abdita,
1674 3030 1786 3086 huc
1842 3037 2019 3103 atque

377 3115 519 3172 illuc
544 3133 662 3172 uno
692 3120 987 3172 momento
1017 3132 1227 3171 sensus
1286 3135 1425 3172 suos
1468 3135 1569 3190 per
1626 3120 1804 3175 totius
1863 3106 2018 3176 orbis

377 3205 525 3262 ﬁnes
555 3208 613 3261 et
642 3205 845 3259 mundi
878 3208 1096 3260 secreta
1127 3205 1492 3262 circumfert:
1528 3223 1653 3279 qua
1716 3209 1824 3263 Deo
1877 3210 2016 3279 jun-

379 3293 558 3367 gitur,
611 3292 840 3350 Christo
898 3292 1172 3360 adheret,
1230 3293 1530 3349 descendit
1582 3294 1643 3350 in
1700 3295 2017 3368 infernum,

2124 2047 2669 2118 picturam,mu1ier,
2686 2044 2735 2105 si
2756 2048 2984 2105 vultum
3019 2054 3186 2105 tuum
3213 2050 3501 2107 materiali
3521 2051 3746 2106 candore

2127 2136 2374 2206 oblinas,
2408 2137 2455 2193 si
2488 2137 2776 2209 acquisito
2807 2138 3015 2194 rubore
3046 2139 3385 2211 perfundas.
3413 2139 3515 2196 Illa
3541 2140 3748 2213 pictura

2126 2224 2267 2293 vitii,
2298 2242 2411 2280 non
2439 2225 2665 2282 decoris
2722 2232 2847 2295 est;
2910 2227 3009 2283 illa
3065 2228 3296 2300 pictura
3351 2229 3589 2293 fraudis,
3644 2245 3745 2283 non

2126 2313 2520 2385 simplicitatis
2550 2320 2674 2383 est;
2710 2314 2809 2370 illa
2838 2316 3066 2387 pictura
3114 2316 3459 2390 temporalis
3508 2320 3609 2383 est,
3662 2321 3749 2371 aut

2128 2402 2339 2474 pluvia,
2375 2407 2475 2458 aut
2503 2405 2714 2459 sudore
2744 2404 3025 2476 tergitur;
3074 2404 3177 2461 illa
3235 2407 3465 2478 pictura
3518 2404 3655 2460 fallit
3698 2409 3747 2460 et

2126 2491 2375 2563 decipit;
2407 2497 2468 2547 ut
2501 2509 2687 2564 neque
2719 2492 2801 2547 illi
2835 2493 3083 2566 placeas,
3117 2494 3217 2566 qui
3270 2494 3495 2567 placere
3549 2494 3749 2550 deside-

2127 2596 2242 2647 ras,
2277 2581 2374 2652 qui
2423 2580 2699 2653 intelligit
2756 2600 2873 2638 non
2941 2586 3134 2651 tuum,
3166 2585 3271 2639 sed
3334 2583 3585 2640 alienum
3639 2598 3749 2638 esse

2127 2670 2279 2740 quod
2316 2669 2544 2741 placeas
2573 2688 2586 2738 ;
2620 2674 2673 2725 et
2701 2675 2798 2726 tuo
2830 2671 3137 2743 displiceas
3180 2673 3430 2740 auctori,
3460 2672 3556 2745 qui
3612 2670 3749 2725 videt

2127 2773 2276 2829 opus
2307 2775 2479 2813 suum
2512 2775 2640 2814 esse
2671 2759 2948 2815 deletum.
2982 2760 3082 2815 Dic
3115 2760 3285 2831 mihi,
3320 2761 3370 2818 si
3400 2777 3577 2833 supra
3620 2757 3749 2814 arti—

2127 2846 2295 2900 licem
2351 2845 2605 2918 aliquem
2650 2847 2894 2903 inducas
2944 2847 3214 2918 alterum,
3272 2850 3373 2923 qui
3422 2867 3567 2922 opus
3611 2847 3752 2903 illius

2127 2935 2445 3006 superioris
2478 2936 2638 2992 novis
2671 2938 2940 3008 operibus
2973 2938 3247 3006 obducat,
3284 2955 3476 2995 nonne
3505 2938 3752 3010 indigna-

2126 3027 2225 3078 tur
2252 3023 2368 3091 ille,
2396 3025 2493 3097 qui
2528 3043 2675 3097 opus
2722 3043 2896 3081 suum
2947 3025 3343 3083 adulteratum
3394 3044 3521 3084 esse
3559 3041 3754 3099 cogno-

2125 3113 2273 3168 verit
2315 3117 2340 3167 ?
2394 3113 2522 3169 Noli
2581 3114 2784 3170 tollere
2842 3116 3131 3187 picturam
3182 3116 3325 3188 Dei,
3378 3122 3437 3172 et
3483 3116 3753 3188 picturam

2130 3201 2451 3258 meretricis
2483 3220 2804 3271 assumere,
2838 3204 2978 3276 quia
3027 3204 3317 3277 scriptum
3370 3211 3495 3262 est:
3561 3204 3755 3260 Tollam

2130 3306 2256 3361 ergo
2284 3293 2529 3347 membra
2557 3291 2788 3359 Christi,
2821 3296 2874 3348 et
2908 3294 3115 3364 faciam
3146 3296 3397 3350 membra
3432 3293 3757 3349 meretricis?

381 3361 555 3454 atque
580 3382 863 3449 ascendit,
896 3380 1079 3437 libera
1109 3387 1372 3437 versatur
1420 3383 1477 3437 in
1538 3383 1699 3439 omlo.
1760 3361 2094 3458 DeniqueC
2133 3381 2287 3435 Αόδίι
2342 3381 2387 3452 (1
2445 3382 2563 3435 σον.
2624 3398 2701 3449 VI,
2758 3361 3105 3451 i5)lVQUOd
3183 3383 3231 3437 Si
3294 3383 3429 3455 quis
3489 3380 3757 3438 adulterat

383 3469 520 3525 audi
550 3469 877 3525 dicentem:
906 3470 1100 3525 Nostra
1156 3480 1337 3526 autem
1384 3475 1717 3528 conversatio
1769 3476 1824 3528 in
1871 3476 2021 3530 caelis

385 3561 463 3613 est
492 3556 661 3628 (Phil.
694 3575 779 3626 III,
810 3559 921 3629 20).
955 3559 1077 3613 Non
1107 3564 1349 3631 estergo
1388 3561 1456 3614 ad
1520 3560 1838 3633 imaginem
1894 3563 2019 3629 Dei,

384 3644 442 3699 in
475 3661 591 3717 qua
624 3650 773 3700 Dens
804 3662 1035 3717 semper
1064 3646 1186 3702 est!
1214 3648 1323 3703 Sed
1356 3648 1493 3702 audi
1525 3644 1663 3718 qdia
1694 3650 1764 3703 ad
1814 3650 2019 3723 imagi-

383 3748 520 3788 nem
553 3737 641 3788 est
665 3733 789 3788 Dei.
850 3733 1000 3788 Dicit
1057 3733 1213 3789 enim
1271 3735 1618 3807 Apostolus:
1681 3737 1784 3792 Nos
1841 3740 2025 3811 itaque

379 3836 563 3877 omnes
618 3822 856 3877 revelata
910 3823 1053 3892 facie
1107 3823 1343 3893 gloriam
1412 3824 1511 3879 Dei
1561 3826 1896 3895 speculantes
1954 3828 2023 3883 ad

377 3909 622 3966 eamdem
652 3912 953 3982 imaginem
984 3913 1350 3981 reformamur
1377 3929 1410 3966 a
1438 3913 1617 3980 gloria
1649 3915 1705 3968 in
1761 3916 2018 3985 gloriam,

374 4000 519 4055 sicut
548 4001 823 4055 aDomini
850 4001 1049 4071 spiritu
1078 4001 1148 4071 (II
1178 4000 1296 4056 Cor.
1328 4016 1412 4068 IlI,
1449 4002 1555 4070 18).

445 4087 537 4142 «t6.
571 4088 716 4154 Quia
771 4088 950 4161 igitur
1005 4088 1384 4161 cognovimus
1444 4090 1700 4145 animam
1761 4108 1888 4147 esse
1945 4094 2017 4149 ad

373 4175 689 4249 imaginem
721 4177 818 4234 Dei
846 4196 858 4247 ;
881 4194 1035 4233 nunc
1052 4178 1486 4233 consideremus
1512 4184 1707 4234 utrum
1731 4180 1799 4235 de
1822 4181 2019 4236 anima

370 4264 625 4335 potuerit
678 4264 831 4320 dici:
890 4268 1178 4320 Faciamus
1232 4267 1507 4321 hominem
1563 4268 1634 4323 ad
1687 4269 2013 4342 imaginem.

370 4352 480 4407 Sed
509 4353 736 4408 audiet
772 4353 954 4422 istud,
1020 4354 1157 4425 quia
1214 4354 1413 4409 anima
1471 4356 1703 4412 nomine
1760 4357 2016 4415 hominis

370 4446 764 4513 nuncupatur.
798 4442 1095 4514 Scriptum
1130 4447 1220 4497 est
1270 4443 1425 4498 enim
1478 4444 1536 4498 in
1589 4444 1835 4502 Genesi:
1888 4449 2021 4502 Filii

369 4535 557 4583 autem
584 4530 777 4600 Ioseph
807 4532 903 4601 qui
927 4533 1068 4601 facti
1099 4536 1227 4586 sunt
1276 4534 1329 4586 ei
1376 4533 1437 4586 in
1493 4535 1744 4604 Afgypto,
1803 4537 2017 4593 anima?

368 4631 579 4671 novem.
639 4616 833 4672 Omnes
873 4634 997 4688 ergo
1050 4621 1256 4673 animae
1311 4636 1431 4690 quae
1486 4622 1835 4678 intraverant
1889 4641 2010 4678 cum

2131 3484 2278 3539 opus
2307 3468 2428 3535 Dei,
2483 3485 2655 3541 grave
2709 3470 2929 3525 crimen
2958 3470 3241 3525 admittit.
3277 3472 3463 3528 Grave
3493 3474 3580 3527 est
3604 3468 3754 3525 enim

2130 3556 2350 3612 crimen
2385 3562 2447 3612 ut
2480 3564 2645 3630 putes
2676 3558 2829 3630 quod
2858 3557 3069 3614 melius
3099 3563 3157 3613 te
3178 3558 3359 3616 homo
3391 3576 3566 3632 quam
3622 3562 3753 3613 Deus

2131 3644 2347 3717 pingat.
2401 3646 2583 3702 Grave
2612 3650 2785 3701 estut
2814 3646 2969 3702 dicat
2997 3648 3067 3703 de
3098 3652 3153 3702 te
3186 3647 3345 3704 Deus
3372 3666 3384 3704 :
3418 3652 3542 3704 Non
3572 3661 3756 3720 agnos-

2131 3750 2196 3789 co
2228 3733 2447 3790 colores
2479 3751 2782 3801 meos,non
2813 3751 3064 3808 agnosco
3090 3735 3413 3809 imaginem
3445 3748 3753 3801 meam,non

2130 3840 2381 3896 agnosco
2412 3823 2636 3895 vultum
2669 3841 2842 3896 quem
2900 3824 3024 3895 ipse
3082 3824 3354 3889 formavi.
3414 3825 3610 3897 rejicio
3661 3836 3752 3894 ego

2130 3915 2284 3986 quod
2317 3930 2514 3968 meum
2543 3929 2657 3968 non
2691 3918 2794 3969 est.
2825 3912 2996 3968 Illum
3032 3930 3226 3985 quaere
3285 3914 3389 3987 qui
3450 3919 3505 3970 te
3546 3911 3751 3985 pinxit:

2128 4019 2259 4058 cum
2292 4002 2387 4058 illo
2412 4002 2622 4058 habeto
2653 4002 3012 4057 consortium
3035 4020 3046 4057 :
3068 4002 3138 4058 ab
3165 4001 3267 4058 illo
3301 4018 3473 4059 sume
3503 3998 3752 4074 gratiam,

2127 4092 2217 4146 cui
2253 4091 2579 4145 mercedem
2610 4091 2840 4146 dedisti.
2874 4090 3018 4157 Quid
3054 4090 3441 4163 respondebis
3466 4091 3494 4145 ?

2199 4181 2285 4234 48.
2320 4180 2481 4243 Quod
2511 4179 2559 4234 si
2587 4196 2760 4252 grave
2789 4184 2878 4235 est
2906 4178 3239 4234 adulterare
3293 4196 3445 4253 opus
3480 4176 3598 4249 Dei,
3629 4172 3753 4248 quid

2126 4268 2197 4323 de
2228 4268 2341 4323 illis
2367 4269 2649 4337 dicemus,
2676 4267 2775 4339 qui
2808 4267 3168 4322 interficiunt
3198 4285 3352 4340 opus
3382 4268 3507 4335 Dei,
3540 4266 3635 4338 qui
3665 4264 3755 4318 bu-

2124 4375 2363 4412 manum
2394 4357 2738 4428 sanguinem
2768 4356 3040 4423 fundunt,
3074 4356 3173 4428 qui
3202 4357 3387 4413 vitam
3412 4372 3586 4430 quam
3615 4353 3752 4409 Deus

2125 4447 2378 4511 donavit,
2423 4449 2784 4516 extorquent,
2845 4444 2945 4516 qui
2994 4445 3236 4500 dicunt:
3302 4445 3606 4502 Tollamus
3657 4440 3754 4496 Ju-

2124 4541 2301 4601 stum,
2336 4534 2475 4605 quia
2504 4532 2730 4588 inutilis
2763 4537 2851 4587 est
2881 4532 3098 4588 nobis?
3123 4532 3289 4590 Unde
3354 4535 3501 4589 bene
3552 4530 3749 4587 lectum

2121 4628 2210 4678 est
2238 4623 2448 4678 hodie:
2490 4622 2680 4692 Vulpes
2718 4622 2899 4692 foveas
2955 4621 3172 4689 habent,
3232 4625 3287 4676 et
3349 4623 3589 4678 volucres
3640 4615 3753 4673 cali

366 4705 528 4761 Iacob
602 4706 663 4759 in
747 4709 1038 4777 {Egyptum
1112 4709 1452 4778 septuaginta
1525 4711 1761 4781 quinque
1837 4712 2006 4781 (Gen.
2045 4724 2086 4788 [)
2120 4712 2276 4767 nidos
2306 4712 2403 4764 ubi
2452 4712 2829 4782 requiescant:
2882 4710 3059 4764 Filius
3115 4715 3306 4765 autem
3367 4710 3751 4771 hominisnon

364 4809 513 4861 XLVI,
547 4793 661 4865 27).
696 4794 764 4848 Et
795 4793 981 4850 multo
1014 4796 1209 4866 aptius
1241 4795 1433 4851 anima
1466 4796 1548 4852 vel
1574 4798 1748 4853 homo
1779 4800 2002 4869 Latine,

364 4881 450 4939 vel
477 4882 668 4939 Graece
698 4892 946 4957 ἅνθρωπος
976 4884 1223 4949 d.citur;
1286 4884 1535 4941 alterum
1596 4888 1666 4942 ab
1729 4889 2002 4944 humani-

362 4974 502 5039 tate,
573 4972 818 5028 allerum
896 4974 967 5029 ab
1038 4974 1303 5030 intuendi
1384 4974 1605 5031 habens
1680 4978 2009 5044 vivacitate,

360 5076 487 5133 quae
520 5062 709 5135 magis
761 5063 992 5130 animae,
1047 5081 1224 5135 quam
1274 5065 1499 5135 corpori
1544 5065 1849 5121 convenire
1894 5084 2006 5121 non

360 5150 606 5207 dubium
638 5156 745 5207 est.
789 5152 891 5207 Cui
954 5153 1031 5208 rei
1078 5153 1252 5208 etiam
1308 5153 1473 5208 illlud
1521 5155 1657 5225 jure
1717 5156 2009 5211 concurrit

359 5238 586 5295 dictum
620 5240 678 5295 in
709 5240 959 5297 Threnis
1006 5242 1313 5297 Jeremiae:
1376 5246 1558 5297 Bonus
1613 5248 1689 5297 est
1750 5245 2008 5299 Dominus

356 5330 753 5384 sustinentiwa
784 5348 927 5396 eam,
959 5333 1168 5387 anima?
1216 5347 1339 5401 qum
1384 5334 1582 5400 quaerit
1632 5347 1755 5385 eum
1785 5333 2003 5403 (Thrcn.

360 5428 446 5483 ιιι,
478 5417 590 5486 23).
625 5416 704 5471 De
735 5417 1074 5473 hominibus
1106 5419 1270 5483 dixit,
1304 5423 1360 5472 et
1410 5420 1669 5474 animam
1729 5419 2004 5489 adjicien-

360 5501 496 5557 dam
529 5505 775 5575 putavit.
802 5505 1009 5561 Melius
1040 5507 1194 5561 enim
1229 5506 1435 5576 quierit
1485 5506 1598 5562 ista
1647 5508 1695 5562 si
1743 5507 1866 5563 sola
1907 5508 2002 5575 sit,

358 5588 659 5646 abducens
718 5609 777 5647 se
833 5611 867 5648 a
925 5594 1184 5664 corporis
1250 5611 1431 5659 cceno,
1493 5601 1550 5650 et
1606 5612 1640 5650 a
1687 5596 2005 5666 cupiditate

357 5677 598 5733 carnali.
660 5679 791 5749 Ipsa
843 5686 934 5735 est
992 5681 1062 5734 ad
1125 5682 1441 5751 imaginem
1507 5683 1603 5737 Dei
1687 5684 2005 5739 conformis

356 5765 589 5822 Domini
612 5767 776 5823 Jesu.
810 5768 917 5831 Qui
949 5774 1143 5824 autem
1172 5769 1496 5824 conformes
1532 5770 1655 5825 Filii
1688 5770 2003 5837 Dei,sancti

2117 4800 2274 4855 habet
2338 4800 2432 4853 ubi
2486 4801 2649 4869 caput
2705 4814 2866 4853 suum
2922 4799 3147 4854 reclinet
3205 4799 3417 4871 (Matth.
3480 4814 3600 4865 vm,
3651 4793 3750 4860 20).

2116 4888 2334 4961 Vulpes
2364 4903 2500 4960 ergo
2532 4904 2592 4942 se
2632 4886 2938 4943 abscondit
2968 4886 3027 4942 in
3061 4887 3243 4956 fovea,
3275 4884 3402 4944 avis
3463 4904 3525 4943 se
3575 4887 3753 4941 tuetur

2121 4976 2180 5032 in
2213 4977 2349 5031 nido
2379 4991 2392 5033 :
2427 4975 2601 5030 homo
2635 4992 2747 5031 non
2780 4975 3160 5031 absconditur
3190 4975 3249 5030 in
3284 4977 3477 5046 fovea,
3520 4973 3617 5031 sed
3667 4970 3751 5026 de-

2119 5064 2351 5137 cipitur.
2391 5065 2574 5120 Fovea
2604 5081 2737 5119 vero
2772 5081 2837 5121 os
2867 5064 3126 5120 hominis
3156 5070 3267 5134 est,
3331 5066 3499 5122 fovea
3526 5063 3640 5120 alta
3665 5075 3751 5131 pe-

2119 5157 2247 5208 ctus
2279 5159 2364 5207 est
2396 5152 2675 5219 hominis,
2709 5153 2809 5208 ubi
2867 5157 3006 5208 sunt
3054 5154 3225 5209 noxia
3286 5158 3346 5209 et
3406 5149 3755 5211 fraudulenta

2118 5240 2380 5305 consilia,
2412 5240 2577 5296 mala:
2604 5241 3002 5314 cogitationes.
3031 5243 3114 5297 Tu
3148 5242 3450 5310 ambulas,
3507 5247 3564 5299 et
3617 5237 3751 5293 alius

2114 5329 2219 5385 tibi
2254 5332 2475 5385 foveam
2507 5337 2689 5401 parat.
2726 5331 2789 5384 In
2825 5330 3016 5386 medio
3092 5330 3448 5402 laqueorum
3478 5324 3750 5388 ambulas,

2116 5437 2264 5493 quos
2296 5420 2730 5475 absconderant
2759 5418 2864 5473 tibi
2901 5418 2959 5474 in
3010 5419 3104 5476 via
3133 5418 3366 5476 inimici
3396 5420 3503 5478 tui.
3563 5413 3756 5474 Omnia

2116 5525 2251 5580 ergo
2280 5507 2684 5580 circumspice,
2720 5512 2785 5562 ut
2812 5508 3059 5581 effugias
3091 5510 3244 5565 sicut
3275 5507 3523 5565 damula
3542 5508 3613 5563 de
3638 5500 3754 5560 reti-

2114 5598 2309 5661 bus,et
2340 5597 2492 5653 sicut
2517 5597 2639 5652 avis
2670 5597 2740 5653 de
2772 5596 2998 5669 laqueo.
3032 5595 3284 5654 Damula
3317 5599 3471 5654 retia
3500 5599 3750 5669 aspectus

2111 5685 2415 5741 vivacitate
2447 5685 2703 5741 declinat
2730 5703 2742 5754 ;
2775 5686 2899 5742 avis
2928 5686 3149 5743 devitat
3176 5685 3451 5758 laqueos,
3482 5686 3530 5743 si
3562 5684 3632 5740 ad
3656 5695 3748 5736 su-

2113 5774 2342 5846 periora
2372 5791 2433 5830 se
2459 5774 2718 5830 conferat
2746 5779 2804 5831 et
2832 5780 3062 5832 terrena
3118 5777 3477 5847 supervolet.
3538 5780 3600 5830 In
3656 5787 3750 5827 su—
