3932 6212
172 435 273 501 2⁸17

1418 437 1967 504 HEXAEMERON
2010 437 2158 503 LIB.
2205 434 2306 504 Vl.

3442 441 3562 507 2'18

172 571 478 645 perioribus
509 571 679 633 enim
705 589 876 633 nemo
900 574 1087 634 tendit
1111 571 1276 645 retia,
1299 574 1574 648 laqueum
1605 572 1805 629 nullus
1834 572 1890 639 Α
1920 572 2020 629 Dei
2052 590 2133 630 es.
2167 574 2463 647 Cognosce
2518 578 2595 645 te,
2655 572 2865 646 homo;
2927 570 3066 649 quia
3118 570 3304 650 gloria
3341 590 3404 635 es
3433 575 3559 635 Dei.

171 662 479 718 abscondit.
517 665 664 722 Ideo
690 668 859 738 cujus
889 665 1251 722 conversatio
1277 666 1335 721 in
1378 664 1648 737 supernis
1696 668 1805 729 est,

169 750 329 821 hujus
361 769 479 808 non
515 753 675 811 solet
705 755 762 809 in
813 756 1069 827 praedam
1126 755 1322 810 venire
1378 761 1639 827 captura.
1700 754 1808 807 Sed

168 840 289 912 quid
314 840 558 898 miraris
592 843 646 899 si
677 843 851 899 homo
889 846 1044 901 182
1094 844 1380 916 decipitur
1431 845 1503 899 ab
1551 841 1807 908 homine,

167 930 381 1000 quando
412 929 613 987 Filius
640 932 894 988 hominis
924 933 1023 988 ubi
1055 933 1463 1005 requiesceret,
1488 949 1602 986 non
1636 930 1809 985 habe-

167 1016 295 1072 bat?
322 1019 392 1073 Et
422 1018 528 1075 ille
562 1021 808 1093 quidem
836 1022 1012 1078 talem
1044 1021 1343 1077 hominem
1386 1020 1539 1087 fecit,
1584 1020 1643 1074 in
1692 1035 1807 1091 quo

165 1111 321 1177 caput
346 1125 531 1164 suum
566 1109 899 1167 reclinaret.
927 1111 1039 1166 Sed
1072 1114 1455 1183 posteaquam
1488 1110 1544 1163 in
1580 1113 1808 1181 pectore

164 1200 345 1251 nostro
366 1214 489 1252 non
523 1199 759 1270 requies
790 1199 1038 1272 proximi
1065 1200 1238 1271 cmpit
1280 1217 1427 1265 esse,
1461 1199 1561 1254 sed
1612 1198 1805 1264 fovea;

165 1291 543 1357 posteaquam
609 1287 755 1343 alter
810 1288 975 1343 alteri
1035 1297 1259 1343 nectere
1310 1286 1484 1359 coepit
1540 1286 1806 1355 insidias,

166 1390 321 1445 quem
345 1375 568 1444 juvare
601 1377 854 1444 deberet,
888 1381 1062 1450 caput
1088 1394 1261 1433 suum
1295 1376 1562 1432 Christus
1604 1373 1809 1430 avertit

167 1479 194 1517 a
220 1462 381 1519 nobis
405 1480 418 1518 :
457 1465 568 1520 sed
604 1471 808 1537 postea
836 1471 1029 1521 tamen
1049 1465 1421 1521 maluitillud
1446 1465 1617 1521 morti
1638 1464 1806 1519 oﬂ'er.

166 1567 341 1623 repro
372 1553 554 1608 nobis
584 1553 718 1625 (83).
764 1554 892 1610 Noli
950 1554 1130 1627 igitur
1185 1571 1313 1610 esse
1374 1551 1805 1617 fraudulentus,

165 1640 425 1712 crudelis,
458 1642 722 1699 immitis
748 1661 761 1711 ;
796 1648 859 1698 ut
886 1643 945 1698 in
972 1648 1029 1699 te
1060 1643 1326 1699 Christus
1357 1646 1534 1713 caput
1568 1640 1810 1697 reclinet

224 1730 306 1784 49.
339 1731 613 1803 Denique
644 1748 777 1787 cum
837 1732 1069 1788 fecisset
1108 1732 1361 1804 piscium
1394 1729 1642 1795 belluas,
1673 1746 1807 1785 cum

162 1816 381 1874 fecisset
410 1818 682 1875 ferarum
708 1836 920 1892 genera
948 1826 1005 1876 et
1033 1820 1378 1885 bestiarum,
1421 1836 1536 1875 non
1586 1818 1809 1890 requie-

162 1906 261 2002 vit:
310 1908 618 2004 requievit
665 1913 858 1965 autem
914 1914 1294 1982 posteaquam
1365 1908 1664 2004 hominem
1732 1907 1805 2004 ad
1838 1938 1887 2004 B

162 1992 466 2067 imaginem
500 2012 677 2051 suam
711 1996 860 2051 fecit.
895 1998 956 2052 In
987 2014 1103 2068 quo
1155 1997 1480 2069 requiescat
1525 1995 1663 2050 audi
1716 1995 1804 2049 di-

162 2087 411 2139 centem:
446 2084 642 2155 Supra
685 2101 846 2157 quem
885 2088 1219 2157 requiescam
1274 2087 1390 2141 nisi
1420 2101 1585 2156 super
1621 2085 1804 2138 humi-

164 2170 257 2225 lem
282 2176 333 2227 εἰ
359 2174 639 2244 quietum,
671 2176 722 2228 et
746 2177 1061 2230 trementem
1096 2175 1259 2230 verba
1312 2190 1433 2229 mea
1463 2176 1592 2243 (Isa.
1656 2189 1803 2236 var,

162 2260 256 2327 2)?
282 2262 416 2317 Esto
447 2278 594 2335 ergo
626 2262 891 2328 humilis,
923 2270 978 2319 et
1006 2263 1262 2336 quietus,
1295 2268 1359 2318 ut
1407 2263 1466 2317 in
1508 2267 1608 2317 tuo
1651 2261 1805 2317 Deus

165 2349 479 2419 requiescat
529 2350 768 2405 affectu.
810 2352 915 2417 Qui
950 2369 1065 2407 non
1122 2351 1407 2422 requievit
1463 2352 1521 2405 in
1581 2349 1803 2412 bestiis,

168 2437 333 2494 multo
364 2440 563 2510 magis
596 2456 714 2494 non
730 2441 1120 2512 requiescetin
1137 2446 1365 2512 pectore
1396 2438 1807 2496 bestiali.Sunt

167 2525 305 2581 enim
334 2528 522 2582 animi
563 2528 861 2595 bestiales,
896 2533 1036 2585 sunt
1083 2529 1216 2584 fere
1262 2529 1449 2584 forma
1497 2528 1802 2582 hominum

166 2613 384 2683 indute,
419 2617 492 2672 de
530 2618 753 2688 quibus
782 2618 924 2673 dicit
969 2617 1290 2673 Dominus:
1337 2617 1606 2673 Attendite
1655 2617 1804 2672 vobis

167 2719 197 2757 α
239 2705 387 2773 falsis
443 2706 753 2777 prophetis,
814 2708 909 2777 qui
962 2709 1187 2762 veniunt
1241 2706 1310 2761 ad
1360 2722 1449 2761 vos
1498 2708 1557 2761 in
1612 2706 1804 2760 vestitu

168 2795 354 2859 ovium,
412 2796 578 2850 intus
629 2799 813 2850 autem
868 2803 996 2850 sunt
1045 2796 1164 2868 lupi
1208 2812 1432 2867 rapaces
1463 2795 1669 2866 (Matth.
1703 2811 1801 2858 vn,

173 2881 266 2951 15).
298 2883 357 2937 In
386 2883 484 2939 bis
515 2899 660 2955 ergo
689 2900 805 2938 non
834 2884 1116 2956 requievit
1146 2884 1299 2939 Deus
1333 2902 1346 2939 :
1388 2883 1490 2938 sed
1523 2882 1807 2954 requievit

172 2968 223 3024 in
251 2972 517 3027 moribus
552 2971 850 3037 humanis,
874 2973 1029 3043 quod
1061 2971 1196 3027 fecit
1220 2977 1366 3028 Deus
1383 2972 1453 3026 ad
1486 2970 1802 3042 imaginem

174 3067 406 3116 suamet
438 3060 924 3128 similitudinem,
978 3061 1212 3134 quando
1264 3060 1398 3116 fecit
1456 3059 1644 3114 virum
1702 3057 1803 3129 qui

172 3162 270 3202 non
298 3149 469 3205 debet
492 3148 695 3204 velare
734 3155 907 3221 caput
936 3166 1113 3204 suum
1143 3168 1157 3216 ;
1191 3149 1467 3222 quoniam
1502 3149 1693 3220 imago
1748 3152 1805 3201 et

172 3235 335 3307 gloria
363 3242 453 3294 est
483 3238 616 3294 Dei.
651 3238 837 3309 Hujus
886 3237 991 3293 viri
1040 3238 1249 3293 animm
1298 3237 1473 3293 dicit:
1523 3240 1653 3292 Ecce
1682 3253 1797 3305 ego,

169 3306 469 3395 ierusatem,
558 3306 755 3399 pinxii
796 3343 985 3382 muros
1059 3335 1177 3382 tuos
1254 3327 1390 3396 (Isa.
1460 3344 1608 3397 xux,
1678 3326 1794 3396 16).
1828 3306 1871 3373 α

169 3411 277 3469 Non
328 3415 497 3482 dixit,
572 3416 734 3487 pinxi
812 3419 1074 3471 ventrem
1150 3420 1358 3471 tuum:
1437 3432 1552 3470 non
1633 3414 1797 3481 dixit,

173 3502 310 3572 pinxi
363 3504 651 3562 inferiora
708 3504 816 3576 (84)
874 3508 1012 3560 tua:
1075 3504 1177 3560 sed
1230 3505 1396 3570 dixit,
1454 3504 1612 3576 pinxi
1672 3521 1799 3559 mu-

170 3606 254 3647 ros
303 3596 458 3661 tuos,
519 3593 716 3648 valida
774 3610 837 3649 se
894 3610 1161 3649 asserens
1220 3593 1445 3649 homini
1496 3609 1801 3648 murorum

166 3677 379 3737 dedisse
404 3681 727 3754 praesidia:
758 3686 820 3737 ut
846 3682 895 3737 si
922 3681 1159 3755 pergivil
1194 3682 1522 3753 speculator
1560 3682 1620 3736 in
1671 3698 1802 3753 por-

164 3768 230 3823 tis
262 3769 353 3837 sit,
412 3770 750 3826 obsidionis
806 3770 989 3842 possit
1047 3770 1377 3842 periculum
1436 3769 1801 3842 propulsare.

165 3854 296 3911 Dicit
322 3858 566 3930 itaque:
600 3858 725 3913 Non
758 3858 864 3914 tibi
888 3858 1218 3930 voluptates
1248 3858 1402 3924 dedi,
1446 3875 1562 3913 non
1608 3857 1807 3912 illece-

168 3942 288 4000 bras
342 3946 765 4018 cupiditatum,
823 3964 938 4003 non
994 3947 1287 4002 incentiva
1353 3946 1621 4014 luxuriae,
1692 3965 1807 4003 non

169 4032 321 4089 alieni
352 4036 589 4092 decoris
622 4036 1179 4108 concupiscentiam,
1212 4037 1312 4092 sed
1346 4037 1477 4092 dedi
1534 4037 1633 4092 tibi
1685 4040 1810 4092 fun-

171 4121 431 4180 damenta
466 4122 738 4191 muralia,
773 4125 903 4180 dedi
933 4124 1041 4179 tibi
1086 4124 1338 4180 turrium
1387 4125 1614 4181 excelsa
1645 4127 1809 4182 fasti-

170 4211 270 4281 gia,
302 4212 361 4268 in
392 4212 619 4286 quibus
652 4215 1007 4269 constitutus
1034 4215 1352 4287 expugnari
1382 4217 1454 4271 ab
1497 4216 1663 4271 hoste
1695 4234 1809 4271 non

172 4304 403 4371 metuas,
443 4318 552 4357 nec
603 4302 999 4374 ingruentium
1038 4303 1334 4377 legionum
1369 4305 1652 4360 terribilia
1681 4304 1815 4360 licet

172 4390 523 4446 tentamenta
556 4390 857 4447 formides.
890 4392 1150 4464 Denique
1180 4392 1361 4447 habes
1392 4393 1451 4447 in
1479 4394 1650 4459 Isaia,
1676 4395 1815 4465 quia

169 4472 301 4541 justi
335 4477 539 4533 anima
572 4479 732 4547 dicit,
756 4479 843 4535 vel
873 4480 1167 4537 Ecclesia:
1200 4484 1309 4550 Ego
1337 4484 1532 4538 civitas
1570 4486 1813 4552 munita,

173 4576 255 4632 ego
278 4567 474 4623 civitas
501 4568 711 4623 obsessa
742 4569 868 4640 (tsa.
900 4587 1074 4638 xxvu,
1109 4570 1219 4641 10),
1249 4572 1474 4625 munita
1504 4589 1605 4643 per
1623 4572 1816 4628 Chris-

1916 663 2066 718 Audi
2097 666 2389 735 quomodo
2421 663 2626 737 gloria.
2658 665 2949 737 Propheta
2977 665 3117 722 dicit
3138 666 3267 738 (85),
3292 666 3563 722 Mirabitis

1916 754 2063 823 facta
2093 762 2171 808 est
2199 756 2436 823 cognitio
2468 758 2559 810 tua
2586 771 2658 809 ea:
2689 771 2774 809 me
2804 755 2977 824 (Psal.
3020 769 3288 822 cxxxvut,
3336 757 3412 827 6),
3456 755 3565 812 hoc

1918 846 2024 907 est,
2059 842 2116 896 in
2150 860 2278 899 meo
2310 861 2479 915 opere
2500 849 2602 900 tua
2625 845 2947 901 mirabilior
2966 850 3055 901 est
3085 847 3236 901 facta
3262 846 3563 917 majestas,

1915 928 1975 982 in
2008 930 2251 987 consilio
2281 932 2538 988 hominis
2570 938 2674 989 tua
2703 934 2989 1006 sapientia
3020 935 3382 1007 praedicatur.
3410 934 3562 989 Dum

1917 1035 2009 1074 me
2040 1018 2289 1088 intueor,
2324 1038 2499 1092 quem
2527 1026 2590 1077 tu
2618 1022 2676 1077 in
2709 1022 2855 1094 ipsis
2886 1023 3340 1095 cogitationibus
3369 1022 3563 1079 occul-

1915 1107 1992 1162 tis
2050 1113 2107 1162 et
2154 1108 2405 1166 internis
2463 1111 2770 1166 affectibus
2835 1112 3245 1179 deprehendis,
3305 1111 3561 1168 scientiae

1914 1199 2031 1251 tuae
2060 1214 2312 1269 agnosco
2346 1199 2641 1271 mysteria.
2677 1200 2967 1272 Cognosce
2998 1217 3133 1273 ergo
3164 1204 3239 1269 te,
3281 1217 3313 1256 o
3361 1200 3557 1268 homo,

1916 1291 2175 1355 quantus
2207 1286 2310 1355 sis,
2342 1292 2398 1342 et
2427 1288 2662 1344 attende
2717 1288 2821 1343 tibi
2854 1307 2867 1358 ;
2928 1306 3001 1345 ne
3056 1290 3289 1360 quando
3334 1288 3561 1361 laqueis

1917 1372 2254 1445 implicatus
2285 1376 2499 1431 diaboli
2533 1377 2640 1431 fias
2673 1377 2867 1448 praeda
2924 1377 3229 1443 venantis;
3288 1394 3360 1433 ne
3416 1379 3561 1433 forte

1916 1460 1976 1516 in
2011 1462 2207 1517 fauces
2260 1465 2392 1519 tetri
2448 1464 2607 1519 illius
2667 1464 2853 1520 leonis
2913 1464 3199 1532 incurras,
3263 1466 3363 1537 qui
3405 1466 3557 1521 183

1917 1551 2074 1621 rugit
2102 1552 2167 1606 et‘
2201 1551 2406 1607 circuit
2454 1569 2719 1624 quaerens
2777 1569 2951 1625 quem
3012 1554 3263 1609 devoret.
3311 1546 3559 1609 Attende

1917 1638 2042 1707 tibi,
2079 1646 2143 1695 ut
2172 1641 2504 1697 consideres
2538 1642 2675 1714 quid
2711 1642 2770 1695 in
2822 1646 2877 1697 te
2928 1641 3125 1710 intret,
3188 1642 3329 1713 quid
3383 1658 3453 1697 ex
3503 1645 3559 1697 te

1917 1733 2098 1784 exeat.
2133 1729 2255 1785 Non
2290 1731 2362 1786 de
2391 1730 2519 1786 cibo
2552 1731 2701 1800 dico,
2736 1730 2835 1802 qui
2875 1730 3221 1787 absorbetur
3266 1735 3323 1786 et
3374 1729 3560 1803 egeri-

1916 1822 2032 1885 tur,
2068 1819 2168 1873 sed
2199 1820 2268 1874 de
2299 1819 2647 1891 cogitatione
2681 1819 2831 1883 dico,
2886 1820 2956 1873 de
3016 1835 3283 1876 sermone
3339 1835 3558 1875 assero.

1919 1907 2045 1962 Non
2080 1908 2138 1962 in
2168 1912 2223 1963 te
2257 1908 2434 1963 intret
2480 1908 2655 1963 alieni
2704 1909 2854 1964 thori
2903 1908 3393 1979 Concupiscentia,
3445 1925 3559 1964 non

1918 1994 2135 2068 irrepat
2165 1997 2225 2052 in
2256 2001 2419 2052 tuam
2453 2000 2729 2064 mentem,
2772 2013 2886 2051 non
2940 1996 3127 2069 rapiat
3174 1997 3377 2052 oculus
3424 2001 3563 2053 tuus

1918 2086 2277 2141 transeuntis
2314 2086 2542 2141 femina:
2594 2085 3116 2157 pulchritudinem,
3154 2086 3389 2140 animus
3440 2103 3556 2142 non

1917 2173 2199 2240 includat,
2234 2192 2348 2230 non
2376 2192 2565 2230 sermo
2588 2179 2726 2230 tuus
2743 2178 3238 2230 tentamentorum
3257 2174 3561 2230 machinas

1917 2262 2324 2330 nectat,nonin
2358 2263 2491 2319 dolo
2521 2264 2746 2335 prodat,
2766 2280 2880 2318 non
2914 2262 3195 2325 maledico
3226 2262 3559 2334 proximum

1916 2357 2186 2424 aspergat
2216 2352 2547 2424 opprobrio.
2601 2352 2942 2407 Venatorem
2976 2357 3029 2407 te
3060 2352 3194 2406 fecit
3232 2352 3408 2416 Deus,
3442 2369 3557 2407 non

1915 2446 2391 2511 expugnatorem.
2426 2441 2525 2511 qui
2554 2439 2733 2494 dixit:
2768 2441 2902 2496 Ecce
2930 2457 3032 2509 ego
3074 2442 3230 2495 mitto
3272 2444 3561 2495 venatores

1912 2529 2116 2583 multos
2142 2529 2361 2599 (Jerem.
2394 2546 2512 2595 xvr,
2546 2529 2672 2599 16):
2732 2532 3037 2583 venatores
3097 2545 3213 2583 non
3268 2527 3556 2597 criminis,

1915 2618 2014 2672 sed
2049 2616 2470 2683 absolutionis;
2506 2620 2806 2672 venatores
2839 2633 2953 2671 non
2985 2615 3167 2688 culpa:
3200 2616 3422 2688 utique,
3453 2618 3557 2673 sed

1914 2706 2402 2778 gratiaePiscator
2423 2705 2634 2761 Christi
2665 2704 2881 2772 est,cui
2914 2705 3160 2761 dicitur:
3201 2705 3401 2761 Amodo
3447 2708 3560 2761 eris

1914 2794 2159 2851 homines
2189 2795 2473 2864 viviﬁcaris
2496 2794 2605 2865 (86)
2638 2794 2787 2863 (Luc,
2820 2811 2875 2861 ν,
2912 2794 3018 2865 10).
3056 2793 3147 2848 Sic
3204 2793 3368 2849 mitte
3414 2794 3560 2850 retia

1912 2889 2033 2951 tua,
2060 2884 2143 2939 sic
2175 2884 2343 2938 mitte
2366 2882 2564 2939 oculos
2588 2888 2737 2948 tuos,
2761 2882 2845 2937 sic
2869 2872 3033 2937 mitte
3057 2898 3356 2937 sermones
3384 2887 3517 2938 tuos
3542 2901 3555 2939 :

1912 2977 1978 3029 ut
2006 2972 2234 3027 nullum
2265 2973 2584 3045 opprimas,
2618 2971 2717 3026 sed
2766 2970 2976 3027 alleves
3032 2970 3401 3026 ﬂuctuantes.
3459 2972 3558 3027 At-

1912 3062 2104 3131 tende,
2138 3061 2349 3132 inquit,
2408 3060 2514 3115 tibi
2575 3060 2765 3132 (Eccti.
2822 3076 3020 3127 xxvm,
3071 3060 3183 3128 30).
3216 3059 3310 3115 Sic
3341 3064 3452 3126 sta,
3485 3076 3558 3116 ne

1912 3151 2124 3206 cadas:
2158 3151 2243 3205 sic
2301 3165 2489 3216 curre,
2544 3153 2608 3203 ut
2660 3149 2731 3203 ad
2793 3148 3058 3203 bravium
3099 3148 3438 3220 pervenias:
3473 3147 3557 3204 sic

1914 3244 2090 3306 certa,
2123 3244 2189 3294 ut
2235 3256 2399 3310 scepaz
2449 3238 2764 3305 decernas;
2811 3238 2950 3307 quia
3005 3236 3265 3308 legitimo
3313 3237 3559 3293 debetur

1910 3346 2125 3386 corona
2146 3326 2467 3383 certamini.
2502 3324 2689 3380 Milles
2720 3342 2802 3392 es,
2837 3325 3062 3380 hostem
3095 3323 3404 3397 diligenter
3457 3341 3553 3380 ex-

1911 3417 2111 3490 plora;
2138 3434 2207 3471 ne
2232 3416 2337 3470 tibi
2372 3418 2694 3469 nocturnus
2726 3413 2981 3485 irrepat:
3026 3412 3247 3469 athleta
3303 3430 3386 3480 es,
3436 3430 3555 3469 ma-

1911 3507 2087 3561 nibus
2145 3503 2475 3559 adversario
2538 3502 2769 3575 propior
2823 3506 2968 3567 esto,
3027 3518 3205 3572 quam
3246 3501 3447 3557 vultu:
3482 3519 3554 3558 ne

1912 3592 2147 3650 oculum
2173 3592 2339 3663 feriat
2370 3595 2559 3645 tuum.
2592 3590 2760 3644 Sibcr
2788 3590 3027 3644 obtutus
3060 3589 3156 3660 sit,
3188 3593 3433 3663 argutus
3464 3590 3553 3645 in-

1914 3698 2153 3749 cessus;
2187 3685 2249 3735 ut
2280 3679 2597 3734 irruentem
2626 3677 2911 3745 cll'undas,
2945 3679 3245 3735 cedentem
3285 3669 3577 3752 occupes,'

1913 3769 2127 3825 vulnus
2151 3768 2414 3853 vigilanti
2448 3773 2684 3839 aspectu
2716 3783 2905 3835 exeas,
2932 3767 3066 3824 forti
3121 3784 3435 3842 congressu
3469 3784 3559 3824 re—

1916 3858 2122 3932 pellas.
2167 3860 2328 3922 Quod
2386 3857 2435 3912 si
2494 3856 2675 3911 fueris
2734 3856 3097 3925 vulneratus,
3157 3859 3391 3913 attende
3433 3858 3564 3923 tibi,

1920 3964 2086 4004 curre
2118 3948 2189 4002 ad
2225 3947 2541 4012 medicum,
2588 3962 2783 4017 quaere
2815 3946 3141 4001 remedium
3191 3947 3567 4018 poenitentiae.

1919 4037 2167 4092 Attende
2198 4036 2303 4089 tibi
2333 4053 2345 4103 ;
2373 4034 2512 4106 quia
2542 4050 2776 4088 carnem
2812 4034 3012 4101 habes,
3039 4051 3164 4106 quae
3187 4034 3300 4089 cito
3320 4033 3569 4089 labitur:

1920 4127 2114 4181 veniat
2146 4124 2249 4179 tibi
2283 4125 2473 4179 bonus
2506 4122 2838 4177 animarum
2885 4122 3147 4177 medicus
3190 4138 3382 4177 sermo
3426 4120 3574 4177 divi-

1923 4231 2060 4281 nus,
2094 4218 2366 4285 aspergat
2398 4210 2502 4266 tibi
2536 4209 2771 4265 oracula
2797 4210 3028 4265 Domini
3078 4214 3361 4281 tanquam
3393 4209 3577 4265 medi-

1924 4285 2197 4358 camenta
2229 4300 2509 4356 salubria.
2534 4298 2779 4354 Attende
2804 4298 2929 4363 tibi,
2958 4315 3028 4354 ne
3048 4299 3151 4353 ﬁat
3176 4299 3420 4354 verbum
3452 4298 3581 4353 abs-

1925 4392 2226 4447 conditum
2260 4390 2314 4443 in
2347 4390 2519 4444 corde
2550 4394 2647 4443 tuo
2680 4388 2951 4459 iniquum
2980 4403 2992 4441 :
3028 4386 3211 4459 serpit
3237 4385 3394 4442 enim
3426 4386 3581 4443 sicut

1924 4497 2239 4547 venenum,
2274 4484 2331 4533 et
2361 4476 2599 4533 lethalia
2630 4476 2805 4531 infert
2837 4475 3126 4549 contagia.
3152 4476 3401 4532 Attende
3439 4474 3577 4531 tibi:

1931 4586 2004 4625 ne
2036 4566 2400 4625 obliviscaris
2430 4567 2613 4622 Deum
2648 4565 2749 4637 qui
2783 4564 2917 4620 fecit
2958 4570 3038 4632 te,
3087 4582 3157 4621 ne
3190 4582 3401 4622 nomen
3453 4566 3582 4637 ejus

172 4654 302 4721 tum,
334 4656 583 4712 obsessa
613 4673 717 4728 per
747 4657 1070 4713 diabolum.
1115 4659 1225 4715 Sed
1275 4676 1389 4714 non
1439 4660 1611 4715 debet
1662 4661 1816 4717 obsi-
1853 4673 1901 4737 D
1935 4660 1994 4714 in
2025 4674 2238 4713 vanum
2273 4656 2550 4728 accipias.

170 4738 388 4799 dionem
412 4745 629 4811 vereri,
664 4745 758 4800 cui
790 4746 1066 4803 Christus
1118 4747 1353 4818 adjutor
1404 4755 1510 4804 est.
1557 4750 1822 4804 Munitur

168 4828 317 4885 enim
348 4832 546 4905 gratia
580 4833 843 4905 spiritali
876 4839 933 4890 et
966 4834 1345 4890 saecularibus
1374 4837 1647 4907 periculis
1679 4838 1829 4893 obsi-

170 4914 340 4974 detur.
380 4920 547 4976 Unde
580 4927 639 4977 et
667 4921 738 4976 in
772 4922 1028 4979 Canticis
1060 4923 1241 4980 habes
1273 4924 1496 4979 dictum
1524 4942 1536 4980 :
1572 4927 1679 4995 Ego
1698 4943 1827 4979 mu-

173 5020 275 5072 rus,
306 5013 356 5063 et
375 5011 550 5065 ubera
580 5026 706 5066 mea
740 5020 920 5068 turres
951 5012 1135 5085 (Cant.
1168 5030 1294 5079 vm,
1327 5014 1437 5085 18).
1496 5014 1696 5068 Murus
1740 5020 1830 5071 est

171 5090 432 5165 Ecclesia,
460 5103 656 5154 turres
688 5101 823 5171 ejus
852 5106 991 5156 sunt
1020 5102 1372 5168 sacerdotes,
1397 5103 1611 5174 quibus
1634 5104 1790 5158 abun
1808 5135 1828 5144 -

173 5178 261 5235 dat
287 5190 343 5239 et
360 5186 432 5241 de
464 5187 836 5245 naturalibus
862 5190 1131 5259 verbum,
1163 5195 1221 5245 et
1251 5191 1323 5245 de
1354 5191 1677 5247 moralibus
1727 5193 1828 5247 di-

173 5270 326 5341 scipli
348 5291 443 5329 na.

233 5357 317 5413 50.
352 5362 662 5436 Cognosce
688 5380 828 5437 ergo
852 5371 929 5434 te,
955 5366 1164 5422 decora
1194 5368 1391 5423 anima
1416 5386 1429 5435 ;
1464 5368 1605 5440 quia
1636 5368 1829 5441 imago

250 5528 357 5600 (83)
388 5532 454 5587 In
508 5533 652 5589 edit.
715 5526 901 5591 Paris.
957 5537 1094 5591 1614
1149 5540 1206 5592 et
1255 5538 1393 5593 1632
1444 5538 1682 5603 desunt,
1741 5539 1834 5593 sed

177 5603 361 5681 P081159,
377 5611 565 5681 (limen
594 5606 799 5661 maluit
820 5606 962 5681 illud
991 5610 1159 5681 Morti
1191 5610 1390 5680 offerre
1414 5626 1515 5681 pro
1544 5612 1720 5665 nobis.

263 5672 368 5748 (βίη)
398 5674 676 5748 Quinque
705 5693 875 5744 mss.,
908 5679 1174 5735 interiora
1204 5672 1316 5735 tua.

263 5741 364 5816 (85)
396 5744 541 5804 Mss.
575 5741 770 5817 Carm,
802 5741 937 5819 Th.,
970 5749 1132 5823 Reg.,
1163 5751 1324 5808 Colb.
1354 5753 1411 5807 et
1458 5749 1625 5807 Corb.
1670 5754 1835 5807 vetus

2006 4748 2095 4803 5t.
2120 4746 2366 4802 Attende
2399 4745 2526 4813 tibi,
2552 4743 2642 4799 lex
2669 4744 2829 4811 dicit,
2855 4760 2925 4799 ne
2946 4760 3080 4799 cum
3114 4742 3578 4809 manducaveris,

1936 4842 1991 4892 et
2022 4836 2267 4891 satiatus
2291 4834 2491 4899 fueris,
2517 4837 2571 4888 et
2599 4834 2805 4888 domos
2826 4833 3221 4899 azdiﬁcaveris,
3247 4836 3303 4887 et
3322 4831 3585 4886 habitare

1938 4926 2201 4997 cmperis,
2236 4928 2293 4979 et
2324 4922 2632 4994 pecoribus
2668 4922 2785 4976 tuis
2815 4921 3072 4992 repletus
3098 4919 3299 4987 fueris,
3334 4922 3391 4973 et
3437 4933 3579 4972 auro

1938 5019 1993 5069 et
2024 5018 2262 5085 argento
2290 5011 2701 5076 abundaveris,
2725 5015 2780 5063 et
2802 5010 3075 5063 omnibus
3099 5022 3462 5079 quaecunque
3478 5005 3584 5061 tibi

1939 5101 2175 5167 fuerint,
2207 5099 2266 5153 in
2299 5098 2676 5153 multitudine
2708 5096 2922 5152 exaltes
2953 5102 3007 5151 te
3038 5095 3230 5163 corde,
3280 5097 3336 5149 et
3382 5092 3583 5148 oblivi-

1940 5189 2124 5244 sCaris
2176 5187 2494 5243 Dominum
2548 5190 2730 5239 Deum
2788 5188 2957 5239 tuum
3006 5184 3187 5255 (Deut.
3221 5199 3343 5250 VIII,
3376 5180 3584 5251 10-14).

1940 5277 2087 5342 Quid
2120 5276 2276 5332 enim
2309 5274 2508 5337 habes,
2568 5290 2601 5327 o
2659 5274 2853 5340 homo,
2915 5272 3070 5343 quod
3119 5288 3235 5326 non
3266 5269 3580 5341 accepisti?

1940 5368 2142 5423 Nonne
2232 5364 2353 5418 haec
2435 5361 2635 5417 omnia
2700 5360 2854 5415 sicut
2919 5361 3130 5416 umbra
3194 5359 3586 5432 praetereunt?

1941 5534 2095 5609 Audi
2113 5530 2379 5609 quomodo
2409 5530 2655 5601 glorians
2684 5528 2958 5609 Prop/icta
2985 5528 3150 5609 dicat.
3349 5602 3359 5609 -
3450 5596 3486 5609 η

2017 5600 2437 5679 (86)(ξιιίιιιιῡν⁸
2454 5618 2655 5679 mss.,_
2683 5600 2934 5655 homines
2991 5600 3252 5671 capiens;
3305 5602 3369 5655 ut
3414 5600 3590 5653 etiam

1944 5672 2143 5750 supra,
2177 5674 2212 5730 l.
2245 5692 2298 5743 v,
2328 5690 2376 5729 c.
2408 5674 2463 5740 6,
2499 5689 2555 5727 n.
2593 5672 2681 5727 16.
