  <div class='ocr_page' id='page_1' title='image "/cluster/home/n/w/nwhite01/storage/ocr_20150623/14/uva.x000826552/155.png"; bbox 0 0 3932 6212; ppageno 0'>
   <div class='ocr_carea' id='block_1_1' title="bbox 182 380 289 447">
    <p class='ocr_par' dir='ltr' id='par_1_1' title="bbox 182 380 289 447">
     <span class='ocr_line' id='line_1_1' title="bbox 182 380 289 447; baseline -0.037 0"><span class='ocrx_word' id='word_1_1' title='bbox 182 380 289 447; x_wconf 68' lang='grc'>-281</span> 
     </span>
    </p>
   </div>
   <div class='ocr_carea' id='block_1_2' title="bbox 1466 364 2347 436">
    <p class='ocr_par' dir='ltr' id='par_1_2' title="bbox 1466 364 2347 436">
     <span class='ocr_line' id='line_1_2' title="bbox 1466 364 2347 436; baseline -0.009 -1"><span class='ocrx_word' id='word_1_2' title='bbox 1466 367 2003 436; x_wconf 71' lang='lat' dir='ltr'>HEXAEMERON</span> <span class='ocrx_word' id='word_1_3' title='bbox 2048 366 2195 430; x_wconf 81' lang='lat' dir='ltr'>LIB.</span> <span class='ocrx_word' id='word_1_4' title='bbox 2243 364 2347 429; x_wconf 80' lang='lat' dir='ltr'>Vl.</span> 
     </span>
    </p>
   </div>
   <div class='ocr_carea' id='block_1_3' title="bbox 3488 359 3606 424">
    <p class='ocr_par' dir='ltr' id='par_1_3' title="bbox 3488 359 3606 424">
     <span class='ocr_line' id='line_1_3' title="bbox 3488 359 3606 424; baseline 0.017 -2"><span class='ocrx_word' id='word_1_5' title='bbox 3488 359 3606 424; x_wconf 56' lang='lat'>2‘9</span> 
     </span>
    </p>
   </div>
   <div class='ocr_carea' id='block_1_4' title="bbox 198 509 1857 594">
    <p class='ocr_par' dir='ltr' id='par_1_4' title="bbox 198 509 1838 594">
     <span class='ocr_line' id='line_1_4' title="bbox 198 509 1838 594; baseline -0.009 -18"><span class='ocrx_word' id='word_1_6' title='bbox 198 513 870 594; x_wconf 66' lang='lat' dir='ltr'>praestantissimamque</span> <span class='ocrx_word' id='word_1_7' title='bbox 895 530 1023 572; x_wconf 89' lang='lat' dir='ltr'>esse</span> <span class='ocrx_word' id='word_1_8' title='bbox 1056 509 1342 577; x_wconf 88' lang='lat' dir='ltr'>omnium,</span> <span class='ocrx_word' id='word_1_9' title='bbox 1374 513 1656 582; x_wconf 77' lang='lat' dir='ltr'>tanquam</span> <span class='ocrx_word' id='word_1_10' title='bbox 1688 509 1838 563; x_wconf 91' lang='lat' dir='ltr'>inter</span> 
     </span>
    </p>
   </div>
   <div class='ocr_carea' id='block_1_5' title="bbox 2059 509 3608 594">
    <p class='ocr_par' dir='ltr' id='par_1_5' title="bbox 2059 511 3608 593">
     <span class='ocr_line' id='line_1_5' title="bbox 2059 511 3608 593; baseline -0.005 -16"><span class='ocrx_word' id='word_1_11' title='bbox 2059 518 2231 593; x_wconf 87' lang='lat' dir='ltr'>equia</span> <span class='ocrx_word' id='word_1_12' title='bbox 2259 515 2642 585; x_wconf 78' lang='lat' dir='ltr'>servulorum,</span> <span class='ocrx_word' id='word_1_13' title='bbox 2668 518 2727 576; x_wconf 86' lang='lat' dir='ltr'>et</span> <span class='ocrx_word' id='word_1_14' title='bbox 2755 517 3039 591; x_wconf 71' lang='lat' dir='ltr'>praecepta</span> <span class='ocrx_word' id='word_1_15' title='bbox 3065 512 3311 589; x_wconf 82' lang='lat' dir='ltr'>singulis</span> <span class='ocrx_word' id='word_1_16' title='bbox 3340 511 3608 570; x_wconf 87' lang='lat' dir='ltr'>obeunda</span> 
     </span>
    </p>
   </div>
   <div class='ocr_carea' id='block_1_6' title="bbox 200 598 1840 677">
    <p class='ocr_par' dir='ltr' id='par_1_6' title="bbox 200 598 1840 677">
     <span class='ocr_line' id='line_1_6' title="bbox 200 598 1840 677; baseline -0.008 -13"><span class='ocrx_word' id='word_1_17' title='bbox 200 610 476 666; x_wconf 86' lang='lat' dir='ltr'>elementa</span> <span class='ocrx_word' id='word_1_18' title='bbox 506 606 747 671; x_wconf 61' lang='lat' dir='ltr'>coelum,</span> <span class='ocrx_word' id='word_1_19' title='bbox 778 611 1056 677; x_wconf 81' lang='lat' dir='ltr'>tanquam</span> <span class='ocrx_word' id='word_1_20' title='bbox 1090 618 1280 657; x_wconf 89' lang='lat' dir='ltr'>arcem</span> <span class='ocrx_word' id='word_1_21' title='bbox 1313 601 1463 655; x_wconf 87' lang='lat' dir='ltr'>inter</span> <span class='ocrx_word' id='word_1_22' title='bbox 1494 598 1717 670; x_wconf 90' lang='lat' dir='ltr'>reliqua</span> <span class='ocrx_word' id='word_1_23' title='bbox 1748 614 1840 651; x_wconf 90' lang='lat' dir='ltr'>ur-</span> 
     </span>
    </p>
   </div>
   <div class='ocr_carea' id='block_1_7' title="bbox 199 686 1853 763">
    <p class='ocr_par' dir='ltr' id='par_1_7' title="bbox 199 686 1853 763">
     <span class='ocr_line' id='line_1_7' title="bbox 199 686 1853 763; baseline -0.007 -11"><span class='ocrx_word' id='word_1_24' title='bbox 199 699 285 753; x_wconf 85' lang='lat' dir='ltr'>bis</span> <span class='ocrx_word' id='word_1_25' title='bbox 311 695 541 751; x_wconf 63' lang='lat' dir='ltr'>mmnia.</span> <span class='ocrx_word' id='word_1_26' title='bbox 576 696 638 749; x_wconf 87' lang='lat' dir='ltr'>In</span> <span class='ocrx_word' id='word_1_27' title='bbox 674 711 805 748; x_wconf 87' lang='lat' dir='ltr'>arce</span> <span class='ocrx_word' id='word_1_28' title='bbox 828 694 934 748; x_wconf 88' lang='lat' dir='ltr'>hac</span> <span class='ocrx_word' id='word_1_29' title='bbox 967 690 1217 763; x_wconf 75' lang='lat' dir='ltr'>regalem</span> <span class='ocrx_word' id='word_1_30' title='bbox 1253 686 1853 762; x_wconf 78' lang='lat' dir='ltr'>quamdamhabitare</span> 
     </span>
    </p>
   </div>
   <div class='ocr_carea' id='block_1_8' title="bbox 198 774 1854 857">
    <p class='ocr_par' dir='ltr' id='par_1_8' title="bbox 198 774 1854 857">
     <span class='ocr_line' id='line_1_8' title="bbox 198 774 1854 857; baseline -0.007 -17"><span class='ocrx_word' id='word_1_31' title='bbox 198 785 544 857; x_wconf 67' lang='lat' dir='ltr'>sapientiam</span> <span class='ocrx_word' id='word_1_32' title='bbox 579 782 910 837; x_wconf 85' lang='lat' dir='ltr'>secundum</span> <span class='ocrx_word' id='word_1_33' title='bbox 945 779 1348 852; x_wconf 75' lang='lat' dir='ltr'>propheticum</span> <span class='ocrx_word' id='word_1_34' title='bbox 1400 778 1622 832; x_wconf 89' lang='lat' dir='ltr'>dictum</span> <span class='ocrx_word' id='word_1_35' title='bbox 1661 793 1673 831; x_wconf 91' lang='lat'>:</span> <span class='ocrx_word' id='word_1_36' title='bbox 1708 774 1854 841; x_wconf 91' lang='lat' dir='ltr'>Quia</span> 
     </span>
    </p>
   </div>
   <div class='ocr_carea' id='block_1_9' title="bbox 194 864 1854 944">
    <p class='ocr_par' dir='ltr' id='par_1_9' title="bbox 194 864 1854 944">
     <span class='ocr_line' id='line_1_9' title="bbox 194 864 1854 944; baseline -0.008 -14"><span class='ocrx_word' id='word_1_37' title='bbox 194 876 339 931; x_wconf 75' lang='lat' dir='ltr'>acuti</span> <span class='ocrx_word' id='word_1_38' title='bbox 365 875 633 944; x_wconf 77' lang='lat' dir='ltr'>sapientis</span> <span class='ocrx_word' id='word_1_39' title='bbox 695 872 755 925; x_wconf 79' lang='lat' dir='ltr'>in</span> <span class='ocrx_word' id='word_1_40' title='bbox 804 871 985 941; x_wconf 80' lang='lat' dir='ltr'>capite</span> <span class='ocrx_word' id='word_1_41' title='bbox 1013 870 1129 940; x_wconf 81' lang='lat' dir='ltr'>ejus</span> <span class='ocrx_word' id='word_1_42' title='bbox 1181 869 1371 939; x_wconf 75' lang='lat' dir='ltr'>(Ecrte.</span> <span class='ocrx_word' id='word_1_43' title='bbox 1408 882 1470 931; x_wconf 82' lang='grc' dir='ltr'>ιι,</span> <span class='ocrx_word' id='word_1_44' title='bbox 1523 866 1652 932; x_wconf 72' lang='lat' dir='ltr'>Ui):</span> <span class='ocrx_word' id='word_1_45' title='bbox 1702 864 1854 918; x_wconf 88' lang='lat' dir='ltr'>hanc</span> 
     </span>
    </p>
   </div>
   <div class='ocr_carea' id='block_1_10' title="bbox 195 952 1856 1026">
    <p class='ocr_par' dir='ltr' id='par_1_10' title="bbox 195 952 1856 1026">
     <span class='ocr_line' id='line_1_10' title="bbox 195 952 1856 1026; baseline -0.007 -7"><span class='ocrx_word' id='word_1_46' title='bbox 195 981 319 1019; x_wconf 88' lang='lat' dir='ltr'>esse</span> <span class='ocrx_word' id='word_1_47' title='bbox 352 961 575 1017; x_wconf 64' lang='lat' dir='ltr'>caeteris</span> <span class='ocrx_word' id='word_1_48' title='bbox 603 960 902 1026; x_wconf 85' lang='lat' dir='ltr'>tutiorem,</span> <span class='ocrx_word' id='word_1_49' title='bbox 934 962 987 1014; x_wconf 90' lang='lat' dir='ltr'>et</span> <span class='ocrx_word' id='word_1_50' title='bbox 1019 975 1085 1012; x_wconf 81' lang='lat' dir='ltr'>ex</span> <span class='ocrx_word' id='word_1_51' title='bbox 1115 956 1217 1011; x_wconf 89' lang='lat' dir='ltr'>illa</span> <span class='ocrx_word' id='word_1_52' title='bbox 1247 956 1521 1011; x_wconf 90' lang='lat' dir='ltr'>omnibus</span> <span class='ocrx_word' id='word_1_53' title='bbox 1575 952 1856 1009; x_wconf 78' lang='lat' dir='ltr'>membris</span> 
     </span>
    </p>
   </div>
   <div class='ocr_carea' id='block_1_11' title="bbox 196 1043 1858 1126">
    <p class='ocr_par' dir='ltr' id='par_1_11' title="bbox 196 1043 1858 1126">
     <span class='ocr_line' id='line_1_11' title="bbox 196 1043 1858 1126; baseline -0.006 -20"><span class='ocrx_word' id='word_1_54' title='bbox 196 1053 453 1126; x_wconf 83' lang='lat' dir='ltr'>vigorem</span> <span class='ocrx_word' id='word_1_55' title='bbox 486 1050 1028 1123; x_wconf 85' lang='lat' dir='ltr'>providentiamque</span> <span class='ocrx_word' id='word_1_56' title='bbox 1059 1046 1287 1102; x_wconf 83' lang='lat' dir='ltr'>deferri.</span> <span class='ocrx_word' id='word_1_57' title='bbox 1320 1044 1468 1109; x_wconf 86' lang='lat' dir='ltr'>Quid</span> <span class='ocrx_word' id='word_1_58' title='bbox 1501 1043 1654 1098; x_wconf 92' lang='lat' dir='ltr'>enim</span> <span class='ocrx_word' id='word_1_59' title='bbox 1680 1043 1858 1097; x_wconf 90' lang='lat' dir='ltr'>robur</span> 
     </span>
    </p>
   </div>
   <div class='ocr_carea' id='block_1_12' title="bbox 198 1131 1858 1209">
    <p class='ocr_par' dir='ltr' id='par_1_12' title="bbox 198 1131 1858 1209">
     <span class='ocr_line' id='line_1_12' title="bbox 198 1131 1858 1209; baseline -0.008 -11"><span class='ocrx_word' id='word_1_60' title='bbox 198 1149 251 1198; x_wconf 89' lang='lat' dir='ltr'>et</span> <span class='ocrx_word' id='word_1_61' title='bbox 282 1141 557 1196; x_wconf 86' lang='lat' dir='ltr'>validitas</span> <span class='ocrx_word' id='word_1_62' title='bbox 589 1139 934 1194; x_wconf 83' lang='lat' dir='ltr'>lacertorum</span> <span class='ocrx_word' id='word_1_63' title='bbox 971 1136 1252 1209; x_wconf 84' lang='lat' dir='ltr'>proficiat,</span> <span class='ocrx_word' id='word_1_64' title='bbox 1288 1133 1426 1206; x_wconf 86' lang='lat' dir='ltr'>quid</span> <span class='ocrx_word' id='word_1_65' title='bbox 1460 1131 1731 1188; x_wconf 84' lang='lat' dir='ltr'>velocitas</span> <span class='ocrx_word' id='word_1_66' title='bbox 1766 1148 1858 1203; x_wconf 88' lang='lat' dir='ltr'>pe-</span> 
     </span>
    </p>
   </div>
   <div class='ocr_carea' id='block_1_13' title="bbox 195 1220 1858 1299">
    <p class='ocr_par' dir='ltr' id='par_1_13' title="bbox 195 1220 1858 1299">
     <span class='ocr_line' id='line_1_13' title="bbox 195 1220 1858 1299; baseline -0.007 -13"><span class='ocrx_word' id='word_1_67' title='bbox 195 1232 359 1297; x_wconf 89' lang='lat' dir='ltr'>dum,</span> <span class='ocrx_word' id='word_1_68' title='bbox 406 1230 518 1284; x_wconf 85' lang='lat' dir='ltr'>nisi</span> <span class='ocrx_word' id='word_1_69' title='bbox 571 1228 780 1299; x_wconf 82' lang='lat' dir='ltr'>capitis</span> <span class='ocrx_word' id='word_1_70' title='bbox 833 1226 990 1280; x_wconf 80' lang='lat' dir='ltr'>velut</span> <span class='ocrx_word' id='word_1_71' title='bbox 1047 1224 1331 1297; x_wconf 68' lang='lat' dir='ltr'>principis</span> <span class='ocrx_word' id='word_1_72' title='bbox 1390 1221 1480 1278; x_wconf 89' lang='lat' dir='ltr'>sui</span> <span class='ocrx_word' id='word_1_73' title='bbox 1540 1220 1858 1293; x_wconf 85' lang='lat' dir='ltr'>imperialis</span> 
     </span>
    </p>
   </div>
   <div class='ocr_carea' id='block_1_14' title="bbox 198 1311 1861 1392">
    <p class='ocr_par' dir='ltr' id='par_1_14' title="bbox 198 1311 1861 1392">
     <span class='ocr_line' id='line_1_14' title="bbox 198 1311 1861 1392; baseline -0.006 -19"><span class='ocrx_word' id='word_1_74' title='bbox 198 1321 468 1392; x_wconf 62' lang='lat' dir='ltr'>quaedam</span> <span class='ocrx_word' id='word_1_75' title='bbox 504 1316 961 1372; x_wconf 86' lang='lat' dir='ltr'>adminiculetur</span> <span class='ocrx_word' id='word_1_76' title='bbox 993 1319 1251 1386; x_wconf 82' lang='lat' dir='ltr'>potestas</span> <span class='ocrx_word' id='word_1_77' title='bbox 1273 1314 1299 1368; x_wconf 81' lang='lat'>‘?</span> <span class='ocrx_word' id='word_1_78' title='bbox 1331 1313 1409 1367; x_wconf 83' lang='lat' dir='ltr'><strong>Ex</strong></span> <span class='ocrx_word' id='word_1_79' title='bbox 1443 1313 1547 1367; x_wconf 91' lang='lat' dir='ltr'>hoc</span> <span class='ocrx_word' id='word_1_80' title='bbox 1578 1311 1735 1365; x_wconf 91' lang='lat' dir='ltr'>enim</span> <span class='ocrx_word' id='word_1_81' title='bbox 1760 1314 1861 1364; x_wconf 89' lang='lat' dir='ltr'>aut</span> 
     </span>
    </p>
   </div>
   <div class='ocr_carea' id='block_1_15' title="bbox 201 1397 1859 1468">
    <p class='ocr_par' dir='ltr' id='par_1_15' title="bbox 201 1397 1859 1468">
     <span class='ocr_line' id='line_1_15' title="bbox 201 1397 1859 1468; baseline -0.007 -4"><span class='ocrx_word' id='word_1_82' title='bbox 201 1408 609 1463; x_wconf 83' lang='lat' dir='ltr'>destituuntur</span> <span class='ocrx_word' id='word_1_83' title='bbox 640 1405 927 1468; x_wconf 82' lang='lat' dir='ltr'>universa,</span> <span class='ocrx_word' id='word_1_84' title='bbox 980 1409 1080 1458; x_wconf 85' lang='lat' dir='ltr'>aut</span> <span class='ocrx_word' id='word_1_85' title='bbox 1109 1401 1306 1457; x_wconf 86' lang='lat' dir='ltr'>omnia</span> <span class='ocrx_word' id='word_1_86' title='bbox 1340 1401 1680 1455; x_wconf 84' lang='lat' dir='ltr'>fulciuntur.</span> <span class='ocrx_word' id='word_1_87' title='bbox 1712 1397 1859 1463; x_wconf 90' lang='lat' dir='ltr'>Quid</span> 
     </span>
    </p>
   </div>
   <div class='ocr_carea' id='block_1_16' title="bbox 201 1488 1863 1568">
    <p class='ocr_par' dir='ltr' id='par_1_16' title="bbox 201 1488 1863 1568">
     <span class='ocr_line' id='line_1_16' title="bbox 201 1488 1863 1568; baseline -0.007 -16"><span class='ocrx_word' id='word_1_88' title='bbox 201 1503 331 1568; x_wconf 87' lang='lat' dir='ltr'>agat</span> <span class='ocrx_word' id='word_1_89' title='bbox 368 1496 675 1556; x_wconf 80' lang='lat' dir='ltr'>fortitudo,</span> <span class='ocrx_word' id='word_1_90' title='bbox 711 1493 818 1547; x_wconf 89' lang='lat' dir='ltr'>nisi</span> <span class='ocrx_word' id='word_1_91' title='bbox 854 1490 1021 1546; x_wconf 87' lang='lat' dir='ltr'>oculo</span> <span class='ocrx_word' id='word_1_92' title='bbox 1044 1492 1191 1546; x_wconf 83' lang='lat' dir='ltr'>dure</span> <span class='ocrx_word' id='word_1_93' title='bbox 1225 1495 1423 1546; x_wconf 85' lang='lat' dir='ltr'>utatur</span> <span class='ocrx_word' id='word_1_94' title='bbox 1466 1490 1536 1543; x_wconf 87' lang='lat' dir='ltr'>ad</span> <span class='ocrx_word' id='word_1_95' title='bbox 1571 1488 1863 1560; x_wconf 72' lang='lat' dir='ltr'>prmlium?</span> 
     </span>
    </p>
   </div>
   <div class='ocr_carea' id='block_1_17' title="bbox 202 1578 1860 1655">
    <p class='ocr_par' dir='ltr' id='par_1_17' title="bbox 202 1578 1860 1655">
     <span class='ocr_line' id='line_1_17' title="bbox 202 1578 1860 1655; baseline -0.003 -19"><span class='ocrx_word' id='word_1_96' title='bbox 202 1586 346 1650; x_wconf 83' lang='lat' dir='ltr'>Quid</span> <span class='ocrx_word' id='word_1_97' title='bbox 386 1587 547 1655; x_wconf 77' lang='lat' dir='ltr'>fuga,</span> <span class='ocrx_word' id='word_1_98' title='bbox 583 1584 630 1637; x_wconf 88' lang='lat' dir='ltr'>si</span> <span class='ocrx_word' id='word_1_99' title='bbox 664 1583 811 1637; x_wconf 80' lang='lat' dir='ltr'>desit</span> <span class='ocrx_word' id='word_1_100' title='bbox 843 1582 1133 1637; x_wconf 78' lang='lat' dir='ltr'>obtutus?</span> <span class='ocrx_word' id='word_1_101' title='bbox 1167 1581 1372 1636; x_wconf 86' lang='lat' dir='ltr'>Carcer</span> <span class='ocrx_word' id='word_1_102' title='bbox 1403 1584 1492 1635; x_wconf 88' lang='lat' dir='ltr'>est</span> <span class='ocrx_word' id='word_1_103' title='bbox 1524 1578 1636 1649; x_wconf 82' lang='grc'>(92)</span> <span class='ocrx_word' id='word_1_104' title='bbox 1670 1582 1860 1632; x_wconf 89' lang='lat' dir='ltr'>totum</span> 
     </span>
    </p>
   </div>
   <div class='ocr_carea' id='block_1_18' title="bbox 201 1666 1862 1747">
    <p class='ocr_par' dir='ltr' id='par_1_18' title="bbox 201 1666 1862 1747">
     <span class='ocr_line' id='line_1_18' title="bbox 201 1666 1862 1747; baseline -0.007 -16"><span class='ocrx_word' id='word_1_105' title='bbox 201 1693 415 1747; x_wconf 86' lang='lat' dir='ltr'>corpus</span> <span class='ocrx_word' id='word_1_106' title='bbox 440 1675 750 1729; x_wconf 87' lang='lat' dir='ltr'>tenebroso</span> <span class='ocrx_word' id='word_1_107' title='bbox 783 1672 1091 1725; x_wconf 86' lang='lat' dir='ltr'>inhorrens</span> <span class='ocrx_word' id='word_1_108' title='bbox 1124 1670 1237 1725; x_wconf 88' lang='lat' dir='ltr'>situ</span> <span class='ocrx_word' id='word_1_109' title='bbox 1266 1688 1278 1737; x_wconf 90' lang='lat'><strong>;</strong></span> <span class='ocrx_word' id='word_1_110' title='bbox 1312 1669 1422 1723; x_wconf 84' lang='lat' dir='ltr'>nisi</span> <span class='ocrx_word' id='word_1_111' title='bbox 1458 1668 1760 1723; x_wconf 87' lang='lat' dir='ltr'>oculorum</span> <span class='ocrx_word' id='word_1_112' title='bbox 1796 1666 1862 1720; x_wconf 90' lang='lat' dir='ltr'>il-</span> 
     </span>
    </p>
   </div>
   <div class='ocr_carea' id='block_1_19' title="bbox 202 1754 1864 1833">
    <p class='ocr_par' dir='ltr' id='par_1_19' title="bbox 202 1754 1864 1833">
     <span class='ocr_line' id='line_1_19' title="bbox 202 1754 1864 1833; baseline -0.006 -15"><span class='ocrx_word' id='word_1_113' title='bbox 202 1764 531 1818; x_wconf 87' lang='lat' dir='ltr'>luminctur</span> <span class='ocrx_word' id='word_1_114' title='bbox 560 1765 821 1833; x_wconf 88' lang='lat' dir='ltr'>aspectu.</span> <span class='ocrx_word' id='word_1_115' title='bbox 856 1760 1016 1822; x_wconf 89' lang='lat' dir='ltr'>Quod</span> <span class='ocrx_word' id='word_1_116' title='bbox 1049 1776 1185 1829; x_wconf 85' lang='lat' dir='ltr'>ergo</span> <span class='ocrx_word' id='word_1_117' title='bbox 1219 1756 1302 1813; x_wconf 92' lang='lat' dir='ltr'>sol</span> <span class='ocrx_word' id='word_1_118' title='bbox 1336 1762 1390 1812; x_wconf 89' lang='lat' dir='ltr'>et</span> <span class='ocrx_word' id='word_1_119' title='bbox 1421 1757 1561 1811; x_wconf 88' lang='lat' dir='ltr'>luna</span> <span class='ocrx_word' id='word_1_120' title='bbox 1616 1757 1669 1809; x_wconf 90' lang='lat' dir='ltr'>iu</span> <span class='ocrx_word' id='word_1_121' title='bbox 1722 1754 1864 1809; x_wconf 74' lang='lat' dir='ltr'>cmlo</span> 
     </span>
    </p>
   </div>
   <div class='ocr_carea' id='block_1_20' title="bbox 1963 604 3606 680">
    <p class='ocr_par' dir='ltr' id='par_1_20' title="bbox 1963 604 3606 680">
     <span class='ocr_line' id='line_1_20' title="bbox 1963 604 3606 680; baseline -0.006 -13"><span class='ocrx_word' id='word_1_122' title='bbox 1963 611 2241 667; x_wconf 86' lang='lat' dir='ltr'>decernit.</span> <span class='ocrx_word' id='word_1_123' title='bbox 2278 610 2488 664; x_wconf 88' lang='lat' dir='ltr'>Videas</span> <span class='ocrx_word' id='word_1_124' title='bbox 2546 607 2881 680; x_wconf 85' lang='lat' dir='ltr'>imperatori</span> <span class='ocrx_word' id='word_1_125' title='bbox 2933 623 3040 661; x_wconf 86' lang='lat' dir='ltr'>suo</span> <span class='ocrx_word' id='word_1_126' title='bbox 3072 604 3307 674; x_wconf 83' lang='lat' dir='ltr'>singula</span> <span class='ocrx_word' id='word_1_127' title='bbox 3351 604 3606 675; x_wconf 85' lang='lat' dir='ltr'>gratuito</span> 
     </span>
    </p>
   </div>
   <div class='ocr_carea' id='block_1_21' title="bbox 1961 691 3609 770">
    <p class='ocr_par' dir='ltr' id='par_1_21' title="bbox 1961 691 3609 770">
     <span class='ocr_line' id='line_1_21' title="bbox 1961 691 3609 770; baseline -0.005 -16"><span class='ocrx_word' id='word_1_128' title='bbox 1961 699 2252 770; x_wconf 84' lang='lat' dir='ltr'>stipendio</span> <span class='ocrx_word' id='word_1_129' title='bbox 2281 697 2549 753; x_wconf 84' lang='lat' dir='ltr'>militare.</span> <span class='ocrx_word' id='word_1_130' title='bbox 2586 697 2714 751; x_wconf 78' lang='lat' dir='ltr'>Alia</span> <span class='ocrx_word' id='word_1_131' title='bbox 2741 699 2995 769; x_wconf 86' lang='lat' dir='ltr'>portant,</span> <span class='ocrx_word' id='word_1_132' title='bbox 3030 693 3142 748; x_wconf 89' lang='lat' dir='ltr'>alia</span> <span class='ocrx_word' id='word_1_133' title='bbox 3176 698 3446 765; x_wconf 87' lang='lat' dir='ltr'>pascunt,</span> <span class='ocrx_word' id='word_1_134' title='bbox 3494 691 3609 747; x_wconf 89' lang='lat' dir='ltr'>alia</span> 
     </span>
    </p>
   </div>
   <div class='ocr_carea' id='block_1_22' title="bbox 1962 781 3607 852">
    <p class='ocr_par' dir='ltr' id='par_1_22' title="bbox 1962 781 3607 852">
     <span class='ocr_line' id='line_1_22' title="bbox 1962 781 3607 852; baseline -0.005 -12"><span class='ocrx_word' id='word_1_135' title='bbox 1962 787 2302 852; x_wconf 83' lang='lat' dir='ltr'>defendunt,</span> <span class='ocrx_word' id='word_1_136' title='bbox 2338 785 2419 839; x_wconf 89' lang='lat' dir='ltr'>vel</span> <span class='ocrx_word' id='word_1_137' title='bbox 2466 784 2857 840; x_wconf 65' lang='lat' dir='ltr'>ministerium</span> <span class='ocrx_word' id='word_1_138' title='bbox 2901 800 3073 836; x_wconf 86' lang='lat' dir='ltr'>suum</span> <span class='ocrx_word' id='word_1_139' title='bbox 3134 781 3406 835; x_wconf 77' lang='lat' dir='ltr'>exhibent</span> <span class='ocrx_word' id='word_1_140' title='bbox 3433 799 3444 839; x_wconf 89' lang='lat'>:</span> <span class='ocrx_word' id='word_1_141' title='bbox 3476 797 3607 852; x_wconf 53' lang='lat' dir='ltr'>,pa-</span> 
     </span>
    </p>
   </div>
   <div class='ocr_carea' id='block_1_23' title="bbox 1963 838 3609 945">
    <p class='ocr_par' dir='ltr' id='par_1_23' title="bbox 1963 838 3609 945">
     <span class='ocr_line' id='line_1_23' title="bbox 1963 838 3609 945; baseline -0.004 -16"><span class='ocrx_word' id='word_1_142' title='bbox 1963 880 2091 929; x_wconf 83' lang='lat' dir='ltr'>rent</span> <span class='ocrx_word' id='word_1_143' title='bbox 2135 881 2196 930; x_wconf 91' lang='lat' dir='ltr'>ut</span> <span class='ocrx_word' id='word_1_144' title='bbox 2222 838 2486 945; x_wconf 80' lang='lat' dir='ltr'>principi,</span> <span class='ocrx_word' id='word_1_145' title='bbox 2522 838 2873 928; x_wconf 13' lang='lat' dir='ltr'>ancrillantur</span> <span class='ocrx_word' id='word_1_146' title='bbox 2904 876 2966 926; x_wconf 91' lang='lat' dir='ltr'>ut</span> <span class='ocrx_word' id='word_1_147' title='bbox 3010 870 3245 926; x_wconf 87' lang='lat' dir='ltr'>domino</span> <span class='ocrx_word' id='word_1_148' title='bbox 3276 838 3609 940; x_wconf 51' lang='lat' dir='ltr'>(tim/lude</span> 
     </span>
    </p>
   </div>
   <div class='ocr_carea' id='block_1_24' title="bbox 1965 959 3610 1033">
    <p class='ocr_par' dir='ltr' id='par_1_24' title="bbox 1965 959 3610 1033">
     <span class='ocr_line' id='line_1_24' title="bbox 1965 959 3610 1033; baseline -0.003 -18"><span class='ocrx_word' id='word_1_149' title='bbox 1965 962 2121 1017; x_wconf 89' lang='lat' dir='ltr'>velut</span> <span class='ocrx_word' id='word_1_150' title='bbox 2152 963 2418 1033; x_wconf 63' lang='lat' dir='ltr'>quaedam</span> <span class='ocrx_word' id='word_1_151' title='bbox 2454 962 2708 1031; x_wconf 79' lang='lat' dir='ltr'>procedit</span> <span class='ocrx_word' id='word_1_152' title='bbox 2738 965 2976 1025; x_wconf 76' lang='lat' dir='ltr'>tessera,</span> <span class='ocrx_word' id='word_1_153' title='bbox 3011 976 3187 1031; x_wconf 86' lang='lat' dir='ltr'>quam</span> <span class='ocrx_word' id='word_1_154' title='bbox 3230 959 3475 1012; x_wconf 55' lang='lat' dir='ltr'>debeant</span> <span class='ocrx_word' id='word_1_155' title='bbox 3509 974 3610 1029; x_wconf 86' lang='lat' dir='ltr'>pe-</span> 
     </span>
    </p>
   </div>
   <div class='ocr_carea' id='block_1_25' title="bbox 1965 1048 3611 1119">
    <p class='ocr_par' dir='ltr' id='par_1_25' title="bbox 1965 1048 3611 1119">
     <span class='ocr_line' id='line_1_25' title="bbox 1965 1048 3611 1119; baseline -0.003 -14"><span class='ocrx_word' id='word_1_156' title='bbox 1965 1052 2067 1106; x_wconf 87' lang='lat' dir='ltr'>des</span> <span class='ocrx_word' id='word_1_157' title='bbox 2115 1051 2273 1105; x_wconf 86' lang='lat' dir='ltr'>obire</span> <span class='ocrx_word' id='word_1_158' title='bbox 2326 1051 2642 1117; x_wconf 79' lang='lat' dir='ltr'>regionem,</span> <span class='ocrx_word' id='word_1_159' title='bbox 2704 1066 2830 1119; x_wconf 70' lang='lat' dir='ltr'>quae</span> <span class='ocrx_word' id='word_1_160' title='bbox 2890 1048 3087 1102; x_wconf 72' lang='lat' dir='ltr'>militm</span> <span class='ocrx_word' id='word_1_161' title='bbox 3146 1048 3347 1101; x_wconf 89' lang='lat' dir='ltr'>munia</span> <span class='ocrx_word' id='word_1_162' title='bbox 3402 1064 3611 1101; x_wconf 90' lang='lat' dir='ltr'>manus</span> 
     </span>
    </p>
   </div>
   <div class='ocr_carea' id='block_1_26' title="bbox 1966 1138 3616 1210">
    <p class='ocr_par' dir='ltr' id='par_1_26' title="bbox 1966 1138 3616 1210">
     <span class='ocr_line' id='line_1_26' title="bbox 1966 1138 3616 1210; baseline -0.004 -15"><span class='ocrx_word' id='word_1_163' title='bbox 1966 1140 2447 1196; x_wconf 85' lang='lat' dir='ltr'>consummandis</span> <span class='ocrx_word' id='word_1_164' title='bbox 2479 1138 2752 1210; x_wconf 88' lang='lat' dir='ltr'>operibus</span> <span class='ocrx_word' id='word_1_165' title='bbox 2782 1142 3191 1208; x_wconf 80' lang='lat' dir='ltr'>exsequantur,</span> <span class='ocrx_word' id='word_1_166' title='bbox 3215 1152 3391 1206; x_wconf 86' lang='lat' dir='ltr'>quam</span> <span class='ocrx_word' id='word_1_167' title='bbox 3420 1140 3616 1190; x_wconf 90' lang='lat' dir='ltr'>venter</span> 
     </span>
    </p>
   </div>
   <div class='ocr_carea' id='block_1_27' title="bbox 1966 1224 3616 1296">
    <p class='ocr_par' dir='ltr' id='par_1_27' title="bbox 1966 1224 3616 1296">
     <span class='ocr_line' id='line_1_27' title="bbox 1966 1224 3616 1296; baseline -0.003 -12"><span class='ocrx_word' id='word_1_168' title='bbox 1966 1228 2297 1285; x_wconf 80' lang='lat' dir='ltr'>abstinendi</span> <span class='ocrx_word' id='word_1_169' title='bbox 2331 1227 2415 1282; x_wconf 89' lang='lat' dir='ltr'>vel</span> <span class='ocrx_word' id='word_1_170' title='bbox 2447 1226 2655 1281; x_wconf 67' lang='lat' dir='ltr'>edendi</span> <span class='ocrx_word' id='word_1_171' title='bbox 2691 1227 2939 1281; x_wconf 88' lang='lat' dir='ltr'>t&#39;ormam</span> <span class='ocrx_word' id='word_1_172' title='bbox 2972 1225 3256 1296; x_wconf 70' lang='lat' dir='ltr'>impositae</span> <span class='ocrx_word' id='word_1_173' title='bbox 3288 1229 3480 1279; x_wconf 86' lang='lat' dir='ltr'>teneat</span> <span class='ocrx_word' id='word_1_174' title='bbox 3503 1224 3616 1279; x_wconf 88' lang='lat' dir='ltr'>dis-</span> 
     </span>
    </p>
   </div>
   <div class='ocr_carea' id='block_1_28' title="bbox 1971 1316 2222 1388">
    <p class='ocr_par' dir='ltr' id='par_1_28' title="bbox 1971 1316 2222 1388">
     <span class='ocr_line' id='line_1_28' title="bbox 1971 1316 2222 1388; baseline 0 -16"><span class='ocrx_word' id='word_1_175' title='bbox 1971 1316 2222 1388; x_wconf 64' lang='lat' dir='ltr'>ciplinaa.</span> 
     </span>
    </p>
   </div>
   <div class='ocr_carea' id='block_1_29' title="bbox 2039 1403 3616 1474">
    <p class='ocr_par' dir='ltr' id='par_1_29' title="bbox 2039 1403 3616 1474">
     <span class='ocr_line' id='line_1_29' title="bbox 2039 1403 3616 1474; baseline -0.003 -13"><span class='ocrx_word' id='word_1_176' title='bbox 2039 1408 2129 1461; x_wconf 81' lang='lat'>58.</span> <span class='ocrx_word' id='word_1_177' title='bbox 2165 1406 2309 1460; x_wconf 83' lang='lat' dir='ltr'>Huic</span> <span class='ocrx_word' id='word_1_178' title='bbox 2343 1406 2502 1461; x_wconf 88' lang='lat' dir='ltr'>frons</span> <span class='ocrx_word' id='word_1_179' title='bbox 2536 1405 2736 1470; x_wconf 87' lang='lat' dir='ltr'>libera,</span> <span class='ocrx_word' id='word_1_180' title='bbox 2771 1403 2948 1459; x_wconf 88' lang='lat' dir='ltr'>nudis</span> <span class='ocrx_word' id='word_1_181' title='bbox 2979 1409 3173 1474; x_wconf 51' lang='lat' dir='ltr'>airr‘a</span> <span class='ocrx_word' id='word_1_182' title='bbox 3234 1403 3616 1473; x_wconf 69' lang='lat' dir='ltr'>temporibus,</span> 
     </span>
    </p>
   </div>
   <div class='ocr_carea' id='block_1_30' title="bbox 1971 1489 3616 1585">
    <p class='ocr_par' dir='ltr' id='par_1_30' title="bbox 1971 1489 3616 1585">
     <span class='ocr_line' id='line_1_30' title="bbox 1971 1489 3616 1585; baseline -0.002 -37"><span class='ocrx_word' id='word_1_183' title='bbox 1971 1512 2099 1567; x_wconf 60' lang='lat' dir='ltr'>quae</span> <span class='ocrx_word' id='word_1_184' title='bbox 2130 1495 2344 1549; x_wconf 89' lang='lat' dir='ltr'>mentis</span> <span class='ocrx_word' id='word_1_185' title='bbox 2372 1493 2636 1549; x_wconf 87' lang='lat' dir='ltr'>habitum</span> <span class='ocrx_word' id='word_1_186' title='bbox 2670 1491 2859 1585; x_wconf 79' lang='lat' dir='ltr'>specie</span> <span class='ocrx_word' id='word_1_187' title='bbox 2891 1492 2978 1547; x_wconf 90' lang='lat' dir='ltr'>sui</span> <span class='ocrx_word' id='word_1_188' title='bbox 3012 1493 3249 1562; x_wconf 87' lang='lat' dir='ltr'>prodat:</span> <span class='ocrx_word' id='word_1_189' title='bbox 3283 1507 3438 1546; x_wconf 90' lang='lat' dir='ltr'>nunc</span> <span class='ocrx_word' id='word_1_190' title='bbox 3469 1489 3616 1557; x_wconf 63' lang='lat' dir='ltr'>laata,</span> 
     </span>
    </p>
   </div>
   <div class='ocr_carea' id='block_1_31' title="bbox 1973 1579 3619 1648">
    <p class='ocr_par' dir='ltr' id='par_1_31' title="bbox 1973 1579 3619 1648">
     <span class='ocr_line' id='line_1_31' title="bbox 1973 1579 3619 1648; baseline -0.004 -10"><span class='ocrx_word' id='word_1_191' title='bbox 1973 1601 2127 1638; x_wconf 91' lang='lat' dir='ltr'>nunc</span> <span class='ocrx_word' id='word_1_192' title='bbox 2160 1584 2416 1638; x_wconf 87' lang='lat' dir='ltr'>tristior:</span> <span class='ocrx_word' id='word_1_193' title='bbox 2443 1600 2597 1637; x_wconf 92' lang='lat' dir='ltr'>nunc</span> <span class='ocrx_word' id='word_1_194' title='bbox 2627 1579 2815 1636; x_wconf 75' lang='lat' dir='ltr'>erecta</span> <span class='ocrx_word' id='word_1_195' title='bbox 2846 1582 2915 1635; x_wconf 90' lang='lat' dir='ltr'>ad</span> <span class='ocrx_word' id='word_1_196' title='bbox 2951 1580 3338 1648; x_wconf 78' lang='lat' dir='ltr'>severitatem,</span> <span class='ocrx_word' id='word_1_197' title='bbox 3364 1596 3519 1634; x_wconf 91' lang='lat' dir='ltr'>nunc</span> <span class='ocrx_word' id='word_1_198' title='bbox 3548 1579 3619 1632; x_wconf 90' lang='lat' dir='ltr'>ad</span> 
     </span>
    </p>
   </div>
   <div class='ocr_carea' id='block_1_32' title="bbox 1972 1668 3621 1742">
    <p class='ocr_par' dir='ltr' id='par_1_32' title="bbox 1972 1668 3621 1742">
     <span class='ocr_line' id='line_1_32' title="bbox 1972 1668 3621 1742; baseline -0.002 -16"><span class='ocrx_word' id='word_1_199' title='bbox 1972 1671 2269 1727; x_wconf 86' lang='lat' dir='ltr'>lenitatem</span> <span class='ocrx_word' id='word_1_200' title='bbox 2290 1671 2607 1735; x_wconf 82' lang='lat' dir='ltr'>remissior,</span> <span class='ocrx_word' id='word_1_201' title='bbox 2633 1688 2759 1742; x_wconf 65' lang='lat' dir='ltr'>quae</span> <span class='ocrx_word' id='word_1_202' title='bbox 2784 1670 2966 1741; x_wconf 83' lang='lat' dir='ltr'>signis</span> <span class='ocrx_word' id='word_1_203' title='bbox 2986 1668 3621 1723; x_wconf 83' lang='lat' dir='ltr'>forensibusinternam</span> 
     </span>
    </p>
   </div>
   <div class='ocr_carea' id='block_1_33' title="bbox 1974 1755 3627 1832">
    <p class='ocr_par' dir='ltr' id='par_1_33' title="bbox 1974 1755 3627 1832">
     <span class='ocr_line' id='line_1_33' title="bbox 1974 1755 3627 1832; baseline -0.002 -17"><span class='ocrx_word' id='word_1_204' title='bbox 1974 1760 2259 1832; x_wconf 81' lang='lat' dir='ltr'>exprimat</span> <span class='ocrx_word' id='word_1_205' title='bbox 2275 1760 2649 1814; x_wconf 89' lang='lat' dir='ltr'>voluntatem.</span> <span class='ocrx_word' id='word_1_206' title='bbox 2668 1760 2862 1831; x_wconf 87' lang='lat' dir='ltr'>Imago</span> <span class='ocrx_word' id='word_1_207' title='bbox 2879 1759 3141 1829; x_wconf 81' lang='lat' dir='ltr'>quaedam</span> <span class='ocrx_word' id='word_1_208' title='bbox 3167 1757 3345 1812; x_wconf 89' lang='lat' dir='ltr'>animi</span> <span class='ocrx_word' id='word_1_209' title='bbox 3367 1755 3627 1827; x_wconf 79' lang='lat' dir='ltr'>loquitur</span> 
     </span>
    </p>
   </div>
   <div class='ocr_carea' id='block_1_34' title="bbox 202 1843 3627 1991">
    <p class='ocr_par' dir='ltr' id='par_1_34' title="bbox 202 1843 3627 1991">
     <span class='ocr_line' id='line_1_34' title="bbox 202 1843 3627 1945; baseline -0.003 -37"><span class='ocrx_word' id='word_1_210' title='bbox 202 1854 311 1908; x_wconf 89' lang='lat' dir='ltr'>hoc</span> <span class='ocrx_word' id='word_1_211' title='bbox 342 1856 485 1906; x_wconf 89' lang='lat' dir='ltr'>sunt</span> <span class='ocrx_word' id='word_1_212' title='bbox 508 1849 662 1905; x_wconf 89' lang='lat' dir='ltr'>oculi</span> <span class='ocrx_word' id='word_1_213' title='bbox 695 1849 751 1903; x_wconf 91' lang='lat' dir='ltr'>in</span> <span class='ocrx_word' id='word_1_214' title='bbox 786 1849 1038 1903; x_wconf 87' lang='lat' dir='ltr'>homine.</span> <span class='ocrx_word' id='word_1_215' title='bbox 1072 1847 1166 1903; x_wconf 89' lang='lat' dir='ltr'>Sol</span> <span class='ocrx_word' id='word_1_216' title='bbox 1206 1852 1263 1903; x_wconf 90' lang='lat' dir='ltr'>et</span> <span class='ocrx_word' id='word_1_217' title='bbox 1321 1846 1463 1901; x_wconf 90' lang='lat' dir='ltr'>luna</span> <span class='ocrx_word' id='word_1_218' title='bbox 1490 1846 1605 1900; x_wconf 92' lang='lat' dir='ltr'>duo</span> <span class='ocrx_word' id='word_1_219' title='bbox 1657 1843 1869 1902; x_wconf 84' lang='lat' dir='ltr'>mundi</span> <span class='ocrx_word' id='word_1_220' title='bbox 1904 1882 1952 1945; x_wconf 82' lang='grc' dir='ltr'><strong>Β</strong></span> <span class='ocrx_word' id='word_1_221' title='bbox 1981 1849 2042 1903; x_wconf 91' lang='lat' dir='ltr'>in</span> <span class='ocrx_word' id='word_1_222' title='bbox 2074 1848 2260 1915; x_wconf 91' lang='lat' dir='ltr'>vultu,</span> <span class='ocrx_word' id='word_1_223' title='bbox 2320 1849 2450 1903; x_wconf 80' lang='lat' dir='ltr'>fidei</span> <span class='ocrx_word' id='word_1_224' title='bbox 2486 1848 2642 1902; x_wconf 84' lang='lat' dir='ltr'>basis</span> <span class='ocrx_word' id='word_1_225' title='bbox 2666 1848 2719 1901; x_wconf 92' lang='lat' dir='ltr'>in</span> <span class='ocrx_word' id='word_1_226' title='bbox 2788 1845 3131 1920; x_wconf 90' lang='lat' dir='ltr'>uaquotidie</span> <span class='ocrx_word' id='word_1_227' title='bbox 3157 1845 3382 1900; x_wconf 78' lang='lat' dir='ltr'>Domini</span> <span class='ocrx_word' id='word_1_228' title='bbox 3413 1861 3627 1899; x_wconf 87' lang='lat' dir='ltr'>nomen</span> 
     </span>
     <span class='ocr_line' id='line_1_35' title="bbox 209 1866 3627 1991; baseline -0.001 0"><span class='ocrx_word' id='word_1_229' title='bbox 209 1940 441 1991; x_wconf 86' lang='lat' dir='ltr'>lumina</span> <span class='ocrx_word' id='word_1_230' title='bbox 469 1957 483 1991; x_wconf 89' lang='lat'>:</span> <span class='ocrx_word' id='word_1_231' title='bbox 520 1938 670 1991; x_wconf 88' lang='lat' dir='ltr'>oculi</span> <span class='ocrx_word' id='word_1_232' title='bbox 708 1942 901 1991; x_wconf 89' lang='lat' dir='ltr'>autem</span> <span class='ocrx_word' id='word_1_233' title='bbox 936 1937 1199 1991; x_wconf 67' lang='lat' dir='ltr'>ouazdam</span> <span class='ocrx_word' id='word_1_234' title='bbox 1250 1936 1305 1990; x_wconf 91' lang='lat' dir='ltr'>in</span> <span class='ocrx_word' id='word_1_235' title='bbox 1339 1952 1509 1990; x_wconf 90' lang='lat' dir='ltr'>carne</span> <span class='ocrx_word' id='word_1_236' title='bbox 1539 1933 1730 1989; x_wconf 86' lang='lat' dir='ltr'>sidera</span> <span class='ocrx_word' id='word_1_237' title='bbox 1760 1933 1874 1988; x_wconf 85' lang='lat' dir='ltr'>ful-</span> <span class='ocrx_word' id='word_1_238' title='bbox 1985 1938 2327 1991; x_wconf 88' lang='lat' dir='ltr'>inscribitur</span> <span class='ocrx_word' id='word_1_239' title='bbox 2356 1943 2412 1991; x_wconf 90' lang='lat' dir='ltr'>et</span> <span class='ocrx_word' id='word_1_240' title='bbox 2432 1866 2853 1991; x_wconf 54' lang='lat' dir='ltr'>tenetur.&quot;ﬁ(iim</span> <span class='ocrx_word' id='word_1_241' title='bbox 2886 1934 3131 1991; x_wconf 64' lang='lat' dir='ltr'>geminas</span> <span class='ocrx_word' id='word_1_242' title='bbox 3176 1951 3341 1991; x_wconf 86' lang='lat' dir='ltr'>senes</span> <span class='ocrx_word' id='word_1_243' title='bbox 3370 1933 3627 1991; x_wconf 80' lang='lat' dir='ltr'>sunerci-</span> 
     </span>
    </p>
   </div>
   <div class='ocr_carea' id='block_1_35' title="bbox 209 1933 1874 2009">
    <p class='ocr_par' dir='ltr' id='par_1_35' title="bbox 209 1933 1874 2009">
     <span class='ocr_line' id='line_1_36' title="bbox 209 1933 1874 2009; baseline -0.005 -13"><span class='ocrx_word' id='word_1_244' title='bbox 209 1940 483 2006; x_wconf 85' lang='lat' dir='ltr'>lumina;</span> <span class='ocrx_word' id='word_1_245' title='bbox 520 1938 670 1994; x_wconf 88' lang='lat' dir='ltr'>oculi</span> <span class='ocrx_word' id='word_1_246' title='bbox 708 1942 901 1992; x_wconf 88' lang='lat' dir='ltr'>autem</span> <span class='ocrx_word' id='word_1_247' title='bbox 936 1937 1199 2009; x_wconf 67' lang='lat' dir='ltr'>quazdam</span> <span class='ocrx_word' id='word_1_248' title='bbox 1250 1936 1305 1990; x_wconf 91' lang='lat' dir='ltr'>in</span> <span class='ocrx_word' id='word_1_249' title='bbox 1339 1952 1509 1990; x_wconf 90' lang='lat' dir='ltr'>carne</span> <span class='ocrx_word' id='word_1_250' title='bbox 1539 1933 1730 1989; x_wconf 86' lang='lat' dir='ltr'>sidera</span> <span class='ocrx_word' id='word_1_251' title='bbox 1760 1933 1874 1988; x_wconf 89' lang='lat' dir='ltr'>ful-</span> 
     </span>
    </p>
   </div>
   <div class='ocr_carea' id='block_1_36' title="bbox 207 2022 1875 2101">
    <p class='ocr_par' dir='ltr' id='par_1_36' title="bbox 207 2022 1875 2101">
     <span class='ocr_line' id='line_1_37' title="bbox 207 2022 1875 2101; baseline -0.004 -18"><span class='ocrx_word' id='word_1_252' title='bbox 207 2035 343 2101; x_wconf 90' lang='lat' dir='ltr'>gent</span> <span class='ocrx_word' id='word_1_253' title='bbox 372 2029 649 2099; x_wconf 87' lang='lat' dir='ltr'>desuper,</span> <span class='ocrx_word' id='word_1_254' title='bbox 692 2030 753 2080; x_wconf 79' lang='lat' dir='ltr'>et</span> <span class='ocrx_word' id='word_1_255' title='bbox 780 2026 1057 2081; x_wconf 86' lang='lat' dir='ltr'>inferiora</span> <span class='ocrx_word' id='word_1_256' title='bbox 1090 2025 1244 2081; x_wconf 88' lang='lat' dir='ltr'>claro</span> <span class='ocrx_word' id='word_1_257' title='bbox 1280 2024 1577 2079; x_wconf 83' lang='lat' dir='ltr'>illustrant</span> <span class='ocrx_word' id='word_1_258' title='bbox 1632 2022 1875 2096; x_wconf 69' lang='lat' dir='ltr'>lumine,</span> 
     </span>
    </p>
   </div>
   <div class='ocr_carea' id='block_1_37' title="bbox 216 2109 1881 2190">
    <p class='ocr_par' dir='ltr' id='par_1_37' title="bbox 216 2109 1881 2190">
     <span class='ocr_line' id='line_1_38' title="bbox 216 2109 1881 2190; baseline -0.005 -17"><span class='ocrx_word' id='word_1_259' title='bbox 216 2136 317 2173; x_wconf 90' lang='lat' dir='ltr'>nec</span> <span class='ocrx_word' id='word_1_260' title='bbox 349 2115 862 2190; x_wconf 87' lang='lat' dir='ltr'>patiunturnoctis</span> <span class='ocrx_word' id='word_1_261' title='bbox 886 2115 1241 2186; x_wconf 83' lang='lat' dir='ltr'>quibusdam</span> <span class='ocrx_word' id='word_1_262' title='bbox 1276 2131 1381 2168; x_wconf 90' lang='lat' dir='ltr'>nos</span> <span class='ocrx_word' id='word_1_263' title='bbox 1412 2112 1669 2168; x_wconf 87' lang='lat' dir='ltr'>tenebris</span> <span class='ocrx_word' id='word_1_264' title='bbox 1693 2109 1881 2182; x_wconf 88' lang='lat' dir='ltr'>impli-</span> 
     </span>
    </p>
   </div>
   <div class='ocr_carea' id='block_1_38' title="bbox 206 2201 1878 2277">
    <p class='ocr_par' dir='ltr' id='par_1_38' title="bbox 206 2201 1878 2277">
     <span class='ocr_line' id='line_1_39' title="bbox 206 2201 1878 2277; baseline -0.005 -16"><span class='ocrx_word' id='word_1_265' title='bbox 206 2206 342 2261; x_wconf 89' lang='lat' dir='ltr'>cari.</span> <span class='ocrx_word' id='word_1_266' title='bbox 395 2204 814 2277; x_wconf 87' lang='lat' dir='ltr'>Speculatores</span> <span class='ocrx_word' id='word_1_267' title='bbox 847 2202 1087 2274; x_wconf 88' lang='lat' dir='ltr'>quidam</span> <span class='ocrx_word' id='word_1_268' title='bbox 1121 2203 1300 2258; x_wconf 85' lang='lat' dir='ltr'>nostri</span> <span class='ocrx_word' id='word_1_269' title='bbox 1334 2201 1426 2257; x_wconf 90' lang='lat' dir='ltr'>die</span> <span class='ocrx_word' id='word_1_270' title='bbox 1457 2219 1522 2256; x_wconf 87' lang='lat' dir='ltr'>ac</span> <span class='ocrx_word' id='word_1_271' title='bbox 1580 2206 1748 2256; x_wconf 89' lang='lat' dir='ltr'>nocte</span> <span class='ocrx_word' id='word_1_272' title='bbox 1779 2217 1878 2254; x_wconf 77' lang='lat' dir='ltr'>cx-</span> 
     </span>
    </p>
   </div>
   <div class='ocr_carea' id='block_1_39' title="bbox 208 2290 1882 2363">
    <p class='ocr_par' dir='ltr' id='par_1_39' title="bbox 208 2290 1882 2363">
     <span class='ocr_line' id='line_1_40' title="bbox 208 2290 1882 2363; baseline -0.004 -14"><span class='ocrx_word' id='word_1_273' title='bbox 208 2297 446 2350; x_wconf 87' lang='lat' dir='ltr'>cubant.</span> <span class='ocrx_word' id='word_1_274' title='bbox 483 2294 626 2348; x_wconf 76' lang='lat' dir='ltr'>Nam</span> <span class='ocrx_word' id='word_1_275' title='bbox 681 2310 749 2347; x_wconf 83' lang='lat' dir='ltr'>ex</span> <span class='ocrx_word' id='word_1_276' title='bbox 808 2310 1014 2363; x_wconf 84' lang='lat' dir='ltr'>sopore</span> <span class='ocrx_word' id='word_1_277' title='bbox 1076 2292 1358 2347; x_wconf 87' lang='lat' dir='ltr'>membris</span> <span class='ocrx_word' id='word_1_278' title='bbox 1420 2290 1649 2346; x_wconf 71' lang='lat' dir='ltr'>cmteris</span> <span class='ocrx_word' id='word_1_279' title='bbox 1708 2290 1882 2343; x_wconf 86' lang='lat' dir='ltr'>citius</span> 
     </span>
    </p>
   </div>
   <div class='ocr_carea' id='block_1_40' title="bbox 209 2378 1878 2452">
    <p class='ocr_par' dir='ltr' id='par_1_40' title="bbox 209 2378 1878 2452">
     <span class='ocr_line' id='line_1_41' title="bbox 209 2378 1878 2452; baseline -0.004 -13"><span class='ocrx_word' id='word_1_280' title='bbox 209 2386 561 2447; x_wconf 83' lang='lat' dir='ltr'>excitantur,</span> <span class='ocrx_word' id='word_1_281' title='bbox 622 2388 679 2436; x_wconf 90' lang='lat' dir='ltr'>et</span> <span class='ocrx_word' id='word_1_282' title='bbox 739 2381 1049 2452; x_wconf 82' lang='lat' dir='ltr'>vigilantes</span> <span class='ocrx_word' id='word_1_283' title='bbox 1092 2382 1585 2451; x_wconf 87' lang='lat' dir='ltr'>circumspectant</span> <span class='ocrx_word' id='word_1_284' title='bbox 1644 2378 1878 2445; x_wconf 87' lang='lat' dir='ltr'>omnia;</span> 
     </span>
    </p>
   </div>
   <div class='ocr_carea' id='block_1_41' title="bbox 213 2468 1884 2532">
    <p class='ocr_par' dir='ltr' id='par_1_41' title="bbox 213 2468 1884 2532">
     <span class='ocr_line' id='line_1_42' title="bbox 213 2468 1884 2532; baseline -0.004 -6"><span class='ocrx_word' id='word_1_285' title='bbox 213 2471 526 2526; x_wconf 88' lang='lat' dir='ltr'>viciniores</span> <span class='ocrx_word' id='word_1_286' title='bbox 560 2471 715 2524; x_wconf 89' lang='lat' dir='ltr'>enim</span> <span class='ocrx_word' id='word_1_287' title='bbox 762 2475 901 2523; x_wconf 90' lang='lat' dir='ltr'>sunt</span> <span class='ocrx_word' id='word_1_288' title='bbox 932 2470 1190 2532; x_wconf 87' lang='lat' dir='ltr'>cerebro,</span> <span class='ocrx_word' id='word_1_289' title='bbox 1249 2469 1404 2524; x_wconf 75' lang='lat' dir='ltr'>Unde</span> <span class='ocrx_word' id='word_1_290' title='bbox 1434 2468 1627 2524; x_wconf 90' lang='lat' dir='ltr'>omnis</span> <span class='ocrx_word' id='word_1_291' title='bbox 1682 2471 1884 2521; x_wconf 88' lang='lat' dir='ltr'>manat</span> 
     </span>
    </p>
   </div>
   <div class='ocr_carea' id='block_1_42' title="bbox 212 2557 1878 2629">
    <p class='ocr_par' dir='ltr' id='par_1_42' title="bbox 212 2557 1878 2629">
     <span class='ocr_line' id='line_1_43' title="bbox 212 2557 1878 2629; baseline -0.005 -13"><span class='ocrx_word' id='word_1_292' title='bbox 212 2578 358 2616; x_wconf 89' lang='lat' dir='ltr'>usus</span> <span class='ocrx_word' id='word_1_293' title='bbox 415 2559 676 2614; x_wconf 85' lang='lat' dir='ltr'>videndi.</span> <span class='ocrx_word' id='word_1_294' title='bbox 737 2559 923 2629; x_wconf 76' lang='lat' dir='ltr'>Nique</span> <span class='ocrx_word' id='word_1_295' title='bbox 963 2575 1094 2611; x_wconf 85' lang='lat' dir='ltr'>vero</span> <span class='ocrx_word' id='word_1_296' title='bbox 1156 2574 1516 2629; x_wconf 59' lang='lat' dir='ltr'>praepropere</span> <span class='ocrx_word' id='word_1_297' title='bbox 1566 2557 1878 2628; x_wconf 88' lang='lat' dir='ltr'>quisquam</span> 
     </span>
    </p>
   </div>
   <div class='ocr_carea' id='block_1_43' title="bbox 213 2644 1881 2718">
    <p class='ocr_par' dir='ltr' id='par_1_43' title="bbox 213 2644 1881 2718">
     <span class='ocr_line' id='line_1_44' title="bbox 213 2644 1881 2718; baseline -0.003 -14"><span class='ocrx_word' id='word_1_298' title='bbox 213 2649 326 2704; x_wconf 90' lang='lat' dir='ltr'>huc</span> <span class='ocrx_word' id='word_1_299' title='bbox 372 2648 752 2703; x_wconf 86' lang='lat' dir='ltr'>descendisse</span> <span class='ocrx_word' id='word_1_300' title='bbox 803 2664 894 2701; x_wconf 90' lang='lat' dir='ltr'>me</span> <span class='ocrx_word' id='word_1_301' title='bbox 924 2648 1141 2712; x_wconf 84' lang='lat' dir='ltr'>credat,</span> <span class='ocrx_word' id='word_1_302' title='bbox 1199 2647 1354 2718; x_wconf 91' lang='lat' dir='ltr'>quod</span> <span class='ocrx_word' id='word_1_303' title='bbox 1408 2645 1607 2700; x_wconf 88' lang='lat' dir='ltr'>relicto</span> <span class='ocrx_word' id='word_1_304' title='bbox 1666 2644 1881 2699; x_wconf 89' lang='lat' dir='ltr'>vertice</span> 
     </span>
    </p>
   </div>
   <div class='ocr_carea' id='block_1_44' title="bbox 212 2735 1878 2810">
    <p class='ocr_par' dir='ltr' id='par_1_44' title="bbox 212 2735 1878 2810">
     <span class='ocr_line' id='line_1_45' title="bbox 212 2735 1878 2810; baseline -0.002 -18"><span class='ocrx_word' id='word_1_305' title='bbox 212 2738 415 2793; x_wconf 89' lang='lat' dir='ltr'>oculos</span> <span class='ocrx_word' id='word_1_306' title='bbox 446 2737 782 2810; x_wconf 68' lang='lat' dir='ltr'>prmdiccm,</span> <span class='ocrx_word' id='word_1_307' title='bbox 818 2753 950 2791; x_wconf 89' lang='lat' dir='ltr'>cum</span> <span class='ocrx_word' id='word_1_308' title='bbox 984 2736 1241 2791; x_wconf 88' lang='lat' dir='ltr'>alienum</span> <span class='ocrx_word' id='word_1_309' title='bbox 1276 2753 1389 2790; x_wconf 90' lang='lat' dir='ltr'>non</span> <span class='ocrx_word' id='word_1_310' title='bbox 1450 2735 1526 2791; x_wconf 90' lang='lat' dir='ltr'>sit</span> <span class='ocrx_word' id='word_1_311' title='bbox 1584 2750 1878 2790; x_wconf 91' lang='lat' dir='ltr'>summam</span> 
     </span>
    </p>
   </div>
   <div class='ocr_carea' id='block_1_45' title="bbox 211 2824 1880 2898">
    <p class='ocr_par' dir='ltr' id='par_1_45' title="bbox 211 2824 1880 2898">
     <span class='ocr_line' id='line_1_46' title="bbox 211 2824 1880 2898; baseline -0.004 -17"><span class='ocrx_word' id='word_1_312' title='bbox 211 2844 335 2881; x_wconf 84' lang='lat' dir='ltr'>rem</span> <span class='ocrx_word' id='word_1_313' title='bbox 369 2826 428 2880; x_wconf 92' lang='lat' dir='ltr'>in</span> <span class='ocrx_word' id='word_1_314' title='bbox 467 2829 630 2898; x_wconf 90' lang='lat' dir='ltr'>parte</span> <span class='ocrx_word' id='word_1_315' title='bbox 657 2825 915 2880; x_wconf 86' lang='lat' dir='ltr'>laudare.</span> <span class='ocrx_word' id='word_1_316' title='bbox 946 2824 1157 2879; x_wconf 83' lang='lat' dir='ltr'>Oculos</span> <span class='ocrx_word' id='word_1_317' title='bbox 1186 2825 1343 2879; x_wconf 91' lang='lat' dir='ltr'>enim</span> <span class='ocrx_word' id='word_1_318' title='bbox 1380 2830 1603 2881; x_wconf 88' lang='lat' dir='ltr'>certum</span> <span class='ocrx_word' id='word_1_319' title='bbox 1636 2827 1723 2878; x_wconf 89' lang='lat' dir='ltr'>est</span> <span class='ocrx_word' id='word_1_320' title='bbox 1752 2838 1880 2877; x_wconf 87' lang='lat' dir='ltr'>esse</span> 
     </span>
    </p>
   </div>
   <div class='ocr_carea' id='block_1_46' title="bbox 221 2909 1880 2985">
    <p class='ocr_par' dir='ltr' id='par_1_46' title="bbox 221 2909 1880 2985">
     <span class='ocr_line' id='line_1_47' title="bbox 221 2909 1880 2985; baseline -0.003 -16"><span class='ocrx_word' id='word_1_321' title='bbox 221 2914 434 2985; x_wconf 87' lang='lat' dir='ltr'>capitis</span> <span class='ocrx_word' id='word_1_322' title='bbox 487 2914 836 2985; x_wconf 88' lang='lat' dir='ltr'>portionem.</span> <span class='ocrx_word' id='word_1_323' title='bbox 891 2913 1078 2984; x_wconf 84' lang='lat' dir='ltr'>Caput</span> <span class='ocrx_word' id='word_1_324' title='bbox 1124 2912 1321 2983; x_wconf 79' lang='lat' dir='ltr'>itaque</span> <span class='ocrx_word' id='word_1_325' title='bbox 1379 2912 1563 2968; x_wconf 92' lang='lat' dir='ltr'>oculis</span> <span class='ocrx_word' id='word_1_326' title='bbox 1620 2909 1880 2981; x_wconf 82' lang='lat' dir='ltr'>explorat</span> 
     </span>
    </p>
   </div>
   <div class='ocr_carea' id='block_1_47' title="bbox 216 3000 1877 3073">
    <p class='ocr_par' dir='ltr' id='par_1_47' title="bbox 216 3000 1877 3073">
     <span class='ocr_line' id='line_1_48' title="bbox 216 3000 1877 3073; baseline -0.002 -15"><span class='ocrx_word' id='word_1_327' title='bbox 216 3002 438 3065; x_wconf 87' lang='lat' dir='ltr'>omnia,</span> <span class='ocrx_word' id='word_1_328' title='bbox 473 3002 722 3057; x_wconf 89' lang='lat' dir='ltr'>auribus</span> <span class='ocrx_word' id='word_1_329' title='bbox 749 3000 974 3055; x_wconf 90' lang='lat' dir='ltr'>occulta</span> <span class='ocrx_word' id='word_1_330' title='bbox 1010 3001 1277 3068; x_wconf 86' lang='lat' dir='ltr'>rimatur,</span> <span class='ocrx_word' id='word_1_331' title='bbox 1307 3001 1605 3073; x_wconf 89' lang='lat' dir='ltr'>cognoscit</span> <span class='ocrx_word' id='word_1_332' title='bbox 1635 3001 1877 3055; x_wconf 86' lang='lat' dir='ltr'>abscon-</span> 
     </span>
    </p>
   </div>
   <div class='ocr_carea' id='block_1_48' title="bbox 221 3087 1466 3161">
    <p class='ocr_par' dir='ltr' id='par_1_48' title="bbox 221 3087 1466 3161">
     <span class='ocr_line' id='line_1_49' title="bbox 221 3087 1466 3161; baseline -0.002 -17"><span class='ocrx_word' id='word_1_333' title='bbox 221 3091 362 3156; x_wconf 88' lang='lat' dir='ltr'>dita,</span> <span class='ocrx_word' id='word_1_334' title='bbox 417 3089 582 3144; x_wconf 86' lang='lat' dir='ltr'>audit</span> <span class='ocrx_word' id='word_1_335' title='bbox 608 3089 749 3161; x_wconf 91' lang='lat' dir='ltr'>quid</span> <span class='ocrx_word' id='word_1_336' title='bbox 781 3088 911 3143; x_wconf 90' lang='lat' dir='ltr'>aliis</span> <span class='ocrx_word' id='word_1_337' title='bbox 942 3092 1152 3159; x_wconf 82' lang='lat' dir='ltr'>agatur</span> <span class='ocrx_word' id='word_1_338' title='bbox 1184 3088 1242 3142; x_wconf 87' lang='lat' dir='ltr'>in</span> <span class='ocrx_word' id='word_1_339' title='bbox 1274 3087 1466 3143; x_wconf 89' lang='lat' dir='ltr'>terris.</span> 
     </span>
    </p>
   </div>
   <div class='ocr_carea' id='block_1_49' title="bbox 289 3218 1880 3293">
    <p class='ocr_par' dir='ltr' id='par_1_49' title="bbox 289 3218 1880 3293">
     <span class='ocr_line' id='line_1_50' title="bbox 289 3218 1880 3293; baseline -0.004 -15"><span class='ocrx_word' id='word_1_340' title='bbox 289 3225 377 3279; x_wconf 75' lang='lat'>56.</span> <span class='ocrx_word' id='word_1_341' title='bbox 414 3224 545 3293; x_wconf 86' lang='lat' dir='ltr'>Ipse</span> <span class='ocrx_word' id='word_1_342' title='bbox 574 3227 771 3276; x_wconf 88' lang='lat' dir='ltr'>autem</span> <span class='ocrx_word' id='word_1_343' title='bbox 795 3226 987 3275; x_wconf 84' lang='lat' dir='ltr'>vertex</span> <span class='ocrx_word' id='word_1_344' title='bbox 1014 3220 1223 3292; x_wconf 89' lang='lat' dir='ltr'>capitis</span> <span class='ocrx_word' id='word_1_345' title='bbox 1240 3236 1418 3291; x_wconf 88' lang='lat' dir='ltr'>quam</span> <span class='ocrx_word' id='word_1_346' title='bbox 1452 3218 1647 3274; x_wconf 87' lang='lat' dir='ltr'>suavis</span> <span class='ocrx_word' id='word_1_347' title='bbox 1669 3223 1726 3274; x_wconf 90' lang='lat' dir='ltr'>et</span> <span class='ocrx_word' id='word_1_348' title='bbox 1754 3235 1880 3290; x_wconf 89' lang='lat' dir='ltr'>gra-</span> 
     </span>
    </p>
   </div>
   <div class='ocr_carea' id='block_1_50' title="bbox 220 3309 1877 3382">
    <p class='ocr_par' dir='ltr' id='par_1_50' title="bbox 220 3309 1877 3382">
     <span class='ocr_line' id='line_1_51' title="bbox 220 3309 1877 3382; baseline -0.001 -16"><span class='ocrx_word' id='word_1_349' title='bbox 220 3317 338 3379; x_wconf 84' lang='lat' dir='ltr'>tus,</span> <span class='ocrx_word' id='word_1_350' title='bbox 368 3328 549 3382; x_wconf 88' lang='lat' dir='ltr'>quam</span> <span class='ocrx_word' id='word_1_351' title='bbox 584 3310 848 3381; x_wconf 87' lang='lat' dir='ltr'>speciosa</span> <span class='ocrx_word' id='word_1_352' title='bbox 878 3309 1159 3373; x_wconf 67' lang='lat' dir='ltr'>caesaries,</span> <span class='ocrx_word' id='word_1_353' title='bbox 1188 3325 1367 3380; x_wconf 89' lang='lat' dir='ltr'>quam</span> <span class='ocrx_word' id='word_1_354' title='bbox 1391 3309 1703 3363; x_wconf 87' lang='lat' dir='ltr'>reverenda</span> <span class='ocrx_word' id='word_1_355' title='bbox 1726 3309 1877 3364; x_wconf 71' lang='grc'>186</span> 
     </span>
    </p>
   </div>
   <div class='ocr_carea' id='block_1_51' title="bbox 223 3397 1876 3469">
    <p class='ocr_par' dir='ltr' id='par_1_51' title="bbox 223 3397 1876 3469">
     <span class='ocr_line' id='line_1_52' title="bbox 223 3397 1876 3469; baseline 0 -17"><span class='ocrx_word' id='word_1_356' title='bbox 223 3400 281 3453; x_wconf 90' lang='lat' dir='ltr'>in</span> <span class='ocrx_word' id='word_1_357' title='bbox 312 3400 577 3463; x_wconf 89' lang='lat' dir='ltr'>senibus,</span> <span class='ocrx_word' id='word_1_358' title='bbox 613 3414 791 3469; x_wconf 89' lang='lat' dir='ltr'>quam</span> <span class='ocrx_word' id='word_1_359' title='bbox 816 3398 1148 3453; x_wconf 85' lang='lat' dir='ltr'>veneranda</span> <span class='ocrx_word' id='word_1_360' title='bbox 1173 3398 1228 3451; x_wconf 91' lang='lat' dir='ltr'>in</span> <span class='ocrx_word' id='word_1_361' title='bbox 1252 3397 1673 3461; x_wconf 87' lang='lat' dir='ltr'>sacerdotibus,</span> <span class='ocrx_word' id='word_1_362' title='bbox 1699 3413 1876 3468; x_wconf 89' lang='lat' dir='ltr'>quam</span> 
     </span>
    </p>
   </div>
   <div class='ocr_carea' id='block_1_52' title="bbox 225 3485 1880 3557">
    <p class='ocr_par' dir='ltr' id='par_1_52' title="bbox 225 3485 1880 3557">
     <span class='ocr_line' id='line_1_53' title="bbox 225 3485 1880 3557; baseline -0.001 -16"><span class='ocrx_word' id='word_1_363' title='bbox 225 3487 502 3542; x_wconf 85' lang='lat' dir='ltr'>terribilis</span> <span class='ocrx_word' id='word_1_364' title='bbox 530 3488 587 3540; x_wconf 89' lang='lat' dir='ltr'>in</span> <span class='ocrx_word' id='word_1_365' title='bbox 611 3486 1013 3549; x_wconf 88' lang='lat' dir='ltr'>bellatoribus,</span> <span class='ocrx_word' id='word_1_366' title='bbox 1039 3503 1216 3557; x_wconf 88' lang='lat' dir='ltr'>quam</span> <span class='ocrx_word' id='word_1_367' title='bbox 1237 3487 1448 3541; x_wconf 88' lang='lat' dir='ltr'>decora</span> <span class='ocrx_word' id='word_1_368' title='bbox 1464 3487 1523 3540; x_wconf 88' lang='lat' dir='ltr'>in</span> <span class='ocrx_word' id='word_1_369' title='bbox 1548 3485 1880 3541; x_wconf 88' lang='lat' dir='ltr'>adolescen-</span> 
     </span>
    </p>
   </div>
   <div class='ocr_carea' id='block_1_53' title="bbox 224 3574 1879 3646">
    <p class='ocr_par' dir='ltr' id='par_1_53' title="bbox 224 3574 1879 3646">
     <span class='ocr_line' id='line_1_54' title="bbox 224 3574 1879 3646; baseline -0.001 -17"><span class='ocrx_word' id='word_1_370' title='bbox 224 3576 416 3641; x_wconf 87' lang='lat' dir='ltr'>tibus;</span> <span class='ocrx_word' id='word_1_371' title='bbox 449 3591 630 3646; x_wconf 87' lang='lat' dir='ltr'>quam</span> <span class='ocrx_word' id='word_1_372' title='bbox 659 3574 971 3645; x_wconf 89' lang='lat' dir='ltr'>comptain</span> <span class='ocrx_word' id='word_1_373' title='bbox 999 3574 1365 3641; x_wconf 90' lang='lat' dir='ltr'>mulieribus,</span> <span class='ocrx_word' id='word_1_374' title='bbox 1395 3590 1572 3646; x_wconf 87' lang='lat' dir='ltr'>quam</span> <span class='ocrx_word' id='word_1_375' title='bbox 1607 3574 1798 3629; x_wconf 85' lang='lat' dir='ltr'>dulcis</span> <span class='ocrx_word' id='word_1_376' title='bbox 1820 3574 1879 3627; x_wconf 90' lang='lat' dir='ltr'>in</span> 
     </span>
    </p>
   </div>
   <div class='ocr_carea' id='block_1_54' title="bbox 224 3656 1881 3735">
    <p class='ocr_par' dir='ltr' id='par_1_54' title="bbox 224 3656 1881 3735">
     <span class='ocr_line' id='line_1_55' title="bbox 224 3656 1881 3735; baseline -0.001 -17"><span class='ocrx_word' id='word_1_377' title='bbox 224 3664 419 3735; x_wconf 89' lang='lat' dir='ltr'>pueris</span> <span class='ocrx_word' id='word_1_378' title='bbox 434 3664 461 3718; x_wconf 82' lang='lat'><strong>?</strong></span> <span class='ocrx_word' id='word_1_379' title='bbox 481 3664 679 3719; x_wconf 81' lang='lat' dir='ltr'>Alium</span> <span class='ocrx_word' id='word_1_380' title='bbox 698 3679 900 3719; x_wconf 80' lang='lat' dir='ltr'>sexum</span> <span class='ocrx_word' id='word_1_381' title='bbox 924 3663 1133 3718; x_wconf 90' lang='lat' dir='ltr'>crinita</span> <span class='ocrx_word' id='word_1_382' title='bbox 1154 3681 1271 3718; x_wconf 92' lang='lat' dir='ltr'>non</span> <span class='ocrx_word' id='word_1_383' title='bbox 1292 3664 1477 3729; x_wconf 88' lang='lat' dir='ltr'>decet,</span> <span class='ocrx_word' id='word_1_384' title='bbox 1502 3656 1684 3718; x_wconf 90' lang='lat' dir='ltr'>alium</span> <span class='ocrx_word' id='word_1_385' title='bbox 1707 3668 1881 3718; x_wconf 82' lang='lat' dir='ltr'>tonsa</span> 
     </span>
    </p>
   </div>
   <div class='ocr_carea' id='block_1_55' title="bbox 222 3751 1885 3824">
    <p class='ocr_par' dir='ltr' id='par_1_55' title="bbox 222 3751 1885 3824">
     <span class='ocr_line' id='line_1_56' title="bbox 222 3751 1885 3824; baseline 0 -19"><span class='ocrx_word' id='word_1_386' title='bbox 222 3768 336 3806; x_wconf 89' lang='lat' dir='ltr'>non</span> <span class='ocrx_word' id='word_1_387' title='bbox 372 3753 558 3807; x_wconf 85' lang='lat' dir='ltr'>decet.</span> <span class='ocrx_word' id='word_1_388' title='bbox 595 3752 677 3806; x_wconf 78' lang='lat' dir='ltr'><strong>Ex</strong></span> <span class='ocrx_word' id='word_1_389' title='bbox 698 3752 1007 3806; x_wconf 87' lang='lat' dir='ltr'>arboribus</span> <span class='ocrx_word' id='word_1_390' title='bbox 1036 3752 1169 3807; x_wconf 91' lang='lat' dir='ltr'>licet</span> <span class='ocrx_word' id='word_1_391' title='bbox 1185 3769 1312 3823; x_wconf 71' lang='lat' dir='ltr'>qua:</span> <span class='ocrx_word' id='word_1_392' title='bbox 1342 3751 1586 3806; x_wconf 89' lang='lat' dir='ltr'>humani</span> <span class='ocrx_word' id='word_1_393' title='bbox 1606 3751 1681 3806; x_wconf 90' lang='lat' dir='ltr'>sit</span> <span class='ocrx_word' id='word_1_394' title='bbox 1698 3751 1885 3824; x_wconf 90' lang='lat' dir='ltr'>gratia</span> 
     </span>
    </p>
   </div>
   <div class='ocr_carea' id='block_1_56' title="bbox 222 3839 1884 3912">
    <p class='ocr_par' dir='ltr' id='par_1_56' title="bbox 222 3839 1884 3912">
     <span class='ocr_line' id='line_1_57' title="bbox 222 3839 1884 3912; baseline 0 -18"><span class='ocrx_word' id='word_1_395' title='bbox 222 3839 452 3911; x_wconf 86' lang='lat' dir='ltr'>capitis,</span> <span class='ocrx_word' id='word_1_396' title='bbox 484 3839 799 3895; x_wconf 66' lang='lat' dir='ltr'>aestimare.</span> <span class='ocrx_word' id='word_1_397' title='bbox 837 3845 898 3894; x_wconf 86' lang='lat' dir='ltr'>In</span> <span class='ocrx_word' id='word_1_398' title='bbox 929 3840 1118 3912; x_wconf 88' lang='lat' dir='ltr'>capite</span> <span class='ocrx_word' id='word_1_399' title='bbox 1160 3841 1387 3896; x_wconf 88' lang='lat' dir='ltr'>arboris</span> <span class='ocrx_word' id='word_1_400' title='bbox 1417 3841 1613 3895; x_wconf 90' lang='lat' dir='ltr'>omnis</span> <span class='ocrx_word' id='word_1_401' title='bbox 1643 3846 1732 3895; x_wconf 89' lang='lat' dir='ltr'>est</span> <span class='ocrx_word' id='word_1_402' title='bbox 1760 3840 1884 3895; x_wconf 83' lang='lat' dir='ltr'>fru-</span> 
     </span>
    </p>
   </div>
   <div class='ocr_carea' id='block_1_57' title="bbox 222 3928 1888 4000">
    <p class='ocr_par' dir='ltr' id='par_1_57' title="bbox 222 3928 1888 4000">
     <span class='ocr_line' id='line_1_58' title="bbox 222 3928 1888 4000; baseline 0.001 -18"><span class='ocrx_word' id='word_1_403' title='bbox 222 3937 376 3992; x_wconf 84' lang='lat' dir='ltr'>ctus,</span> <span class='ocrx_word' id='word_1_404' title='bbox 410 3928 491 3983; x_wconf 90' lang='lat' dir='ltr'>ibi</span> <span class='ocrx_word' id='word_1_405' title='bbox 525 3930 720 3983; x_wconf 89' lang='lat' dir='ltr'>omnis</span> <span class='ocrx_word' id='word_1_406' title='bbox 740 3933 830 3983; x_wconf 91' lang='lat' dir='ltr'>est</span> <span class='ocrx_word' id='word_1_407' title='bbox 854 3929 1243 4000; x_wconf 86' lang='lat' dir='ltr'>pulchritudo,</span> <span class='ocrx_word' id='word_1_408' title='bbox 1274 3928 1436 3984; x_wconf 89' lang='lat' dir='ltr'>illius</span> <span class='ocrx_word' id='word_1_409' title='bbox 1460 3945 1630 3984; x_wconf 90' lang='lat' dir='ltr'>coma</span> <span class='ocrx_word' id='word_1_410' title='bbox 1656 3945 1763 3985; x_wconf 89' lang='lat' dir='ltr'>nos</span> <span class='ocrx_word' id='word_1_411' title='bbox 1784 3934 1888 3984; x_wconf 88' lang='lat' dir='ltr'>aut</span> 
     </span>
    </p>
   </div>
   <div class='ocr_carea' id='block_1_58' title="bbox 225 4015 1888 4095">
    <p class='ocr_par' dir='ltr' id='par_1_58' title="bbox 225 4015 1888 4095">
     <span class='ocr_line' id='line_1_59' title="bbox 225 4015 1888 4095; baseline 0.001 -24"><span class='ocrx_word' id='word_1_412' title='bbox 225 4034 259 4071; x_wconf 88' lang='lat' dir='ltr'>a</span> <span class='ocrx_word' id='word_1_413' title='bbox 286 4017 503 4088; x_wconf 83' lang='lat' dir='ltr'>pluviis</span> <span class='ocrx_word' id='word_1_414' title='bbox 539 4015 701 4087; x_wconf 85' lang='lat' dir='ltr'>tegit,</span> <span class='ocrx_word' id='word_1_415' title='bbox 735 4022 838 4095; x_wconf 75' lang='lat' dir='ltr'>aut</span> <span class='ocrx_word' id='word_1_416' title='bbox 869 4018 1130 4072; x_wconf 84' lang='lat' dir='ltr'>defendit</span> <span class='ocrx_word' id='word_1_417' title='bbox 1189 4034 1224 4072; x_wconf 86' lang='lat' dir='ltr'>a</span> <span class='ocrx_word' id='word_1_418' title='bbox 1281 4016 1422 4073; x_wconf 87' lang='lat' dir='ltr'>sole.</span> <span class='ocrx_word' id='word_1_419' title='bbox 1475 4017 1637 4072; x_wconf 92' lang='lat' dir='ltr'>Tolle</span> <span class='ocrx_word' id='word_1_420' title='bbox 1693 4018 1888 4072; x_wconf 87' lang='lat' dir='ltr'>arbori</span> 
     </span>
    </p>
   </div>
   <div class='ocr_carea' id='block_1_59' title="bbox 225 4106 1890 4178">
    <p class='ocr_par' dir='ltr' id='par_1_59' title="bbox 225 4106 1890 4178">
     <span class='ocr_line' id='line_1_60' title="bbox 225 4106 1890 4178; baseline 0 -19"><span class='ocrx_word' id='word_1_421' title='bbox 225 4110 622 4172; x_wconf 86' lang='lat' dir='ltr'>comam,tota</span> <span class='ocrx_word' id='word_1_422' title='bbox 651 4106 825 4160; x_wconf 90' lang='lat' dir='ltr'>arbor</span> <span class='ocrx_word' id='word_1_423' title='bbox 856 4106 1085 4177; x_wconf 87' lang='lat' dir='ltr'>ingrata</span> <span class='ocrx_word' id='word_1_424' title='bbox 1114 4110 1221 4161; x_wconf 88' lang='lat' dir='ltr'>est.</span> <span class='ocrx_word' id='word_1_425' title='bbox 1244 4108 1472 4170; x_wconf 87' lang='lat' dir='ltr'>Quanto</span> <span class='ocrx_word' id='word_1_426' title='bbox 1498 4106 1679 4178; x_wconf 86' lang='lat' dir='ltr'>igitur</span> <span class='ocrx_word' id='word_1_427' title='bbox 1701 4107 1890 4176; x_wconf 87' lang='lat' dir='ltr'>major</span> 
     </span>
    </p>
   </div>
   <div class='ocr_carea' id='block_1_60' title="bbox 229 4193 1889 4266">
    <p class='ocr_par' dir='ltr' id='par_1_60' title="bbox 229 4193 1889 4266">
     <span class='ocr_line' id='line_1_61' title="bbox 229 4193 1889 4266; baseline 0.001 -19"><span class='ocrx_word' id='word_1_428' title='bbox 229 4193 470 4249; x_wconf 90' lang='lat' dir='ltr'>humani</span> <span class='ocrx_word' id='word_1_429' title='bbox 504 4194 715 4265; x_wconf 85' lang='lat' dir='ltr'>capitis</span> <span class='ocrx_word' id='word_1_430' title='bbox 746 4200 989 4249; x_wconf 88' lang='lat' dir='ltr'>ornatus</span> <span class='ocrx_word' id='word_1_431' title='bbox 1020 4200 1127 4261; x_wconf 90' lang='lat' dir='ltr'>est,</span> <span class='ocrx_word' id='word_1_432' title='bbox 1158 4196 1258 4266; x_wconf 91' lang='lat' dir='ltr'>qui</span> <span class='ocrx_word' id='word_1_433' title='bbox 1286 4196 1589 4250; x_wconf 87' lang='lat' dir='ltr'>cerebrum</span> <span class='ocrx_word' id='word_1_434' title='bbox 1621 4199 1889 4250; x_wconf 88' lang='lat' dir='ltr'>nostrum</span> 
     </span>
    </p>
   </div>
   <div class='ocr_carea' id='block_1_61' title="bbox 228 4282 1889 4356">
    <p class='ocr_par' dir='ltr' id='par_1_61' title="bbox 228 4282 1889 4356">
     <span class='ocr_line' id='line_1_62' title="bbox 228 4282 1889 4356; baseline 0.001 -19"><span class='ocrx_word' id='word_1_435' title='bbox 228 4282 331 4338; x_wconf 90' lang='lat' dir='ltr'>hoc</span> <span class='ocrx_word' id='word_1_436' title='bbox 361 4290 471 4349; x_wconf 88' lang='lat' dir='ltr'>est,</span> <span class='ocrx_word' id='word_1_437' title='bbox 506 4284 706 4338; x_wconf 89' lang='lat' dir='ltr'>sedem</span> <span class='ocrx_word' id='word_1_438' title='bbox 740 4284 1156 4356; x_wconf 89' lang='lat' dir='ltr'>originemque</span> <span class='ocrx_word' id='word_1_439' title='bbox 1212 4288 1547 4340; x_wconf 89' lang='lat' dir='ltr'>nostrorum</span> <span class='ocrx_word' id='word_1_440' title='bbox 1606 4300 1889 4339; x_wconf 89' lang='lat' dir='ltr'>sensuum</span> 
     </span>
    </p>
   </div>
   <div class='ocr_carea' id='block_1_62' title="bbox 229 4372 1890 4445">
    <p class='ocr_par' dir='ltr' id='par_1_62' title="bbox 229 4372 1890 4445">
     <span class='ocr_line' id='line_1_63' title="bbox 229 4372 1890 4445; baseline 0.002 -21"><span class='ocrx_word' id='word_1_441' title='bbox 229 4372 452 4442; x_wconf 85' lang='lat' dir='ltr'>capillis</span> <span class='ocrx_word' id='word_1_442' title='bbox 483 4372 695 4443; x_wconf 87' lang='lat' dir='ltr'>capitis</span> <span class='ocrx_word' id='word_1_443' title='bbox 726 4372 920 4427; x_wconf 91' lang='lat' dir='ltr'>munit</span> <span class='ocrx_word' id='word_1_444' title='bbox 952 4378 1010 4427; x_wconf 89' lang='lat' dir='ltr'>et</span> <span class='ocrx_word' id='word_1_445' title='bbox 1045 4373 1258 4440; x_wconf 87' lang='lat' dir='ltr'>vestit;</span> <span class='ocrx_word' id='word_1_446' title='bbox 1291 4389 1362 4428; x_wconf 90' lang='lat' dir='ltr'>ne</span> <span class='ocrx_word' id='word_1_447' title='bbox 1392 4377 1496 4428; x_wconf 88' lang='lat' dir='ltr'>aut</span> <span class='ocrx_word' id='word_1_448' title='bbox 1525 4373 1737 4445; x_wconf 77' lang='lat' dir='ltr'>frigore</span> <span class='ocrx_word' id='word_1_449' title='bbox 1794 4389 1890 4427; x_wconf 90' lang='lat' dir='ltr'>ve-</span> 
     </span>
    </p>
   </div>
   <div class='ocr_carea' id='block_1_63' title="bbox 226 4460 1888 4527">
    <p class='ocr_par' dir='ltr' id='par_1_63' title="bbox 226 4460 1888 4527">
     <span class='ocr_line' id='line_1_64' title="bbox 226 4460 1888 4527; baseline 0.002 -15"><span class='ocrx_word' id='word_1_450' title='bbox 226 4466 390 4514; x_wconf 79' lang='lat' dir='ltr'>xetur</span> <span class='ocrx_word' id='word_1_451' title='bbox 418 4464 524 4515; x_wconf 90' lang='lat' dir='ltr'>aut</span> <span class='ocrx_word' id='word_1_452' title='bbox 543 4461 734 4515; x_wconf 73' lang='lat' dir='ltr'>zestu?</span> <span class='ocrx_word' id='word_1_453' title='bbox 764 4460 885 4515; x_wconf 89' lang='lat' dir='ltr'>Illic</span> <span class='ocrx_word' id='word_1_454' title='bbox 933 4461 1090 4516; x_wconf 89' lang='lat' dir='ltr'>enim</span> <span class='ocrx_word' id='word_1_455' title='bbox 1123 4462 1253 4516; x_wconf 89' lang='lat' dir='ltr'>fons</span> <span class='ocrx_word' id='word_1_456' title='bbox 1282 4461 1700 4517; x_wconf 90' lang='lat' dir='ltr'>universorum</span> <span class='ocrx_word' id='word_1_457' title='bbox 1760 4466 1888 4527; x_wconf 88' lang='lat' dir='ltr'>est;</span> 
     </span>
    </p>
   </div>
   <div class='ocr_carea' id='block_1_64' title="bbox 229 4548 1776 4621">
    <p class='ocr_par' dir='ltr' id='par_1_64' title="bbox 229 4548 1776 4621">
     <span class='ocr_line' id='line_1_65' title="bbox 229 4548 1776 4621; baseline 0.002 -21"><span class='ocrx_word' id='word_1_458' title='bbox 229 4552 280 4601; x_wconf 88' lang='lat' dir='ltr'>et</span> <span class='ocrx_word' id='word_1_459' title='bbox 308 4548 438 4603; x_wconf 89' lang='lat' dir='ltr'>ideo</span> <span class='ocrx_word' id='word_1_460' title='bbox 473 4548 572 4602; x_wconf 90' lang='lat' dir='ltr'>ubi</span> <span class='ocrx_word' id='word_1_461' title='bbox 616 4548 833 4619; x_wconf 86' lang='lat' dir='ltr'>injuria</span> <span class='ocrx_word' id='word_1_462' title='bbox 864 4553 1050 4616; x_wconf 90' lang='lat' dir='ltr'>nocet,</span> <span class='ocrx_word' id='word_1_463' title='bbox 1085 4548 1166 4604; x_wconf 91' lang='lat' dir='ltr'>ibi</span> <span class='ocrx_word' id='word_1_464' title='bbox 1192 4550 1381 4621; x_wconf 87' lang='lat' dir='ltr'>gratia</span> <span class='ocrx_word' id='word_1_465' title='bbox 1412 4550 1776 4621; x_wconf 60' lang='lat' dir='ltr'>praeminet.</span> 
     </span>
    </p>
   </div>
   <div class='ocr_carea' id='block_1_65' title="bbox 293 4679 1884 4753">
    <p class='ocr_par' dir='ltr' id='par_1_65' title="bbox 293 4679 1884 4753">
     <span class='ocr_line' id='line_1_66' title="bbox 293 4679 1884 4753; baseline 0.003 -19"><span class='ocrx_word' id='word_1_466' title='bbox 293 4681 384 4734; x_wconf 84' lang='lat'>57.</span> <span class='ocrx_word' id='word_1_467' title='bbox 419 4679 568 4743; x_wconf 89' lang='lat' dir='ltr'>Quid</span> <span class='ocrx_word' id='word_1_468' title='bbox 603 4681 729 4735; x_wconf 90' lang='lat' dir='ltr'>sine</span> <span class='ocrx_word' id='word_1_469' title='bbox 753 4681 941 4753; x_wconf 91' lang='lat' dir='ltr'>capite</span> <span class='ocrx_word' id='word_1_470' title='bbox 973 4686 1062 4737; x_wconf 89' lang='lat' dir='ltr'>est</span> <span class='ocrx_word' id='word_1_471' title='bbox 1090 4681 1288 4748; x_wconf 90' lang='lat' dir='ltr'>homo,</span> <span class='ocrx_word' id='word_1_472' title='bbox 1322 4699 1456 4737; x_wconf 92' lang='lat' dir='ltr'>cum</span> <span class='ocrx_word' id='word_1_473' title='bbox 1489 4687 1645 4739; x_wconf 88' lang='lat' dir='ltr'>totus</span> <span class='ocrx_word' id='word_1_474' title='bbox 1675 4682 1735 4739; x_wconf 90' lang='lat' dir='ltr'>in</span> <span class='ocrx_word' id='word_1_475' title='bbox 1793 4700 1884 4739; x_wconf 89' lang='lat' dir='ltr'>ca-</span> 
     </span>
    </p>
   </div>
   <div class='ocr_carea' id='block_1_66' title="bbox 233 4768 1883 4842">
    <p class='ocr_par' dir='ltr' id='par_1_66' title="bbox 233 4768 1883 4842">
     <span class='ocr_line' id='line_1_67' title="bbox 233 4768 1883 4842; baseline 0.004 -21"><span class='ocrx_word' id='word_1_476' title='bbox 233 4768 347 4838; x_wconf 89' lang='lat' dir='ltr'>pite</span> <span class='ocrx_word' id='word_1_477' title='bbox 379 4768 502 4823; x_wconf 87' lang='lat' dir='ltr'>sit?</span> <span class='ocrx_word' id='word_1_478' title='bbox 522 4768 668 4825; x_wconf 90' lang='lat' dir='ltr'>Cum</span> <span class='ocrx_word' id='word_1_479' title='bbox 700 4775 878 4842; x_wconf 89' lang='lat' dir='ltr'>caput</span> <span class='ocrx_word' id='word_1_480' title='bbox 909 4770 1143 4837; x_wconf 90' lang='lat' dir='ltr'>videris,</span> <span class='ocrx_word' id='word_1_481' title='bbox 1178 4770 1475 4826; x_wconf 89' lang='lat' dir='ltr'>hominem</span> <span class='ocrx_word' id='word_1_482' title='bbox 1497 4772 1769 4841; x_wconf 81' lang='lat' dir='ltr'>agnoscis</span> <span class='ocrx_word' id='word_1_483' title='bbox 1794 4789 1807 4828; x_wconf 88' lang='lat'><strong>:</strong></span> <span class='ocrx_word' id='word_1_484' title='bbox 1833 4773 1883 4828; x_wconf 88' lang='lat' dir='ltr'>si</span> 
     </span>
    </p>
   </div>
   <div class='ocr_carea' id='block_1_67' title="bbox 229 4856 1884 4931">
    <p class='ocr_par' dir='ltr' id='par_1_67' title="bbox 229 4856 1884 4931">
     <span class='ocr_line' id='line_1_68' title="bbox 229 4856 1884 4931; baseline 0.005 -23"><span class='ocrx_word' id='word_1_485' title='bbox 229 4861 397 4927; x_wconf 85' lang='lat' dir='ltr'>caput</span> <span class='ocrx_word' id='word_1_486' title='bbox 423 4856 598 4923; x_wconf 90' lang='lat' dir='ltr'>desit,</span> <span class='ocrx_word' id='word_1_487' title='bbox 636 4856 796 4912; x_wconf 84' lang='lat' dir='ltr'>nulla</span> <span class='ocrx_word' id='word_1_488' title='bbox 815 4859 1035 4931; x_wconf 90' lang='lat' dir='ltr'>agnitio</span> <span class='ocrx_word' id='word_1_489' title='bbox 1062 4875 1190 4914; x_wconf 88' lang='lat' dir='ltr'>esse</span> <span class='ocrx_word' id='word_1_490' title='bbox 1221 4860 1613 4931; x_wconf 82' lang='lat' dir='ltr'>potest:jacet</span> <span class='ocrx_word' id='word_1_491' title='bbox 1637 4864 1884 4916; x_wconf 90' lang='lat' dir='ltr'>truncus</span> 
     </span>
    </p>
   </div>
   <div class='ocr_carea' id='block_1_68' title="bbox 236 4943 1886 5015">
    <p class='ocr_par' dir='ltr' id='par_1_68' title="bbox 236 4943 1886 5015">
     <span class='ocr_line' id='line_1_69' title="bbox 236 4943 1886 5015; baseline 0.006 -20"><span class='ocrx_word' id='word_1_492' title='bbox 236 4943 530 5014; x_wconf 88' lang='lat' dir='ltr'>ignobilis,</span> <span class='ocrx_word' id='word_1_493' title='bbox 560 4947 687 5000; x_wconf 89' lang='lat' dir='ltr'>sine</span> <span class='ocrx_word' id='word_1_494' title='bbox 718 4945 955 5015; x_wconf 85' lang='lat' dir='ltr'>honore,</span> <span class='ocrx_word' id='word_1_495' title='bbox 992 4948 1118 5004; x_wconf 90' lang='lat' dir='ltr'>sine</span> <span class='ocrx_word' id='word_1_496' title='bbox 1150 4947 1406 5003; x_wconf 90' lang='lat' dir='ltr'>nomine.</span> <span class='ocrx_word' id='word_1_497' title='bbox 1441 4948 1574 5003; x_wconf 87' lang='lat' dir='ltr'>Sola</span> <span class='ocrx_word' id='word_1_498' title='bbox 1604 4966 1713 5005; x_wconf 68' lang='lat' dir='ltr'>aere</span> <span class='ocrx_word' id='word_1_499' title='bbox 1755 4950 1886 5005; x_wconf 91' lang='lat' dir='ltr'>fusa</span> 
     </span>
    </p>
   </div>
   <div class='ocr_carea' id='block_1_69' title="bbox 237 5034 1886 5106">
    <p class='ocr_par' dir='ltr' id='par_1_69' title="bbox 237 5034 1886 5106">
     <span class='ocr_line' id='line_1_70' title="bbox 237 5034 1886 5106; baseline 0.006 -21"><span class='ocrx_word' id='word_1_500' title='bbox 237 5034 566 5106; x_wconf 88' lang='lat' dir='ltr'>principum</span> <span class='ocrx_word' id='word_1_501' title='bbox 613 5034 827 5105; x_wconf 89' lang='lat' dir='ltr'>capita,</span> <span class='ocrx_word' id='word_1_502' title='bbox 868 5040 923 5090; x_wconf 92' lang='lat' dir='ltr'>et</span> <span class='ocrx_word' id='word_1_503' title='bbox 954 5035 1113 5091; x_wconf 90' lang='lat' dir='ltr'>ducti</span> <span class='ocrx_word' id='word_1_504' title='bbox 1167 5035 1364 5092; x_wconf 88' lang='lat' dir='ltr'>vultus</span> <span class='ocrx_word' id='word_1_505' title='bbox 1411 5036 1481 5091; x_wconf 90' lang='lat' dir='ltr'>de</span> <span class='ocrx_word' id='word_1_506' title='bbox 1512 5053 1621 5092; x_wconf 75' lang='lat' dir='ltr'>aere</span> <span class='ocrx_word' id='word_1_507' title='bbox 1671 5037 1757 5093; x_wconf 89' lang='lat' dir='ltr'>vel</span> <span class='ocrx_word' id='word_1_508' title='bbox 1817 5039 1886 5095; x_wconf 88' lang='lat' dir='ltr'>de</span> 
     </span>
    </p>
   </div>
   <div class='ocr_carea' id='block_1_70' title="bbox 240 5121 1887 5197">
    <p class='ocr_par' dir='ltr' id='par_1_70' title="bbox 240 5121 1887 5197">
     <span class='ocr_line' id='line_1_71' title="bbox 240 5121 1887 5197; baseline 0.007 -26"><span class='ocrx_word' id='word_1_509' title='bbox 240 5134 522 5176; x_wconf 86' lang='lat' dir='ltr'>marmore</span> <span class='ocrx_word' id='word_1_510' title='bbox 554 5122 628 5175; x_wconf 87' lang='lat' dir='ltr'>ab</span> <span class='ocrx_word' id='word_1_511' title='bbox 659 5121 1002 5181; x_wconf 87' lang='lat' dir='ltr'>hominibus</span> <span class='ocrx_word' id='word_1_512' title='bbox 1034 5125 1351 5180; x_wconf 91' lang='lat' dir='ltr'>adorantur</span> <span class='ocrx_word' id='word_1_513' title='bbox 1380 5125 1512 5197; x_wconf 85' lang='lat'>(93).</span> <span class='ocrx_word' id='word_1_514' title='bbox 1538 5126 1662 5181; x_wconf 83' lang='lat' dir='ltr'>Non</span> <span class='ocrx_word' id='word_1_515' title='bbox 1687 5126 1887 5183; x_wconf 88' lang='lat' dir='ltr'>imme-</span> 
     </span>
    </p>
   </div>
   <div class='ocr_carea' id='block_1_71' title="bbox 240 5206 1885 5283">
    <p class='ocr_par' dir='ltr' id='par_1_71' title="bbox 240 5206 1885 5283">
     <span class='ocr_line' id='line_1_72' title="bbox 240 5206 1885 5283; baseline 0.007 -24"><span class='ocrx_word' id='word_1_516' title='bbox 240 5206 342 5262; x_wconf 88' lang='lat' dir='ltr'>rito</span> <span class='ocrx_word' id='word_1_517' title='bbox 374 5209 555 5282; x_wconf 85' lang='lat' dir='ltr'>igitur</span> <span class='ocrx_word' id='word_1_518' title='bbox 584 5210 721 5266; x_wconf 90' lang='lat' dir='ltr'>huic</span> <span class='ocrx_word' id='word_1_519' title='bbox 752 5212 921 5283; x_wconf 86' lang='lat' dir='ltr'>quasi</span> <span class='ocrx_word' id='word_1_520' title='bbox 955 5212 1270 5268; x_wconf 84' lang='lat' dir='ltr'>consultori</span> <span class='ocrx_word' id='word_1_521' title='bbox 1305 5231 1411 5269; x_wconf 88' lang='lat' dir='ltr'>suo</span> <span class='ocrx_word' id='word_1_522' title='bbox 1455 5219 1659 5269; x_wconf 71' lang='lat' dir='ltr'>caztera</span> <span class='ocrx_word' id='word_1_523' title='bbox 1702 5233 1885 5271; x_wconf 88' lang='lat' dir='ltr'>mem-</span> 
     </span>
    </p>
   </div>
   <div class='ocr_carea' id='block_1_72' title="bbox 240 5294 1884 5376">
    <p class='ocr_par' dir='ltr' id='par_1_72' title="bbox 240 5294 1884 5376">
     <span class='ocr_line' id='line_1_73' title="bbox 240 5294 1884 5376; baseline 0.007 -28"><span class='ocrx_word' id='word_1_524' title='bbox 240 5294 335 5349; x_wconf 83' lang='lat' dir='ltr'>bra</span> <span class='ocrx_word' id='word_1_525' title='bbox 365 5298 748 5366; x_wconf 84' lang='lat' dir='ltr'>famulantur,</span> <span class='ocrx_word' id='word_1_526' title='bbox 778 5308 835 5356; x_wconf 90' lang='lat' dir='ltr'>et</span> <span class='ocrx_word' id='word_1_527' title='bbox 854 5301 1271 5357; x_wconf 87' lang='lat' dir='ltr'>circumferunt</span> <span class='ocrx_word' id='word_1_528' title='bbox 1296 5302 1440 5357; x_wconf 90' lang='lat' dir='ltr'>illud</span> <span class='ocrx_word' id='word_1_529' title='bbox 1482 5303 1670 5358; x_wconf 88' lang='lat' dir='ltr'>servili</span> <span class='ocrx_word' id='word_1_530' title='bbox 1693 5311 1884 5376; x_wconf 88' lang='lat' dir='ltr'>gesta-</span> 
     </span>
    </p>
   </div>
   <div class='ocr_carea' id='block_1_73' title="bbox 240 5384 1883 5461">
    <p class='ocr_par' dir='ltr' id='par_1_73' title="bbox 240 5384 1883 5461">
     <span class='ocr_line' id='line_1_74' title="bbox 240 5384 1883 5461; baseline 0.007 -24"><span class='ocrx_word' id='word_1_531' title='bbox 240 5384 387 5439; x_wconf 87' lang='lat' dir='ltr'>mine</span> <span class='ocrx_word' id='word_1_532' title='bbox 408 5386 563 5441; x_wconf 90' lang='lat' dir='ltr'>sicut</span> <span class='ocrx_word' id='word_1_533' title='bbox 589 5395 1011 5461; x_wconf 88' lang='lat' dir='ltr'>numen,atque</span> <span class='ocrx_word' id='word_1_534' title='bbox 1034 5391 1089 5445; x_wconf 93' lang='lat' dir='ltr'>in</span> <span class='ocrx_word' id='word_1_535' title='bbox 1108 5391 1359 5447; x_wconf 91' lang='lat' dir='ltr'>sublime</span> <span class='ocrx_word' id='word_1_536' title='bbox 1375 5391 1629 5447; x_wconf 88' lang='lat' dir='ltr'>locatum</span> <span class='ocrx_word' id='word_1_537' title='bbox 1648 5393 1883 5449; x_wconf 89' lang='lat' dir='ltr'>vehunt.</span> 
     </span>
    </p>
   </div>
   <div class='ocr_carea' id='block_1_74' title="bbox 242 5471 1886 5553">
    <p class='ocr_par' dir='ltr' id='par_1_74' title="bbox 242 5471 1886 5553">
     <span class='ocr_line' id='line_1_75' title="bbox 242 5471 1886 5553; baseline 0.007 -26"><span class='ocrx_word' id='word_1_538' title='bbox 242 5471 392 5529; x_wconf 76' lang='lat' dir='ltr'>Unde</span> <span class='ocrx_word' id='word_1_539' title='bbox 414 5476 678 5533; x_wconf 86' lang='lat' dir='ltr'>censoria</span> <span class='ocrx_word' id='word_1_540' title='bbox 696 5483 987 5550; x_wconf 90' lang='lat' dir='ltr'>potestate</span> <span class='ocrx_word' id='word_1_541' title='bbox 1000 5496 1113 5552; x_wconf 88' lang='lat' dir='ltr'>quo</span> <span class='ocrx_word' id='word_1_542' title='bbox 1136 5479 1259 5536; x_wconf 88' lang='lat' dir='ltr'>vult</span> <span class='ocrx_word' id='word_1_543' title='bbox 1276 5480 1474 5553; x_wconf 88' lang='lat' dir='ltr'>dirigit</span> <span class='ocrx_word' id='word_1_544' title='bbox 1495 5482 1886 5553; x_wconf 88' lang='lat' dir='ltr'>quorumdam</span> 
     </span>
    </p>
   </div>
   <div class='ocr_carea' id='block_1_75' title="bbox 239 5606 1890 5743">
    <p class='ocr_par' dir='ltr' id='par_1_75' title="bbox 239 5606 1890 5743">
     <span class='ocr_line' id='line_1_76' title="bbox 239 5606 1890 5743; baseline 0.002 -77"><span class='ocrx_word' id='word_1_545' title='bbox 239 5606 571 5743; x_wconf 45' lang='lat' dir='ltr'>“faccem</span> <span class='ocrx_word' id='word_1_546' title='bbox 607 5627 781 5680; x_wconf 87' lang='lat' dir='ltr'>mss.,</span> <span class='ocrx_word' id='word_1_547' title='bbox 819 5613 963 5681; x_wconf 77' lang='lat' dir='ltr'>Quid</span> <span class='ocrx_word' id='word_1_548' title='bbox 993 5617 1053 5669; x_wconf 85' lang='lat' dir='ltr'>tu</span> <span class='ocrx_word' id='word_1_549' title='bbox 1082 5618 1252 5685; x_wconf 84' lang='lat' dir='ltr'>agas?</span> <span class='ocrx_word' id='word_1_550' title='bbox 1286 5615 1429 5670; x_wconf 81' lang='lat' dir='ltr'>Desit</span> <span class='ocrx_word' id='word_1_551' title='bbox 1458 5613 1672 5670; x_wconf 77' lang='lat' dir='ltr'>obtutus</span> <span class='ocrx_word' id='word_1_552' title='bbox 1704 5631 1890 5671; x_wconf 78' lang='lat' dir='ltr'>carcer</span> 
     </span>
    </p>
   </div>
   <div class='ocr_carea' id='block_1_76' title="bbox 305 5748 1891 5821">
    <p class='ocr_par' dir='ltr' id='par_1_76' title="bbox 305 5748 1891 5821">
     <span class='ocr_line' id='line_1_77' title="bbox 305 5748 1891 5821; baseline 0.008 -19"><span class='ocrx_word' id='word_1_553' title='bbox 305 5748 416 5821; x_wconf 84' lang='lat'>(93)</span> <span class='ocrx_word' id='word_1_554' title='bbox 447 5750 586 5808; x_wconf 86' lang='lat' dir='ltr'>Mss.</span> <span class='ocrx_word' id='word_1_555' title='bbox 638 5753 808 5813; x_wconf 87' lang='lat' dir='ltr'>Corb.</span> <span class='ocrx_word' id='word_1_556' title='bbox 849 5773 1004 5812; x_wconf 86' lang='lat' dir='ltr'>unus</span> <span class='ocrx_word' id='word_1_557' title='bbox 1052 5761 1108 5814; x_wconf 90' lang='lat' dir='ltr'>et</span> <span class='ocrx_word' id='word_1_558' title='bbox 1157 5756 1308 5813; x_wconf 85' lang='lat' dir='ltr'>Vict.</span> <span class='ocrx_word' id='word_1_559' title='bbox 1363 5754 1540 5813; x_wconf 88' lang='lat' dir='ltr'>etiam</span> <span class='ocrx_word' id='word_1_560' title='bbox 1591 5772 1768 5819; x_wconf 80' lang='lat' dir='ltr'>unus,</span> <span class='ocrx_word' id='word_1_561' title='bbox 1822 5748 1891 5803; x_wconf 76' lang='lat' dir='ltr'>ab</span> 
     </span>
    </p>
   </div>
   <div class='ocr_carea' id='block_1_77' title="bbox 1985 1933 3628 2007">
    <p class='ocr_par' dir='ltr' id='par_1_77' title="bbox 1985 1933 3628 2007">
     <span class='ocr_line' id='line_1_78' title="bbox 1985 1933 3628 2007; baseline -0.003 -14"><span class='ocrx_word' id='word_1_562' title='bbox 1985 1938 2327 1993; x_wconf 88' lang='lat' dir='ltr'>inscribitur</span> <span class='ocrx_word' id='word_1_563' title='bbox 2356 1943 2412 1993; x_wconf 91' lang='lat' dir='ltr'>et</span> <span class='ocrx_word' id='word_1_564' title='bbox 2432 1933 2853 1992; x_wconf 71' lang='lat' dir='ltr'>tenetur.&quot;Eam</span> <span class='ocrx_word' id='word_1_565' title='bbox 2885 1934 3131 2007; x_wconf 66' lang='lat' dir='ltr'>geminae</span> <span class='ocrx_word' id='word_1_566' title='bbox 3176 1951 3341 2006; x_wconf 88' lang='lat' dir='ltr'>scpes</span> <span class='ocrx_word' id='word_1_567' title='bbox 3370 1933 3628 2007; x_wconf 89' lang='lat' dir='ltr'>superci-</span> 
     </span>
    </p>
   </div>
   <div class='ocr_carea' id='block_1_78' title="bbox 1986 2023 3630 2098">
    <p class='ocr_par' dir='ltr' id='par_1_78' title="bbox 1986 2023 3630 2098">
     <span class='ocr_line' id='line_1_79' title="bbox 1986 2023 3630 2098; baseline -0.002 -17"><span class='ocrx_word' id='word_1_568' title='bbox 1986 2027 2197 2082; x_wconf 86' lang='lat' dir='ltr'>liorum</span> <span class='ocrx_word' id='word_1_569' title='bbox 2232 2032 2577 2098; x_wconf 89' lang='lat' dir='ltr'>sequuntur,</span> <span class='ocrx_word' id='word_1_570' title='bbox 2612 2044 2738 2097; x_wconf 67' lang='lat' dir='ltr'>qua:</span> <span class='ocrx_word' id='word_1_571' title='bbox 2770 2025 2955 2081; x_wconf 90' lang='lat' dir='ltr'>oculis</span> <span class='ocrx_word' id='word_1_572' title='bbox 2987 2023 3351 2079; x_wconf 88' lang='lat' dir='ltr'>munimenta</span> <span class='ocrx_word' id='word_1_573' title='bbox 3384 2028 3630 2095; x_wconf 64' lang='lat' dir='ltr'>praeten-</span> 
     </span>
    </p>
   </div>
   <div class='ocr_carea' id='block_1_79' title="bbox 1992 2112 3632 2188">
    <p class='ocr_par' dir='ltr' id='par_1_79' title="bbox 1992 2112 3632 2188">
     <span class='ocr_line' id='line_1_80' title="bbox 1992 2112 3632 2188; baseline -0.002 -17"><span class='ocrx_word' id='word_1_574' title='bbox 1992 2118 2159 2182; x_wconf 91' lang='lat' dir='ltr'>dunt,</span> <span class='ocrx_word' id='word_1_575' title='bbox 2194 2121 2515 2188; x_wconf 64' lang='lat' dir='ltr'>praatexunt</span> <span class='ocrx_word' id='word_1_576' title='bbox 2544 2116 2790 2187; x_wconf 88' lang='lat' dir='ltr'>gratiam</span> <span class='ocrx_word' id='word_1_577' title='bbox 2826 2132 2840 2182; x_wconf 87' lang='lat'><strong>;</strong></span> <span class='ocrx_word' id='word_1_578' title='bbox 2878 2118 2942 2168; x_wconf 90' lang='lat' dir='ltr'>ut</span> <span class='ocrx_word' id='word_1_579' title='bbox 2998 2118 3054 2168; x_wconf 92' lang='lat' dir='ltr'>et</span> <span class='ocrx_word' id='word_1_580' title='bbox 3087 2118 3361 2168; x_wconf 89' lang='lat' dir='ltr'>venustas</span> <span class='ocrx_word' id='word_1_581' title='bbox 3405 2112 3632 2167; x_wconf 84' lang='lat' dir='ltr'>decoris</span> 
     </span>
    </p>
   </div>
   <div class='ocr_carea' id='block_1_80' title="bbox 1988 2200 3630 2276">
    <p class='ocr_par' dir='ltr' id='par_1_80' title="bbox 1988 2200 3630 2276">
     <span class='ocr_line' id='line_1_81' title="bbox 1988 2200 3630 2276; baseline -0.003 -16"><span class='ocrx_word' id='word_1_582' title='bbox 1988 2206 2257 2270; x_wconf 85' lang='lat' dir='ltr'>arrideat,</span> <span class='ocrx_word' id='word_1_583' title='bbox 2293 2210 2348 2259; x_wconf 90' lang='lat' dir='ltr'>ct</span> <span class='ocrx_word' id='word_1_584' title='bbox 2380 2204 2681 2276; x_wconf 84' lang='lat' dir='ltr'>diligentia</span> <span class='ocrx_word' id='word_1_585' title='bbox 2705 2202 3077 2275; x_wconf 82' lang='lat' dir='ltr'>protectionis</span> <span class='ocrx_word' id='word_1_586' title='bbox 3108 2201 3364 2256; x_wconf 82' lang='lat' dir='ltr'>assistat.</span> <span class='ocrx_word' id='word_1_587' title='bbox 3401 2202 3460 2256; x_wconf 90' lang='lat' dir='ltr'>Si</span> <span class='ocrx_word' id='word_1_588' title='bbox 3490 2200 3630 2273; x_wconf 87' lang='lat' dir='ltr'>quid</span> 
     </span>
    </p>
   </div>
   <div class='ocr_carea' id='block_1_81' title="bbox 1988 2289 3630 2362">
    <p class='ocr_par' dir='ltr' id='par_1_81' title="bbox 1988 2289 3630 2362">
     <span class='ocr_line' id='line_1_82' title="bbox 1988 2289 3630 2362; baseline -0.004 -13"><span class='ocrx_word' id='word_1_589' title='bbox 1988 2295 2143 2349; x_wconf 90' lang='lat' dir='ltr'>enim</span> <span class='ocrx_word' id='word_1_590' title='bbox 2178 2294 2247 2347; x_wconf 90' lang='lat' dir='ltr'>de</span> <span class='ocrx_word' id='word_1_591' title='bbox 2279 2294 2465 2362; x_wconf 85' lang='lat' dir='ltr'>capite</span> <span class='ocrx_word' id='word_1_592' title='bbox 2498 2293 2760 2346; x_wconf 90' lang='lat' dir='ltr'>sordium</span> <span class='ocrx_word' id='word_1_593' title='bbox 2794 2292 3039 2356; x_wconf 78' lang='lat' dir='ltr'>decidat,</span> <span class='ocrx_word' id='word_1_594' title='bbox 3074 2296 3173 2345; x_wconf 91' lang='lat' dir='ltr'>aut</span> <span class='ocrx_word' id='word_1_595' title='bbox 3203 2308 3389 2344; x_wconf 64' lang='lat' dir='ltr'>arena)</span> <span class='ocrx_word' id='word_1_596' title='bbox 3420 2289 3630 2361; x_wconf 86' lang='lat' dir='ltr'>pulvis,</span> 
     </span>
    </p>
   </div>
   <div class='ocr_carea' id='block_1_82' title="bbox 1990 2380 3635 2448">
    <p class='ocr_par' dir='ltr' id='par_1_82' title="bbox 1990 2380 3635 2448">
     <span class='ocr_line' id='line_1_83' title="bbox 1990 2380 3635 2448; baseline -0.003 -11"><span class='ocrx_word' id='word_1_597' title='bbox 1990 2388 2090 2438; x_wconf 88' lang='lat' dir='ltr'>aut</span> <span class='ocrx_word' id='word_1_598' title='bbox 2122 2400 2215 2437; x_wconf 89' lang='lat' dir='ltr'>ros</span> <span class='ocrx_word' id='word_1_599' title='bbox 2244 2381 2487 2448; x_wconf 66' lang='lat' dir='ltr'>nebulae,</span> <span class='ocrx_word' id='word_1_600' title='bbox 2523 2388 2623 2435; x_wconf 88' lang='lat' dir='ltr'>aut</span> <span class='ocrx_word' id='word_1_601' title='bbox 2651 2380 3293 2445; x_wconf 62' lang='lat' dir='ltr'>humescentisyerticis</span> <span class='ocrx_word' id='word_1_602' title='bbox 3314 2380 3513 2446; x_wconf 91' lang='lat' dir='ltr'>sudor,</span> <span class='ocrx_word' id='word_1_603' title='bbox 3546 2395 3635 2433; x_wconf 78' lang='lat' dir='ltr'>ex-</span> 
     </span>
    </p>
   </div>
   <div class='ocr_carea' id='block_1_83' title="bbox 1989 2467 3634 2543">
    <p class='ocr_par' dir='ltr' id='par_1_83' title="bbox 1989 2467 3634 2543">
     <span class='ocr_line' id='line_1_84' title="bbox 1989 2467 3634 2543; baseline -0.004 -16"><span class='ocrx_word' id='word_1_604' title='bbox 1989 2472 2207 2543; x_wconf 88' lang='lat' dir='ltr'>cipitur</span> <span class='ocrx_word' id='word_1_605' title='bbox 2234 2469 2569 2541; x_wconf 90' lang='lat' dir='ltr'>supercilio,</span> <span class='ocrx_word' id='word_1_606' title='bbox 2605 2486 2676 2524; x_wconf 88' lang='lat' dir='ltr'>ne</span> <span class='ocrx_word' id='word_1_607' title='bbox 2708 2474 2954 2535; x_wconf 85' lang='lat' dir='ltr'>teneras,</span> <span class='ocrx_word' id='word_1_608' title='bbox 2982 2469 3202 2523; x_wconf 82' lang='lat' dir='ltr'>otl&#39;ensa</span> <span class='ocrx_word' id='word_1_609' title='bbox 3218 2467 3359 2536; x_wconf 89' lang='lat' dir='ltr'>acie,</span> <span class='ocrx_word' id='word_1_610' title='bbox 3382 2467 3634 2523; x_wconf 88' lang='lat' dir='ltr'>visiones</span> 
     </span>
    </p>
   </div>
   <div class='ocr_carea' id='block_1_84' title="bbox 1992 2557 2946 2631">
    <p class='ocr_par' dir='ltr' id='par_1_84' title="bbox 1992 2557 2946 2631">
     <span class='ocr_line' id='line_1_85' title="bbox 1992 2557 2946 2631; baseline -0.003 -16"><span class='ocrx_word' id='word_1_611' title='bbox 1992 2559 2255 2615; x_wconf 86' lang='lat' dir='ltr'>mollium</span> <span class='ocrx_word' id='word_1_612' title='bbox 2295 2559 2593 2631; x_wconf 84' lang='lat' dir='ltr'>perturbet</span> <span class='ocrx_word' id='word_1_613' title='bbox 2623 2557 2946 2613; x_wconf 91' lang='lat' dir='ltr'>oculorum.</span> 
     </span>
    </p>
   </div>
   <div class='ocr_carea' id='block_1_85' title="bbox 2058 2644 3640 2719">
    <p class='ocr_par' dir='ltr' id='par_1_85' title="bbox 2058 2644 3640 2719">
     <span class='ocr_line' id='line_1_86' title="bbox 2058 2644 3640 2719; baseline -0.004 -15"><span class='ocrx_word' id='word_1_614' title='bbox 2058 2650 2149 2705; x_wconf 80' lang='lat'>59.</span> <span class='ocrx_word' id='word_1_615' title='bbox 2182 2648 2493 2704; x_wconf 72' lang='lat' dir='ltr'>Adhaercnt</span> <span class='ocrx_word' id='word_1_616' title='bbox 2514 2646 2671 2702; x_wconf 87' lang='lat' dir='ltr'>velut</span> <span class='ocrx_word' id='word_1_617' title='bbox 2700 2646 3054 2719; x_wconf 86' lang='lat' dir='ltr'>quibusdam</span> <span class='ocrx_word' id='word_1_618' title='bbox 3079 2645 3364 2700; x_wconf 84' lang='lat' dir='ltr'>montium</span> <span class='ocrx_word' id='word_1_619' title='bbox 3386 2644 3640 2717; x_wconf 89' lang='lat' dir='ltr'>superci-</span> 
     </span>
    </p>
   </div>
   <div class='ocr_carea' id='block_1_86' title="bbox 1987 2734 3635 2808">
    <p class='ocr_par' dir='ltr' id='par_1_86' title="bbox 1987 2734 3635 2808">
     <span class='ocr_line' id='line_1_87' title="bbox 1987 2734 3635 2808; baseline -0.002 -15"><span class='ocrx_word' id='word_1_620' title='bbox 1987 2738 2085 2793; x_wconf 89' lang='lat' dir='ltr'>liis</span> <span class='ocrx_word' id='word_1_621' title='bbox 2116 2737 2307 2805; x_wconf 86' lang='lat' dir='ltr'>oculi;</span> <span class='ocrx_word' id='word_1_622' title='bbox 2343 2742 2404 2792; x_wconf 91' lang='lat' dir='ltr'>ut</span> <span class='ocrx_word' id='word_1_623' title='bbox 2436 2742 2491 2792; x_wconf 85' lang='lat' dir='ltr'>et</span> <span class='ocrx_word' id='word_1_624' title='bbox 2522 2740 2854 2808; x_wconf 81' lang='lat' dir='ltr'>protegente</span> <span class='ocrx_word' id='word_1_625' title='bbox 2885 2734 3102 2790; x_wconf 90' lang='lat' dir='ltr'>montis</span> <span class='ocrx_word' id='word_1_626' title='bbox 3133 2734 3435 2789; x_wconf 87' lang='lat' dir='ltr'>cacumine</span> <span class='ocrx_word' id='word_1_627' title='bbox 3460 2735 3635 2789; x_wconf 83' lang='lat' dir='ltr'>tutio-</span> 
     </span>
    </p>
   </div>
   <div class='ocr_carea' id='block_1_87' title="bbox 1990 2822 3637 2898">
    <p class='ocr_par' dir='ltr' id='par_1_87' title="bbox 1990 2822 3637 2898">
     <span class='ocr_line' id='line_1_88' title="bbox 1990 2822 3637 2898; baseline -0.003 -17"><span class='ocrx_word' id='word_1_628' title='bbox 1990 2845 2081 2882; x_wconf 89' lang='lat' dir='ltr'>res</span> <span class='ocrx_word' id='word_1_629' title='bbox 2112 2827 2249 2893; x_wconf 89' lang='lat' dir='ltr'>sint,</span> <span class='ocrx_word' id='word_1_630' title='bbox 2285 2832 2340 2882; x_wconf 91' lang='lat' dir='ltr'>et</span> <span class='ocrx_word' id='word_1_631' title='bbox 2368 2831 2646 2897; x_wconf 88' lang='lat' dir='ltr'>tanquam</span> <span class='ocrx_word' id='word_1_632' title='bbox 2680 2826 2736 2879; x_wconf 91' lang='lat' dir='ltr'>in</span> <span class='ocrx_word' id='word_1_633' title='bbox 2769 2841 3001 2879; x_wconf 89' lang='lat' dir='ltr'>summo</span> <span class='ocrx_word' id='word_1_634' title='bbox 3033 2822 3227 2888; x_wconf 85' lang='lat' dir='ltr'>locati,</span> <span class='ocrx_word' id='word_1_635' title='bbox 3261 2824 3331 2877; x_wconf 91' lang='lat' dir='ltr'>de</span> <span class='ocrx_word' id='word_1_636' title='bbox 3383 2822 3637 2898; x_wconf 82' lang='lat' dir='ltr'>quadam</span> 
     </span>
    </p>
   </div>
   <div class='ocr_carea' id='block_1_88' title="bbox 1989 2911 3638 2987">
    <p class='ocr_par' dir='ltr' id='par_1_88' title="bbox 1989 2911 3638 2987">
     <span class='ocr_line' id='line_1_89' title="bbox 1989 2911 3638 2987; baseline -0.002 -17"><span class='ocrx_word' id='word_1_637' title='bbox 1989 2934 2164 2971; x_wconf 88' lang='lat' dir='ltr'>scena</span> <span class='ocrx_word' id='word_1_638' title='bbox 2188 2915 2484 2987; x_wconf 83' lang='lat' dir='ltr'>superiore</span> <span class='ocrx_word' id='word_1_639' title='bbox 2519 2915 2787 2970; x_wconf 86' lang='lat' dir='ltr'>universa</span> <span class='ocrx_word' id='word_1_640' title='bbox 2817 2916 3202 2986; x_wconf 77' lang='lat' dir='ltr'>prospectent.</span> <span class='ocrx_word' id='word_1_641' title='bbox 3254 2912 3450 2983; x_wconf 84' lang='lat' dir='ltr'>Neque</span> <span class='ocrx_word' id='word_1_642' title='bbox 3480 2911 3638 2966; x_wconf 88' lang='lat' dir='ltr'>enim</span> 
     </span>
    </p>
   </div>
   <div class='ocr_carea' id='block_1_89' title="bbox 1989 3000 3639 3076">
    <p class='ocr_par' dir='ltr' id='par_1_89' title="bbox 1989 3000 3639 3076">
     <span class='ocr_line' id='line_1_90' title="bbox 1989 3000 3639 3076; baseline -0.004 -16"><span class='ocrx_word' id='word_1_643' title='bbox 1989 3006 2300 3076; x_wconf 85' lang='lat' dir='ltr'>Oportebat</span> <span class='ocrx_word' id='word_1_644' title='bbox 2357 3020 2455 3057; x_wconf 88' lang='lat' dir='ltr'>eos</span> <span class='ocrx_word' id='word_1_645' title='bbox 2510 3002 2768 3058; x_wconf 89' lang='lat' dir='ltr'>humiles</span> <span class='ocrx_word' id='word_1_646' title='bbox 2823 3019 2950 3057; x_wconf 89' lang='lat' dir='ltr'>esse</span> <span class='ocrx_word' id='word_1_647' title='bbox 3009 3001 3162 3056; x_wconf 90' lang='lat' dir='ltr'>sicut</span> <span class='ocrx_word' id='word_1_648' title='bbox 3217 3018 3409 3068; x_wconf 87' lang='lat' dir='ltr'>aures,</span> <span class='ocrx_word' id='word_1_649' title='bbox 3437 3000 3522 3054; x_wconf 90' lang='lat' dir='ltr'>vel</span> <span class='ocrx_word' id='word_1_650' title='bbox 3554 3016 3639 3065; x_wconf 92' lang='lat' dir='ltr'>os,</span> 
     </span>
    </p>
   </div>
   <div class='ocr_carea' id='block_1_90' title="bbox 1988 3089 3639 3164">
    <p class='ocr_par' dir='ltr' id='par_1_90' title="bbox 1988 3089 3639 3164">
     <span class='ocr_line' id='line_1_91' title="bbox 1988 3089 3639 3164; baseline -0.003 -16"><span class='ocrx_word' id='word_1_651' title='bbox 1988 3093 2266 3164; x_wconf 90' lang='lat' dir='ltr'>ipsosque</span> <span class='ocrx_word' id='word_1_652' title='bbox 2310 3092 2541 3147; x_wconf 89' lang='lat' dir='ltr'>narium</span> <span class='ocrx_word' id='word_1_653' title='bbox 2602 3091 2908 3145; x_wconf 83' lang='lat' dir='ltr'>interiores</span> <span class='ocrx_word' id='word_1_654' title='bbox 2969 3091 3152 3145; x_wconf 90' lang='lat' dir='ltr'>sinus.</span> <span class='ocrx_word' id='word_1_655' title='bbox 3183 3089 3431 3161; x_wconf 77' lang='lat' dir='ltr'>Speculo</span> <span class='ocrx_word' id='word_1_656' title='bbox 3485 3089 3639 3145; x_wconf 91' lang='lat' dir='ltr'>enim</span> 
     </span>
    </p>
   </div>
   <div class='ocr_carea' id='block_1_91' title="bbox 1989 3178 3641 3252">
    <p class='ocr_par' dir='ltr' id='par_1_91' title="bbox 1989 3178 3641 3252">
     <span class='ocr_line' id='line_1_92' title="bbox 1989 3178 3641 3252; baseline -0.004 -15"><span class='ocrx_word' id='word_1_657' title='bbox 1989 3197 2221 3252; x_wconf 87' lang='lat' dir='ltr'>semper</span> <span class='ocrx_word' id='word_1_658' title='bbox 2250 3197 2318 3235; x_wconf 85' lang='lat' dir='ltr'>ex</span> <span class='ocrx_word' id='word_1_659' title='bbox 2348 3179 2463 3235; x_wconf 90' lang='lat' dir='ltr'>alto</span> <span class='ocrx_word' id='word_1_660' title='bbox 2514 3184 2639 3247; x_wconf 88' lang='lat' dir='ltr'>est;</span> <span class='ocrx_word' id='word_1_661' title='bbox 2674 3183 2738 3234; x_wconf 90' lang='lat' dir='ltr'>ut</span> <span class='ocrx_word' id='word_1_662' title='bbox 2793 3178 3225 3234; x_wconf 86' lang='lat' dir='ltr'>advenientium</span> <span class='ocrx_word' id='word_1_663' title='bbox 3281 3183 3641 3232; x_wconf 86' lang='lat' dir='ltr'>catervarum</span> 
     </span>
    </p>
   </div>
   <div class='ocr_carea' id='block_1_92' title="bbox 1908 3249 3641 3339">
    <p class='ocr_par' dir='ltr' id='par_1_92' title="bbox 1908 3249 3641 3339">
     <span class='ocr_line' id='line_1_93' title="bbox 1908 3249 3641 3339; baseline -0.003 -14"><span class='ocrx_word' id='word_1_664' title='bbox 1908 3249 1950 3315; x_wconf 65' lang='grc'>(1</span> <span class='ocrx_word' id='word_1_665' title='bbox 1990 3270 2294 3325; x_wconf 85' lang='lat' dir='ltr'>hostilium</span> <span class='ocrx_word' id='word_1_666' title='bbox 2327 3267 2614 3339; x_wconf 85' lang='lat' dir='ltr'>explorari</span> <span class='ocrx_word' id='word_1_667' title='bbox 2645 3267 2828 3339; x_wconf 88' lang='lat' dir='ltr'>possit</span> <span class='ocrx_word' id='word_1_668' title='bbox 2860 3268 3164 3329; x_wconf 87' lang='lat' dir='ltr'>adventus,</span> <span class='ocrx_word' id='word_1_669' title='bbox 3199 3283 3270 3320; x_wconf 89' lang='lat' dir='ltr'>ne</span> <span class='ocrx_word' id='word_1_670' title='bbox 3320 3265 3641 3336; x_wconf 89' lang='lat' dir='ltr'>improviso</span> 
     </span>
    </p>
   </div>
   <div class='ocr_carea' id='block_1_93' title="bbox 1989 3352 3644 3429">
    <p class='ocr_par' dir='ltr' id='par_1_93' title="bbox 1989 3352 3644 3429">
     <span class='ocr_line' id='line_1_94' title="bbox 1989 3352 3644 3429; baseline -0.003 -15"><span class='ocrx_word' id='word_1_671' title='bbox 1989 3367 2272 3429; x_wconf 85' lang='lat' dir='ltr'>occupent</span> <span class='ocrx_word' id='word_1_672' title='bbox 2319 3357 2597 3412; x_wconf 89' lang='lat' dir='ltr'>otiantem</span> <span class='ocrx_word' id='word_1_673' title='bbox 2631 3355 2716 3409; x_wconf 91' lang='lat' dir='ltr'>vel</span> <span class='ocrx_word' id='word_1_674' title='bbox 2750 3354 2911 3409; x_wconf 89' lang='lat' dir='ltr'>urbis</span> <span class='ocrx_word' id='word_1_675' title='bbox 2944 3352 3224 3425; x_wconf 84' lang='lat' dir='ltr'>populqu</span> <span class='ocrx_word' id='word_1_676' title='bbox 3259 3353 3343 3409; x_wconf 90' lang='lat' dir='ltr'>vel</span> <span class='ocrx_word' id='word_1_677' title='bbox 3394 3353 3644 3425; x_wconf 80' lang='lat' dir='ltr'>impera-</span> 
     </span>
    </p>
   </div>
   <div class='ocr_carea' id='block_1_94' title="bbox 1988 3442 3643 3515">
    <p class='ocr_par' dir='ltr' id='par_1_94' title="bbox 1988 3442 3643 3515">
     <span class='ocr_line' id='line_1_95' title="bbox 1988 3442 3643 3515; baseline -0.004 -14"><span class='ocrx_word' id='word_1_678' title='bbox 1988 3447 2132 3503; x_wconf 90' lang='lat' dir='ltr'>toris</span> <span class='ocrx_word' id='word_1_679' title='bbox 2164 3446 2502 3502; x_wconf 79' lang='lat' dir='ltr'>exercitum.</span> <span class='ocrx_word' id='word_1_680' title='bbox 2538 3444 2631 3499; x_wconf 92' lang='lat' dir='ltr'>Sic</span> <span class='ocrx_word' id='word_1_681' title='bbox 2662 3444 2953 3498; x_wconf 87' lang='lat' dir='ltr'>latronum</span> <span class='ocrx_word' id='word_1_682' title='bbox 2986 3460 3220 3515; x_wconf 84' lang='lat' dir='ltr'>quoque</span> <span class='ocrx_word' id='word_1_683' title='bbox 3251 3446 3530 3497; x_wconf 90' lang='lat' dir='ltr'>caventur</span> <span class='ocrx_word' id='word_1_684' title='bbox 3562 3442 3643 3495; x_wconf 87' lang='lat' dir='ltr'>in-</span> 
     </span>
    </p>
   </div>
   <div class='ocr_carea' id='block_1_95' title="bbox 1992 3530 3647 3605">
    <p class='ocr_par' dir='ltr' id='par_1_95' title="bbox 1992 3530 3647 3605">
     <span class='ocr_line' id='line_1_96' title="bbox 1992 3530 3647 3605; baseline -0.004 -14"><span class='ocrx_word' id='word_1_685' title='bbox 1992 3554 2222 3601; x_wconf 88' lang='lat' dir='ltr'>cursus,</span> <span class='ocrx_word' id='word_1_686' title='bbox 2254 3534 2303 3589; x_wconf 91' lang='lat' dir='ltr'>si</span> <span class='ocrx_word' id='word_1_687' title='bbox 2334 3534 2728 3605; x_wconf 83' lang='lat' dir='ltr'>exploratores</span> <span class='ocrx_word' id='word_1_688' title='bbox 2760 3534 2906 3588; x_wconf 72' lang='lat'>131</span> <span class='ocrx_word' id='word_1_689' title='bbox 2944 3532 3000 3586; x_wconf 90' lang='lat' dir='ltr'>in</span> <span class='ocrx_word' id='word_1_690' title='bbox 3037 3530 3221 3586; x_wconf 89' lang='lat' dir='ltr'>muris</span> <span class='ocrx_word' id='word_1_691' title='bbox 3252 3536 3351 3586; x_wconf 85' lang='lat' dir='ltr'>aut</span> <span class='ocrx_word' id='word_1_692' title='bbox 3384 3531 3647 3585; x_wconf 89' lang='lat' dir='ltr'>turribus</span> 
     </span>
    </p>
   </div>
   <div class='ocr_carea' id='block_1_96' title="bbox 1992 3620 3647 3694">
    <p class='ocr_par' dir='ltr' id='par_1_96' title="bbox 1992 3620 3647 3694">
     <span class='ocr_line' id='line_1_97' title="bbox 1992 3620 3647 3694; baseline -0.004 -15"><span class='ocrx_word' id='word_1_693' title='bbox 1992 3631 2093 3679; x_wconf 90' lang='lat' dir='ltr'>aut</span> <span class='ocrx_word' id='word_1_694' title='bbox 2124 3624 2342 3678; x_wconf 88' lang='lat' dir='ltr'>montis</span> <span class='ocrx_word' id='word_1_695' title='bbox 2397 3621 2608 3677; x_wconf 85' lang='lat' dir='ltr'>excelsi</span> <span class='ocrx_word' id='word_1_696' title='bbox 2640 3621 2949 3694; x_wconf 88' lang='lat' dir='ltr'>supercilio</span> <span class='ocrx_word' id='word_1_697' title='bbox 2978 3621 3095 3675; x_wconf 88' lang='lat' dir='ltr'>sint</span> <span class='ocrx_word' id='word_1_698' title='bbox 3126 3620 3296 3675; x_wconf 88' lang='lat' dir='ltr'>locati</span> <span class='ocrx_word' id='word_1_699' title='bbox 3324 3638 3336 3687; x_wconf 92' lang='lat'><strong>;</strong></span> <span class='ocrx_word' id='word_1_700' title='bbox 3374 3626 3436 3674; x_wconf 91' lang='lat' dir='ltr'>ut</span> <span class='ocrx_word' id='word_1_701' title='bbox 3474 3620 3647 3674; x_wconf 72' lang='lat' dir='ltr'>desu-</span> 
     </span>
    </p>
   </div>
   <div class='ocr_carea' id='block_1_97' title="bbox 1994 3709 3645 3785">
    <p class='ocr_par' dir='ltr' id='par_1_97' title="bbox 1994 3709 3645 3785">
     <span class='ocr_line' id='line_1_98' title="bbox 1994 3709 3645 3785; baseline -0.002 -17"><span class='ocrx_word' id='word_1_702' title='bbox 1994 3730 2097 3785; x_wconf 91' lang='lat' dir='ltr'>per</span> <span class='ocrx_word' id='word_1_703' title='bbox 2138 3717 2404 3783; x_wconf 89' lang='lat' dir='ltr'>spectent</span> <span class='ocrx_word' id='word_1_704' title='bbox 2435 3711 2608 3783; x_wconf 87' lang='lat' dir='ltr'>plana</span> <span class='ocrx_word' id='word_1_705' title='bbox 2657 3712 2982 3783; x_wconf 88' lang='lat' dir='ltr'>regionum,</span> <span class='ocrx_word' id='word_1_706' title='bbox 3032 3710 3091 3765; x_wconf 93' lang='lat' dir='ltr'>in</span> <span class='ocrx_word' id='word_1_707' title='bbox 3152 3710 3369 3780; x_wconf 89' lang='lat' dir='ltr'>quibus</span> <span class='ocrx_word' id='word_1_708' title='bbox 3418 3709 3645 3764; x_wconf 66' lang='lat' dir='ltr'>insidiis</span> 
     </span>
    </p>
   </div>
   <div class='ocr_carea' id='block_1_98' title="bbox 1994 3799 3650 3871">
    <p class='ocr_par' dir='ltr' id='par_1_98' title="bbox 1994 3799 3650 3871">
     <span class='ocr_line' id='line_1_99' title="bbox 1994 3799 3650 3871; baseline -0.002 -15"><span class='ocrx_word' id='word_1_709' title='bbox 1994 3801 2288 3856; x_wconf 87' lang='lat' dir='ltr'>latronum</span> <span class='ocrx_word' id='word_1_710' title='bbox 2325 3800 2501 3856; x_wconf 85' lang='lat' dir='ltr'>latere</span> <span class='ocrx_word' id='word_1_711' title='bbox 2534 3817 2648 3855; x_wconf 89' lang='lat' dir='ltr'>non</span> <span class='ocrx_word' id='word_1_712' title='bbox 2696 3800 2944 3871; x_wconf 83' lang='lat' dir='ltr'>pessint.</span> <span class='ocrx_word' id='word_1_713' title='bbox 2989 3799 3049 3854; x_wconf 90' lang='lat' dir='ltr'>In</span> <span class='ocrx_word' id='word_1_714' title='bbox 3085 3799 3229 3854; x_wconf 90' lang='lat' dir='ltr'>mari</span> <span class='ocrx_word' id='word_1_715' title='bbox 3264 3815 3498 3869; x_wconf 86' lang='lat' dir='ltr'>quoque</span> <span class='ocrx_word' id='word_1_716' title='bbox 3542 3815 3650 3869; x_wconf 80' lang='lat' dir='ltr'>po-</span> 
     </span>
    </p>
   </div>
   <div class='ocr_carea' id='block_1_99' title="bbox 1996 3887 3649 3960">
    <p class='ocr_par' dir='ltr' id='par_1_99' title="bbox 1996 3887 3649 3960">
     <span class='ocr_line' id='line_1_100' title="bbox 1996 3887 3649 3960; baseline -0.003 -15"><span class='ocrx_word' id='word_1_717' title='bbox 1996 3890 2150 3945; x_wconf 85' lang='lat' dir='ltr'>situs</span> <span class='ocrx_word' id='word_1_718' title='bbox 2182 3890 2228 3944; x_wconf 93' lang='lat' dir='ltr'>si</span> <span class='ocrx_word' id='word_1_719' title='bbox 2264 3890 2397 3960; x_wconf 86' lang='lat' dir='ltr'>quis</span> <span class='ocrx_word' id='word_1_720' title='bbox 2427 3894 2590 3943; x_wconf 71' lang='lat' dir='ltr'>terra:</span> <span class='ocrx_word' id='word_1_721' title='bbox 2649 3888 3116 3960; x_wconf 83' lang='lat' dir='ltr'>appropinquare</span> <span class='ocrx_word' id='word_1_722' title='bbox 3175 3904 3237 3942; x_wconf 89' lang='lat' dir='ltr'>se</span> <span class='ocrx_word' id='word_1_723' title='bbox 3286 3887 3540 3957; x_wconf 74' lang='lat' dir='ltr'>conjicit,</span> <span class='ocrx_word' id='word_1_724' title='bbox 3590 3887 3649 3940; x_wconf 90' lang='lat' dir='ltr'>in</span> 
     </span>
    </p>
   </div>
   <div class='ocr_carea' id='block_1_100' title="bbox 1996 3977 3645 4050">
    <p class='ocr_par' dir='ltr' id='par_1_100' title="bbox 1996 3977 3645 4050">
     <span class='ocr_line' id='line_1_101' title="bbox 1996 3977 3645 4050; baseline -0.002 -17"><span class='ocrx_word' id='word_1_725' title='bbox 1996 3978 2126 4050; x_wconf 89' lang='lat' dir='ltr'>ipsa</span> <span class='ocrx_word' id='word_1_726' title='bbox 2175 3977 2311 4032; x_wconf 91' lang='lat' dir='ltr'>mali</span> <span class='ocrx_word' id='word_1_727' title='bbox 2366 3977 2621 4048; x_wconf 84' lang='lat' dir='ltr'>fastigia,</span> <span class='ocrx_word' id='word_1_728' title='bbox 2666 3982 2724 4031; x_wconf 92' lang='lat' dir='ltr'>et</span> <span class='ocrx_word' id='word_1_729' title='bbox 2772 3977 2926 4031; x_wconf 86' lang='lat' dir='ltr'>celsa</span> <span class='ocrx_word' id='word_1_730' title='bbox 2975 3981 3361 4031; x_wconf 84' lang='lat' dir='ltr'>aiitcnnaruin</span> <span class='ocrx_word' id='word_1_731' title='bbox 3424 3992 3645 4029; x_wconf 88' lang='lat' dir='ltr'>cornua</span> 
     </span>
    </p>
   </div>
   <div class='ocr_carea' id='block_1_101' title="bbox 1996 4062 3649 4137">
    <p class='ocr_par' dir='ltr' id='par_1_101' title="bbox 1996 4062 3649 4137">
     <span class='ocr_line' id='line_1_102' title="bbox 1996 4062 3649 4137; baseline -0.002 -17"><span class='ocrx_word' id='word_1_732' title='bbox 1996 4067 2113 4121; x_wconf 89' lang='lat' dir='ltr'>voti</span> <span class='ocrx_word' id='word_1_733' title='bbox 2144 4065 2481 4137; x_wconf 82' lang='lat' dir='ltr'>explorator</span> <span class='ocrx_word' id='word_1_734' title='bbox 2508 4064 2791 4131; x_wconf 87' lang='lat' dir='ltr'>ascendit,</span> <span class='ocrx_word' id='word_1_735' title='bbox 2827 4069 2883 4118; x_wconf 89' lang='lat' dir='ltr'>et</span> <span class='ocrx_word' id='word_1_736' title='bbox 2912 4063 3102 4118; x_wconf 89' lang='lat' dir='ltr'>adhuc</span> <span class='ocrx_word' id='word_1_737' title='bbox 3135 4062 3482 4117; x_wconf 83' lang='lat' dir='ltr'>invisibilem</span> <span class='ocrx_word' id='word_1_738' title='bbox 3517 4062 3649 4117; x_wconf 90' lang='lat' dir='ltr'>reli-</span> 
     </span>
    </p>
   </div>
   <div class='ocr_carea' id='block_1_102' title="bbox 1998 4149 3401 4226">
    <p class='ocr_par' dir='ltr' id='par_1_102' title="bbox 1998 4149 3401 4226">
     <span class='ocr_line' id='line_1_103' title="bbox 1998 4149 3401 4226; baseline -0.003 -17"><span class='ocrx_word' id='word_1_739' title='bbox 1998 4155 2131 4226; x_wconf 91' lang='lat' dir='ltr'>quis</span> <span class='ocrx_word' id='word_1_740' title='bbox 2164 4152 2578 4225; x_wconf 85' lang='lat' dir='ltr'>navigantibus</span> <span class='ocrx_word' id='word_1_741' title='bbox 2600 4152 2843 4207; x_wconf 89' lang='lat' dir='ltr'>eminus</span> <span class='ocrx_word' id='word_1_742' title='bbox 2904 4158 3117 4206; x_wconf 89' lang='lat' dir='ltr'>terram</span> <span class='ocrx_word' id='word_1_743' title='bbox 3164 4149 3401 4205; x_wconf 78' lang='lat' dir='ltr'>salutat.</span> 
     </span>
    </p>
   </div>
   <div class='ocr_carea' id='block_1_103' title="bbox 2069 4239 3653 4311">
    <p class='ocr_par' dir='ltr' id='par_1_103' title="bbox 2069 4239 3653 4311">
     <span class='ocr_line' id='line_1_104' title="bbox 2069 4239 3653 4311; baseline -0.001 -14"><span class='ocrx_word' id='word_1_744' title='bbox 2069 4244 2158 4297; x_wconf 85' lang='lat'>60.</span> <span class='ocrx_word' id='word_1_745' title='bbox 2190 4246 2262 4297; x_wconf 85' lang='lat' dir='ltr'>At</span> <span class='ocrx_word' id='word_1_746' title='bbox 2293 4243 2438 4297; x_wconf 87' lang='lat' dir='ltr'>forte</span> <span class='ocrx_word' id='word_1_747' title='bbox 2470 4242 2652 4296; x_wconf 88' lang='lat' dir='ltr'>dicas.</span> <span class='ocrx_word' id='word_1_748' title='bbox 2681 4240 2740 4295; x_wconf 90' lang='lat' dir='ltr'>Si</span> <span class='ocrx_word' id='word_1_749' title='bbox 2774 4239 3014 4311; x_wconf 88' lang='lat' dir='ltr'>specula</span> <span class='ocrx_word' id='word_1_750' title='bbox 3069 4239 3279 4295; x_wconf 89' lang='lat' dir='ltr'>editior</span> <span class='ocrx_word' id='word_1_751' title='bbox 3322 4240 3653 4295; x_wconf 81' lang='lat' dir='ltr'>necessaria</span> 
     </span>
    </p>
   </div>
   <div class='ocr_carea' id='block_1_104' title="bbox 2002 4327 3649 4401">
    <p class='ocr_par' dir='ltr' id='par_1_104' title="bbox 2002 4327 3649 4401">
     <span class='ocr_line' id='line_1_105' title="bbox 2002 4327 3649 4401; baseline -0.002 -15"><span class='ocrx_word' id='word_1_752' title='bbox 2002 4331 2131 4397; x_wconf 89' lang='lat' dir='ltr'>fuit,</span> <span class='ocrx_word' id='word_1_753' title='bbox 2166 4347 2268 4385; x_wconf 90' lang='lat' dir='ltr'>cur</span> <span class='ocrx_word' id='word_1_754' title='bbox 2298 4347 2413 4385; x_wconf 90' lang='lat' dir='ltr'>non</span> <span class='ocrx_word' id='word_1_755' title='bbox 2447 4346 2626 4401; x_wconf 89' lang='lat' dir='ltr'>supra</span> <span class='ocrx_word' id='word_1_756' title='bbox 2647 4345 2950 4384; x_wconf 90' lang='lat' dir='ltr'>summum</span> <span class='ocrx_word' id='word_1_757' title='bbox 2974 4328 3243 4384; x_wconf 86' lang='lat' dir='ltr'>verticem</span> <span class='ocrx_word' id='word_1_758' title='bbox 3272 4327 3475 4399; x_wconf 70' lang='lat' dir='ltr'>capitis</span> <span class='ocrx_word' id='word_1_759' title='bbox 3498 4329 3649 4383; x_wconf 89' lang='lat' dir='ltr'>oculi</span> 
     </span>
    </p>
   </div>
   <div class='ocr_carea' id='block_1_105' title="bbox 2002 4416 3647 4489">
    <p class='ocr_par' dir='ltr' id='par_1_105' title="bbox 2002 4416 3647 4489">
     <span class='ocr_line' id='line_1_106' title="bbox 2002 4416 3647 4489; baseline -0.003 -14"><span class='ocrx_word' id='word_1_760' title='bbox 2002 4419 2303 4475; x_wconf 89' lang='lat' dir='ltr'>constituti</span> <span class='ocrx_word' id='word_1_761' title='bbox 2353 4422 2511 4489; x_wconf 89' lang='lat' dir='ltr'>sunt,</span> <span class='ocrx_word' id='word_1_762' title='bbox 2569 4419 2723 4473; x_wconf 91' lang='lat' dir='ltr'>sicut</span> <span class='ocrx_word' id='word_1_763' title='bbox 2793 4418 3019 4473; x_wconf 89' lang='lat' dir='ltr'>cancris</span> <span class='ocrx_word' id='word_1_764' title='bbox 3076 4417 3163 4472; x_wconf 84' lang='lat' dir='ltr'>vel</span> <span class='ocrx_word' id='word_1_765' title='bbox 3225 4416 3533 4473; x_wconf 74' lang='lat' dir='ltr'>scarabzeis</span> <span class='ocrx_word' id='word_1_766' title='bbox 3592 4417 3647 4471; x_wconf 89' lang='lat' dir='ltr'>in</span> 
     </span>
    </p>
   </div>
   <div class='ocr_carea' id='block_1_106' title="bbox 2003 4505 3647 4580">
    <p class='ocr_par' dir='ltr' id='par_1_106' title="bbox 2003 4505 3647 4580">
     <span class='ocr_line' id='line_1_107' title="bbox 2003 4505 3647 4580; baseline -0.001 -16"><span class='ocrx_word' id='word_1_767' title='bbox 2003 4525 2236 4564; x_wconf 87' lang='lat' dir='ltr'>summo</span> <span class='ocrx_word' id='word_1_768' title='bbox 2267 4513 2425 4573; x_wconf 91' lang='lat' dir='ltr'>sunt,</span> <span class='ocrx_word' id='word_1_769' title='bbox 2460 4508 2677 4580; x_wconf 89' lang='lat' dir='ltr'>quibus</span> <span class='ocrx_word' id='word_1_770' title='bbox 2708 4506 2840 4562; x_wconf 90' lang='lat' dir='ltr'>licet</span> <span class='ocrx_word' id='word_1_771' title='bbox 2871 4505 3097 4562; x_wconf 90' lang='lat' dir='ltr'>nullum</span> <span class='ocrx_word' id='word_1_772' title='bbox 3135 4513 3310 4579; x_wconf 78' lang='lat' dir='ltr'>caput</span> <span class='ocrx_word' id='word_1_773' title='bbox 3353 4512 3647 4579; x_wconf 86' lang='lat' dir='ltr'>appareat.</span> 
     </span>
    </p>
   </div>
   <div class='ocr_carea' id='block_1_107' title="bbox 1922 4596 3653 4675">
    <p class='ocr_par' dir='ltr' id='par_1_107' title="bbox 1922 4596 3653 4675">
     <span class='ocr_line' id='line_1_108' title="bbox 1922 4596 3653 4675; baseline -0.001 -22"><span class='ocrx_word' id='word_1_774' title='bbox 1922 4610 1969 4675; x_wconf 85' lang='lat' dir='ltr'><strong>D</strong></span> <span class='ocrx_word' id='word_1_775' title='bbox 2003 4596 2150 4653; x_wconf 89' lang='lat' dir='ltr'>colla</span> <span class='ocrx_word' id='word_1_776' title='bbox 2180 4615 2243 4652; x_wconf 90' lang='lat' dir='ltr'>ac</span> <span class='ocrx_word' id='word_1_777' title='bbox 2276 4597 2451 4652; x_wconf 87' lang='lat' dir='ltr'>dorsa</span> <span class='ocrx_word' id='word_1_778' title='bbox 2480 4602 2673 4652; x_wconf 90' lang='lat' dir='ltr'>tamen</span> <span class='ocrx_word' id='word_1_779' title='bbox 2706 4600 2909 4652; x_wconf 59' lang='lat' dir='ltr'>caetero</span> <span class='ocrx_word' id='word_1_780' title='bbox 2941 4613 3179 4668; x_wconf 88' lang='lat' dir='ltr'>corpore</span> <span class='ocrx_word' id='word_1_781' title='bbox 3209 4596 3453 4652; x_wconf 88' lang='lat' dir='ltr'>celsiora</span> <span class='ocrx_word' id='word_1_782' title='bbox 3485 4599 3653 4652; x_wconf 69' lang='lat' dir='ltr'>sunt?</span> 
     </span>
    </p>
   </div>
   <div class='ocr_carea' id='block_1_108' title="bbox 2002 4685 3654 4756">
    <p class='ocr_par' dir='ltr' id='par_1_108' title="bbox 2002 4685 3654 4756">
     <span class='ocr_line' id='line_1_109' title="bbox 2002 4685 3654 4756; baseline -0.002 -15"><span class='ocrx_word' id='word_1_783' title='bbox 2002 4687 2113 4741; x_wconf 91' lang='lat' dir='ltr'>Sed</span> <span class='ocrx_word' id='word_1_784' title='bbox 2144 4686 2261 4742; x_wconf 91' lang='lat' dir='ltr'>illis</span> <span class='ocrx_word' id='word_1_785' title='bbox 2291 4691 2442 4741; x_wconf 89' lang='lat' dir='ltr'>testa</span> <span class='ocrx_word' id='word_1_786' title='bbox 2469 4685 2681 4756; x_wconf 90' lang='lat' dir='ltr'>valida,</span> <span class='ocrx_word' id='word_1_787' title='bbox 2716 4702 2820 4741; x_wconf 90' lang='lat' dir='ltr'>nec</span> <span class='ocrx_word' id='word_1_788' title='bbox 2878 4690 2995 4741; x_wconf 89' lang='lat' dir='ltr'>tam</span> <span class='ocrx_word' id='word_1_789' title='bbox 3059 4687 3251 4741; x_wconf 90' lang='lat' dir='ltr'>tenuis</span> <span class='ocrx_word' id='word_1_790' title='bbox 3304 4686 3654 4742; x_wconf 89' lang='lat' dir='ltr'>membrana</span> 
     </span>
    </p>
   </div>
   <div class='ocr_carea' id='block_1_109' title="bbox 1996 4775 3653 4847">
    <p class='ocr_par' dir='ltr' id='par_1_109' title="bbox 1996 4775 3653 4847">
     <span class='ocr_line' id='line_1_110' title="bbox 1996 4775 3653 4847; baseline -0.001 -17"><span class='ocrx_word' id='word_1_791' title='bbox 1996 4775 2149 4831; x_wconf 89' lang='lat' dir='ltr'>sicut</span> <span class='ocrx_word' id='word_1_792' title='bbox 2178 4775 2367 4843; x_wconf 88' lang='lat' dir='ltr'>nobis,</span> <span class='ocrx_word' id='word_1_793' title='bbox 2402 4791 2530 4847; x_wconf 61' lang='lat' dir='ltr'>quae</span> <span class='ocrx_word' id='word_1_794' title='bbox 2566 4775 2733 4830; x_wconf 85' lang='lat' dir='ltr'>facile</span> <span class='ocrx_word' id='word_1_795' title='bbox 2785 4775 2972 4845; x_wconf 89' lang='lat' dir='ltr'>possit</span> <span class='ocrx_word' id='word_1_796' title='bbox 3016 4775 3254 4846; x_wconf 82' lang='lat' dir='ltr'>oil‘endi,</span> <span class='ocrx_word' id='word_1_797' title='bbox 3304 4776 3566 4847; x_wconf 89' lang='lat' dir='ltr'>ruboque</span> <span class='ocrx_word' id='word_1_798' title='bbox 3596 4780 3653 4829; x_wconf 87' lang='lat' dir='ltr'>et</span> 
     </span>
    </p>
   </div>
   <div class='ocr_carea' id='block_1_110' title="bbox 1995 4862 3649 4935">
    <p class='ocr_par' dir='ltr' id='par_1_110' title="bbox 1995 4862 3649 4935">
     <span class='ocr_line' id='line_1_111' title="bbox 1995 4862 3649 4935; baseline -0.002 -16"><span class='ocrx_word' id='word_1_799' title='bbox 1995 4864 2217 4919; x_wconf 65' lang='lat' dir='ltr'>caeteris</span> <span class='ocrx_word' id='word_1_800' title='bbox 2250 4863 2591 4919; x_wconf 89' lang='lat' dir='ltr'>interscindi</span> <span class='ocrx_word' id='word_1_801' title='bbox 2626 4864 2912 4919; x_wconf 87' lang='lat' dir='ltr'>sentibus.</span> <span class='ocrx_word' id='word_1_802' title='bbox 2954 4864 3098 4918; x_wconf 88' lang='lat' dir='ltr'>Aliis</span> <span class='ocrx_word' id='word_1_803' title='bbox 3129 4880 3359 4935; x_wconf 88' lang='lat' dir='ltr'>quoque</span> <span class='ocrx_word' id='word_1_804' title='bbox 3387 4862 3649 4919; x_wconf 89' lang='lat' dir='ltr'>animan-</span> 
     </span>
    </p>
   </div>
   <div class='ocr_carea' id='block_1_111' title="bbox 1994 4951 3648 5023">
    <p class='ocr_par' dir='ltr' id='par_1_111' title="bbox 1994 4951 3648 5023">
     <span class='ocr_line' id='line_1_112' title="bbox 1994 4951 3648 5023; baseline -0.002 -15"><span class='ocrx_word' id='word_1_805' title='bbox 1994 4953 2154 5008; x_wconf 89' lang='lat' dir='ltr'>tibus</span> <span class='ocrx_word' id='word_1_806' title='bbox 2186 4952 2525 5023; x_wconf 83' lang='lat' dir='ltr'>hujusmodi</span> <span class='ocrx_word' id='word_1_807' title='bbox 2557 4951 2803 5023; x_wconf 86' lang='lat' dir='ltr'>species,</span> <span class='ocrx_word' id='word_1_808' title='bbox 2836 4957 2900 5006; x_wconf 91' lang='lat' dir='ltr'>ut</span> <span class='ocrx_word' id='word_1_809' title='bbox 2932 4951 3159 5023; x_wconf 89' lang='lat' dir='ltr'>possint</span> <span class='ocrx_word' id='word_1_810' title='bbox 3189 4951 3389 5007; x_wconf 90' lang='lat' dir='ltr'>oculos</span> <span class='ocrx_word' id='word_1_811' title='bbox 3420 4956 3522 5005; x_wconf 89' lang='lat' dir='ltr'>aut</span> <span class='ocrx_word' id='word_1_812' title='bbox 3579 4952 3648 5005; x_wconf 87' lang='lat' dir='ltr'>ad</span> 
     </span>
    </p>
   </div>
   <div class='ocr_carea' id='block_1_112' title="bbox 1996 5039 3651 5115">
    <p class='ocr_par' dir='ltr' id='par_1_112' title="bbox 1996 5039 3651 5115">
     <span class='ocr_line' id='line_1_113' title="bbox 1996 5039 3651 5115; baseline -0.001 -18"><span class='ocrx_word' id='word_1_813' title='bbox 1996 5042 2279 5098; x_wconf 86' lang='lat' dir='ltr'>cervicem</span> <span class='ocrx_word' id='word_1_814' title='bbox 2306 5042 2589 5115; x_wconf 78' lang='lat' dir='ltr'>cpntcrre,</span> <span class='ocrx_word' id='word_1_815' title='bbox 2626 5045 2690 5095; x_wconf 91' lang='lat' dir='ltr'>ut</span> <span class='ocrx_word' id='word_1_816' title='bbox 2719 5039 2874 5111; x_wconf 86' lang='lat' dir='ltr'>equi,</span> <span class='ocrx_word' id='word_1_817' title='bbox 2906 5055 2971 5093; x_wconf 90' lang='lat' dir='ltr'>ac</span> <span class='ocrx_word' id='word_1_818' title='bbox 3002 5040 3199 5104; x_wconf 89' lang='lat' dir='ltr'>boves,</span> <span class='ocrx_word' id='word_1_819' title='bbox 3233 5056 3298 5093; x_wconf 92' lang='lat' dir='ltr'>ac</span> <span class='ocrx_word' id='word_1_820' title='bbox 3342 5055 3651 5111; x_wconf 82' lang='lat' dir='ltr'>propemo-</span> 
     </span>
    </p>
   </div>
   <div class='ocr_carea' id='block_1_113' title="bbox 1998 5127 3649 5198">
    <p class='ocr_par' dir='ltr' id='par_1_113' title="bbox 1998 5127 3649 5198">
     <span class='ocr_line' id='line_1_114' title="bbox 1998 5127 3649 5198; baseline -0.001 -13"><span class='ocrx_word' id='word_1_821' title='bbox 1998 5132 2138 5185; x_wconf 89' lang='lat' dir='ltr'>dum</span> <span class='ocrx_word' id='word_1_822' title='bbox 2181 5147 2386 5185; x_wconf 89' lang='lat' dir='ltr'>omnes</span> <span class='ocrx_word' id='word_1_823' title='bbox 2414 5130 2566 5193; x_wconf 63' lang='lat' dir='ltr'>ferae,</span> <span class='ocrx_word' id='word_1_824' title='bbox 2600 5133 2703 5182; x_wconf 88' lang='lat' dir='ltr'>aut</span> <span class='ocrx_word' id='word_1_825' title='bbox 2744 5129 2813 5181; x_wconf 92' lang='lat' dir='ltr'>ad</span> <span class='ocrx_word' id='word_1_826' title='bbox 2865 5127 2988 5182; x_wconf 89' lang='lat' dir='ltr'>alas</span> <span class='ocrx_word' id='word_1_827' title='bbox 3034 5144 3195 5190; x_wconf 82' lang='lat' dir='ltr'>suas,</span> <span class='ocrx_word' id='word_1_828' title='bbox 3243 5132 3307 5181; x_wconf 88' lang='lat' dir='ltr'>ut</span> <span class='ocrx_word' id='word_1_829' title='bbox 3357 5144 3490 5183; x_wconf 84' lang='lat' dir='ltr'>aves</span> <span class='ocrx_word' id='word_1_830' title='bbox 3536 5146 3649 5198; x_wconf 85' lang='lat' dir='ltr'>quo</span> 
     </span>
    </p>
   </div>
   <div class='ocr_carea' id='block_1_114' title="bbox 1996 5216 3646 5288">
    <p class='ocr_par' dir='ltr' id='par_1_114' title="bbox 1996 5216 3646 5288">
     <span class='ocr_line' id='line_1_115' title="bbox 1996 5216 3646 5288; baseline -0.001 -15"><span class='ocrx_word' id='word_1_831' title='bbox 1996 5224 2122 5273; x_wconf 84' lang='lat' dir='ltr'>tuta</span> <span class='ocrx_word' id='word_1_832' title='bbox 2145 5218 2338 5288; x_wconf 86' lang='lat' dir='ltr'>quiete</span> <span class='ocrx_word' id='word_1_833' title='bbox 2354 5217 2668 5287; x_wconf 86' lang='lat' dir='ltr'>potiantur.</span> <span class='ocrx_word' id='word_1_834' title='bbox 2690 5216 2868 5269; x_wconf 86' lang='lat' dir='ltr'>Nobis</span> <span class='ocrx_word' id='word_1_835' title='bbox 2891 5219 3085 5269; x_wconf 87' lang='lat' dir='ltr'>autem</span> <span class='ocrx_word' id='word_1_836' title='bbox 3106 5216 3165 5269; x_wconf 91' lang='lat' dir='ltr'>in</span> <span class='ocrx_word' id='word_1_837' title='bbox 3188 5233 3423 5271; x_wconf 87' lang='lat' dir='ltr'>summa</span> <span class='ocrx_word' id='word_1_838' title='bbox 3445 5233 3646 5288; x_wconf 89' lang='lat' dir='ltr'>prope-</span> 
     </span>
    </p>
   </div>
   <div class='ocr_carea' id='block_1_115' title="bbox 2000 5304 3650 5378">
    <p class='ocr_par' dir='ltr' id='par_1_115' title="bbox 2000 5304 3650 5378">
     <span class='ocr_line' id='line_1_116' title="bbox 2000 5304 3650 5378; baseline -0.001 -15"><span class='ocrx_word' id='word_1_839' title='bbox 2000 5307 2238 5362; x_wconf 83' lang='lat' dir='ltr'>modum</span> <span class='ocrx_word' id='word_1_840' title='bbox 2262 5304 2519 5376; x_wconf 84' lang='lat' dir='ltr'>corporis</span> <span class='ocrx_word' id='word_1_841' title='bbox 2535 5309 2695 5375; x_wconf 86' lang='lat' dir='ltr'>parte</span> <span class='ocrx_word' id='word_1_842' title='bbox 2713 5304 2987 5359; x_wconf 84' lang='lat' dir='ltr'>constitui</span> <span class='ocrx_word' id='word_1_843' title='bbox 3003 5304 3202 5359; x_wconf 83' lang='lat' dir='ltr'>oculos</span> <span class='ocrx_word' id='word_1_844' title='bbox 3220 5305 3516 5378; x_wconf 83' lang='lat' dir='ltr'>opportuit</span> <span class='ocrx_word' id='word_1_845' title='bbox 3528 5312 3650 5361; x_wconf 89' lang='lat' dir='ltr'>tan-</span> 
     </span>
    </p>
   </div>
   <div class='ocr_carea' id='block_1_116' title="bbox 1998 5390 3650 5468">
    <p class='ocr_par' dir='ltr' id='par_1_116' title="bbox 1998 5390 3650 5468">
     <span class='ocr_line' id='line_1_117' title="bbox 1998 5390 3650 5468; baseline 0.001 -18"><span class='ocrx_word' id='word_1_846' title='bbox 1998 5411 2175 5468; x_wconf 85' lang='lat' dir='ltr'>quam</span> <span class='ocrx_word' id='word_1_847' title='bbox 2209 5393 2268 5448; x_wconf 89' lang='lat' dir='ltr'>in</span> <span class='ocrx_word' id='word_1_848' title='bbox 2299 5409 2449 5458; x_wconf 89' lang='lat' dir='ltr'>arce,</span> <span class='ocrx_word' id='word_1_849' title='bbox 2482 5396 2537 5446; x_wconf 87' lang='lat' dir='ltr'>et</span> <span class='ocrx_word' id='word_1_850' title='bbox 2568 5391 2637 5445; x_wconf 87' lang='lat' dir='ltr'>ab</span> <span class='ocrx_word' id='word_1_851' title='bbox 2692 5391 2850 5446; x_wconf 90' lang='lat' dir='ltr'>omni</span> <span class='ocrx_word' id='word_1_852' title='bbox 2883 5390 2967 5446; x_wconf 89' lang='lat' dir='ltr'>vel</span> <span class='ocrx_word' id='word_1_853' title='bbox 3028 5392 3273 5449; x_wconf 90' lang='lat' dir='ltr'>minima</span> <span class='ocrx_word' id='word_1_854' title='bbox 3333 5395 3650 5451; x_wconf 77' lang='lat' dir='ltr'>offensione</span> 
     </span>
    </p>
   </div>
   <div class='ocr_carea' id='block_1_117' title="bbox 1999 5480 3645 5553">
    <p class='ocr_par' dir='ltr' id='par_1_117' title="bbox 1999 5480 3645 5553">
     <span class='ocr_line' id='line_1_118' title="bbox 1999 5480 3645 5553; baseline 0.001 -13"><span class='ocrx_word' id='word_1_855' title='bbox 1999 5482 2252 5552; x_wconf 85' lang='lat' dir='ltr'>defendi,</span> <span class='ocrx_word' id='word_1_856' title='bbox 2287 5498 2414 5553; x_wconf 68' lang='lat' dir='ltr'>quae</span> <span class='ocrx_word' id='word_1_857' title='bbox 2464 5480 2578 5535; x_wconf 92' lang='lat' dir='ltr'>duo</span> <span class='ocrx_word' id='word_1_858' title='bbox 2608 5480 2718 5536; x_wconf 90' lang='lat' dir='ltr'>sibi</span> <span class='ocrx_word' id='word_1_859' title='bbox 2761 5481 3223 5553; x_wconf 87' lang='lat' dir='ltr'>compugnantia</span> <span class='ocrx_word' id='word_1_860' title='bbox 3279 5483 3645 5541; x_wconf 88' lang='lat' dir='ltr'>videbantur.</span> 
     </span>
    </p>
   </div>
   <div class='ocr_carea' id='block_1_118' title="bbox 1999 5614 2701 5675">
    <p class='ocr_par' dir='ltr' id='par_1_118' title="bbox 1999 5614 2701 5675">
     <span class='ocr_line' id='line_1_119' title="bbox 1999 5614 2701 5675; baseline -0.007 -2"><span class='ocrx_word' id='word_1_861' title='bbox 1999 5617 2311 5675; x_wconf 76' lang='lat' dir='ltr'>hominibus</span> <span class='ocrx_word' id='word_1_862' title='bbox 2339 5614 2701 5671; x_wconf 82' lang='lat' dir='ltr'>adornuntur.</span> 
     </span>
    </p>
   </div>
   <div class='ocr_carea' id='block_1_119' title="bbox 2070 5685 3647 5774">
    <p class='ocr_par' dir='ltr' id='par_1_119' title="bbox 2070 5685 3647 5774">
     <span class='ocr_line' id='line_1_120' title="bbox 2070 5685 3647 5774; baseline 0.001 -32"><span class='ocrx_word' id='word_1_863' title='bbox 2070 5690 2184 5774; x_wconf 69' lang='grc' dir='ltr'>ς94)</span> <span class='ocrx_word' id='word_1_864' title='bbox 2216 5689 2364 5762; x_wconf 88' lang='lat' dir='ltr'>Big.,</span> <span class='ocrx_word' id='word_1_865' title='bbox 2399 5687 2585 5756; x_wconf 90' lang='lat' dir='ltr'>Gem.,</span> <span class='ocrx_word' id='word_1_866' title='bbox 2608 5685 2778 5743; x_wconf 88' lang='lat' dir='ltr'>Corb.</span> <span class='ocrx_word' id='word_1_867' title='bbox 2808 5703 2963 5744; x_wconf 89' lang='lat' dir='ltr'>unus</span> <span class='ocrx_word' id='word_1_868' title='bbox 2990 5692 3048 5745; x_wconf 84' lang='lat' dir='ltr'>et</span> <span class='ocrx_word' id='word_1_869' title='bbox 3076 5687 3223 5746; x_wconf 90' lang='lat' dir='ltr'>Vict.</span> <span class='ocrx_word' id='word_1_870' title='bbox 3260 5706 3435 5757; x_wconf 88' lang='lat' dir='ltr'>unus,</span> <span class='ocrx_word' id='word_1_871' title='bbox 3468 5696 3529 5746; x_wconf 82' lang='lat' dir='ltr'>ut</span> <span class='ocrx_word' id='word_1_872' title='bbox 3553 5689 3647 5744; x_wconf 89' lang='lat' dir='ltr'>do-</span> 
     </span>
    </p>
   </div>
   <div class='ocr_carea' id='block_1_120' title="bbox 1998 5777 2187 5819">
    <p class='ocr_par' dir='ltr' id='par_1_120' title="bbox 1998 5777 2187 5819">
     <span class='ocr_line' id='line_1_121' title="bbox 1998 5777 2187 5819; baseline -0.021 0"><span class='ocrx_word' id='word_1_873' title='bbox 1998 5777 2187 5819; x_wconf 73' lang='grc' dir='ltr'>ηηηαε.</span> 
     </span>
    </p>
   </div>
  </div>
