3910 6210
353 403 472 471 983

1809 406 1874 472 S.
1921 403 2296 473 AMBROSII

3631 406 3746 471 284

278 608 287 613 _
351 536 496 597 Nam
529 536 577 598 si
608 541 666 597 in
697 539 903 598 humili
953 544 1147 600 essent
1194 544 1428 616 propter
1459 542 1742 612 tutamen,
1775 557 1994 599 munus
2022 543 2077 610 Α
2104 540 2252 599 Nam
2279 540 2394 598 nisi
2423 540 2505 599 ita
2524 544 2700 611 esset,
2770 540 2903 616 quis
2955 556 3072 599 non
3103 537 3175 598 ad
3206 555 3439 599 omnem
3493 537 3747 600 fortioris

351 631 771 705 impediretur:
807 633 852 687 si
885 632 942 686 in
976 632 1206 700 vertice,
1255 636 1518 705 paterent
1561 633 1632 688 ad
1692 633 1993 703 iniuriam.

349 720 550 793 Itaque
580 739 651 777 ne
686 721 766 777 vel
797 722 925 776 usui
978 722 1239 777 muneris
1282 721 1502 794 aliquid
1568 723 1992 789 detraheretur,

351 809 439 864 vel
471 808 691 882 aliquid
726 812 791 866 ad
825 810 1281 882 propulsandam
1314 811 1591 880 injuriam
1624 828 1739 866 non
1773 811 1997 882 prospi-

351 904 576 954 ctretur
599 899 731 971 (95),
763 916 829 955 eo
861 899 968 954 lcci
993 899 1195 955 oculos
1227 899 1553 967 constituit,
1574 898 1666 954 cui
1689 897 1999 970 supercilia

350 987 602 1059 desuper
624 1006 737 1044 non
761 988 1070 1043 minimum
1089 987 1834 1060 protectionisimpertiant,
1864 987 1997 1042 sub—

349 1079 438 1132 ter
467 1076 631 1132 malae
662 1076 1095 1148 aliquantulum
1127 1077 1356 1132 elevatae
1389 1076 1544 1131 haud
1572 1076 1843 1147 exiguum
1869 1092 1995 1130 mu-

350 1164 588 1221 nitionis
602 1166 694 1236 adj
705 1170 947 1237 ungant,
970 1166 1140 1220 interi
1148 1181 1304 1219 orem
1328 1170 1551 1236 partem
1566 1164 1793 1236 sepiant
1805 1180 1995 1227 nares,

350 1254 690 1309 exteriorem
723 1270 956 1325 quoque
987 1254 1198 1310 frontis
1230 1253 1638 1325 malarumque
1659 1252 1994 1326 gibbiextu-

349 1343 554 1399 herent
578 1361 590 1398 :
624 1348 679 1398 et
702 1341 831 1398 licet
858 1344 1084 1399 ossium
1116 1359 1393 1414 compage
1415 1359 1673 1397 connexa
1693 1346 1747 1397 et
1769 1345 1998 1413 aequata

350 1432 604 1487 confinia
633 1430 1075 1486 circumvallare
1098 1430 1427 1496 videantur,
1461 1430 1614 1485 inter
1643 1430 1763 1485 haec
1818 1430 1996 1485 medii

350 1524 491 1575 sunt
519 1520 820 1575 oculorum
843 1522 1032 1587 orbes,
1061 1525 1118 1575 et
1143 1520 1253 1574 tuti
1287 1521 1358 1575 ad
1412 1519 1756 1585 cavendum,
1815 1524 1871 1574 et
1924 1519 1997 1574 ad

347 1609 698 1664 intuendum
729 1608 894 1664 liberi
932 1653 945 1677 ,
979 1613 1033 1664 et
1054 1608 1245 1664 decori
1279 1609 1350 1663 ad
1381 1608 1650 1679 gratiam,
1684 1613 1749 1663 ut
1779 1612 1910 1679 pote
1937 1607 1995 1661 in

326 1696 604 1773 [crystalli
658 1698 888 1770 specien
943 1697 1314 1769 refulgentes.
1377 1698 1438 1752 In
1497 1714 1749 1768 quorum
1806 1697 1997 1751 medio

346 1786 580 1859 pupillae
611 1791 767 1852 sunt,
801 1804 927 1859 quas
946 1786 1178 1842 videndi
1201 1803 1418 1841 munus
1440 1790 1774 1859 operantur.
1810 1784 1907 1839 Hae
1929 1801 1999 1840 ne

348 1893 466 1947 qua
491 1875 801 1931 incidentis
830 1875 1061 1944 injurias
1118 1875 1439 1931 offensione
1500 1874 1804 1940 laedantur,
1865 1871 2077 1979 pilisB

346 1964 485 2020 hinc
516 1965 651 2020 inde
678 1965 962 2020 consertis
993 1964 1153 2020 velut
1176 1965 1430 2036 quodam
1454 1963 1602 2019 vallo
1635 1980 1737 2034 per
1782 1960 1996 2017 circui-

344 2057 470 2109 tum
504 2054 871 2109 muniuntur.
906 2053 1069 2109 Unde
1098 2058 1291 2109 tutum
1325 2052 1436 2108 sibi
1468 2051 1749 2108 auxilium
1796 2054 1995 2121 postu-

346 2142 476 2198 lans
507 2142 797 2214 Propheta
824 2143 941 2198 ait:
978 2142 1194 2197 Custodi
1220 2157 1325 2207 me,
1360 2142 1604 2207 Domine,
1636 2148 1694 2194 ut
1725 2138 1998 2210 pupillam

346 2232 491 2287 oculi
533 2233 703 2303 (Psal.
755 2249 868 2295 xw,
918 2233 1008 2302 8);
1042 2235 1107 2286 ut
1153 2229 1529 2302 protectionis
1578 2229 1786 2283 divinae
1836 2227 1999 2282 fieret

346 2320 397 2376 ei
420 2326 541 2376 tam
573 2320 820 2376 sollicita
850 2324 907 2374 et
964 2323 1092 2374 tuta
1139 2319 1425 2382 custodia,
1484 2334 1661 2389 quam
1710 2315 1995 2389 pupillam

346 2408 498 2465 oculi
530 2409 828 2465 tutissimo
860 2409 1109 2480 quodam
1163 2413 1380 2463 naturae
1437 2406 1586 2463 vallo
1618 2406 1849 2461 munire
1907 2404 1996 2458 di-

345 2502 558 2571 gnatus
576 2502 691 2563 est.
718 2497 905 2553 Simul
931 2498 1072 2570 quia
1101 2496 1435 2553 innocentia
1460 2500 1517 2551 et
1548 2493 1855 2567 integritas
1886 2492 1994 2548 levi

345 2587 514 2642 sorde
535 2603 767 2658 aspersa
791 2586 1121 2652 violatur,et
1146 2587 1343 2659 gratia:
1369 2604 1486 2641 suae
1511 2601 1728 2640 munus
1747 2582 1992 2638 amittit:

344 2679 402 2733 et
429 2676 559 2731 ideo
593 2676 1067 2747 prospiciendum
1099 2691 1172 2729 ne
1203 2675 1336 2746 quis
1367 2691 1496 2730 eam
1538 2673 1727 2745 pulvis
1784 2670 1997 2726 erroris

343 2763 604 2832 oblimet,
638 2767 740 2818 aut
772 2763 890 2818 ulla
918 2768 1080 2819 vexet
1110 2762 1334 2818 festuca
1365 2762 1626 2833 peccati;
1658 2759 1796 2832 quia
1851 2759 1997 2815 scri-

342 2856 508 2924 ptum
533 2858 655 2907 est:
692 2853 839 2921 Ejicc
870 2851 1336 2922 primumtrabem
1364 2850 1427 2905 de
1455 2850 1609 2905 oculo
1632 2852 1743 2915 tuo,
1787 2856 1839 2902 et
1866 2857 1993 2903 tunc

343 2939 550 2995 videbis
580 2941 773 3011 ejicere
801 2942 1070 3010 festucam
1097 2939 1162 2994 de
1203 2940 1355 2995 oculo
1386 2940 1580 3010 fratris
1644 2938 1729 2992 tui
1785 2936 1994 3009 (Matth.

343 3045 445 3083 vn.
480 3028 556 3099 5).

414 3118 503 3173 61.
535 3117 739 3189 Itaque
771 3121 1005 3189 propter
1034 3116 1232 3173 oculos
1264 3117 1459 3173 ferunt
1504 3114 1775 3172 medendi
1830 3112 1998 3186 periti

345 3206 651 3262 cerebrum
686 3206 941 3262 hominis
973 3207 1030 3261 in
1063 3206 1249 3278 capite
1279 3205 1557 3275 locatum,
1600 3204 1744 3259 alios
1801 3206 1996 3258 autem

2104 648 2315 687 sonum
2347 630 2503 687 vocis
2523 631 2808 689 attonitus
2838 631 3192 699 redderetur,
3255 647 3391 687 cum
3444 630 3596 687 inter
3625 632 3746 704 ipsa

2105 721 2368 777 subsidia
2397 721 2731 793 frequenter
2760 720 3076 792 improviso
3129 719 3283 776 ictus
3341 718 3594 776 clamore
3646 738 3745 777 nos

2104 810 2521 866 obsurdescere
2553 809 2921 865 sentiamus?
2958 810 3109 864 Tum
3140 808 3298 864 velut
3327 809 3594 881 quaedam
3617 827 3740 883 pro-

2104 898 2436 971 pugnacula
2489 898 2684 954 videas
2755 899 3111 971 pra-tendere
3165 898 3443 954 adversus
3482 898 3745 970 ‘frigoris

2105 987 2498 1060 asperitatem,
2532 986 2858 1060 calorisque
2889 987 3281 1060 ﬂagrantiam;
3344 992 3410 1042 ut
3449 1004 3635 1060 neque
3655 987 3744 1042 fri-

2105 1092 2215 1149 gus
2249 1079 2508 1148 penetret
2537 1076 2749 1133 ductus
2780 1080 3065 1148 patentes,
3088 1091 3277 1147 neque
3310 1075 3531 1131 nimius
3551 1077 3747 1132 adurat

2105 1169 2301 1220 aestus.
2336 1164 2600 1221 Sinuatio
2630 1170 2828 1221 autem
2858 1164 3205 1220 interiorum
3256 1164 3493 1220 aurium
3552 1164 3745 1220 modu-

2105 1253 2263 1309 landi
2296 1254 2613 1326 quemdam
2654 1270 2966 1311 numerum
2997 1257 3235 1326 praestat
3261 1258 3318 1308 et
3355 1251 3742 1324 disciplinam.

2104 1342 2403 1414 Siquidem
2437 1360 2538 1414 per
2567 1343 2866 1398 anfractus
2899 1341 3131 1397 aurium
3183 1341 3427 1412 quidam
3487 1340 3744 1414 rhytmus

2103 1430 2358 1486 efﬁcitur
2389 1431 2524 1502 (97),
2549 1436 2608 1488 et
2629 1431 2885 1487 modulis
2907 1430 3263 1503 quibusdam
3288 1429 3564 1502 ingressae
3576 1446 3742 1485 sonus

2102 1520 2260 1575 vocis
2291 1519 2652 1593 exprimitur.
2683 1520 2941 1576 Tenaces
2986 1524 3262 1592 praeterea
3317 1518 3607 1574 sermonis
3658 1534 3741 1573 ac-

2106 1608 2253 1679 cepti
2288 1608 2447 1680 ipsos
2468 1625 2596 1664 esse
2616 1609 2915 1664 anfractus
2936 1607 3168 1664 aurium
3191 1624 3334 1663 usus
3365 1607 3494 1679 ipse
3524 1624 3628 1663 nos
3651 1606 3740 1661 do-

2105 1701 2215 1751 cet.
2245 1696 2548 1768 Siquidem
2592 1695 2752 1753 velut
2779 1697 2839 1752 in
2879 1696 3147 1753 concavis
3200 1694 3517 1763 montium,
3553 1694 3638 1751 vel
3688 1693 3742 1749 in

2106 1801 2341 1841 recessu
2374 1785 2633 1858 rupium,
2666 1784 2754 1841 vel
2777 1785 2836 1841 in
2867 1786 3134 1841 anfractu
3165 1784 3487 1839 ﬂuminum
3520 1801 3625 1840 vox
3651 1800 3740 1839 au-

2108 1873 2268 1928 ditur
2294 1873 2538 1942 dulcior,
2571 1879 2629 1930 et
2654 1890 2935 1947 responsa
2963 1873 3164 1930 suavia
3194 1873 3452 1929 referens
3483 1873 3621 1930 echo
3665 1889 3743 1928 re-

2105 1961 2304 2017 sultat.
2339 1963 2478 2035 Ipsae
2510 1979 2743 2035 quoque
2799 1963 3000 2019 sordes
3056 1961 3293 2017 aurium
3353 1978 3475 2017 non
3525 1959 3742 2017 inutiles

2105 2067 2235 2123 quae
2264 2050 2449 2124 ligant
2485 2068 2711 2108 vocem:
2748 2056 2813 2106 ut
2867 2051 3128 2107 tenacior
3182 2052 3310 2123 ejus
3363 2051 3429 2106 in
3481 2050 3644 2107 nobis
3696 2055 3744 2105 et

2104 2140 2390 2196 memoria
2420 2141 2517 2207 sit,
2542 2146 2600 2196 et
2623 2140 2829 2214 gratia.

2174 2229 2264 2284 63.
2297 2229 2377 2285 De
2408 2228 2651 2286 naribus
2682 2236 2881 2286 autem
2913 2230 3052 2302 quid
3083 2228 3311 2302 loquar,
3343 2245 3478 2301 quae
3519 2228 3666 2286 bivio
3693 2233 3741 2283 et

2104 2333 2343 2389 procero
2375 2318 2659 2374 foramine
2674 2323 2912 2374 antrum
2937 2318 3235 2391 quoddam
3254 2318 3605 2391 recipiendis
3623 2318 3743 2373 odo-

2105 2407 2270 2462 ribus
2300 2412 2611 2479 praestant;
2646 2412 2711 2463 ut
2739 2424 2854 2462 non
2888 2407 3276 2479 perfunctorie
3302 2408 3451 2463 odor
3479 2410 3738 2474 transeat,

2103 2496 2207 2551 sed
2238 2495 2439 2552 diutus
2470 2496 2750 2552 inhaereat
2778 2496 3041 2566 naribus,
3073 2501 3130 2552 et
3157 2512 3359 2552 earum
3391 2497 3575 2552 ductu
3603 2509 3741 2551 cere-

2104 2584 2297 2651 brum,
2335 2601 2662 2657 sensusque
2701 2584 3023 2658 depascat?
3052 2585 3185 2640 Ideo
3215 2584 3441 2640 diutius
3472 2584 3612 2641 odor
3650 2583 3742 2639 ﬂa-

2104 2677 2236 2745 grat
2255 2678 2530 2746 acceptus
2559 2690 2737 2746 quam
2788 2691 2979 2730 sermo
3012 2678 3265 2741 resonat,
3303 2677 3408 2728 aut
3436 2673 3598 2728 visus
3652 2688 3741 2743 ap-

2106 2766 2287 2834 paret.
2322 2762 2673 2834 Plerumque
2703 2763 2858 2835 quod
2893 2767 3186 2820 momento
3216 2762 3373 2817 brevi
3407 2762 3588 2818 fueris
3618 2761 3743 2816 odo-

2106 2854 2293 2917 ratus,
2326 2855 2445 2907 toto
2475 2850 2568 2907 die
2598 2851 2704 2906 tibi
2734 2850 2921 2924 spirat
2947 2851 3007 2906 in
3043 2849 3301 2906 naribus.
3334 2849 3447 2905 Per
3472 2866 3570 2906 eas
3610 2865 3743 2921 quo-

2107 2954 2221 3010 que
2251 2943 2640 3012 purgamenta
2695 2938 2903 3011 capitis
2934 2938 3221 3006 deﬂuunt,
3256 2940 3313 2993 et
3368 2937 3500 2994 sine
3553 2937 3741 2993 fraude

2106 3031 2285 3098 atque
2313 3027 2631 3084 offensione
2662 3026 2861 3098 aliqua
2886 3027 3145 3099 corporis
3176 3026 3538 3082 derivantur.

2176 3117 2265 3170 64.
2300 3116 2402 3172 Est
2430 3115 2607 3172 etiam
2635 3132 2750 3171 non
2783 3113 3093 3171 mediocris
3123 3131 3334 3170 sensus
3361 3115 3425 3170 in
3454 3118 3632 3181 tactu,
3663 3118 3741 3169 at-

2112 3220 2225 3276 que
2253 3203 2314 3259 in
2339 3220 2406 3259 eo
2435 3203 2707 3275 voluptas
2738 3202 3099 3277 gratissima,
3132 3203 3554 3276 sincerumque
3593 3201 3739 3274 judi-

344 3297 528 3352 nostri
561 3295 821 3368 corporis
851 3312 1063 3352 sensus
1122 3300 1357 3367 propter
1386 3295 1688 3351 cerebrum
1744 3291 1995 3347 finitimo
2026 3279 2069 3346 C
2107 3291 2285 3349 cium.
2320 3291 2668 3364 Plerumque
2683 3292 2840 3348 enim
2871 3293 3032 3348 tactu
3062 3290 3402 3363 probamus,
3425 3307 3553 3363 qua
3571 3287 3740 3346 oculis

342 3384 598 3455 quodam
625 3402 754 3441 esse
783 3384 1079 3440 domicilio
1124 3385 1492 3441 constitutos.
1544 3382 1780 3438 Initium
1837 3380 1993 3436 enim

342 3489 654 3528 nervorum
687 3478 742 3529 et
771 3474 1037 3528 omnium
1070 3490 1351 3529 sensuum
1365 3470 1705 3527 voluntariae
1736 3485 1993 3525 commo-

339 3560 518 3616 tionis
545 3562 849 3617 cerebrum
880 3567 989 3627 est,
1026 3566 1200 3634 atque
1240 3562 1377 3617 inde
1408 3560 1602 3616 omnis
1632 3576 1833 3615 eorum
1866 3574 1995 3628 quae

342 3649 619 3726 diximus,
652 3666 831 3706 causa
858 3655 1076 3706 manat.
1116 3650 1352 3705 Initium
1401 3653 1597 3706 autem
1649 3647 1995 3704 arteriarum

342 3741 399 3792 et
430 3737 593 3792 insiti
629 3738 981 3810 caloris,quo
1014 3739 1355 3794 animantur
1375 3742 1430 3793 et
1460 3738 1747 3809 tepefiunt
1775 3733 1993 3800 vitalia,

341 3842 441 3882 cor
469 3842 596 3882 esse
627 3826 887 3900 plerique
918 3828 1296 3883 arbitrantur.
1326 3827 1622 3883 Sansuum
1651 3829 1846 3880 autem
1875 3823 1994 3878 sin-

341 3914 614 3988 gulorum
645 3916 799 3971 velut
831 3933 1118 3989 organum
1154 3914 1469 3972 I88nervi
1499 3918 1659 3981 sunt,
1708 3912 1809 3984 qui
1837 3910 1998 3967 velut

339 4004 566 4060 chordas
597 4009 654 4060 et
681 4006 824 4061 ﬁdes
854 4006 1121 4077 quaedam
1165 4006 1236 4060 de
1293 4005 1531 4060 cerebro
1591 4002 1886 4065 oriuntur,
1939 4005 1997 4055 et

338 4109 443 4164 per
473 4098 669 4166 partes
700 4095 960 4166 corporis
991 4094 1050 4148 in
1079 4092 1312 4166 singula
1342 4108 1589 4164 quaeque
1618 4090 1815 4147 officia
1844 4089 1995 4145 deri-

337 4188 567 4238 vantur.
608 4184 858 4255 Ideoque
890 4182 1126 4238 mollius
1147 4187 1237 4238 est
1263 4182 1483 4238 caateris
1501 4181 1827 4250 cerebrum,
1859 4177 1998 4250 quia

338 4288 543 4327 omnes
573 4272 823 4344 suscipit
853 4288 1066 4327 sensus
1097 4271 1250 4343 (96);
1293 4272 1447 4326 unde
1477 4285 1682 4325 omnes
1713 4266 1894 4333 nervi,
1941 4270 1998 4322 et

338 4377 453 4431 quo
485 4361 745 4416 referunt
774 4361 1068 4426 universa,
1102 4377 1232 4432 quae
1263 4359 1347 4415 vel
1385 4358 1591 4413 oculus
1621 4356 1853 4423 viderit,
1906 4354 1995 4410 vel

345 4446 503 4500 auris
535 4447 806 4513 audierit,
837 4447 924 4502 vel
956 4448 1099 4503 odor
1128 4446 1493 4514 inhalaverit,
1525 4444 1613 4501 vel
1645 4444 1846 4517 lingua
1901 4444 1997 4499 in~

344 4534 656 4604 crepuerit,
706 4536 792 4590 vel
852 4552 917 4590 os
976 4536 1202 4607 saporis
1253 4534 1562 4607 acceperit.
1614 4534 1782 4598 Quod
1838 4533 1997 4588 enim

346 4619 542 4686 molle,
568 4622 639 4676 ad
657 4624 1126 4694 compassionem
1142 4625 1337 4695 aptius
1361 4640 1373 4678 :
1391 4623 1546 4694 quod
1570 4627 1767 4677 autem
1782 4622 1996 4677 durum

346 4726 415 4765 ex
444 4709 641 4781 aliquo
674 4710 861 4781 rigore
892 4728 1223 4777 nervorum,
1257 4712 1324 4766 ad
1361 4711 1654 4783 agendum
1676 4710 1990 4766 efficacius.

410 4800 503 4854 62.
531 4797 1091 4854 Praestantissimum
1116 4815 1348 4870 quoque
1361 4798 1866 4854 audiendimunus
1883 4803 1991 4866 est,

344 4891 403 4943 et
430 4887 583 4943 visui
616 4904 793 4959 supra
818 4887 1025 4959 gratia.
1062 4887 1193 4942 Ideo
1223 4904 1395 4943 aures
1419 4887 1802 4942 exstantiores
1833 4890 1991 4954 sunt;

337 4981 404 5033 ut
434 4982 492 5033 et
523 4981 765 5033 ornatus
787 4976 1057 5032 decorem
1081 4977 1408 5049 prmferant,
1433 4980 1489 5032 et
1506 4975 1801 5046 excipiant
1821 4990 1995 5030 omne

339 5064 487 5121 illud
516 5065 801 5139 quidquid
832 5066 903 5121 de
934 5066 1146 5122 vertice
1166 5064 1430 5122 sordium
1453 5064 1789 5120 humerisve
1814 5063 1997 5118 deﬂu-

343 5154 492 5210 xerit
526 5172 538 5223 ;
573 5155 752 5211 simul
786 5158 849 5211 ut
878 5155 936 5209 in
983 5171 1183 5210 earum
1218 5153 1448 5209 sinibus
1505 5170 1612 5208 vox
1652 5168 1997 5224 repercussa

342 5243 470 5299 sine
519 5244 837 5300 offensione
889 5243 1198 5298 interiores
1256 5242 1621 5315 ingrediatur
1674 5240 1992 5297 anfractus.

410 5437 521 5507 (95)
544 5438 661 5511 §ex
692 5440 1269 5511 mss.,_suiimuneris.
1305 5439 1370 5495 Et
1388 5439 1561 5511 paulo
1595 5443 1771 5511 post.,
1797 5439 1995 5505 Carn.,

340 5509 501 5582 Bem,
533 5507 700 5573 Cori),
743 5512 800 5562 et
827 5508 925 5582 alii
975 5510 1091 5565 fere
1135 5527 1342 5566 omnes
1388 5507 1523 5567 ante
1565 5507 1994 5582 prospiceretur,

342 5577 621 5648 omittunt
653 5577 1041 5648 negationem.

412 5646 525 5718 (96)
557 5646 974 5727 Msenaliquot‘,
1007 5655 1063 5705 et
1093 5653 1233 5706 edit.
1261 5654 1400 5727 vet.,
1453 5652 1598 5727 unde
1628 5654 1999 5727 omnesnerui

342 5720 897 5792 quaeruntunivejjsa.
932 5720 1128 5791 Rom.,
1161 5738 1221 5778 eo
1241 5724 1561 5779 enimnervi
1584 5726 1830 5792 re/erunt
1861 5725 1995 5778 uni-

336 5787 510 5849 versa.
542 5787 663 5847 Alii
694 5787 923 5846 codices
955 5805 1072 5846 non
1101 5787 1295 5865 pauci,
1329 5792 1472 5850 unde
1500 5800 1554 5850 et
1574 5787 1753 5862 nervi,
1781 5798 1835 5850 et
1873 5810 1992 5867 quae

2102 3383 2347 3453 probare
2378 3398 2493 3437 non
2526 3397 2865 3454 possumus.

2172 3470 2263 3526 65.
2294 3471 2663 3527 Postremum
2693 3485 2928 3541 quoque
2967 3467 3227 3524 ofﬁcium
3250 3470 3340 3524 est
3367 3468 3492 3524 oris
3521 3463 3741 3523 autnlin-

2102 3576 2250 3632 guae,
2278 3560 2433 3631 quod
2465 3563 2665 3615 tamen
2695 3557 2973 3614 omnibus
3029 3558 3180 3613 vires
3228 3556 3550 3613 ministrat.
3606 3555 3738 3611 Nam

2104 3662 2295 3718 neque
2321 3645 2471 3702 oculi
2502 3646 2759 3719 vigorem
2800 3644 3035 3700 videndi
3065 3643 3366 3710 haberent,
3391 3644 3511 3699 nisi
3566 3640 3733 3697 virtu-

2102 3740 2221 3791 tem
2280 3735 2623 3807 substantiaa
2688 3733 3007 3806 corporalis
3039 3731 3388 3803 acciperent,
3452 3748 3581 3803 qua;
3625 3728 3739 3785 cibo

2104 3825 2367 3880 defertur
2394 3828 2452 3880 et
2481 3827 2643 3896 potu,
2674 3838 2864 3894 neque
2893 3838 3064 3877 aures
3106 3820 3403 3887 audiendi,
3441 3823 3541 3876 aut
3589 3830 3739 3873 nares

2105 3913 2407 3980 odorandi,
2441 3917 2544 3968 aut
2570 3928 2780 3968 manus
2806 3909 3106 3982 tangendi,
3166 3907 3281 3964 nisi
3338 3924 3557 3982 corpus
3586 3920 3743 3964 omne

2104 4003 2462 4058 confortatur
2492 4000 2807 4057 alimentis.
2841 3997 3157 4055 Deﬁcimus
3179 3997 3336 4052 enim
3365 3997 3612 4061 viribus,
3633 3990 3734 4049 nisi

2104 4106 2205 4147 eas
2221 4090 2333 4146 cibi
2351 4088 2736 4162 competentis
2758 4087 3104 4144 assiduitate
3126 4100 3492 4159 reparemus.
3508 4081 3742 4154 Denique

2104 4179 2349 4235 confecti
2379 4179 2532 4234 fame
2562 4176 2741 4233 nullis
2770 4174 3139 4232 oblectantur
3168 4190 3460 4230 sensuum
3498 4171 3739 4242 volupta-

2105 4268 2287 4336 tibus,
2320 4268 2419 4323 sed
2455 4265 2625 4339 quasi
2658 4268 2918 4321 exsortes
2948 4279 3151 4320 eorum
3211 4260 3594 4319 delinimenta
3640 4271 3739 4313 non

2107 4356 2391 4412 sentiunt.

2178 4446 2332 4501 189
2361 4444 2452 4499 66.
2485 4442 2633 4509 Quid
2665 4458 2770 4515 ego
2807 4441 3135 4498 describam
3196 4439 3463 4496 dentium
3520 4435 3736 4496 vallum,

2107 4549 2224 4605 quo
2244 4532 2410 4589 cibus
2467 4530 2794 4598 conficitur,
2826 4534 2884 4586 et
2907 4529 3091 4602 plena
3122 4529 3187 4583 ﬁt
3213 4528 3375 4584 vocis
3419 4516 3736 4600 expressio?

2027 4646 2074 4710 Β
2105 4623 2240 4687 Quae
2271 4621 2396 4676 sine
2427 4620 2704 4710 dentibus
2758 4614 3039 4675 alimenia
3078 4615 3454 4710 delectaret?
3498 4612 3734 4710 Denique

2103 4709 2206 4764 aevi
2236 4714 2499 4765 maturos
2529 4708 2878 4781 plerumque
2934 4706 3232 4763 cernimus
3282 4704 3395 4761 hoc
3427 4705 3551 4776 ipso
3580 4699 3733 4757 citius

2104 4814 2425 4868 senescere,
2460 4797 2614 4870 quod
2648 4795 2887 4853 amissis
2918 4794 3194 4851 dentibus
3252 4793 3477 4850 nullam
3533 4787 3738 4864 possint

2103 4887 2218 4942 cibi
2248 4886 2524 4943 virtutem
2549 4884 2848 4942 validioris
2879 4900 3200 4941 assumere.
3225 4883 3357 4938 Ideo
3380 4885 3542 4938 muta
3564 4876 3732 4934 infan-

2103 4975 2204 5044 tia,
2239 4975 2376 5048 quia
2407 4992 2522 5030 non
2554 4974 2732 5030 habet
2757 4974 2949 5030 adhuc
2979 4988 3267 5046 organum
3297 4971 3477 5027 vocis.

2175 5047 2273 5120 67.7
2301 5064 2541 5137 Lingua
2571 5078 2805 5136 quoque
2835 5056 2952 5118 non
2984 5061 3176 5118 solum
3207 5059 3266 5116 in
3301 5056 3610 5133 loquendo,
3646 5047 3733 5106 sed

2106 5154 2282 5209 etiam
2297 5153 2354 5209 in
2369 5153 2593 5209 edendo
2616 5169 2835 5209 munus
2858 5149 3354 5224 pretiosissimum
3376 5149 3483 5204 est.
3499 5145 3577 5201 Ea
3594 5138 3731 5198 enim

2104 5240 2262 5298 velut
2293 5240 2580 5315 plectrum
2612 5239 2930 5314 loquentis,
2961 5242 3020 5295 et
3050 5238 3318 5311 quaedam
3378 5230 3597 5292 edentis
3654 5226 3733 5283 est

2101 5440 2519 5512 referunt,_etc.
2545 5435 2784 5512 pptime
2837 5435 2977 5512 lien.
3012 5439 3079 5490 ut
3108 5435 3168 5512 i_n_
3197 5436 3381 5512 textu.
3527 5497 3537 5509 ι

2176 5492 2677 5583 (97)ίΜέεξζᾷὲη,
2737 5492 2803 5564 ac
2856 5508 2980 5583 Ilig.
3037 5505 3263 5583 quidam
3293 5510 3483 5583 εττόμος,
3632 5492 3727 5583 eg},

2105 5564 2573 5657 garru'litaszlii
2598 5564 3227 5657 ratqueedithuidgm
3254 5564 3726 5657 νὴαεὲηώιρᾁξὲττ

2107 5635 2705 5718 humerusmusicus:
2725 5649 2814 5708 vel
2866 5654 2931 5706 ut
2957 5635 3097 5706 Ben.
3131 5648 3283 5703 inter
3322 5635 3518 5702 lineas
3533 5635 3725 5696 habet;

2102 5723 2284 5780 dulcis
2330 5740 2517 5781 sonus.
