3932 6212
211 406 319 473 ὶ88

1488 397 2026 466 HEXAEMERON
2069 400 2216 464 LIB.
2258 399 2336 465 Vl
2346 446 2358 461 .

3500 407 3617 469 286

218 558 439 613 manus,
465 557 600 616 quae
624 539 981 600 defluentem
1008 538 1203 597 cibum
1226 537 1501 596 dentibus
1522 539 1786 613 suggerit
1807 543 1864 594 et
1890 536 1945 602 Α
1976 538 2197 591 rentem
2233 535 2438 593 divinae
2469 535 2665 611 arguit
2690 537 2848 595 vocis
2876 534 3130 596 oraculo.
3177 538 3329 597 Illud
3382 557 3614 616 quoque

216 633 525 689 ministrat.
559 633 687 687 Vox
717 648 950 705 quoque
981 630 1130 687 aeris
1161 629 1415 702 quodam
1448 628 1691 702 remigio
1707 627 1861 684 vehi-

212 728 322 789 tur,
345 726 402 778 et
421 738 523 794 per
543 719 722 776 inane
750 724 1032 792 portatur,
1059 720 1378 791 eademque
1404 719 1489 774 vis
1513 735 1640 790 quas
1667 733 1857 773 aerem

212 811 492 873 verberat,
518 826 681 864 nunc
703 812 1046 873 commovet,
1072 825 1224 863 nunc
1251 806 1542 863 demulcet
1571 806 1863 862 audientis

215 899 507 965 affectum,
532 897 750 954 iratum
776 898 1025 969 mitigat,
1051 897 1299 952 fractum
1317 895 1508 969 erigit,
1530 894 1752 952 solatur
1769 895 1865 951 do-

213 988 450 1044 lentem.
493 986 585 1042 Sit
614 986 799 1059 igitur
828 986 994 1042 nobis
1042 1002 1323 1041 canorum
1373 1001 1682 1041 commune
1730 1000 1862 1039 cum

215 1077 441 1133 avibus.
466 1075 579 1132 Sed
599 1076 754 1148 apud
774 1092 947 1147 quem
971 1093 1086 1147 quo
1109 1092 1251 1131 sono
1276 1074 1434 1130 vocis
1457 1078 1673 1143 utatur,
1709 1073 1864 1145 quod

216 1170 303 1222 est
333 1163 704 1229 rationabile,
735 1181 851 1219 non
884 1168 1074 1236 potest
1104 1181 1236 1220 cum
1266 1162 1539 1219 omnibus
1560 1161 1866 1219 animanti-

216 1255 327 1310 bus
358 1252 802 1309 irrationalibus
832 1252 1055 1309 scilicet
1083 1269 1211 1309 esse
1254 1269 1583 1308 commune.
1624 1252 1771 1307 Nam
1813 1255 1869 1306 et

220 1343 332 1416 ipsi
360 1359 576 1398 sensus
602 1357 946 1397 communes
968 1341 1138 1396 nobis
1159 1345 1444 1396 suntcum
1467 1340 1867 1396 animantibus

221 1431 484 1487 caeteris:
520 1431 621 1486 sed
654 1434 848 1486 tamen
880 1448 995 1485 non
1027 1431 1229 1486 eadem
1251 1429 1343 1486 his
1363 1434 1579 1485 caetera:
1602 1429 1867 1485 animan-

221 1525 307 1576 tes
340 1519 636 1575 industria
666 1522 931 1574 utuntur.
968 1518 1146 1592 Erigit
1166 1519 1380 1574 bucula
1408 1519 1479 1574 ad
1506 1517 1715 1574 coelum
1741 1535 1871 1574 ocu-

221 1608 331 1674 los,
365 1607 468 1664 sed
502 1607 643 1679 quid
671 1611 890 1678 spectet
920 1608 1168 1680 ignorat.
1192 1607 1435 1681 Erigunt
1459 1608 1612 1674 ferae,
1637 1608 1871 1679 erigunt

220 1713 381 1757 aves.
414 1696 693 1753 omnibus
730 1701 818 1752 est
864 1696 1012 1751 liber
1057 1701 1359 1769 aspectus;
1412 1697 1510 1752 sed
1561 1695 1667 1752 soli
1720 1696 1872 1751 inest

219 1786 448 1843 homini
482 1802 684 1842 eorum
717 1802 843 1858 quas
868 1785 1077 1858 aspicit
1115 1785 1357 1842 affectus
1392 1785 1696 1857 interpres.
1729 1784 1868 1856 Spe-

221 1879 341 1932 ctat
365 1873 555 1931 oculis
586 1880 749 1972 ortus
781 1874 1093 1946 obitusque
1126 1874 1452 1947 signorum,
1501 1873 1659 1929 videt
1701 1890 1868 1929 orna-
1903 1907 1951 1972 Β

220 1968 494 2020 mentum
525 1961 674 2031 coeli,
728 1963 976 2019 miratur
1024 1962 1327 2019 stellarum
1378 1964 1567 2031 orbes,
1619 1963 1875 2035 fulgores

224 2069 462 2126 quoque
492 2052 751 2108 diversos
782 2052 1055 2125 intelligit
1085 2051 1453 2124 singulorum
1478 2052 1609 2123 (98),
1644 2051 1876 2123 quando

222 2140 513 2213 hesperus
545 2144 768 2213 surgat,
804 2141 1038 2213 quando
1072 2140 1310 2196 lucifer:
1345 2157 1448 2195 cur
1476 2139 1571 2195 ille
1596 2140 1876 2212 vesperti-

226 2247 362 2297 nus,
410 2229 506 2284 hic
558 2230 885 2285 matutinus
935 2230 1209 2285 irradiet:
1262 2246 1408 2302 quos
1459 2236 1652 2285 motus
1701 2228 1877 2284 Orion

227 2318 466 2384 habeat,
513 2333 659 2390 quos
709 2316 849 2372 luna
895 2318 1192 2373 defectus:
1246 2317 1744 2391 quemadmodum
1794 2316 1879 2372 sol

230 2423 374 2462 suos
406 2406 563 2461 norit
608 2422 871 2467 occasus,
925 2405 1204 2462 circuitus
1253 2421 1485 2478 quoque
1530 2422 1741 2461 cursus
1788 2404 1879 2459 sui

230 2494 603 2551 solemnitate
634 2494 943 2550 custodiat.
993 2495 1254 2550 Audiunt
1281 2511 1513 2566 quoque
1552 2495 1881 2550 animantes

232 2587 474 2650 caztcrss,
510 2582 612 2638 sed
645 2582 778 2654 quis
812 2587 1014 2654 printer
1042 2582 1337 2639 hominem
1362 2583 1651 2639 audiendo
1677 2599 1885 2655 cogno-

234 2672 387 2728 scit?
409 2673 647 2729 Secreta
673 2672 971 2743 sapientiae
1003 2672 1165 2728 solus
1195 2672 1369 2728 homo
1401 2689 1468 2727 ex
1499 2672 1773 2727 omnibus
1793 2688 1885 2743 ge-

234 2760 479 2817 neribus
505 2777 634 2833 quae
666 2761 726 2816 in
759 2761 929 2817 terris
959 2766 1116 2825 sunt,
1150 2761 1353 2817 auditu
1404 2766 1463 2817 et
1511 2760 1884 2816 meditatione

234 2856 287 2906 et
319 2850 637 2923 prudentia
679 2849 921 2922 colligit,
972 2850 1071 2922 qui
1120 2854 1311 2923 potest
1365 2851 1589 2906 dicere:
1636 2848 1882 2905 Audiam

234 2938 373 3011 quid
409 2938 765 3010 loquaturin
801 2954 894 2993 me
922 2938 1207 2994 Dominus
1237 2938 1410 2995 Deus.
1449 2939 1565 2994 Hoc
1614 2943 1703 2994 est
1752 2954 1882 3010 pre-

236 3026 656 3093 tiosissimum,
687 3027 841 3098 quod
874 3026 1046 3083 homo
1068 3027 1273 3083 divina:
1295 3027 1453 3083 vocis
1479 3028 1554 3083 sit
1576 3044 1883 3099 organum,

235 3119 294 3172 et
323 3114 729 3187 corporalibus
760 3114 930 3170 labiis
970 3115 1243 3187 exprimit
1286 3116 1516 3172 cwleste
1559 3115 1884 3181 oraculum,

236 3204 391 3260 sicut
419 3202 563 3259 illuc
593 3208 720 3259 est:
766 3204 973 3260 Clama.
1027 3204 1166 3272 Quid
1207 3204 1497 3260 clamabo?
1544 3204 1731 3260 Omnis
1761 3221 1888 3261 caro

1970 625 2352 696 praecipuum,
2394 628 2550 698 quod
2594 626 2701 682 soli
2752 627 3018 684 homines
3066 645 3161 685 ore
3209 630 3612 703 exprimimus,

1973 730 2099 784 qua:
2157 715 2327 770 corde
2375 716 2684 771 sentimus.
2740 717 2939 789 Itaque
2995 719 3377 791 cogitationes
3427 721 3616 776 tacitae

1972 801 2208 869 mentis,
2234 804 2352 858 oris
2383 820 2649 859 sermone
2679 806 3008 887 signantur.
3042 807 3189 871 Quid
3225 814 3314 863 est
3344 809 3523 882 igitur
3553 826 3616 864 os

1972 889 2251 959 hominis,
2285 890 2395 947 nisi
2429 894 2723 964 quoddam
2758 896 3044 951 sermonis
3075 896 3318 965 aditum,
3343 898 3475 954 fons
3504 899 3621 953 dis-

1973 978 2316 1051 putationis,
2351 979 2486 1035 aula
2514 982 2843 1050 verborum,
2868 987 3338 1057 promptuarium
3363 986 3622 1043 volunta-

1972 1068 2092 1122 tis?
2123 1068 2493 1124 Absolvimus
2522 1070 2679 1126 velut
2708 1073 3025 1143 quamdam
3068 1073 3311 1129 humani
3361 1077 3620 1148 corporis

1974 1156 2214 1229 regiam,
2251 1157 2307 1212 in
2341 1176 2457 1231 qua
2483 1158 2560 1214 sit
2585 1159 2719 1215 licet
2749 1162 3014 1233 quaedam
3055 1164 3354 1235 quantitas
3400 1165 3622 1236 portio-

1976 1246 2090 1310 nis,
2124 1247 2309 1301 forma
2340 1251 2531 1303 tamen
2567 1248 2963 1306 universitatis
2993 1255 3100 1306 est.

2046 1335 2136 1388 69.
2171 1336 2449 1406 Sequitur
2475 1342 2677 1409 guttur
2706 1355 2806 1409 per
2837 1340 2990 1410 quod
3021 1339 3200 1395 totius
3231 1340 3490 1413 corporis
3536 1340 3620 1397 vi-

1977 1422 2091 1479 tale
2121 1424 2558 1490 commercium,
2592 1431 2647 1481 et
2673 1427 2917 1498 spiritus
2949 1428 3124 1499 hujus
3158 1434 3519 1487 commeatus
3543 1431 3626 1485 in-

1978 1511 2265 1567 funditur.
2300 1513 2632 1569 Succedunt
2657 1514 2914 1582 brachia,
2948 1521 3005 1571 et
3051 1517 3226 1572 validi
3274 1517 3622 1574 lacertorum

1977 1599 2112 1667 tori,
2146 1600 2348 1656 validae
2376 1603 2444 1657 ad
2478 1604 2843 1674 operandum
2896 1622 3128 1671 manus,
3181 1610 3236 1661 et
3282 1607 3626 1679 proceriori-

1979 1688 2091 1743 bus
2123 1689 2327 1762 digitis
2355 1689 2580 1746 habiles
2602 1692 2672 1747 ad
2707 1693 3045 1748 tenendum.
3079 1694 3223 1749 Hinc
3256 1694 3442 1766 aptior
3482 1713 3626 1752 usus

1981 1778 2277 1849 operandi,
2313 1778 2447 1834 hinc
2478 1779 2772 1836 scribendi
2802 1780 3109 1854 elegantia,
3147 1787 3203 1837 et
3233 1782 3330 1838 ille
3361 1783 3622 1840 calamus

1981 1866 2183 1921 scribae
2214 1867 2484 1923 velociter
2522 1869 2852 1936 scribentis,
2903 1887 3020 1942 quo
3070 1870 3277 1926 divina:
3327 1872 3484 1928 vocis
3532 1890 3627 1930 ex-

1986 1954 2326 2026 primuntur
2357 1956 2610 2012 oracula.
2644 1957 2851 2013 Manus
2883 1963 2971 2014 est
3002 1977 3126 2031 quae
3159 1960 3354 2016 cibum
3385 1961 3471 2018 ori
3521 1962 3629 2018 mi-

1986 2044 2193 2099 nistrat
2217 2061 2229 2098 :
2266 2062 2477 2101 manus
2509 2050 2596 2101 est
2627 2064 2755 2119 quae
2776 2047 3068 2121 praeclaris
3089 2049 3269 2105 enitet
3290 2050 3477 2117 factis,
3503 2067 3630 2123 quas

1987 2131 2347 2188 conciliatrix
2372 2134 2578 2189 divinae
2607 2135 2805 2207 gratia:
2838 2136 3019 2192 sacris
3048 2136 3296 2193 infertur
3324 2137 3629 2206 altaribus,

1988 2238 2089 2294 per
2121 2238 2295 2294 quam
2329 2223 2628 2278 offerimus
2659 2228 2716 2279 et
2745 2225 3038 2281 sumimus
3070 2232 3434 2283 sacramenta
3463 2227 3634 2285 caele-

1989 2312 2100 2365 stia
2127 2328 2139 2377 ;
2175 2327 2385 2367 manus
2416 2316 2647 2383 estquae
2671 2320 2944 2384 operatur
2969 2315 3186 2387 pariter
3206 2319 3381 2388 atque
3398 2317 3632 2389 dispen-

1990 2403 2081 2454 sat
2112 2398 2306 2453 divina
2337 2401 2633 2472 mysteria,
2666 2403 2835 2473 cujus
2866 2402 3146 2459 vocabulo
3191 2420 3305 2459 non
3355 2405 3635 2477 dedigna-

1989 2491 2085 2542 tus
2117 2492 2206 2542 est
2238 2505 2299 2544 se
2331 2488 2432 2543 Dei
2464 2488 2623 2544 ﬁlius
2655 2490 2956 2559 declarari,
2992 2491 3218 2548 dicente
3251 2492 3428 2549 David
3460 2496 3632 2550 :Dcx-

1988 2578 2106 2631 tera
2135 2577 2357 2632 Domini
2384 2578 2515 2648 fecit
2547 2579 2821 2646 virtutem,
2854 2578 3076 2636 dextera
3108 2583 3334 2637 Domini
3377 2583 3640 2638 exultavit

1989 2679 2077 2719 me
2105 2664 2272 2735 (Psal.
2306 2682 2476 2732 cxvu,
2510 2666 2617 2738 16).
2665 2666 2875 2723 Manus
2924 2673 3013 2724 est
3064 2686 3188 2741 quae
3239 2669 3372 2725 fecit
3417 2670 3633 2738 omnia,

1992 2751 2145 2809 sicut
2175 2752 2316 2808 dixit
2348 2754 2503 2810 Deus
2525 2755 2932 2827 omnipotens:
2959 2757 3160 2813 Nonne
3181 2775 3392 2814 manus
3415 2775 3544 2815 mea
3561 2760 3636 2832 (2)

1994 2840 2127 2896 fecit
2157 2842 2278 2898 haec
2308 2844 2508 2899 omnia
2554 2846 2678 2914 (Isa.
2732 2863 2877 2914 LXVI,
2927 2846 3024 2918 2)?
3070 2846 3276 2903 Manus
3324 2852 3414 2903 est
3457 2849 3639 2904 totius

1993 2930 2251 3002 corporis
2279 2933 2807 3005 prepugnaculum,
2836 2934 3044 3007 capitis
3081 2936 3454 2992 defensatrix.
3503 2939 3636 3003 Quae

1995 3035 2128 3074 cum
2162 3020 2237 3075 sit
2268 3020 2391 3076 loco
2425 3021 2681 3089 inferior,
2713 3028 2901 3080 totum
2933 3025 3201 3081 verticem
3235 3026 3432 3093 comit,
3457 3031 3514 3082 et
3536 3026 3638 3083 ho-

1997 3112 2160 3164 nesto
2190 3114 2461 3165 venustat
2491 3115 2721 3167 ornatu.

2064 3199 2154 3252 70.
2189 3199 2328 3265 Quis
2361 3198 2533 3271 digne
2563 3199 2811 3272 explicet
2839 3201 3090 3273 pectoris
3120 3206 3362 3268 cratem,
3393 3203 3641 3258 ventris-

235 3295 428 3365 fmum
472 3295 598 3364 (Isa.
648 3310 738 3359 xc,
780 3294 856 3363 6).
904 3293 1139 3364 Accepit
1185 3294 1340 3365 quod
1391 3294 1624 3358 diceret,
1675 3299 1731 3349 et
1771 3293 1885 3349 cla-
1919 3274 1961 3341 C
2000 3302 2112 3359 que
2146 3286 2497 3342 mollitiem?
2526 3287 2710 3344 Aliter
2738 3289 2895 3343 enim
2939 3290 3161 3345 viscera
3208 3290 3476 3345 molliora
3525 3308 3638 3347 non

240 3381 444 3437 mavit.
478 3380 601 3436 Sibi
628 3380 881 3436 habeant
908 3381 1279 3453 prudentiam
1308 3399 1476 3437 suam
1509 3382 1606 3453 qui
1627 3382 1755 3437 coeli
1775 3386 1887 3437 ter-

241 3485 563 3541 rarumque
594 3470 784 3540 spatia
809 3471 970 3526 radio
1002 3470 1360 3527 describunt.
1385 3471 1505 3526 Sibi
1526 3470 1780 3527 habeant
1802 3471 1888 3525 in-

240 3557 544 3613 tellectum
577 3573 775 3623 suum,
805 3557 876 3613 de
906 3574 1020 3629 quo
1065 3558 1206 3614 dicit
1250 3558 1572 3614 Dominus:
1618 3562 1684 3614 Et
1724 3560 1889 3615 intel-

241 3647 442 3702 lectum
464 3646 824 3718 prudentium
871 3647 1165 3718 reprobabo
1218 3648 1264 3719 (l
1289 3648 1408 3703 Cor.
1444 3665 1479 3714 ι,
1531 3647 1643 3719 49).
1694 3648 1892 3720 Neque

240 3751 525 3791 numeros
555 3734 835 3790 orationis
858 3751 925 3790 ac
956 3736 1179 3802 modos,
1214 3740 1272 3791 et
1301 3735 1570 3792 modulos
1602 3736 1713 3807 (99)
1763 3754 1889 3791 mu-

241 3825 373 3880 sica:
400 3823 701 3896 sapientiae
727 3824 1078 3880 constituam
1110 3824 1169 3879 in
1201 3823 1361 3893 loco;
1387 3825 1487 3880 sed
1511 3841 1641 3880 eam
1663 3825 1891 3897 sapien-

239 3913 386 3968 tiam
436 3911 676 3977 deﬂnio,
718 3912 788 3967 de
844 3929 961 3984 qua
1004 3913 1143 3968 dicit
1192 3912 1514 3983 Propheta:
1575 3914 1785 3970 Incerta
1840 3919 1891 3969 el

239 4002 454 4057 occulta
482 4002 776 4072 sapientia:
803 4010 914 4059 tuas
940 4004 1308 4073 manifestasti
1336 4002 1481 4058 mihi
1526 4004 1696 4075 (Psal.
1730 4021 1779 4069 ι,
1812 4003 1889 4070 8).

311 4090 406 4145 68.
440 4088 591 4153 Quid
624 4095 820 4145 autem
849 4090 1055 4162 loquar
1083 4092 1155 4146 de
1187 4090 1386 4146 osculo
1417 4092 1554 4159 oris,
1588 4092 1743 4163 quod
1768 4092 1892 4164 pie-

239 4179 383 4235 tatis
411 4182 472 4234 et
501 4177 806 4233 charitatis
837 4187 921 4234 est
951 4178 1209 4252 pignus?
1240 4178 1595 4235 Osculantur
1623 4197 1685 4236 se
1711 4184 1769 4235 et
1798 4198 1892 4236 co-

240 4267 483 4332 lumbae,
506 4266 608 4323 sed
638 4266 778 4339 quid
804 4268 876 4322 ad
895 4267 1138 4322 humani
1165 4267 1351 4324 osculi
1369 4273 1753 4337 venustatem,
1779 4286 1894 4340 quo

244 4356 519 4413 amicitia:
552 4355 782 4427 insigne
811 4355 1314 4429 humanitatisque
1346 4357 1669 4429 praetulget,
1696 4357 1754 4413 in
1779 4374 1894 4430 quo

244 4444 430 4517 plenae
462 4443 765 4499 charitatis
796 4443 984 4501 ﬁdelis
1015 4446 1363 4517 exprimitur
1406 4446 1687 4502 affectus?
1735 4446 1898 4503 Unde

246 4539 301 4589 et
331 4532 621 4589 Dominus
651 4531 810 4588 velut
840 4533 1091 4605 prodigii
1123 4550 1309 4606 genus
1337 4534 1397 4589 in
1428 4535 1723 4606 proditore
1759 4552 1897 4592 con-

1998 3380 2239 3447 possent
2271 3376 2471 3443 foveri,
2504 3380 2560 3431 et
2590 3377 3003 3433 intestinorum
3052 3378 3218 3435 sinus
3268 3379 3432 3434 duris
3479 3378 3638 3434 haud

1999 3464 2175 3518 dubie
2196 3463 2430 3520 ossibus
2454 3463 2818 3521 laederentur.
2849 3466 2995 3530 Quid
3020 3470 3138 3522 tam
3162 3467 3436 3537 salutare,
3462 3485 3639 3540 quam

2001 3556 2065 3608 ut
2095 3552 2295 3624 pulmo
2325 3553 2483 3608 cordi
2516 3553 2765 3610 ﬁnitimo
2795 3554 2981 3611 limite
3006 3556 3357 3629 jungerctur
3380 3573 3393 3623 ;
3420 3562 3482 3612 ut
3507 3574 3640 3613 cum

2000 3641 2280 3697 exarserit
2309 3659 2407 3697 cor
2436 3642 2522 3698 ira
2552 3648 2610 3698 et
2637 3642 3058 3717 indignatione,
3086 3644 3384 3717 pulmonis
3406 3646 3641 3719 sangui-

2000 3746 2073 3786 ne
2085 3736 2256 3802 atque
2269 3731 2511 3787 humore
2533 3732 2705 3789 citius
2730 3734 3126 3806 temperetur?
3146 3734 3394 3807 Ideoque
3416 3734 3647 3790 mollior

2000 3819 2201 3891 pulmo
2235 3824 2355 3887 est,
2375 3822 2516 3892 quia
2547 3822 2741 3878 madet
2771 3838 3020 3895 semper,
3055 3822 3233 3879 simul
3277 3829 3341 3878 ut
3394 3823 3642 3896 rigorem

2000 3909 2424 3982 indignationis
2454 3910 2732 3967 emolliat.
2765 3916 2896 3967 Haec
2927 3912 3054 3967 ideo
3086 3911 3332 3967 strictim
3365 3912 3647 3983 percurri-

2002 4014 2156 4066 mus,
2194 4003 2255 4053 ut
2292 4003 2574 4070 tanquam
2624 3999 2840 4055 indocti
2887 4000 2963 4073 (3)
3011 4000 3181 4056 obvia
3229 4000 3643 4072 perstringere,

2002 4104 2117 4142 non
2149 4092 2428 4159 tanquam
2463 4087 2672 4143 medici
2703 4087 2935 4159 plenius
2964 4088 3211 4143 serutari
3258 4089 3562 4143 videamur
3589 4092 3646 4144 et

2002 4176 2270 4248 persequi
2303 4192 2428 4248 quae
2459 4179 2680 4231 naturae
2711 4175 2974 4232 latibulis
3005 4177 3345 4232 abscondita
3376 4181 3532 4232 sunt.

2068 4264 2162 4319 7|.
2197 4263 2332 4319 Lien
2361 4280 2592 4336 quoque
2624 4281 2758 4321 cum
2780 4265 2977 4336 jecore
3007 4264 3179 4320 habet
3212 4265 3483 4321 viciniam
3526 4265 3646 4320 fru-

2003 4356 2288 4422 ctuosam,
2322 4352 2420 4425 qui
2447 4354 2589 4409 dum
2619 4353 2870 4409 assumit
2899 4371 3014 4425 quo
3045 4353 3171 4426 ipse
3202 4359 3496 4427 pascatur,
3520 4355 3649 4410 abs-

2002 4442 2177 4515 tergit
2223 4441 2506 4515 quidquid
2564 4443 2826 4498 sordium
2875 4441 3361 4516 deprehenderit;
3424 4447 3488 4498 ut
3550 4460 3651 4516 per

2003 4530 2182 4586 fibras
2204 4530 2420 4602 jecoris
2451 4531 2794 4587 minutiores
2815 4532 2889 4603 (4)
2914 4532 3175 4588 ciborum
3205 4531 3429 4604 possint
3446 4536 3652 4588 tenues

246 4623 541 4678 demnans
593 4620 710 4676 ait:
762 4621 922 4689 Iuda,
972 4622 1151 4677 osculo
1196 4624 1404 4678 Filium
1453 4625 1609 4679 14o
1657 4625 1896 4681 hominis
1928 4639 1974 4704 Ι)
2005 4623 2183 4692 atque
2213 4619 2457 4676 subtiles
2490 4619 2748 4692 reliquiae
2782 4622 3050 4689 transire,
3085 4638 3211 4693 quae
3243 4625 3542 4677 vertantur
3589 4621 3648 4677 in

246 4712 421 4766 tradis
451 4710 605 4782 (Luc.
646 4726 786 4780 xxu,
838 4709 956 4781 48)!
1012 4710 1120 4766 hoc
1164 4714 1271 4779 est,
1317 4711 1620 4767 charitatis
1666 4712 1899 4786 insigne

248 4798 539 4855 convertis
571 4798 641 4852 ad
674 4797 910 4870 signum
941 4797 1288 4870 proditionis
1318 4804 1375 4855 et
1404 4799 1770 4856 infidelitatis
1806 4802 1898 4856 in-

249 4886 515 4943 dicium?
547 4885 710 4942 Pacis
735 4886 847 4941 hoc
879 4886 1119 4960 pignore
1151 4888 1332 4943 uteris
1363 4888 1433 4943 ad
1465 4888 1722 4945 officium
1769 4906 1897 4946 cru-

250 4975 511 5032 delitatis
542 4974 657 5046 (l)?
687 4973 926 5030 Bestiali
959 4974 1139 5048 igitur
1167 4976 1285 5032 oris
1316 4975 1597 5049 obsequio
1646 4977 1898 5034 inferen-

251 5066 364 5119 tem
393 5063 592 5137 potius
634 5080 858 5133 necem,
906 5080 1084 5135 quam
1133 5063 1436 5120 charitatis
1483 5066 1697 5122 foedera
1743 5067 1896 5123 defe-

322 5214 432 5286 (98)
467 5214 553 5270 Ita
595 5230 739 5270 mss.
790 5214 1088 5270 tredecim.
1135 5215 1245 5270 Alii
1294 5232 1425 5271 vero
1473 5220 1529 5271 et
1571 5216 1708 5271 edit.
1760 5222 1897 5281 vet..

252 5286 511 5355 intelligit
547 5289 855 5355 signorum.
912 5286 1151 5342 Rom....
1197 5296 1491 5343 astrorum.
1526 5288 1751 5343 Rursus
1800 5291 1901 5344 ubi

254 5357 390 5412 edit.
424 5357 617 5423 Rom.,
649 5373 782 5428 quos
810 5360 963 5412 ortus
994 5358 1181 5414 Orion.
1215 5357 1354 5412 Alia
1385 5364 1440 5413 et
1480 5375 1624 5414 mss.
1676 5359 1897 5432 legunt,

254 5443 382 5499 quos
408 5436 607 5493 motus,
635 5433 745 5484 etc.

324 5499 435 5570 (99)
466 5499 769 5572 νειηθᾱίι,
803 5515 934 5572 cum
969 5516 1111 5555 mss.
1147 5497 1388 5572 aliquot,
1420 5516 1693 5568 numeros,
1726 5504 1898 5558 ratio-

253 5585 369 5636 nes,
399 5569 464 5625 ac
488 5571 674 5628 modos
697 5578 751 5627 et
786 5571 1054 5638 modulos,
1106 5574 1215 5626 etc.
1247 5569 1400 5626 ‘Gill.
1452 5576 1508 5627 et
1550 5572 1717 5627 Hom.
1764 5590 1897 5628 cum

255 5656 397 5697 mss.
433 5641 706 5711 pluribus
733 5658 801 5697 ac
834 5640 1199 5706 melioribus,
1233 5646 1297 5697 ut
1326 5658 1434 5698 nos
1465 5642 1525 5697 in
1559 5647 1740 5711 textu,
1785 5645 1899 5700 nisi

257 5712 409 5782 quod
435 5712 605 5783 Rom,
642 5712 864 5770 omittit
886 5728 950 5769 ac
977 5712 1242 5770 modulos.

2009 4710 2380 4780 sanguinem,
2412 4709 2751 4782 viribusque
2784 4710 3109 4783 proﬁciant,
3143 4715 3198 4767 et
3220 4728 3334 4767 non
3356 4727 3487 4766 cum
3514 4710 3650 4764 fimo

2008 4802 2064 4853 et
2092 4799 2364 4855 sordibus
2394 4803 2722 4871 egerantur.
2766 4788 3178 4856 Inte'stinorum
3224 4817 3357 4856 vero
3401 4799 3650 4855 circum-

2008 4886 2156 4959 plexi
2190 4888 2380 4952 orbes,
2412 4893 2469 4943 et
2499 4888 2623 4944 sine
2670 4887 2865 4960 aliquo
2916 4888 3050 4943 licet
3094 4888 3245 4943 nodo
3295 4886 3405 4943 sibi
3457 4892 3650 4941 tamen

2008 4976 2256 5033 invicem
2282 4977 2434 5041 nexi,
2467 4977 2607 5050 quid
2640 4977 2800 5033 aliud
2832 4977 2945 5033 nisi
2985 4976 3241 5031 divinam
3292 4974 3651 5047 prospicien-

2009 5066 2153 5123 tiam
2182 5067 2470 5123 Creatoris
2491 5067 2813 5122 ostendunt
2836 5084 2848 5134 ;
2874 5070 2939 5122 ut
2954 5082 3067 5121 non
3082 5063 3195 5121 cito
3211 5080 3344 5119 esca
3365 5067 3656 5136 pertrans-

2079 5218 2156 5287 (1)
2187 5216 2328 5271 Tres
2360 5232 2526 5280 mss.,
2559 5215 2629 5269 ad
2660 5216 2941 5287 ofﬁcinam
2965 5216 3323 5287 crudelitatis.

2079 5286 2156 5357 (2)
2187 5287 2280 5342 Sic
2310 5287 2615 5340 duodecim
2651 5286 2793 5341 mss.
2827 5304 2893 5342 ac
2924 5292 3032 5342 vet.
3068 5288 3206 5353 edit,
3244 5286 3357 5357 nisi
3388 5286 3544 5357 quod
3595 5286 3653 5340 in

2004 5356 2310 5415 nonnullis
2338 5374 2447 5412 vox
2465 5358 2658 5412 omnia
2696 5359 3178 5427 pretermittitur.
3227 5356 3337 5412 Alii
3380 5356 3438 5412 et
3484 5357 3652 5423 Rom,

2010 5430 2175 5495 edit.,
2205 5429 2392 5484 omnia
2421 5428 2566 5482 enim
2597 5428 2715 5483 haec
2741 5430 2872 5498 fecit
2902 5445 3100 5485 manus
3124 5446 3262 5485 mea.

2104 5500 2157 5573 3)
2190 5500 2355 5573 Rom.
2388 5498 2549 5573 edit.,
2582 5514 2693 5552 non
2716 5498 2940 5553 indocti.

2104 5503 2157 5573 3)
2190 5503 2355 5555 Rom.
2389 5503 2549 5563 edit.,
2582 5514 2693 5552 non
2716 5503 2940 5553 indocti.

2082 5503 2335 5646 (MAMss.
2374 5570 2495 5646 fere
2536 5586 2739 5646 oin_n_es
2779 5585 2911 5623 eum
2954 5567 3098 5646 edit.
3152 5569 3342 5646 Rom.,
3381 5570 3656 5646 manilio-

2010 5639 2114 5701 νεά.
2141 5639 2345 5699 Όοᾱηχ
2374 5639 2502 5695 Vat.
2538 5645 2594 5696 et
2622 5640 2788 5696 Dion.
2822 5656 2955 5696 cum
2988 5639 3125 5694 edit.
3148 5645 3281 5696 vet..
3310 5641 3653 5704 minutiores,
