3932 6212
300 344 333 405 9
342 344 418 409 87

1759 346 1826 410 S.
1870 340 2248 411 AMBROSII

3586 307 3753 410 288'

302 482 444 547 seat,
474 483 532 535 et
564 478 762 537 statim
794 495 828 536 a
854 476 1157 538 stomacho
1204 479 1349 539 Ml
1408 476 1727 540 decurrat?
1775 480 1937 548 Quod
1970 483 2026 549 Α
2053 482 2105 536 et
2127 480 2377 537 omnium
2407 477 2602 550 lingua
2632 477 2957 554 conﬁteatur
2994 479 3257 556 quoniam
3302 481 3572 539 Dominus
3615 482 3718 539 Je—

303 570 353 624 si
388 570 567 635 ﬁeret,
592 571 756 641 jugis
790 573 971 625 t‘ames
990 578 1045 627 et
1070 571 1346 627 continua
1376 572 1615 627 vorandi
1637 571 1817 627 libido
1840 571 1943 627 ho-

304 659 566 713 minibus
598 661 951 731 gignori’atur.
995 661 1316 716 Exinanitis
1349 661 1504 715 enim
1539 661 1860 715 visceribus
1890 665 1947 716 et

301 748 623 809 exhaustis,
656 750 795 802 dum
830 752 1213 805 momentaria
1235 751 1514 805 effusione
1536 755 1941 817 vacuarentur,

306 854 539 891 necesse
565 844 715 892 esset
748 838 1149 909 inexplebilem
1186 849 1361 911 atque
1396 839 1784 895 insatiabilem
1832 839 1946 893 cibi

301 930 555 994 etpotus
602 928 863 996 generari
917 928 1320 997 cupiditatem,
1371 946 1547 999 quam
1599 930 1723 982 sine
1768 928 1946 983 dubio

303 1020 533 1067 matura
559 1018 807 1085 mors(5;
840 1023 1199 1087 sequeretur.
1233 1018 1479 1088 Ideoque
1525 1018 1761 1090 provide
1805 1035 1946 1073 con-

306 1102 499 1155 ﬁcitur
530 1103 783 1173 primum
813 1122 947 1158 esca
979 1106 1031 1159 in
1070 1112 1230 1160 utero
1257 1107 1577 1178 superiore,
1627 1107 1836 1161 deinde
1886 1106 1943 1161 in

292 1192 487 1261 jecore
521 1193 809 1263 coquitur,
846 1195 1089 1265 ejusque
1122 1213 1327 1267 vapore
1356 1196 1617 1265 digestus
1648 1196 1944 1250 transfun-

301 1280 461 1332 ditur
487 1297 695 1334 succus
726 1282 852 1351 ejus
878 1282 934 1357 in
963 1283 1216 1354 reliquas
1238 1285 1495 1356 corporis
1519 1289 1741 1356 partes;
1765 1300 1947 1355 eaque

300 1368 632 1422 substantia
666 1376 825 1423 artus
874 1371 1114 1426 aluntur
1160 1373 1424 1438 humani,
1479 1390 1655 1445 quam
1699 1374 1945 1443 juvenes

297 1457 593 1527 accipiunt
626 1459 696 1511 ad
731 1458 1176 1525 incrementum,
1227 1479 1396 1517 senes
1442 1463 1513 1517 ad
1570 1478 1944 1534 perseveran—

298 1546 480 1612 tiam;
518 1546 804 1617 reliquum
854 1555 1045 1604 autem
1093 1550 1247 1604 velut
1293 1552 1657 1623 superﬂuum
1705 1568 1808 1623 per
1856 1549 1945 1606 in-

297 1634 512 1688 testina
543 1636 871 1703 deducitur,
903 1644 958 1692 et
989 1656 1091 1711 per
1119 1638 1261 1694 illud
1289 1657 1357 1695 ex
1377 1645 1706 1696 transverso
1727 1640 1945 1695 ostium

300 1722 612 1778 derivatur.

367 1814 458 1867 72.
494 1814 754 1885 Denique
785 1816 960 1870 etiam
993 1817 1050 1871 in
1083 1817 1289 1873 Genesi
1323 1835 1455 1874 arca
1478 1819 1598 1874 Noe
1640 1818 1711 1873 ad
1762 1816 1943 1873 fabri-

301 1916 429 1955 cam
464 1901 705 1956 humani
739 1906 997 1975 corporis
1027 1906 1331 1978 accipitur,
1364 1908 1433 1963 de
1460 1924 1576 1979 qua
1598 1907 1741 1962 dixit
1758 1906 1941 1961 Deus:

296 1991 403 2044 Fac
431 1992 534 2044 tibi
560 2009 743 2045 arcam
777 2009 846 2046 ac
894 1994 1060 2063 lignis
1104 1995 1409 2066 quadratis,
1459 1996 1614 2050 nidos
1671 1997 1839 2066 ﬂicies
1888 1996 1947 2049 in

299 2094 384 2143 ea,
417 2088 467 2134 et
498 2081 852 2135 biluminabis
883 2100 1001 2137 eam
1033 2085 1183 2139 intus
1198 2088 1262 2139 'et
1281 2087 1418 2155 foris
1451 2085 1743 2151 bitumine,
1774 2092 1826 2139 et
1870 2085 1949 2138 sic

294 2170 463 2238 facies
494 2185 614 2223 eam
646 2170 799 2241 (Gen.
834 2189 912 2236 vr,
946 2173 1053 2244 1-4).
1091 2173 1155 2226 Et
1199 2175 1383 2229 infra:
1433 2174 1642 2229 Ostium
1692 2188 1817 2228 vero
1861 2174 1946 2243 fa-

296 2258 405 2311 cies
435 2274 504 2311 ea:
532 2267 841 2313 transver<o
865 2278 882 2314 :
920 2264 1192 2332 inferiora
1219 2271 1404 2317 autem
1449 2279 1591 2317 arcae
1640 2261 1949 2315 bicamera-

298 2348 353 2398 ta
384 2348 433 2399 et
467 2349 819 2401 tricamerata
851 2351 1017 2418 fariis
1047 2351 1206 2414 (Ibid.
1248 2352 1348 2421 16).
1384 2351 1500 2405 Hoc
1540 2366 1676 2421 ergo
1725 2347 1948 2420 signiﬁ-

298 2437 391 2487 cat
425 2435 725 2503 Dominus,
759 2438 911 2508 quod
950 2438 1165 2493 ostium
1190 2457 1257 2495 ex
1290 2439 1593 2512 posteriori
1638 2438 1716 2493 sit
1764 2441 1947 2509 parte,

297 2511 401 2594 per
458 2525 611 2595 quod
674 2532 985 2597 egerantur
1041 2511 1304 2583 ciborum
1365 2529 1679 2599 superﬂua.
1735 2526 1950 2582 Decore

299 2612 453 2665 enim
487 2618 720 2669 (lreator
751 2621 947 2670 noster
970 2616 1181 2672 ductus
1209 2616 1590 2689 reliquiarum
1615 2613 1828 2671 avultu
1850 2615 1951 2671 ho-

299 2699 478 2755 minis
509 2703 735 2769 avertit,
770 2721 843 2760 ne
863 2706 1002 2759 dum
1029 2705 1222 2760 alvum
1248 2722 1588 2778 purgamus,
1609 2704 1947 2775 inquinare-

298 2806 431 2844 mus
464 2797 785 2862 aspectum.
819 2792 1006 2847 Simul
1036 2795 1176 2848 illud
1201 2794 1527 2860 considera,
1550 2794 1705 2866 quod
1733 2809 1798 2848 ea
1819 2810 1947 2865 qua:

297 2878 539 2948 pudoris
572 2880 741 2951 plena
783 2887 937 2946 sunt,
992 2898 1056 2936 eo
1102 2882 1228 2937 loco
1278 2881 1595 2937 constituta
1640 2885 1803 2951 sunt,
1848 2882 1947 2938 ubi

300 2971 506 3038 operta
538 2968 797 3023 vestibus
828 2970 1103 3025 dedecere
1135 2988 1246 3025 non
1282 2971 1526 3042 possint.

374 3057 460 3109 73.
494 3056 787 3112 Venarum
812 3058 1019 3129 pulsus
1042 3059 1128 3115 vel
1150 3060 1508 3115 inﬁrmitatis
1531 3060 1945 3126 internuntius,

296 3143 384 3199 vel
414 3143 622 3199 salutis
655 3152 760 3201 est.
796 3148 1023 3202 Eaedem
1053 3152 1247 3203 tamen
1278 3165 1411 3203 cum
1434 3152 1554 3203 toto
1579 3149 1808 3203 diffusa:
1828 3148 1948 3203 sint

2054 586 2144 625 sus
2172 572 2232 624 in
2260 571 2437 642 gloria
2467 574 2545 625 est
2573 571 2671 626 Dei
2698 572 2890 627 Patris
2920 571 3090 644 (Phil.
3120 589 3182 640 u,
3216 572 3285 627 10
3326 579 3379 627 et
3417 572 3527 642 11).
3580 572 3719 627 Duo

2054 658 2207 714 enim
2241 664 2381 714 sunt
2411 676 2536 731 qua:
2564 677 2680 732 prae
2710 661 2932 717 caeteris
2962 660 3146 716 Deum
3171 660 3450 731 mulcent,
3472 660 3725 715 humili—

2053 751 2166 813 tas,
2196 752 2252 803 et
2284 748 2450 804 ﬁdes.
2482 749 2588 804 Pes
2622 750 2818 821 itaque
2849 749 3122 821 exprimit
3169 749 3521 805 humilitatis
3568 751 3721 804 alie-

2057 839 2239 903 ctum,
2274 840 2331 891 et
2362 836 2579 892 sedula:
2609 839 2907 893 servitutis
2937 838 3286 910 obsequium
3314 856 3327 894 :
3352 839 3497 893 ﬁdes
3519 842 3726 910 aequat.

2055 923 2265 979 Filium
2332 924 2510 992 Patri,
2578 930 2753 999 atque
2821 926 3055 998 utrique
3121 928 3387 983 eamdem
3457 926 3720 999 gloriam

2055 1014 2388 1069 confitetur.
2424 1015 2593 1070 Recte
2621 1019 2815 1070 autem
2848 1031 2964 1070 non
2997 1015 3215 1088 plures,
3248 1017 3350 1071 sed
3401 1016 3516 1071 duo
3570 1022 3724 1071 sunt

2055 1101 2280 1157 homini
2308 1102 2486 1174 pedes
2512 1121 2525 1170 ;
2560 1104 2827 1175 quaterni
2859 1104 3016 1160 enim
3045 1105 3222 1176 pedes
3254 1104 3389 1159 feris
3410 1121 3476 1160 ac
3497 1104 3721 1159 belluis

2056 1194 2218 1253 sunt,
2251 1191 2373 1246 bini
2408 1192 2633 1247 avibus.
2667 1193 2734 1247 Et
2763 1192 2892 1249 ideo
2925 1211 3080 1249 unus
3125 1193 3295 1265 quasi
3342 1194 3413 1249 de
3460 1193 3718 1249 volatili-

2056 1279 2168 1335 bus
2198 1284 2288 1335 est
2319 1279 2517 1347 homo,
2552 1282 2651 1353 qui
2686 1281 2804 1337 alta
2831 1282 2957 1337 visu
2992 1287 3153 1355 petat
3193 1283 3291 1353 (7),
3344 1286 3402 1338 et
3449 1283 3716 1354 quodam

2058 1369 2301 1441 remigio
2333 1368 2531 1423 volitet
2561 1369 2909 1426 sublimium
2942 1371 3258 1443 sagacitate
3284 1386 3588 1427 sensuum.
3644 1372 3720 1426 Et

2056 1458 2186 1513 ideo
2244 1458 2314 1513 de
2362 1474 2428 1513 eo
2477 1459 2702 1513 dictum
2747 1463 2855 1528 est,
2908 1460 3271 1516 Renovabitur
3317 1462 3456 1515 sicut
3502 1463 3723 1532 aquilae

2045 1548 2306 1619 juventus
2331 1551 2424 1602 tua
2457 1547 2630 1619 (Psal.
2663 1564 2759 1616 cn,
2788 1550 2878 1622 5);
2913 1566 2980 1605 eo
3011 1550 3165 1621 quod
3199 1548 3435 1621 propior
3471 1548 3548 1605 sit
3595 1566 3719 1605 caa-

2054 1633 2323 1703 lestibus,
2359 1639 2416 1691 et
2464 1634 2774 1692 sublimior
2814 1636 3051 1708 aquilis,
3098 1638 3199 1710 qui
3246 1637 3434 1710 possit
3481 1637 3716 1695 dicere:

2054 1724 2265 1780 Nostra
2294 1728 2491 1781 autem
2523 1725 2883 1782 conversatio
2914 1726 2973 1781 in
3007 1725 3171 1783 caelis
3201 1731 3309 1783 est.

2712 1832 2943 1889 CAPUT
2973 1833 3040 1889 X.

2056 1921 2182 1976 Diei
2207 1923 2378 1985 sexto,
2410 1923 2612 1992 totique
2648 1920 2782 1977 adeo
2830 1924 2987 2048 aperi
3028 1922 3195 1992 ﬁnem
3237 1924 3535 1995 positurus,
3576 1940 3718 1994 quo-

2128 1991 2285 2046 modo
2317 1993 2454 2047 Deus
2484 1995 2814 2048 reauievisse
2878 1995 3080 2048 icatur.
3110 1996 3307 2048 aperit-
3347 2004 3399 2048 et
3438 1995 3718 2048 Creatoris

2878 2010 2895 2047 2

2128 1991 2454 2066 modoDeus
2484 1991 2814 2063 requievisse
2841 1991 3080 2063 dicatur,
3110 1991 3307 2066 aperit,
3347 2004 3399 2051 et
3438 1991 3721 2051 Creatoris

2131 2062 2387 2118 laudibus
2414 2062 2715 2119 sermonem
2744 2069 2986 2121 coronat.

2127 2170 2216 2224 75.
2251 2169 2361 2224 Sed
2386 2169 2513 2241 jam
2547 2169 2682 2226 ﬁnis
2720 2170 2978 2227 sermoni
3031 2176 3231 2227 nostro
3283 2172 3379 2240 sit,
3432 2172 3718 2244 quoniam

2060 2257 2388 2330 completus
2420 2265 2509 2313 est
2538 2258 2663 2314 dies
2695 2264 2916 2327 sextus,
2949 2264 3007 2316 et
3036 2261 3319 2315 mundani
3341 2261 3532 2333 operis
3549 2278 3722 2316 sum-

2059 2363 2158 2401 ma
2186 2346 2482 2402 conclusio
2512 2351 2628 2415 est;
2663 2349 2919 2419 perfecto
2950 2349 3218 2404 videlicet
3243 2349 3480 2425 homine
3506 2349 3567 2405 in
3598 2366 3725 2421 quo

2059 2435 2426 2507 principatus
2456 2441 2545 2491 est
2573 2435 2965 2493 animantium
2996 2439 3429 2504 universorum,
3460 2443 3517 2494 et
3546 2456 3727 2495 sum-

2060 2540 2158 2578 ma
2188 2523 2454 2595 quaedam
2483 2523 2903 2593 universitatis,
2936 2529 2993 2581 et
3022 2525 3215 2579 omnis
3247 2526 3558 2581 mundana:
3587 2542 3726 2598 gra-

2057 2611 2141 2668 tia
2166 2617 2463 2669 creaturae.
2496 2612 2660 2670 Certe
2691 2614 3025 2669 deferamus
3056 2613 3355 2669 silentium
3381 2632 3394 2682 ;
3427 2615 3717 2686 quoniam

2058 2702 2340 2774 requievit
2370 2701 2523 2758 Deus
2554 2702 2625 2758 ab
2673 2701 2949 2758 omnibus
2999 2702 3205 2758 mundi
3254 2703 3566 2775 operibus:
3615 2721 3714 2760 re-

2056 2790 2279 2861 quievit
2305 2794 2498 2846 autem
2528 2790 2588 2845 in
2620 2807 2849 2846 recessu
2882 2790 3160 2856 hominis,
3194 2791 3473 2864 requievit
3492 2791 3551 2846 in
3574 2794 3714 2864 ejus

2057 2883 2251 2934 mente
2279 2882 2454 2950 atque
2484 2878 2804 2952 proposito.
2841 2879 3077 2934 Fecerat
3106 2880 3263 2935 enim
3295 2880 3592 2936 hominem
3614 2898 3715 2937 ra-

2055 2966 2235 3021 tionis
2264 2982 2563 3038 capacem,
2593 2967 2947 3023 imitatorem
2978 2968 3091 3035 sui,
3131 2968 3412 3024 virtutum
3462 2968 3710 3026 aemula-

2055 3058 2266 3122 torem,
2298 3055 2579 3127 cupidum
2611 3055 2938 3111 ccelestium
2986 3057 3311 3129 gratiarum
3345 3058 3443 3129 (8).
3497 3059 3561 3114 In
3608 3058 3714 3115 his

2055 3143 2367 3215 requiescit
2405 3143 2559 3199 Deus
2608 3144 2707 3215 qui
2756 3143 2870 3199 ait:
2922 3143 3096 3216 Super
3137 3161 3299 3216 quem
3344 3149 3711 3219 requiescam,

298 3251 555 3306 corpore,
593 3253 781 3308 neque
811 3237 977 3291 unde
1009 3242 1182 3308 atque
1211 3237 1436 3293 intecta:
1467 3242 1624 3303 sunt,
1669 3242 1727 3293 et
1757 3238 1837 3292 ita
1867 3236 1946 3292 le-
1978 3230 2020 3296 C
2057 3233 2172 3286 nisi
2197 3248 2364 3305 supra
2395 3232 2681 3298 humilem,
2714 3239 2765 3288 et
2796 3234 3059 3305 quietum,
3091 3242 3143 3289 et
3189 3238 3509 3291 trementem
3544 3238 3720 3292 verba

298 3323 467 3378 vibus
498 3325 844 3396 operiuntur
875 3326 1195 3381 visceribus
1227 3326 1302 3397 (6)
1328 3345 1339 3395 ;
1375 3331 1439 3381 ut
1467 3326 1805 3398 explorandi
1851 3342 1944 3381 co-

298 3413 393 3483 pia
422 3413 521 3477 sit,
554 3419 610 3468 et
641 3414 909 3470 celeritas
942 3415 1256 3485 sentiendi,
1289 3417 1523 3487 quando
1554 3415 1717 3470 nulla
1747 3419 1837 3471 est
1862 3415 1945 3468 vi-

298 3516 528 3554 scerum
561 3503 910 3568 crassitudo,
944 3520 1070 3574 quae
1121 3503 1358 3574 pulsum
1406 3504 1593 3575 possit
1638 3504 1945 3559 obducere.

301 3588 437 3643 Ossi
470 3606 701 3661 quoque
733 3592 931 3646 omnia
964 3591 1122 3646 tenui
1168 3596 1369 3663 operta
1417 3597 1556 3647 sunt
1602 3592 1838 3658 viscere,
1892 3596 1949 3648 et

301 3677 561 3732 revincta
592 3679 819 3743 nervis;
856 3681 1141 3751 prmcipue
1172 3685 1366 3735 tamen
1400 3681 1607 3752 capitis
1646 3681 1756 3736 levi
1798 3684 1949 3736 tecta

302 3771 443 3819 sunt
468 3767 641 3821 corio.
678 3769 840 3823 Unde
871 3786 985 3840 quo
1005 3769 1235 3841 possint
1267 3768 1501 3840 aliquod
1521 3769 1826 3825 adversum
1846 3770 1951 3824 im-

302 3855 435 3909 bres
458 3860 515 3910 et
533 3856 745 3927 frigora
761 3857 973 3912 habere
991 3857 1314 3924 munimen,
1337 3857 1566 3930 capillis
1579 3858 1949 3914 densioribus

298 3944 646 3999 vestiuntur.
681 3945 827 4009 Quid
863 3946 933 4001 de
964 3944 1321 4018 genitalibus
1355 3946 1587 4018 loquar,
1620 3964 1748 4019 quae
1786 3947 1949 4003 venis

297 4048 327 4086 e
361 4033 593 4106 regione
618 4034 855 4088 cervicis
905 4050 1002 4103 per
1054 4050 1224 4089 rencs
1274 4034 1634 4107 lumbosque
1682 4035 1948 4091 deductis

298 4123 629 4193 suscipiunt
658 4122 906 4193 genitale
936 4140 1135 4179 semen
1167 4124 1238 4178 ad
1272 4139 1490 4179 munus
1521 4129 1579 4179 et
1601 4125 1671 4179 ad
1697 4124 1947 4196 gratiam

307 4211 649 4282 procreandi
667 4212 694 4265 ’ἶ

365 4300 454 4352 74.
490 4300 635 4365 Quid
669 4302 739 4355 de
770 4301 959 4356 officio
992 4301 1231 4373 pedum,
1257 4302 1356 4373 qui
1383 4306 1571 4356 totum
1594 4318 1803 4373 corpus
1823 4300 1949 4357 sine

308 4385 425 4441 ulla
456 4388 749 4443 sustinent
781 4390 973 4444 oneris
1002 4389 1258 4460 injuria?
1302 4389 1577 4445 Flexibile
1614 4405 1788 4461 genu,
1838 4406 1952 4462 quo

306 4492 418 4545 pm:
445 4476 665 4530 czcteris
688 4477 918 4531 Domini
947 4477 1250 4549 mitigatur
1267 4477 1507 4547 offensa,
1534 4478 1621 4533 ira
1642 4478 1951 4547 mulcetur,

301 4560 487 4632 gratia
530 4571 892 4633 provocatur.
940 4565 1059 4619 Hoc
1108 4565 1263 4620 enim
1316 4565 1503 4621 Patris
1552 4568 1768 4622 summi
1816 4583 2030 4663 erga.D

305 4650 518 4704 Filium
550 4651 769 4706 donum
800 4658 927 4707 est:
973 4655 1036 4710 Ut
1082 4656 1142 4708 in
1189 4656 1408 4710 nomine
1449 4656 1573 4711 Iesu
1617 4672 1773 4711 omne
1814 4673 1957 4728 genu

299 4742 572 4804 curvetur,
596 4742 907 4807 caelestium,
933 4744 1277 4797 terrestrium
1309 4744 1453 4800 I42
1488 4752 1540 4801 et
1569 4746 1953 4816 infernarum,-

376 4900 455 4971 (5)
488 4900 571 4954 Ita
604 4918 743 4954 mss.
779 4918 844 4955 ac
876 4906 986 4957 vet.
1019 4901 1156 4957 edit.
1187 4919 1199 4968 ;
1238 4902 1402 4957 Rom.
1445 4919 1600 4971 vero,
1653 4906 1955 4961 immatura

303 4988 449 5025 mors
470 4973 674 5046 {quod
711 4972 885 5027 etiam
921 4990 1027 5029 suo
1054 4990 1231 5028 sensu
1265 4991 1635 5046 nequaquam
1668 4982 1841 5031 caret.

376 5044 454 5113 (6)
492 5044 699 5099 Viscera
722 5046 1025 5117 (interdum
1060 5062 1262 5100 carnes
1309 5044 1807 5117 sdntfquomodo
1854 5065 1953 5103 su-

307 5120 552 5168 muntur
581 5116 731 5182 apud
769 5117 923 5186 Virg.
959 5118 996 5171 l.
1032 5135 1069 5171 1.
1102 5119 1265 5171 Αἴγιθί
1292 5117 1346 5171 d.
1379 5117 1437 5171 in
1469 5116 1578 5172 hoc
1606 5135 1810 5174 versu:

463 5187 695 5251 Tergora
724 5189 983 5251 diripiunt
1014 5190 1189 5245 costis,
1224 5192 1285 5251 et
1314 5189 1515 5237 viscera
1553 5190 1796 5251 nudant;

308 5251 365 5300 at
397 5246 504 5301 hoc
537 5248 660 5303 loco
690 5246 919 5304 videtur
948 5268 1015 5305 ea
1044 5267 1151 5332 vox
1183 5249 1389 5321 pellem
1415 5251 1699 5376 silgnaren

380 5320 455 5376 (7)
486 5319 613 5373 Vat.
644 5322 840 5376 codex.
881 5325 995 5376 alta
1026 5339 1075 5375 vi
1124 5325 1412 5376 suppetat:
1486 5329 1607 5376 orte
1650 5340 1699 5376 ε)

380 5320 455 5393 (ἶ)
486 5319 613 5393 Vat.
644 5322 840 5393 codex,
881 5325 995 5377 alta
1026 5323 1079 5375 vi
1124 5319 1412 5393 suppetat;
1461 5319 1607 5378 forte
1650 5340 1718 5378 ex
1765 5323 1951 5393 hom.,

309 5387 372 5463 dc
396 5388 622 5463 _ho_n_u'nc
652 5390 789 5445 olim
822 5394 975 5463 apud
1012 5387 1467 5460 Basil,'deoima,
1520 5411 1675 5450 nunc
1720 5412 1851 5451 vero
1900 5387 1953 5451 ei

312 5460 666 5529 nbjudit‘uta,
748 5460 877 5516 ubi_
923 5464 1157 5534 legitur,
1251 5472 1647 5536 συμπαρίπταται
1730 5474 1782 5523 δὲ
1857 5477 1956 5534 τοῖς

2056 3336 2180 3375 mea
2207 3321 2336 3389 (Isa.
2371 3337 2518 3389 LXVI,
2546 3320 2643 3391 2)?

2127 3410 2217 3463 76.
2251 3408 2479 3464 Gratias
2506 3425 2642 3482 ergo
2674 3408 2922 3465 Domino
2953 3415 3063 3466 Deo
3096 3417 3293 3467 nostro
3333 3414 3434 3483 (9),
3466 3413 3564 3484 qui
3597 3413 3715 3468 hu-

2048 3497 2313 3569 jusmodi
2344 3514 2492 3570 opus
2525 3497 2658 3554 fecit
2688 3498 2747 3553 in
2780 3514 2895 3570 quo
2935 3500 3343 3571 requiesceret.
3396 3502 3554 3556 Fecit
3598 3519 3714 3557 cre-

2055 3585 2201 3652 lum,
2235 3602 2353 3640 non
2383 3585 2512 3659 lego
2537 3586 2694 3658 quod
2720 3587 3071 3658 requieverit
3096 3606 3109 3657 ;
3142 3589 3275 3644 fecit
3305 3593 3546 3660 terram,
3591 3608 3711 3647 non

2056 3673 2184 3746 lego
2211 3674 2367 3747 quod
2398 3674 2767 3746 requieverit,
2798 3676 2936 3732 fecit
2974 3676 3180 3742 solem,
3234 3676 3435 3734 lunam
3466 3684 3525 3734 et
3570 3680 3711 3735 stel-

2056 3760 2145 3817 las
2182 3778 2287 3817 nec
2330 3760 2410 3816 ibi
2446 3760 2575 3836 lego
2624 3763 2780 3835 quod
2829 3764 3198 3837 requieverit,
3222 3766 3326 3821 sed
3381 3766 3508 3840 lego
3550 3770 3710 3839 quod

2057 3849 2256 3906 fecerit
2286 3849 2610 3917 hominem,
2642 3856 2700 3907 et
2727 3855 2869 3908 tunc
2887 3854 3192 3925 requievit,
3219 3854 3444 3911 habens
3465 3857 3559 3911 cui
3584 3874 3714 3928 pec-

2058 3943 2187 3994 cata
2217 3938 2558 3995 dimitteret.
2592 3945 2711 3996 Aut
2739 3940 2887 3997 forte
2916 3947 3057 3997 tunc
3072 3943 3198 4015 jam
3229 3943 3436 4000 futura:
3456 3945 3717 4002 Domini-

2058 4044 2137 4083 cae
2170 4027 2465 4101 passionis
2495 4029 2793 4100 praecessit
2818 4031 3186 4103 mysterium,
3233 4049 3350 4104 quo
3393 4033 3714 4091 revelatum

2060 4120 2151 4172 est
2182 4116 2323 4188 quia
2352 4117 2741 4189 requiesceret
2766 4118 3034 4175 Christus
3061 4119 3122 4175 in
3173 4120 3429 4189 homine,
3476 4123 3577 4195 qui
3625 4141 3716 4180 re-

2060 4205 2261 4277 quiem
2289 4204 2399 4261 sibi
2428 4207 2883 4278 prmdestinabat
2913 4208 2973 4263 in
3019 4225 3257 4282 corpore
3306 4228 3410 4283 pro
3456 4210 3717 4269 hominis

2062 4293 2463 4367 redemptione
2494 4296 2818 4352 secundum
2849 4297 3009 4368 quod
3039 4297 3166 4370 ipse
3209 4297 3392 4355 dixit:
3439 4302 3548 4371 Ego
3589 4301 3717 4357 dor-

2061 4384 2198 4438 mivi
2217 4386 2269 4438 et
2296 4385 2562 4456 requievi,
2583 4390 2637 4441 et
2668 4387 2998 4453 exsurrexi;
3031 4388 3295 4457 quoniam
3323 4389 3586 4444 Dominus
3599 4407 3719 4446 sus-

2060 4473 2204 4543 cepit
2231 4488 2318 4528 me
2349 4473 2519 4544 (Psal.
2553 4490 2636 4544 ιιι,
2667 4474 2743 4546 6).
2779 4473 2909 4547 Ipse
2938 4475 3096 4531 enim
3147 4476 3448 4548 requievit,
3492 4479 3595 4550 qui
3636 4480 3720 4534 fe-

2062 4560 2174 4616 cit:
2208 4561 2303 4617 cui
2334 4566 2423 4617 est
2445 4561 2651 4631 honor,
2684 4562 2891 4636 gloria,
2919 4564 3279 4636 perpetuitas
3309 4583 3344 4623 a
3372 4566 3629 4633 seculis,
3664 4573 3722 4624 et

2063 4667 2241 4717 nunc,
2273 4655 2330 4706 et
2358 4666 2611 4725 semper,
2647 4656 2704 4708 el.
2732 4652 2792 4708 in
2835 4653 3036 4710 omnia
3082 4653 3296 4711 sucula
3340 4654 3717 4713 saeculorum.

2060 4740 2269 4794 Amen.

2061 4904 2668 4975 myolctﬁroﬁ_y6uou
2712 4907 2936 4972 δυνάμει.
2995 4900 3217 4975 Ibidem
3276 4907 3408 4975 post
3465 4907 3726 4975 quatuor

2061 4970 2240 5043 verba
2270 4969 2416 5043 mss.
2441 4969 2674 5043 aliquot
2701 4976 2758 5026 et
2788 4969 2993 5028 omnes
3023 4973 3186 5038 edit.,
3218 4969 3539 5030 sublimium
3567 4977 3726 5043 cogi-

2061 5042 2350 5117 tationum.
2385 5041 2576 5117 Dion,
2602 5043 2929 5117 sublimium
2976 5046 3367 5117 cogitationum
3392 5050 3460 5117 et
3498 5041 3724 5117 sagaci-

2063 5115 2171 5168 tate
2189 5128 2467 5196 sensuulm.
2492 5113 2555 5168 In
2581 5112 2831 5196 reliquis.
2847 5112 3052 5170 autem
3067 5115 3257 5188 iisque
3277 5112 3727 5189 probatissimis

2062 5200 2171 5239 vox
2198 5188 2590 5255 cogitationum
2618 5188 2933 5241 omittitur.
3282 5188 3297 5189 ί

2136 5254 2373 5338 (ελνειι.
2417 5256 2647 5312 codices
2704 5256 2841 5323 duo,
2895 5261 2953 5312 et
2999 5256 3138 5312 edit.
3174 5257 3363 5327 Rom.,
3421 5258 3725 5314 caelestium

2060 5341 2411 5394 gaudiorum.

2134 5397 2210 5469 (9)
2243 5397 2382 5454 Mss.
2416 5396 2661 5469 aliquot,
2696 5396 2911 5455 Gratias
2935 5415 3035 5471 ago
3062 5398 3313 5468 Domino,
3342 5404 3453 5455 etc.

1808 5663 2235 5695 ὴ
