3932 6212
147 353 245 417 289
1123 351 1356 417 LIBER
1397 354 1501 417 DE
1544 353 1953 417 PARADISO.
1985 387 2065 400 —
2097 352 2556 417 ADMONI'I‘IO.
3425 360 3544 420 290

3121 544 3545 554 ..ο-...ᾑ-

151 541 3120 572 2m

3121 563 3545 572 ———-—.———.—

669 687 826 742 m
882 688 992 773 IN
1054 688 1486 775 LIBRUM
1540 684 1672 774 DE
1730 687 2277 774 PARADISO
2336 687 3015 777 ADMONI'I‘IO.

203 1017 441 1073 Librum
474 1017 548 1071 de
566 1016 845 1073 Paradiso
876 1018 941 1072 ut
967 1014 1264 1071 Ambrosii
1285 1014 1544 1087 primum
1574 1030 1702 1070 esse
1733 1031 1884 1086 opus
1915 1031 2029 1070 non
2065 1015 2354 1070 audemus
2384 1032 2665 1083 asserere,
2694 1016 2774 1072 ita
2804 1018 2967 1074 illum
3012 1020 3068 1074 in
3098 1021 3419 1092 primorum
3457 1041 3549 1079 0r-

145 1106 329 1161 dinem
369 1106 592 1161 referre
639 1105 1100 1178 haudquaquam
1145 1104 1504 1160 dubitamus.
1555 1104 1657 1159 Est
1698 1104 1933 1176 quidem
1987 1121 2092 1159 cur
2146 1121 2260 1159 non
2312 1104 2482 1161 aliter
2526 1104 2949 1163 existimemus.
3000 1110 3144 1164 Cum
3193 1111 3347 1166 enim
3394 1113 3551 1167 varia

143 1193 566 1267 multiplicique
614 1193 879 1249 doctrina
927 1194 1142 1249 referta
1188 1194 1264 1250 sit
1292 1210 1360 1249 ea
1388 1192 1737 1259 lucubratio,
1769 1192 1933 1248 illam
1964 1193 2151 1264 primo
2182 1192 2379 1249 statim
2413 1211 2585 1263 anno,
2628 1212 2741 1267 quo
2777 1201 2837 1250 ut
2868 1197 2990 1267 ipse
3021 1198 3212 1253 aiebat
3242 1200 3363 1269 (lib.
3400 1219 3417 1255 ι
3454 1203 3550 1272 0f-

142 1284 219 1354 ﬁc.
254 1284 326 1353 1),
360 1291 553 1354 raptus
583 1290 662 1337 est
692 1299 726 1337 a
775 1282 1146 1337 tribunalibus
1185 1286 1348 1353 atque
1388 1281 1886 1337 administrationis
1950 1283 2149 1352 infulis
2197 1283 2267 1337 ad
2308 1284 2690 1352 sacerdotium,
2726 1288 3123 1357 composuisse
3155 1288 3247 1343 vix
3279 1290 3551 1361 cuiquam

141 1372 419 1427 videatur.
454 1371 673 1426 Verum
701 1386 816 1426 non
846 1369 1011 1426 facile
1042 1370 1478 1427 consentiemus
1508 1370 1774 1425 eamdem
1806 1368 1961 1425 ultra
1992 1370 2397 1442 insequentem
2425 1389 2645 1426 annum
2679 1390 2805 1427 esse.
2837 1376 3207 1443 reﬁciendam
3241 1394 3254 1443 ;
3290 1379 3553 1447 quando-

142 1459 375 1532 quidem
423 1457 530 1512 Vir
580 1462 821 1515 sanctus
868 1457 1115 1530 epistola
1156 1458 1230 1513 ad
1277 1458 1561 1514 Sabinum
1611 1458 1803 1530 (epist.
1856 1460 1944 1530 42)
1993 1476 2027 1514 a
2069 1475 2150 1527 se,
2196 1476 2329 1514 cum
2364 1461 2625 1515 nondum
2656 1468 2804 1516 esset
2836 1471 3116 1517 veteranus
3145 1466 3411 1533 sacerdos,
3447 1467 3555 1523 hoc

140 1548 289 1603 idem
321 1564 474 1619 opus
494 1546 824 1618 jamdudum
853 1545 1263 1602 elucubratum
1309 1550 1751 1602 commemorat.
1802 1545 1864 1601 Id
1904 1550 2100 1601 autem
2146 1546 2376 1602 circiter
2416 1565 2634 1607 annum
2679 1555 2953 1620 reparata:
2998 1550 3205 1606 salutis
3235 1553 3341 1607 375
3366 1556 3554 1609 conti-

138 1636 292 1709 gisse
321 1636 462 1690 hinc
491 1634 626 1690 licet
655 1634 915 1708 colligas,
948 1634 1102 1706 quod
1129 1650 1263 1690 cum
1293 1634 1397 1689 374
1431 1635 1503 1690 ad
1536 1633 1936 1707 episcOpatum
1969 1638 2273 1705 cooptatus
2322 1635 2395 1690 sit
2430 1636 2796 1703 Ambrosius,
2819 1636 2959 1690 nihil
2992 1638 3255 1693 videatur
3284 1641 3554 1712 prohibe-

140 1742 218 1790 re,
251 1724 577 1796 quonimus
626 1722 709 1777 illi
743 1739 983 1778 manum
1042 1721 1312 1778 ultimam
1373 1723 1538 1795 prius
1587 1722 1885 1794 adjiceret,
1934 1739 2109 1794 quam
2165 1722 2415 1794 primam
2447 1721 2612 1779 libris
2643 1724 2714 1779 de
2746 1724 3102 1796 Virginibus,
3137 1744 3284 1799 quos
3313 1730 3556 1785 nondum

136 1814 433 1869 triennalis
460 1812 707 1868 sacerdos
737 1812 861 1883 (lib.
896 1829 931 1866 ιι
963 1812 1027 1867 de
1058 1814 1281 1884 virgin.,
1315 1812 1453 1867 circ.
1490 1812 1689 1884 ﬁnem)
1720 1811 1976 1883 scripsit,
2008 1812 2360 1867 admoveret.

204 1902 329 1957 Hoc
360 1901 421 1957 in
451 1901 604 1956 libro
635 1902 706 1956 de
738 1900 1012 1956 Paradiso
1041 1900 1327 1973 disputat,
1379 1917 1444 1956 ac
1491 1901 1753 1973 perbrevi
1795 1900 1945 1956 sacri
2000 1905 2189 1957 textus
2227 1901 2585 1973 expositione
2634 1903 2907 1969 ostendit,
2962 1904 3092 1976 quid
3141 1908 3341 1976 qualis,
3382 1918 3431 1964 et
3462 1910 3559 1964 ubi

138 1993 315 2063 fuerit
347 1990 501 2062 (cap.
536 1992 627 2060 1);
661 1988 804 2061 quid
846 1990 1072 2063 egerint
1109 1989 1170 2045 in
1214 2006 1281 2046 eo
1323 1990 1499 2062 primi
1552 1994 1822 2061 parentes
1857 2007 1870 2057 ;
1922 2006 2029 2061 qua
2075 1990 2290 2061 fraude,
2341 2007 2445 2064 quo
2494 1991 2702 2059 ordine,
2747 2009 2854 2063 qua
2885 2001 3002 2047 arte
3030 1994 3224 2066 (Ibid.)
3263 2014 3296 2051 a
3326 1997 3556 2053 diabolo

140 2079 353 2136 tentati
382 2079 440 2134 in
467 2084 769 2151 peccatum
794 2079 1032 2135 tandem
1064 2078 1215 2151 lapsi
1265 2078 1402 2134 sint.
1434 2078 1791 2151 Praecipuam
1838 2094 1973 2134 vero
1998 2077 2129 2134 istic
2159 2095 2393 2149 operam
2443 2079 2606 2151 ponit
2634 2079 2693 2134 in
2726 2079 2949 2151 Apellis
2980 2081 3284 2154 discipulis
3317 2086 3466 2157 (cap.
3499 2090 3556 2152 2,

140 2172 194 2237 5,
226 2170 264 2224 6
294 2173 353 2223 et
385 2168 532 2240 seq.)
564 2167 665 2240 qui
694 2168 927 2224 foederis
971 2168 1198 2241 antiqui
1251 2168 1660 2223 auctoritatem
1701 2167 2150 2239 impugnabant,
2196 2168 2562 2223 revincendis
2592 2187 2604 2223 :
2668 2170 2767 2224 sed
2816 2186 2917 2240 per
2944 2186 3167 2239 eorum,
3210 2178 3275 2227 ut
3303 2174 3556 2242 videtur,

144 2258 304 2313 latus
337 2257 399 2312 in
430 2256 801 2323 Manichaee,
833 2255 935 2328 qui
966 2260 1089 2311 tum
1132 2255 1414 2329 temporis
1466 2254 1957 2312 Mediolanensem
2000 2256 2358 2312 infestabant
2397 2256 2733 2325 Ecclesiam,
2774 2258 2956 2313 telum
3010 2261 3212 2332 adigit,
3247 2279 3379 2317 cum
3413 2264 3558 2319 forte

145 2347 434 2402 hactenus
464 2345 658 2418 palam
690 2350 746 2401 et
772 2349 969 2417 aperto
999 2349 1186 2401 marte
1215 2343 1347 2401 illos
1377 2345 1617 2419 aggredi
1648 2361 1764 2400 non
1796 2348 1950 2400 esset
1979 2362 2180 2401 ausus.
2214 2345 2407 2401 Vanas
2438 2345 2852 2417 Apellistarum
2897 2347 3067 2403 solvit
3096 2350 3377 2421 argutias,
3412 2358 3468 2406 et
3497 2352 3555 2406 in

148 2451 247 2490 eos
279 2439 439 2489 tanto
469 2434 872 2490 vehementius
900 2433 1171 2506 insurgit,
1203 2436 1421 2506 quanto
1474 2432 1786 2488 sollicitius
1817 2433 2172 2489 formidabat
2203 2450 2273 2489 ne
2297 2433 2510 2506 populo
2533 2434 2845 2505 vigilantim
2879 2452 2997 2491 sua:
3031 2454 3216 2508 nuper
3242 2440 3556 2497 commisso

148 2523 554 2581 haereticorum
586 2522 834 2579 fallaciis
862 2522 1223 2579 illuderetur.
1254 2523 1378 2578 Non
1408 2525 1605 2578 tamen
1638 2521 1763 2578 sola
1791 2521 2192 2577 haereticorum
2226 2522 2621 2578 confutatione
2651 2523 3154 2581 circumscribitur
3185 2528 3371 2583 sancti
3403 2530 3555 2584 anti-

149 2613 305 2669 stitis
336 2612 505 2669 labor
531 2616 707 2685 atque
736 2613 1045 2668 industria.
1100 2612 1185 2668 Ad
1232 2612 1469 2668 Judmos
1513 2627 1745 2684 quoque
1776 2610 2160 2684 protenditur,
2195 2628 2343 2683 quos
2374 2610 2468 2666 ille
2499 2612 2994 2683 opportunitatem
3053 2619 3259 2670 nactus
3290 2634 3405 2672 non
3446 2617 3556 2673 levi

149 2701 390 2757 brachio
435 2701 667 2774 impetit
706 2717 771 2757 ac
819 2700 1086 2758 debellat.
1129 2701 1334 2758 Varias
1370 2704 1647 2774 praeterea
1692 2699 2110 2756 catholicorum
2160 2700 2467 2756 hominum
2518 2700 2767 2757 subinde
2806 2703 3125 2757 sententias
3157 2705 3365 2760 refert:
3397 2710 3455 2761 at
3487 2706 3557 2761 iis

147 2791 560 2847 tantummodo
601 2789 937 2858 subscribit,
980 2806 1129 2862 quas
1181 2793 1347 2862 putat
1392 2806 1522 2846 esse
1561 2789 1832 2846 veriores.
1884 2789 2156 2855 Quinimo
2214 2806 2366 2862 saepe
2403 2789 2617 2862 sepius
2653 2790 2862 2858 evenit,
2896 2795 2961 2846 ut
3012 2791 3176 2847 nulla
3207 2810 3406 2850 earum
3438 2813 3554 2851 non

148 2881 454 2953 repudiata
483 2897 654 2936 suam
686 2880 872 2952 ipsius
902 2880 961 2935 in
991 2880 1252 2936 medium
1285 2896 1603 2952 proponere
1653 2878 1813 2935 haud
1855 2882 2139 2935 vereatur.
2173 2880 2243 2934 Et
2294 2878 2386 2934 his
2418 2879 2662 2934 fortasse
2692 2879 2927 2934 adducti
2961 2884 3117 2950 sunt,
3152 2883 3250 2953 qui
3285 2883 3551 2955 disputa-

148 2969 323 3026 tionis
354 2969 596 3025 titulum
633 2969 820 3024 eidem
856 2968 995 3024 huic
1030 2967 1189 3041 operi
1220 2966 1603 3040 adscripsere.
1630 2966 1949 3037 Subjicitur
1978 2966 2194 3038 quippe
2213 2966 2284 3022 ad
2317 2965 2530 3021 calcem
2576 2966 3119 3039 antiquissimorum
3161 2972 3428 3026 codicum
3460 2972 3561 3028 Re-

150 3058 372 3115 mensis
412 3057 684 3114 Ecclesiae
712 3061 770 3113 et
798 3056 1231 3114 Claromontani
1276 3055 1522 3128 collegii,
1562 3055 1623 3111 in
1672 3050 1771 3111 illo
1803 3055 2063 3127 quidem,
2098 3056 2334 3126 Emplicil
2370 3056 2667 3125 disputatio
2695 3055 2759 3111 de
2786 3057 3072 3122 Paradiso,
3106 3058 3161 3112 in
3197 3059 3305 3114 hoc
3339 3066 3557 3129 autem,

150 3148 386 3220 Explicit
431 3147 693 3202 Paradisi
726 3146 1023 3218 disputatio
1065 3146 1130 3202 de
1168 3144 1440 3201 servanda
1485 3147 1691 3201 animm
1733 3146 1997 3216 puritate.
2040 3146 2111 3198 At
2153 3161 2283 3199 vero
2336 3142 2393 3197 in
2448 3149 2694 3215 utroque
2747 3144 3107 3210 inscribitur,
3146 3149 3344 3218 Incipit
3374 3149 3562 3204 domui

149 3237 421 3293 Ambrosii
437 3235 506 3291 de
531 3234 816 3301 Paradiso,
850 3233 950 3291 ubi
981 3250 1200 3302 vocem,
1232 3234 1552 3305 disputatio,
1585 3233 1867 3289 omissam
1897 3249 2026 3288 esse
2054 3249 2122 3288 ex
2151 3232 2342 3287 verbis
2383 3233 2600 3303 quibus
2645 3231 2948 3298 finiuntur,
2983 3234 3278 3304 coniicias.
3313 3236 3558 3291 Verum-

149 3332 347 3381 tamen
376 3341 515 3382 cum
544 3325 617 3380 ab
648 3324 976 3398 Augustino
1032 3322 1159 3393 (lib.
1220 3340 1257 3379 ιι
1287 3325 1491 3380 Contra
1525 3322 1635 3378 Jul.
1668 3338 1716 3377 c.
1751 3323 1787 3376 5
1814 3324 1873 3375 et
1903 3321 2050 3391 esst.)
2104 3319 2237 3375 libri
2268 3320 2505 3375 nomine
2537 3337 2651 3375 non
2683 3320 2859 3375 semel
2894 3320 3014 3375 haec
3045 3321 3173 3391 ipsa
3202 3331 3557 3379 commenta-

147 3416 230 3471 tio
265 3415 504 3470 laudata
550 3414 749 3480 fuerit,
790 3413 960 3469 nobis
1003 3413 1122 3469 veri
1166 3412 1393 3469 videtur
1427 3410 1680 3468 similius
1717 3410 1983 3467 eamdem
2022 3409 2133 3481 ipsi
2176 3409 2617 3481 inscriptionem
2648 3410 2720 3463 ab
2754 3410 3060 3465 Ambrosio
3116 3410 3357 3467 inditam
3392 3430 3555 3481 esse;

150 3508 325 3577 atque
355 3503 502 3561 adeo
526 3502 587 3558 in
618 3502 959 3558 memoratis
989 3501 1291 3558 codicibus
1318 3517 1519 3557 vocem
1575 3499 1890 3572 disputatio,
1939 3515 2004 3555 eo
2038 3514 2239 3567 sensu,
2274 3515 2387 3570 quo
2421 3497 2636 3553 librum
2669 3501 2771 3553 aut
2800 3499 3190 3570 quodcunque
3222 3501 3558 3574 scriptionis

147 3611 336 3669 genus
367 3592 683 3667 signiﬁcat,
714 3590 1175 3664 intelligendam.

214 3684 395 3739 Porro
424 3681 568 3737 illud
601 3698 716 3736 non
745 3680 803 3735 in
836 3684 1108 3753 promptu
1138 3679 1313 3735 fuerit
1355 3678 1616 3743 delinire,
1646 3694 1788 3733 num
1821 3694 1888 3734 ea
1918 3694 2045 3750 quae
2075 3676 2185 3732 hoc
2236 3676 2294 3731 in
2329 3692 2501 3748 opere
2551 3676 2940 3744 continentur,
2976 3678 3137 3749 prius
3172 3679 3240 3733 ad
3273 3679 3556 3751 populum

146 3771 548 3845 pronuntiata,
581 3769 956 3841 postmodum
990 3769 1047 3823 in
1080 3767 1213 3822 libri
1246 3768 1494 3824 formam
1526 3783 1687 3823 more
1715 3783 1822 3823 suo
1853 3766 2284 3822 concinnaverit
2315 3765 2678 3821 Ambrosius.
2718 3767 2774 3819 ld
2810 3766 3141 3837 quidemita
3160 3768 3370 3824 habere
3402 3769 3558 3825 haud

148 3861 298 3917 male
346 3860 543 3915 forsan
578 3858 711 3913 inde
740 3857 1252 3930 probaverim/tum
1287 3856 1425 3928 quia
1473 3855 1531 3911 in
1562 3873 1629 3911 eo
1669 3858 1897 3911 exstent
1938 3855 2085 3910 bene
2126 3852 2312 3909 multa
2358 3870 2485 3925 quae
2527 3856 2598 3910 ad
2642 3855 3043 3911 informandos
3092 3856 3557 3913 Christianorum

146 3966 339 4006 mores
370 3948 726 4021 pertineant,
775 3951 901 4002 tum
930 3945 1020 4003 vel
1049 3945 1303 4001 maxime
1347 3945 1485 4018 quia
1513 3948 1634 4001 tota
1665 3943 1982 4017 disputatio
2012 3944 2279 3999 videatur
2310 3960 2375 3998 eo
2430 3943 2758 4010 collineare,
2796 3950 2857 3999 ut
2898 3963 2968 3999 ne
3000 3944 3251 4000 th‘Cthl
3285 3947 3557 4017 simplices

146 4047 349 4094 mentes
379 4037 657 4093 malitiosa
690 4037 1141 4107 interpretatione
1167 4034 1457 4091 traducunt
1484 4038 1635 4107 (cap.
1667 4034 1743 4106 5).
1774 4033 1992 4090 Verum
2031 4050 2166 4089 cum
2219 4031 2468 4088 aliorum
2523 4033 2776 4087 doctoris
2825 4034 3004 4088 nostri
3041 4050 3300 4105 operum,
3339 4052 3465 4106 qum
3496 4035 3555 4089 in

148 4129 326 4183 libros
356 4143 388 4182 e
418 4125 803 4182 concionibus
854 4140 1133 4181 conversa
1176 4127 1335 4191 sunt,
1383 4123 1775 4180 characterem
1825 4122 1884 4177 in
1925 4122 2034 4179 hoc
2080 4122 2324 4178 minime
2374 4121 2900 4192 deprehendamus,
2944 4123 3317 4177 statuendum
3353 4127 3441 4177 est
3470 4123 3557 4179 vel

148 4213 697 4271 commentationem
728 4212 882 4268 hanc
912 4211 1072 4269 nullo
1104 4212 1277 4268 modo
1329 4217 1596 4268 constare
1625 4210 2027 4277 concionibus,
2058 4209 2145 4266 vel
2180 4215 2333 4266 certe
2358 4210 2502 4266 istas
2534 4211 2591 4264 in
2646 4227 2781 4265 eum
2813 4210 3076 4265 ordinem
3109 4227 3236 4266 esse
3269 4212 3555 4282 redactas,

148 4305 245 4376 qui
277 4302 722 4359 concionantem
752 4300 1127 4357 Ambrosium
1160 4317 1233 4356 ne
1263 4300 1510 4361 minimo
1543 4300 1779 4372 quidem
1809 4299 2023 4355 indicio
2053 4297 2328 4354 redoleat.

216 4395 371 4448 144
399 4391 503 4447 Hic
532 4394 731 4447 autem
763 4405 882 4444 non
907 4388 1469 4460 praetermittendum
1495 4388 1761 4460 quaedam
1782 4386 1952 4443 illum
1974 4404 2089 4443 non
2116 4391 2344 4442 tantum
2379 4403 2409 4442 e
2442 4386 2909 4443 PhilonisJudzei
2942 4386 3111 4443 libris
3159 4388 3557 4455 Allegoriarum

152 4482 301 4552 legis,
325 4485 392 4536 ut
410 4484 696 4553 putarunt
718 4476 1008 4546 nonnulli,
1032 4476 1663 4549 desumpsisse,verum
1692 4477 1870 4533 etiam
1892 4493 1962 4532 ex
1978 4476 2243 4548 ejusdem
2270 4491 2439 4548 opere
2458 4476 2523 4531 de
2545 4477 2743 4531 mundi
2770 4476 3004 4548 opiﬁcio.
3034 4477 3143 4532 Sed
3175 4483 3560 4549 praeterquam

152 4569 300 4641 quod
331 4585 398 4625 ea
421 4585 608 4642 pauca
638 4570 800 4634 sunt,
836 4569 892 4621 et
921 4566 993 4622 ad
1023 4564 1402 4639 allegoricnm
1433 4565 1744 4638 Scriptura
1794 4581 2038 4620 sensum
2093 4564 2405 4636 pertinent,
2458 4564 2513 4618 in
2560 4565 2630 4620 iis
2662 4564 2806 4637 ipsis
2842 4564 3101 4621 Philonis
3135 4569 3409 4636 mentem,
3443 4583 3557 4621 non

151 4658 321 4714 verba
349 4662 743 4725 consectatur,
772 4659 831 4711 et
851 4670 976 4726 quas
1008 4654 1163 4727 apud
1184 4652 1355 4710 illum
1379 4658 1681 4711 auctorem
1696 4653 1940 4711 Judaico
1962 4652 2173 4726 spiritu
2194 4654 2462 4726 inspersa
2484 4654 2734 4723 fuerant,
2767 4671 2834 4709 ea
2852 4653 2909 4709 in
2935 4656 3280 4711 sententiam
3314 4672 3558 4730 evange-

152 4745 271 4805 licae
303 4747 569 4806 doctrina:
598 4747 1023 4821 congruentem
1054 4743 1381 4803 Christiane
1410 4744 1729 4801 admodum
1761 4743 2044 4801 convertit
2086 4743 2455 4800 Ambrosius.
