3932 6212
373 267 478 327 291

372 453 620 476 π

1029 635 1843 795 SANCTI

1829 274 1895 333 S.
1940 274 2317 338 AMBROSII

625 453 3741 500 mm

2035 644 3101 802 AMBROSH

1606 895 2178 952 MEDIOLANENSIS
2216 897 2531 955 EPISCOPI

1398 1063 1632 1189 DE
1764 1064 2752 1198 PARADISO

1643 1317 1956 1401 LIBER
2018 1317 2334 1406 UNUS
2376 1311 2482 1406 (¹).

941 1701 980 1754 1
996 1699 1093 1755 45
1124 1697 1353 1753 CAPUT
1387 1698 1426 1751 Ι.

354 1818 534 1885 Quam
581 1809 813 1880 difﬁcile
840 1809 910 1861 sit
950 1805 1014 1885 de
1052 1804 1306 1885 paradiso
1334 1804 1618 1885 disserere.
1663 1806 1790 1885 Ejus
1818 1813 1999 1885 tamen

420 1875 895 1950 auctorfnatura,
926 1875 1089 1945 situs,
1109 1878 1301 1950 Az’ncola
1346 1876 1704 1937 indicantur;
1727 1884 1777 1930 et
1816 1891 1901 1929 res
1931 1875 2001 1929 ad

424 1948 716 2027 mysticum
746 1966 962 2005 sensum
993 1948 1322 2003 traducitur.

424 2062 477 2117 4.
512 2064 576 2116 Et
615 2058 888 2130 plantavit
936 2054 1011 2125 (2)
1064 2055 1203 2109 Deus
1244 2052 1569 2123 paradisum
1621 2053 1680 2107 in
1732 2052 1876 2107 Eden
1916 2069 1997 2108 se-

352 2150 587 2208 cundum
634 2148 944 2203 orientem:
991 2151 1043 2198 et
1101 2144 1285 2214 posuit
1353 2142 1434 2196 ibi
1496 2142 1772 2196 hominem
1839 2157 1999 2212 quem

352 2236 702 2310 ﬁn.1:it(Gen.
743 2251 805 2304 ιι,
855 2234 929 2297 8).
982 2232 1062 2286 De
1111 2230 1381 2302 paradiso
1412 2229 1774 2284 adoriundus
1804 2245 1996 2285 sermo

353 2344 468 2383 non
500 2324 849 2381 mediocrem
885 2324 1090 2375 uastum
1120 2320 1197 2389 (3)
1243 2318 1413 2372 nobis
1459 2317 1688 2371 videtur
1716 2317 1996 2385 incutere,

353 2416 634 2489 quidnam
689 2413 767 2467 sit
796 2407 1125 2483 paradisus,
1156 2412 1212 2463 et
1257 2406 1379 2475 ubi,
1414 2405 1674 2478 qualisve
1705 2405 1800 2471 sit,
1832 2406 1995 2462 inve-

351 2506 567 2577 stigare
586 2507 642 2559 et
661 2500 968 2573 explanare
988 2496 1357 2568 cupientibus
1384 2512 1394 2551 :
1423 2495 1675 2551 maxime
1696 2511 1829 2551 cum
1850 2498 1997 2567 Apo-

348 2594 535 2650 stolus
565 2591 684 2648 sive
727 2592 786 2644 in
837 2603 1095 2659 corpore,
1141 2586 1260 2640 sive
1313 2588 1475 2640 extra
1511 2601 1723 2656 corpus
1752 2584 1992 2650 nesciat,

350 2688 584 2755 raptum
615 2696 677 2735 se
704 2683 899 2733 tamen
935 2676 1089 2729 dicat
1118 2690 1305 2744 usque
1352 2673 1423 2727 ad
1479 2673 1714 2727 tertium
1761 2673 1990 2728 coelum.

349 2773 419 2826 Et
449 2785 697 2825 rursus:
731 2768 872 2830 Scio,
921 2762 1135 2834 inquit,
1180 2760 1497 2831 hujusmodi
1541 2760 1833 2827 hominem,
1882 2763 1995 2817 sive

351 2862 412 2915 in
440 2872 678 2929 corpore,
708 2856 819 2909 sive
846 2859 1003 2907 extra
1032 2865 1245 2920 corpus,
1276 2850 1477 2915 nescio,
1510 2848 1649 2903 Deus
1685 2852 1827 2915 scit;
1857 2866 1992 2919 quo-

351 2950 505 3002 niam
533 2952 723 3016 raptus
752 2943 829 2996 est
878 2941 935 2994 in
964 2937 1306 3010 paradisum,
1337 2939 1387 2990 et
1428 2936 1644 2991 audivit
1690 2936 1993 3008 ine/fabz'lia

349 3036 530 3097 verba,
562 3048 689 3106 quae
728 3046 837 3085 non
890 3029 1014 3083 licet
1060 3027 1272 3081 homini
1300 3025 1512 3097 loqui...
1548 3027 1654 3080 Pro
1681 3025 1992 3097 hujusmodi

349 3124 644 3195 gloriabor,
690 3136 791 3193 pro
834 3134 920 3173 me
971 3120 1153 3172 autem
1200 3131 1308 3169 non
1344 3115 1639 3184 gloriabor,
1670 3116 1782 3169 nisi
1811 3116 1869 3169 in
1901 3117 1987 3169 in-

352 3212 701 3272 ﬁrmitatibus
749 3210 889 3262 meis
923 3224 942 3260 :
970 3206 1021 3260 si
1056 3207 1205 3260 enim
1234 3204 1451 3258 voluero
1479 3205 1732 3274 gloriari,
1766 3219 1871 3257 non
1898 3219 1989 3258 ero

346 3303 585 3359 stultus:
626 3316 758 3354 nam
810 3298 1099 3351 veritatem
1145 3293 1263 3348 dico
1310 3294 1383 3363 (II
1425 3291 1544 3348 Cor.
1578 3307 1679 3358 xu,
1712 3292 1853 3362 3-6),
1886 3293 1985 3347 Er-

344 3408 416 3463 go
447 3390 497 3446 si
525 3386 864 3460 bujusmodi
895 3384 1201 3456 paradisus
1247 3387 1354 3446 est,
1389 3385 1451 3436 ut
1482 3397 1616 3436 eum
1645 3381 1810 3436 solus
1840 3381 1987 3436 Pau-

344 3480 463 3545 lus,
509 3480 610 3532 aut
650 3477 738 3530 vir
774 3473 987 3545 aliquis
1032 3470 1195 3526 Pauli
1219 3469 1450 3537 similis,
1480 3486 1613 3525 cum
1643 3470 1703 3524 in
1735 3469 1843 3524 hac
1870 3469 1989 3525 vita

346 3568 597 3637 degeret,
645 3564 840 3618 videre
886 3560 1176 3633 potuerit;
1207 3559 1361 3614 idem
1390 3566 1587 3614 tamen
1618 3558 1738 3614 sive
1768 3559 1826 3613 in
1857 3575 1986 3615 cor-

349 3672 505 3727 pore,
556 3653 674 3709 sive
720 3654 880 3705 extra
931 3665 1142 3719 corpus
1187 3647 1415 3713 viderit,
1474 3646 1814 3703 meminisse
1871 3665 1984 3703 non

348 3743 568 3815 possit;
597 3738 1058 3796 audierittamen
1087 3736 1279 3802 verba,
1313 3736 1530 3807 quibus
1560 3734 1888 3807 prohibitus
1910 3735 1988 3791 sit

346 3831 583 3903 vulgare
612 3828 766 3900 quod
800 3826 1063 3882 audierat
1112 3826 1209 3896 (li),
1261 3840 1376 3895 quo
1406 3824 1643 3879 tandem
1675 3841 1782 3879 nos
1813 3827 1985 3880 modo

345 3919 599 3992 paradisi
648 3918 830 3973 situm
866 3914 1189 3987 poterimus
1206 3911 1522 3980 absolvere,
1557 3928 1731 3984 quem
1764 3929 1868 3968 nec
1904 3914 1985 3968 vi-

342 4010 477 4065 dere
498 4007 820 4080 potuimus.
870 4005 940 4058 Et
969 4002 1014 4058 si
1050 4002 1447 4074 potuissemus
1465 4001 1679 4067 videre,
1713 4000 1984 4073 prohibe-

343 4114 539 4153 remur
559 4101 755 4151 tamen
778 4092 909 4149 aliis
936 4091 1209 4146 intimare
1229 4090 1428 4145 146?
1469 4088 1653 4145 Simul
1678 4106 1809 4144 cum
1842 4089 1985 4145 Pau-

340 4185 434 4241 lus
481 4184 750 4240 extollere
797 4199 859 4239 se
889 4180 1308 4237 revelationum
1348 4178 1707 4235 sublimitate
1737 4179 1814 4234 sit
1841 4179 1985 4234 veri-

341 4281 458 4344 tus,
478 4277 694 4345 quanto
716 4271 907 4344 magis
930 4269 1100 4325 nobis
1123 4268 1453 4324 timendum
1474 4271 1564 4323 est
1587 4267 1644 4322 id
1676 4265 1984 4323 sollicitius

340 4363 618 4435 indagare
643 4362 739 4431 (5),
772 4360 940 4430 cujus
969 4358 1145 4415 etiam
1178 4355 1448 4411 revelatio
1479 4354 1726 4411 obnoxia
1773 4354 1850 4411 sit
1880 4372 1982 4428 pe-

2025 1699 2077 1764 Α
2113 1714 2272 1754 mare
2323 1700 2655 1767 debemus;
2702 1705 2759 1756 et
2807 1700 2933 1757 ideo
2981 1702 3388 1774 relinquamus
3442 1703 3596 1760 Pauli
3626 1720 3742 1762 esse

2112 1792 2423 1844 secretum.

2178 1879 2231 1931 2.
2259 1878 2478 1934 Tamen
2511 1879 2790 1951 quoniam
2821 1879 2915 1936 hic
2944 1879 3195 1953 legimus
3229 1880 3288 1935 in
3330 1881 3535 1937 Genesi
3576 1899 3609 1937 a
3635 1881 3740 1938 Deo

2109 1966 2446 2037 paradisum
2477 1984 2607 2023 esse
2640 1967 2966 2040 plantatum
3007 1969 3334 2025 secundum
3365 1968 3662 2036 orientem,
3689 1974 3741 2026 et

2108 2055 2187 2109 ibi
2234 2072 2363 2110 esse
2421 2055 2677 2127 positum
2728 2056 3026 2113 hominem
3073 2058 3149 2129 (7)
3211 2074 3389 2130 quem
3446 2057 3741 2131 plasmavit

2107 2143 2299 2209 Deus;
2326 2145 2497 2200 istius
2545 2145 2800 2215 paradisi
2831 2150 3133 2202 auctorem
3156 2147 3284 2217 jam
3319 2163 3630 2218 possumus
3657 2148 3737 2202 in-

2106 2233 2319 2288 venire.
2354 2232 2495 2297 Quis
2524 2239 2613 2289 est
2634 2234 2789 2288 enim
2814 2234 2912 2305 qui
2938 2234 3120 2306 potuit
3144 2235 3367 2309 tingere
3393 2235 3737 2309 paradisum,

2106 2321 2220 2377 nisi
2254 2322 2622 2394 omnipotens
2661 2323 2815 2378 Deus
2853 2324 2953 2394 qui
2979 2322 3123 2378 dixit
3161 2329 3220 2379 et
3242 2326 3399 2381 facta
3415 2328 3567 2393 sunt,
3598 2341 3738 2379 nun-

2106 2428 2283 2482 quam
2313 2410 2583 2483 indigens
2614 2412 2689 2483 (8)
2709 2428 2910 2471 eorum
2934 2429 3060 2484 quae
3083 2414 3348 2485 generari
3379 2412 3594 2470 vellet?
3624 2415 3738 2485 Ipse

2104 2516 2241 2571 ergo
2275 2499 2552 2571 plantavit
2585 2501 2922 2572 paradisum
2954 2501 3026 2556 de
3076 2518 3191 2573 quo
3240 2501 3388 2558 dicit
3417 2501 3735 2574 Sapientia:

2100 2590 2285 2643 Omnis
2331 2589 2603 2659 plantatio
2656 2605 2822 2660 quam
2865 2604 2975 2643 non
3021 2590 3299 2660 plantavit
3353 2595 3515 2646 Pater
3573 2604 3736 2656 meus,

2103 2676 2472 2732 eradicabitur
2502 2676 2705 2747 (Matth.
2737 2694 2832 2741 xv,
2869 2677 2975 2747 13).
3012 2677 3170 2733 Bona
3210 2677 3556 2751 angelorum
3587 2677 3740 2750 plan-

2103 2765 2263 2830 tatio,
2318 2765 2470 2819 bona
2525 2769 2882 2819 sanctorum.
2932 2764 3125 2819 Sancti
3170 2764 3328 2820 enim
3393 2766 3502 2821 sub
3554 2764 3662 2819 ﬁcu
3689 2765 3743 2819 et

2101 2856 2212 2908 vite
2259 2853 2538 2908 dicuntur
2586 2854 2643 2908 in
2690 2852 2787 2907 illo
2842 2853 3003 2924 pacis
3052 2854 3234 2908 futuri
3265 2855 3341 2926 (9)
3374 2859 3653 2926 tempore,
3685 2852 3739 2906 in

2102 2943 2319 3014 quibus
2349 2946 2523 3015 typus
2553 2946 2641 2996 est
2670 2940 3009 3014 angelorum
3039 2942 3215 3009 (Mich.
3276 2960 3356 3009 1v,
3388 2943 3464 3015 4).

2168 3031 2222 3085 3.
2259 3031 2404 3101 Ergo
2437 3030 2744 3101 paradisus
2786 3033 2874 3085 est
2895 3029 3149 3104 plurima
3177 3029 3343 3102 ligna
3372 3030 3613 3096 habens,
3646 3028 3739 3085 sed

2100 3118 2259 3190 ligna
2288 3118 2608 3185 fructifera,
2630 3116 2789 3189 ligna
2810 3116 2983 3188 plena
3000 3118 3160 3173 succi
3182 3123 3364 3191 atque
3394 3117 3645 3181 virtutis,
3674 3117 3740 3172 de

2098 3208 2312 3280 quibus
2333 3212 2424 3263 est
2447 3225 2459 3262 :
2491 3208 2857 3263 Exsultabunt
2886 3209 3073 3261 omnia
3093 3208 3250 3276 ligna
3270 3208 3543 3264 silvarum
3571 3204 3737 3278 (Psal.

2094 3313 2221 3361 xcv,
2254 3296 2380 3365 12);
2411 3294 2574 3366 ligna
2601 3310 2834 3366 semper
2878 3294 3143 3350 ﬂorentia
3178 3296 3479 3351 viriditate
3508 3295 3737 3350 merito-

2096 3402 2251 3454 rum,
2282 3386 2436 3440 sicut
2464 3383 2606 3438 illud
2654 3382 2883 3455 lignum
2914 3384 3069 3454 quod
3103 3383 3438 3455 plantatum
3460 3389 3550 3440 est
3578 3397 3739 3440 secus

2096 3474 2378 3529 decursus
2407 3488 2715 3544 aquarum,
2741 3472 2912 3542 cujus
2935 3470 3136 3527 folium
3172 3489 3290 3528 non
3324 3473 3577 3540 deﬂuet;
3609 3470 3740 3543 quia

2094 3567 2253 3617 totus
2297 3562 2356 3616 in
2408 3577 2474 3617 eo
2524 3562 2748 3615 fructus
2791 3561 3086 3617 exuberat.
3121 3560 3224 3616 Hic
3263 3578 3405 3634 ergo
3439 3560 3739 3634 paradisus

2095 3656 2202 3706 est.

2166 3742 2217 3794 4.
2253 3740 2438 3794 Locus
2487 3744 2682 3794 autem
2729 3739 2856 3809 ejus
2905 3737 2964 3792 in
3014 3754 3129 3809 quo
3178 3743 3270 3794 est
3302 3738 3626 3815 plantatus,
3654 3754 3736 3793 vo-

2094 3826 2431 3898 luptas(lO)
2490 3826 2725 3881 dicitur.
2787 3826 2950 3881 Unde
3005 3831 3063 3881 et
3119 3832 3365 3884 sanctus
3421 3828 3594 3884 David
3626 3826 3738 3882 ait:

2092 3918 2158 3972 Et
2189 3919 2423 3971 torrente
2452 3916 2745 3987 voluptatis
2773 3919 2882 3973 tuae
2906 3915 3121 3987 Potabis
3152 3932 3239 3971 eos
3271 3918 3449 3987 (Psal.
3472 3932 3634 3971 xxxv.
3665 3912 3736 3982 9).

2097 4004 2310 4077 Legisti
2341 4004 2496 4059 enim
2522 4022 2534 4059 :
2570 4003 2717 4069 Quia
2744 4006 2866 4075 fons
2898 4004 3140 4077 procedit
3172 4021 3243 4060 ex
3273 4006 3447 4073 Eden,
3480 4006 3577 4076 qui
3603 4002 3742 4071 rigat

2088 4092 2413 4165 paradisum
2460 4091 2614 4163 (Gen.
2660 4109 2722 4159 ιι,
2781 4092 2889 4162 10).
2939 4094 3079 4148 147
3136 4091 3266 4148 Haec
3299 4094 3487 4166 igitur
3516 4094 3741 4148 sancto-

2094 4199 2225 4237 rum
2256 4181 2416 4254 ligna
2446 4182 2557 4252 (11)
2590 4197 2717 4252 quas
2749 4180 3011 4253 plantata
3040 4186 3179 4236 sunt
3207 4181 3268 4236 in
3292 4180 3591 4261 paradiso,
3614 4194 3743 4251 qua-

2094 4272 2144 4327 si
2194 4269 2476 4342 proﬂuvio
2516 4269 2771 4340 quodam
2821 4269 3095 4325 torrentis
3126 4269 3376 4341 spiritus
3406 4270 3737 4343 irrigantur.

2093 4359 2172 4414 De
2202 4376 2319 4431 quo
2347 4358 2524 4414 etiam
2571 4355 2711 4413 alibi
2762 4358 2880 4413 ait:
2913 4359 3188 4414 Fluminis
3230 4361 3476 4431 impetus
3509 4354 3764 4426 laetiﬁcat~

340 4433 525 4505 ricqu
546 4450 573 4504 ‘l
601 4450 726 4504 Non
759 4447 939 4520 igitur
968 4445 1137 4518 hylen
1170 4445 1245 4515 (6)
1271 4443 1427 4499 hunc
1457 4443 1794 4514 paradisum
1826 4444 1984 4499 aesti—
2015 4433 2058 4500 C
2094 4450 2364 4504 civitatem
2422 4447 2519 4501 Dei
2571 4446 2738 4517 (Psal.
2770 4462 2897 4502 XLV.
2930 4447 3006 4519 5).
3051 4446 3150 4502 Est
3180 4451 3382 4504 autem
3417 4446 3619 4503 civitas
3648 4441 3741 4497 illa

440 4591 490 4660 1)
520 4589 781 4660 Scriptus
810 4588 946 4660 circ.
976 4605 1073 4660 an.
1098 4588 1222 4642 3'75.

440 4593 463 4645 1
520 4593 781 4660 Scriptus
810 4593 946 4643 circ.
976 4605 1069 4643 an.
1098 4593 1222 4642 375.

414 4593 491 4733 22)
524 4661 625 4733 Hic
675 4665 864 4715 textus
919 4659 1301 4733 desideratur
1331 4657 1386 4712 in
1437 4658 1695 4733 antiquis
1747 4659 1885 4713 edit.
1929 4662 1987 4714 et

342 4728 489 4818 mss.
521 4731 762 4804 aliquot.
797 4735 1068 4785 Attamen
1116 4728 1175 4783 in
1209 4729 1339 4783 aliis
1380 4728 1610 4801 optima:
1643 4734 1791 4785 nota:
1822 4745 1984 4803 repe-

343 4810 658 4947 Ρη(ιέ’›),”Με;ε.
711 4879 957 4947 septem,
1008 4875 1231 4937 metum,
1284 4870 1415 4938 Alii,
1449 4876 1505 4926 et
1558 4872 1695 4927 edit.
1746 4872 1981 4941 melius,

339 4951 605 5090 marita
637 5016 897 5090 plerique
930 5032 1071 5070 mss.
1108 5018 1301 5090 etvet.
1336 5013 1476 5069 edit.
1509 5014 1619 5069 Alii
1654 5031 1822 5083 mss.,
1845 5015 1986 5087 quod

338 5085 596 5147 aiutierit.
629 5085 780 5143 Edit.
805 5085 1005 5155 Rom.,
1033 5086 1174 5158 quod
1206 5085 1431 5158 viderat.

408 5162 486 5234 (5)
519 5162 660 5216 Mss.
710 5159 950 5231 aliquot,
998 5156 1323 5213 studendum
1350 5160 1427 5212 est
1450 5156 1509 5211 id
1537 5158 1806 5213 sollicitus
1836 5157 1983 5212 indi-

405 5251 433 5286 r
468 5277 479 5288 .

339 5250 486 5373 60(3)
513 5303 652 5357 Mss.
684 5318 798 5356 non
845 5299 1034 5373 pauci,
1081 5316 1184 5373 nec
1214 5299 1646 5373 contemnendi,
1679 5315 1791 5355 non
1822 5301 1984 5373 vitem

340 5369 528 5445 igitur.
564 5374 727 5445 Forte
772 5369 1064 5445 visibilem.
1125 5370 1248 5437 Sin,
1275 5369 1451 5445 hyten_
1472 5370 1656 5425 mavis
1681 5369 1983 5445 cumaliis

340 5440 483 5500 mss.
516 5447 574 5498 et
615 5443 753 5497 edit.
814 5443 1193 5512 interpretare
1250 5440 1573 5496 materiem.
1626 5442 1770 5496 Vide
1803 5442 1906 5496 lib.
1941 5459 1982 5508 ι,

340 5516 915 5587 Hexaemeron,_cap.
950 5514 1003 5587 1_,
1035 5528 1199 5587 num.
1235 5512 1284 5567 1.

411 5586 485 5674 (7)
516 5584 683 5648 Rom.
717 5582 882 5657 edit;
921 5584 1237 5660 plantatum
1281 5582 1350 5645 ad
1393 5583 1721 5643 orientem...
1768 5592 1820 5643 et
1859 5599 1986 5663 pro-

2094 4590 2325 4664 ductum
2340 4606 2449 4646 esse
2478 4605 2635 4647 omne
2663 4591 2876 4660 lignum
2918 4594 3207 4664 pulchrum
3237 4592 3311 4647 ad
3342 4595 3546 4659 visum,
3574 4593 3627 4645 et
3655 4587 3742 4642 bo-

2092 4679 2228 4717 num
2257 4661 2327 4716 ad
2356 4678 2550 4718 escam.

2165 4734 2243 4805 (8)
2276 4732 2400 4789 Vet.
2460 4735 2601 4790 edit.
2660 4750 2795 4789 cum
2840 4734 3030 4789 tribus
3078 4750 3246 4802 mss.,
3292 4732 3572 4806 numquid
3600 4727 3739 4787 indi-

2092 4821 2312 4880 ge’?§.~_
2432 4876 2446 4880 -
2627 4876 2665 4880 __
2917 4877 2925 4880 -
3131 4875 3170 4880 __
3710 4870 3719 4880 .

2165 4877 2241 4947 (9)
2272 4876 2547 4931 Eamdem
2577 4876 2736 4931 edit..
2770 4877 3097 4947 requiescere
3111 4875 3385 4947 dicuntur
3406 4879 3464 4931 in
3489 4875 3586 4931 illo
3595 4875 3741 4945 pacis

2091 4950 2315 5019 futurae.
2350 4952 2425 5001 At
2446 4948 2801 5019 requiescere,
2834 4946 2999 5003 abest
3028 4948 3100 5001 ab
3145 4946 3277 5002 aliis
3308 4947 3455 5019 edit.
3490 4950 3549 5003 et
3601 4957 3738 5019 mss.

2096 5013 2659 5093 omnibus.__ilo'rum
2700 5018 2807 5093 alii
2846 5036 2978 5074 cum
3011 5024 3121 5073 vet.
3156 5019 3319 5093 edit._
3341 5018 3571 5093 legunt,
3600 5013 3742 5093 pacis

2090 5092 2303 5161 futurae
2324 5087 2477 5161 {alii
2504 5091 2713 5161 majori
2745 5107 2988 5146 numero
3020 5094 3074 5145 et
3095 5087 3521 5160 antiquitate...
3544 5087 3738 5159 lutum,

2093 5157 2281 5216 sancti
2310 5157 2595 5215 videlicet.

2164 5231 2283 5357 (10)
2306 5230 2471 5357 qu.
2503 5232 2641 5286 edit.
2693 5230 2842 5299 sola,
2888 5232 3167 5303 plantatus
3195 5231 3411 5287 dicitur
3448 5230 3617 5295 Eden,
3650 5226 3743 5281 hac

2164 5312 2168 5353 τ
2196 5318 2259 5357 υο
2285 5318 2357 5357 uv
2381 5318 2467 5357 as.

2092 5312 2168 5358 σει
2196 5310 2442 5358 voluntas
2455 5343 2467 5358 .

2164 5373 2275 5444 (11)
2307 5368 2447 5429 Mss.
2481 5375 2726 5444 septem,
2761 5378 2818 5428 et
2846 5374 2984 5429 edit.
3034 5377 3191 5438 Am.,
3220 5381 3553 5430 sanctorum
3581 5368 3740 5426 lumi-

2090 5461 2184 5499 na.
2219 5445 2371 5508 Era.,
2418 5447 2726 5515 sanctorum
2774 5446 3026 5515 ﬂumina.
3072 5444 3201 5500 Gill.
3232 5460 3377 5499 cum
3412 5444 3548 5500 aliis
3579 5455 3743 5505 mss.,

2090 5523 2399 5644 sagitcttqrum
2463 5515 2633 5591 tigna.
2688 5514 2853 5575 Rom.
2908 5532 3106 5575 vocem
3153 5519 3476 5573 sanctorum
3515 5518 3743 5591 prater-

2092 5602 2173 5644 mi
2228 5604 2292 5644 ι.
3510 5638 3515 5643 .

2092 5602 2292 5645 ωηατ..
3510 5638 3515 5643 ε
