3910 6210
158 282 257 346 293

1356 278 1590 345 LIBER
1632 282 1737 344 DE
1779 278 2197 345 PARADISO.

3418 287 3535 349 294

158 434 267 490 qua
292 435 527 476 sursum
557 423 646 478 est
672 416 1003 478 Jerusalem
1042 415 1246 485 libera,
1298 416 1358 473 in
1404 433 1524 489 qua
1551 416 1779 472 diversa
1806 416 1864 482 Α
1894 418 1950 470 et
1978 414 2118 470 mali
2171 415 2498 488 displicere,
2541 416 2679 488 quia
2725 422 3109 490 posteaquam
3157 422 3538 491 gustaverunt

158 511 474 565 sanctorum
503 510 713 566 merita
741 507 1129 582 pullularunt.

215 596 263 651 5.
296 596 358 652 In
400 597 510 654 hoc
555 615 692 672 ergo
741 596 1014 671 paradiso
1056 594 1355 651 hominem
1404 594 1558 649 Deus
1586 592 1781 665 posuit

156 700 313 756 quem
342 684 671 757 plasmavit.
708 684 974 757 Intellige
1004 682 1180 739 etiam
1207 682 1346 755 quia
1377 698 1492 737 non
1521 697 1653 737 eum
1680 681 1782 736 ho-

156 772 357 830 minem
387 775 489 848 qui
518 776 842 833 secundum
874 772 1194 845 imaginem
1218 769 1316 826 Dei
1338 769 1779 842 est,posuit,sed

155 877 276 917 eum
306 863 406 936 qui
457 865 785 921 secundum
830 878 1065 935 corpus.
1114 859 1501 932 Incorporalis
1531 857 1688 915 enim
1720 858 1781 912 in

153 949 266 1007 loco
290 968 405 1008 non
435 957 546 1009 est.
581 952 785 1009 Posuit
814 954 1010 1007 autem
1060 965 1196 1006 eum
1244 948 1306 1003 in
1335 947 1602 1020 paradiso
1633 946 1785 1002 sicut

152 1039 323 1096 solem
385 1042 444 1097 in
503 1041 667 1111 caelo,
719 1042 1153 1112 exspectantem
1212 1031 1457 1110 regnum
1484 1035 1786 1101 coelorum,

151 1130 642 1200 quemadmodum
700 1133 969 1186 creatura
1023 1130 1320 1199 exspectat
1376 1124 1785 1182 revalationem

149 1216 396 1274 ﬁliorum
418 1219 542 1274 Dei.

208 1307 262 1362 6.
293 1308 445 1381 Ergo
476 1307 526 1363 si
557 1307 867 1380 paradisus
897 1309 986 1362 est
1012 1303 1072 1359 in
1105 1320 1220 1376 quo
1244 1306 1411 1359 erant
1458 1306 1656 1359 exorta
1676 1302 1789 1357 vir-

145 1395 329 1469 gulta,
349 1396 579 1452 videtur
599 1396 907 1468 paradisus
932 1393 1130 1449 anima
1144 1408 1272 1449 esse
1292 1409 1419 1464 quae
1439 1390 1792 1463 multiplicat

146 1501 347 1541 semen
379 1488 703 1557 acceptum,
735 1484 794 1539 in
827 1499 943 1555 qua
971 1481 1157 1536 virtus
1174 1496 1538 1553 unaquaeque
1564 1479 1790 1552 planta-

145 1578 254 1639 tur,
289 1571 351 1627 in
387 1588 504 1645 qua
532 1576 657 1628 erat
676 1572 852 1627 etiam
884 1569 1109 1643 lignum
1140 1569 1288 1634 vitaz,
1311 1569 1422 1624 hoc
1450 1572 1540 1624 est
1568 1568 1792 1640 sapien-

145 1662 243 1728 tia,
275 1660 432 1717 sicut
460 1660 604 1716 dixit
634 1659 909 1716 Salomon
940 1658 1089 1731 (Sap.
1121 1675 1220 1721 vn,
1252 1658 1315 1712 21
1329 1657 1483 1730 -26):
1530 1657 1668 1728 quia
1699 1674 1790 1712 sa-

147 1749 363 1821 pientia
393 1765 508 1805 non
538 1749 609 1804 de
637 1753 793 1804 terra
821 1750 1019 1803 exorta
1048 1750 1137 1801 est
1184 1746 1319 1818 (12),
1370 1746 1471 1801 sed
1503 1746 1574 1801 de
1599 1746 1789 1801 Patre.

148 1839 244 1894 Est
271 1837 432 1894 enim
464 1836 742 1909 splendor
770 1835 922 1891 lucis
950 1838 1196 1905 aeternae,
1241 1837 1298 1890 et
1342 1834 1634 1890 emanatio
1665 1851 1789 1890 om-

150 1926 467 2000 nipotentis
496 1925 712 1999 gloriae.

807 2039 1039 2096 CAPUT
1068 2039 1139 2096 ll.

153 2132 296 2201 Quod
326 2133 544 2203 lignum
570 2130 812 2203 scientia
834 2129 961 2184 boni
987 2136 1038 2184 et
1062 2128 1202 2203 mali
1229 2129 1290 2184 in
1316 2127 1580 2203 paradiso
1602 2128 1790 2203 fuerit,

250 2198 465 2276 uodque
493 2202 925 2276 ibidemserpens
946 2201 1236 2266 exstiterit,
1257 2198 1369 2254 non
1402 2198 1798 2276 reprehenden-

253 2272 385 2330 umf
404 2275 470 2329 Et
499 2272 629 2344 quid
654 2273 917 2329 nonnulli
941 2288 1042 2344 per
1066 2279 1390 2343 serpentem,
1440 2272 1705 2327 Adamum
1744 2278 1798 2326 et

220 2347 389 2401 Evam
420 2345 814 2401 intellexerint.

217 2465 270 2516 7.
316 2461 461 2516 Erat
515 2462 712 2515 autem
760 2457 990 2531 lignum
1029 2456 1285 2513 scientiae
1317 2456 1451 2513 boni
1482 2461 1538 2513 et
1566 2456 1703 2513 mali
1737 2457 1796 2512 in

154 2550 447 2622 paradiso.
479 2547 570 2604 Sic
601 2547 758 2603 enim
789 2547 1010 2603 habes:
1063 2546 1211 2612 Quia
1246 2545 1512 2618 produxit
1556 2546 1697 2600 Deus
1728 2546 1799 2601 li-

156 2656 320 2709 gnum
348 2640 656 2711 speciosum
676 2636 747 2691 ad
775 2643 1068 2708 aspectum,
1105 2642 1155 2691 et
1185 2634 1386 2690 bonum
1414 2634 1484 2690 ad
1513 2651 1717 2702 escam,
1750 2637 1801 2689 et

154 2728 366 2796 lignum
396 2728 523 2783 vitm
548 2728 609 2782 in
652 2726 928 2798 paradiso,
972 2732 1027 2780 et
1066 2724 1282 2793 lignum
1327 2725 1574 2781 scientiae
1598 2723 1728 2779 boni
1752 2726 1800 2779 et

153 2818 286 2872 mali
330 2816 496 2887 (Gen.
548 2832 611 2883 ιι,
637 2816 714 2887 9).
765 2815 971 2870 Postea
1010 2812 1349 2869 ’videbimus
1380 2816 1580 2868 utrum
1610 2819 1663 2868 et
1690 2811 1801 2869 hoc

156 2904 379 2979 lignum
416 2904 755 2978 speciosum
787 2903 859 2959 ad
892 2905 1217 2975 aspectum,
1244 2904 1301 2956 et
1345 2902 1566 2957 bonum
1606 2901 1677 2957 ad
1710 2918 1802 2958 es-

156 3010 273 3050 cam
304 2995 488 3051 fuerit
517 2993 669 3049 sicut
697 2996 923 3048 caetera.
970 2991 1049 3046 Eo
1080 2990 1237 3046 enim
1286 2989 1410 3046 loco
1457 2990 1568 3047 hoc
1598 3008 1803 3063 oppor-

158 3083 351 3140 tunius
382 3081 806 3155 disputabitur,
840 3096 955 3152 quo
984 3078 1284 3136 hominem
1307 3094 1376 3134 ex
1404 3078 1513 3134 hoc
1563 3083 1802 3151 gustan-

1889 519 1958 558 ex
2018 520 2083 559 eo
2145 503 2435 573 homines,
2505 505 2917 562 intellexerunt
2981 524 3045 563 se
3108 525 3237 563 esse
3305 508 3534 578 nudos;

1889 597 2146 647 attamen
2191 593 2262 647 ad
2314 595 2881 650 consummationem
2932 596 3138 651 divina
3185 596 3538 669 operationis

1889 680 2080 735 dicam
2148 680 2251 735 tibi
2300 685 2355 737 et
2399 681 2508 738 hoc
2570 682 2795 755 lignum
2845 685 2905 739 in
2946 685 3215 756 paradiso
3246 689 3534 754 exortum,

1889 773 1948 824 et
2013 768 2143 825 ideo
2208 787 2242 825 a
2306 775 2417 826 Deo
2483 787 2611 829 esse
2675 771 3046 843 permissum,
3113 779 3176 829 ut
3239 774 3539 847 possimus

1891 859 2448 928 supereminentiam
2481 859 2618 916 boni
2650 859 2819 916 scire.
2852 860 3151 923 Quomodo
3189 864 3340 919 148
3381 864 3538 919 enim

1892 946 1942 1001 si
1977 964 2089 1002 non
2120 948 2548 1004 esset'scientia
2575 948 2713 1004 boni
2744 955 2801 1004 et
2834 948 2994 1016 mali,
3040 951 3190 1005 inter
3235 952 3451 1007 bonum
3483 956 3543 1008 et

1894 1034 2116 1091 malum
2165 1036 2573 1093 discretionem
2629 1037 2889 1110 aliquam
2938 1039 3346 1096 disceremus?
3392 1041 3542 1097 Nam

1893 1139 2083 1195 neque
2114 1126 2267 1196 quod
2301 1125 2522 1181 malum
2553 1131 2694 1194 erat,
2733 1126 2949 1183 malum
2961 1129 3367 1200 judicaremus
3392 1147 3541 1200 esse,

1897 1211 2011 1268 nisi
2043 1216 2212 1280 esset,
2246 1214 2488 1269 scicntia
2517 1215 2690 1271 boni:
2726 1217 2970 1272 scientia
3002 1221 3195 1273 autem
3248 1218 3385 1274 boni
3415 1236 3544 1276 esse

1899 1318 2014 1357 non
2046 1306 2264 1373 posset,
2296 1303 2410 1358 nisi
2458 1309 2611 1360 esset
2657 1309 2714 1360 et
2760 1306 2979 1360 bonum
3014 1306 3165 1377 (l3):
3199 1323 3388 1380 neque
3416 1326 3545 1365 rur-

1899 1407 2002 1447 sus
2046 1391 2199 1462 quod
2252 1392 2472 1446 bonum
2499 1397 2640 1461 erat,
2670 1393 2955 1449 sciremus
2983 1396 3199 1451 bonum
3246 1413 3395 1465 esse,
3429 1397 3545 1454 nisi

1899 1483 2054 1535 esset
2084 1479 2326 1535 scientia
2375 1479 2534 1535 mali.
2564 1480 2715 1552 Cape
2760 1482 3091 1553 exemplum
3136 1484 3208 1540 de
3250 1484 3379 1557 ipsa
3408 1502 3545 1541 con-

1899 1567 2120 1623 ditione
2170 1567 2414 1623 humani
2467 1569 2747 1642 corporis.
2809 1570 3027 1641 Nempe
3064 1571 3240 1627 habet
3284 1577 3341 1628 et
3384 1591 3547 1630 ama-

1899 1655 2215 1712 ritudinem
2275 1658 2592 1729 quamdam
2652 1658 2821 1725 fellis,
2882 1676 3009 1731 quae
3055 1659 3102 1716 si
3147 1661 3205 1716 in
3237 1678 3551 1720 commune

1903 1744 2246 1817 prospicias,
2305 1746 2377 1801 ad
2428 1745 2679 1803 salutem
2727 1747 2985 1804 hominis
3024 1748 3188 1806 utilis
3233 1749 3545 1808 invenitur.

1902 1839 2048 1907 Ergo
2079 1839 2137 1890 et
2166 1835 2321 1906 quod
2353 1834 2571 1891 malum
2606 1841 2903 1909 putamus,
2938 1836 3281 1912 plerumque
3298 1858 3413 1896 non
3446 1857 3551 1914 per

1901 1922 2099 1978 omnia
2150 1922 2372 1978 malum
2425 1929 2532 1990 est,
2580 1926 2680 1980 sed
2727 1925 2785 1980 in
2834 1942 3146 1983 commune
3189 1928 3352 1984 utile.
3400 1930 3548 1988 Nam

1903 2010 2059 2066 sicut
2097 2010 2171 2066 fel
2215 2011 2274 2066 in
2315 2016 2478 2084 parte
2523 2018 2612 2067 est
2640 2014 2923 2086 corporis,
2957 2018 3013 2070 et
3041 2019 3237 2072 tamen
3264 2017 3334 2072 ad
3366 2019 3551 2076 totius

1902 2099 2215 2155 utilitatem
2260 2100 2519 2173 corporis
2566 2102 2837 2173 prodest:
2884 2102 2965 2159 ita
3007 2104 3246 2159 utilitati
3282 2106 3551 2163 omnium

1904 2188 2271 2262 profuturam
2311 2189 2501 2245 sciens
2556 2190 2710 2246 Deus
2754 2190 3058 2246 scientiam
3110 2193 3246 2250 boni
3290 2199 3347 2249 et
3387 2194 3549 2263 mali,

1904 2279 1963 2333 in
1996 2281 2158 2349 parte
2190 2278 2511 2343 constituit,
2534 2283 2600 2333 ut
2628 2278 2687 2333 in
2712 2296 3025 2336 commune
3052 2282 3371 2352 prodesset.

1974 2367 2027 2421 9.
2099 2366 2355 2438 Denique
2421 2372 2749 2439 serpentem
2819 2368 2877 2424 in
2955 2370 3227 2441 paradiso
3302 2369 3551 2446 invenis,

1908 2456 2110 2527 utique
2138 2472 2255 2510 non
2292 2454 2416 2511 sine
2460 2456 2555 2511 Dei
2598 2455 2894 2512 voluntate
2940 2464 3305 2530 generatum.
3338 2462 3400 2516 In
3433 2479 3553 2518 ser-

1908 2544 2099 2617 pentis
2165 2548 2360 2599 autem
2428 2544 2616 2616 figura
2681 2544 2950 2601 diabolus
3016 2551 3123 2602 est.
3159 2548 3365 2604 Fuisse
3395 2550 3550 2605 enim

1909 2632 2208 2688 diabolum
2274 2633 2335 2687 in
2403 2633 2673 2705 paradiso
2741 2634 2917 2688 etiam
2985 2635 3242 2691 Ezechiel
3276 2637 3559 2708 propheta

1909 2722 2095 2787 docet,
2128 2721 2230 2793 qui
2251 2720 2395 2777 dicit
2424 2739 2601 2794 super
2632 2721 2955 2794 principem
2987 2724 3156 2796 Tyri:
3189 2726 3253 2780 In
3280 2727 3557 2798 voluptate

1907 2810 2121 2882 inquit,
2211 2810 2474 2881 paradisi
2559 2812 2735 2881 factus
2790 2827 2845 2865 es
2904 2812 3116 2883 (Bacch.
3193 2831 3391 2881 xxvm,
3444 2818 3553 2889 13).

1910 2899 2237 2971 Principem
2303 2902 2497 2954 autem
2566 2899 2699 2971 Tyri
2752 2898 2807 2953 in
2848 2900 3035 2972 ﬁgura
3068 2901 3390 2973 accipimus
3432 2905 3556 2961 dia-

1912 2987 2049 3042 boli.
2118 2987 2416 3057 Numquid
2461 2990 2519 3041 et
2560 2987 2697 3042 hinc
2723 2990 3134 3045 accusabimus
3183 2997 3384 3061 Deum,
3419 2994 3560 3067 quia

1911 3076 2220 3133 thesauros
2264 3076 2392 3146 ejus
2437 3074 2767 3131 altitudinis
2811 3082 2868 3132 et
2898 3079 3151 3134 scientiae
3184 3081 3558 3141 absconditos

156 3138 267 3227 tem
294 3138 465 3244 ligno
486 3138 822 3225 invenimus
850 3138 979 3225 esse
1010 3168 1338 3239 deceptum.
1373 3138 1611 3222 Interim
1654 3166 1801 3221 nihil
1831 3138 1874 3204 (ἶ
1914 3167 1972 3222 in
2018 3166 2246 3221 Christo
2282 3138 2339 3221 et
2372 3164 2632 3221 occultos
2664 3167 3151 3238 comprehendere
3192 3187 3305 3225 non
3347 3138 3560 3243 possu;

158 3258 467 3328 habemus,
499 3258 655 3330 quod
687 3273 842 3313 nunc
872 3256 1293 3329 reprehendere
1321 3256 1662 3321 debeamus,
1694 3256 1802 3311 etsi

158 3349 450 3405 rationem
517 3347 664 3403 scire
718 3362 835 3401 non
892 3343 1212 3417 possimus.
1272 3344 1471 3415 Neque
1527 3343 1684 3398 enim
1742 3343 1803 3398 in

155 3436 258 3493 hac
287 3439 563 3494 creatura
591 3434 819 3502 mundi,
853 3434 903 3490 si
954 3450 1072 3506 qua
1122 3433 1293 3489 nobis
1342 3430 1605 3487 difﬁcilia
1634 3431 1804 3487 intel—

152 3524 299 3582 lectu
342 3525 642 3596 videntur,
692 3528 749 3579 et
783 3520 1398 3595 incomprehensibilia
1438 3519 1671 3592 ingenio
1702 3536 1804 3576 no-

155 3618 290 3681 stro,
322 3613 642 3671 temerario
674 3612 929 3685 quodam
968 3612 1251 3668 debemus
1295 3609 1684 3665 condemnare
1706 3610 1804 3680 ju-

154 3702 323 3771 dicio,
390 3706 463 3758 ut
536 3706 867 3758 creaturam
953 3700 1336 3772 serpentium,
1418 3697 1804 3769 venenatique

152 3790 402 3863 alicujus
457 3790 818 3858 animantis;
860 3789 1080 3861 quippe
1107 3787 1378 3844 homines
1424 3803 1540 3858 qua
1584 3786 1805 3841 ratione

152 3878 384 3953 singula
444 3894 691 3952 quaeque
755 3878 876 3933 sint
935 3878 1087 3932 facta
1130 3875 1451 3948 intelligere
1500 3874 1692 3931 adhuc
1748 3879 1805 3930 et

152 3968 294 4025 scire
324 3985 450 4024 non
484 3982 824 4039 possumus.
857 3965 952 4021 Sic
976 3980 1113 4037 ergo
1143 3967 1201 4021 et
1249 3963 1309 4018 in
1359 3962 1678 4034 Scripturis
1716 3963 1803 4017 di-

150 4056 295 4113 vinis
326 4074 453 4113 non
488 4055 657 4112 facile
688 4053 1186 4128 reprehendamus
1203 4051 1426 4124 aliquid
1460 4052 1614 4123 quod
1640 4051 1805 4108 intel-

150 4143 326 4216 ligere
376 4163 502 4202 non
552 4160 891 4217 possumus.
941 4143 1093 4198 Sunt
1156 4141 1313 4198 enim
1360 4139 1615 4213 plurima
1674 4157 1801 4213 qua:

152 4248 262 4289 non
306 4239 519 4291 nostro
567 4232 799 4305 ingenio
858 4229 1154 4287 metienda
1195 4234 1373 4296 sunt;
1423 4230 1525 4286 sed
1573 4246 1641 4285 ex
1671 4229 1801 4286 alti-

153 4322 351 4379 tudine
414 4321 627 4377 divina:
689 4319 1094 4393 dispositionis
1161 4322 1219 4375 et
1266 4317 1427 4374 verbi
1474 4322 1613 4374 sunt
1650 4319 1802 4376 aesti-

154 4411 385 4467 manda.

1915 3272 2072 3323 mus,
2116 3255 2229 3310 nisi
2286 3270 2433 3326 quos
2484 3252 2610 3325 ipse
2660 3253 2913 3309 revelare
2956 3255 3231 3327 dignatus
3275 3259 3408 3314 est?
3450 3262 3560 3317 Re-

1910 3344 2120 3400 velavit
2162 3348 2380 3409 tamen,
2429 3347 2494 3395 ut
2524 3342 2781 3396 sciamus
2814 3342 2989 3398 etiam
3024 3344 3237 3400 diaboli
3272 3347 3558 3406 malitiam

1913 3433 1984 3488 ad
2017 3431 2267 3487 salutem
2298 3432 2575 3503 prodesse
2606 3430 2964 3487 hominibus.
2997 3432 3120 3488 Non
3171 3436 3324 3505 quod
3357 3436 3558 3494 diabo-

1913 3521 2005 3576 lus
2035 3521 2309 3593 prodesse
2338 3519 2495 3584 velit,
2542 3520 2643 3575 sed
2688 3520 2844 3592 quod
2890 3520 3174 3577 malitiam
3223 3525 3352 3596 ejus
3381 3527 3558 3584 etiam

1912 3607 2294 3682 repugnantis
2323 3609 2604 3663 convertit
2634 3607 2803 3665 nobis
2847 3609 3131 3667 Dominus
3179 3613 3249 3668 ad
3282 3613 3557 3673 salutem.

1912 3698 2170 3770 Denique
2215 3697 2393 3768 hujus
2435 3696 2657 3752 malitia
2701 3697 2811 3753 Job
2859 3698 3044 3754 sancti
3085 3701 3191 3755 viri
3252 3702 3386 3758 fecit
3432 3720 3561 3761 esse

1910 3788 2184 3843 virtutem
2235 3792 2292 3841 et
2333 3785 2676 3858 patientiam
2720 3786 3047 3843 clariorem.
3095 3789 3282 3861 Hujus
3337 3792 3562 3848 malitia

1903 3875 2198 3947 justitiam
2254 3875 2383 3946 ejus
2427 3874 2719 3941 exercuit;
2766 3879 2831 3931 ut
2873 3881 3119 3933 certaret
3174 3883 3231 3934 et
3284 3880 3559 3947 vinceret,

1911 3969 1969 4020 et
2010 3964 2309 4019 victoriam
2354 3979 2566 4018 corona
2607 3969 2969 4035 sequeretur.
3031 3966 3210 4022 Nemo
3262 3967 3419 4022 enim
3450 3969 3561 4023 nisi

1913 4053 2014 4125 qui
2063 4052 2323 4124 legitime
2379 4052 2705 4119 certaverit,
2762 4057 3093 4108 coronatur.
3151 4055 3371 4127 Joseph
3418 4072 3564 4127 quo-

1913 4157 2026 4214 que
2087 4138 2434 4196 castimonia
2490 4156 2793 4211 nunquam
2851 4142 2922 4197 ad
2980 4143 3162 4198 nostri
3216 4146 3562 4203 memoriam

1912 4229 2289 4302 pervenisset,
2338 4228 2449 4284 nisi
2496 4226 2707 4284 mulier
2753 4229 2976 4286 domini
3006 4232 3135 4302 ejus
3175 4233 3562 4290 contuberna-

1913 4318 2005 4385 lis,
2038 4318 2238 4390 ignitis
2269 4315 2482 4373 diaboli
2516 4317 2762 4389 spiculis
2810 4318 3067 4387 incitata,
3123 4325 3401 4379 tentasset
3432 4324 3563 4396 ejus

1911 4409 2206 4473 affectum,
2239 4406 2353 4461 nisi
2386 4410 2678 4479 postremo
2720 4408 3047 4465 affectasset
3077 4412 3203 4482 ejus
3234 4412 3560 4484 interitum,

215 4501 268 4555 8.
299 4500 467 4556 Pone
520 4498 700 4565 enim,
756 4498 883 4554 sine
930 4497 1267 4571 przejudicio
1316 4500 1512 4552 tamen
1542 4498 1811 4554 assertio-
1838 4504 1887 4569 1)
1917 4514 2031 4570 quo
2062 4495 2271 4551 clarior
2300 4498 2455 4551 esset
2484 4495 2832 4552 castimonia
2862 4497 2992 4565 viri,
3050 4501 3149 4572 qui
3180 4505 3424 4558 mortem
3459 4518 3563 4576 pro

154 4587 238 4643 nis
268 4588 510 4656 futuris,
544 4589 674 4644 ideo
704 4586 812 4643 tibi
860 4586 970 4642 hoc
1013 4585 1244 4658 lignum
1293 4586 1365 4641 de
1395 4586 1640 4643 scientia
1669 4587 1805 4643 boni

216 4732 333 4803 (12)
384 4732 741 4788 Ambrosius
788 4732 969 4786 etiam
1018 4732 1124 4784 inf.
1170 4744 1220 4783 ο.
1272 4732 1341 4782 13
1389 4732 1446 4783 et
1483 4732 1621 4784 alibi
1652 4732 1807 4785 hunc

154 4795 364 4858 librum
397 4802 616 4858 tribuit
646 4800 947 4872 Salomoni
965 4800 1136 4872 juxta
1162 4798 1443 4872 temporis
1466 4800 1558 4855 sui
1588 4800 1809 4872 opinio-

154 4887 332 4946 nem},
373 4874 485 4930 sed
528 4871 1241 4946 pseudepigraphum__eum
1266 4871 1427 4946 _esse
1468 4871 1670 4944 postea
1711 4873 1809 4928 do-

153 4941 755 5014 cuitHieronymus,et
784 4941 818 4999 a
838 4941 1518 5014 nonnullisscriptoruin
1547 4947 1807 4999 veterum

152 5012 348 5088 Judaeo
378 5012 645 5083 Philoni,
677 5020 814 5088 puta
848 5012 1164 5088 antiquiori
1197 5012 1433 5088 ascribi.
1476 5013 1639 5088 Unde
1669 5016 1806 5071 Cas-

154 5085 322 5158 siod.,
388 5088 513 5142 Div.
560 5084 697 5153 litt,
737 5104 786 5141 c.
817 5088 889 5142 5:
924 5084 1303 5158 Hieronymus,
1350 5084 1564 5158 inquit,
1615 5094 1812 5142 asserit

154 5154 451 5223 Sapientiae
513 5158 720 5213 librum
774 5173 886 5213 non
934 5174 968 5212 a
1025 5154 1332 5223 Salomone,
1395 5154 1457 5212 ut
1518 5172 1651 5211 usus
1706 5159 1810 5212 ha-

155 5174 451 5282 ogfwmzae
513 5174 720 5213 uorum
774 5174 886 5213 non
934 5174 968 5212 a
1025 5174 1332 5239 eatpmone,
1395 5174 1457 5212 ut
1518 5174 1651 5211 usus
1706 5174 1808 5212 na-

155 5226 182 5280 b
239 5269 254 5294 ,
319 5230 423 5286 sed
504 5245 540 5284 a
607 5230 839 5285 Philone
907 5228 1216 5299 doctissimo
1291 5227 1524 5299 quodam
1598 5227 1808 5295 Judwo,

153 5299 320 5381 fuisse
340 5301 743 5381 conscriptum,
774 5314 932 5371 quem
958 5298 1809 5381 pseudographum'prwnotavit,

152 5379 437 5441 propterea
535 5371 677 5442 quod
787 5371 1201 5442 usurpationem
1305 5371 1543 5424 nominis
1629 5374 1813 5441 portat

153 5440 405 5513 alterius.
466 5440 1061 5513 Putavitraliquando
1122 5440 1489 5513 Augustinus
1536 5443 1812 5513 eumdem

384 4731 741 4788 Ambrosius
788 4729 969 4786 etiam
1018 4728 1124 4784 inf.
1170 4744 1220 4783 ο.
1272 4727 1341 4782 13
1389 4731 1446 4783 et
1483 4727 1621 4784 alibi
1652 4728 1807 4785 hunc

1912 4585 2179 4643 castitate
2232 4584 2669 4657 contempserit.
2733 4586 2833 4642 Vis
2892 4588 3039 4645 scire
3079 4589 3391 4648 consilium
3422 4592 3566 4649 Dei?

1915 4728 2098 4785 tiavit.
2155 4728 2299 4784 Vide
2354 4726 2455 4783 lib.
2513 4745 2575 4801 ιζ,
2633 4745 2682 4783 c.
2718 4730 2780 4801 4.
2824 4730 3094 4801 Retract.;
3138 4731 3178 4787 l.
3224 4750 3262 4789 ιι
3304 4733 3371 4789 de
3414 4736 3561 4791 Doct.

1917 4800 2142 4862 Christ.,
2204 4816 2252 4855 c.
2310 4800 2364 4863 8,
2421 4803 2497 4871 et,
2531 4800 2747 4871 Specul.
2795 4817 2860 4856 ac
2904 4807 3073 4858 notas
3121 4803 3200 4859 ibi
3245 4804 3304 4858 in
3355 4805 3567 4861 ultima

1915 4873 2055 4928 edit.
2105 4871 2419 4948 subjectae.
2470 4870 2870 4948 Communion
2912 4874 3015 4928 aevi
3060 4874 3265 4948 nostri
3317 4877 3566 4948 scripto-

1916 4960 2046 4998 rum
2079 4941 2375 5015 sententia
2406 4945 2494 4996 est
2540 4958 2687 5015 opus
2732 4941 2885 5015 illud
2923 4960 2989 4998 ex
3021 4943 3409 5015 plurimarum
3435 4941 3565 5001 sen-

1916 5015 2232 5088 tentiarum
2283 5010 2614 5088 Salomonis
2656 5010 3088 5088 compulatione
3119 5032 3153 5070 a
3182 5015 3437 5088 quodam
3469 5017 3567 5088 pio

1918 5103 1983 5143 ac
2048 5084 2275 5157 erudito
2348 5084 2471 5157 viro
2530 5084 2840 5157 prodiisse,
2909 5086 3009 5156 qui
3078 5084 3321 5157 proinde
3386 5084 3567 5143 divini

1917 5157 2096 5229 hujus
2126 5152 2580 5229 libricollector,
2615 5154 2891 5210 Salomon
2923 5152 3056 5211 vero
3078 5152 3397 5229 'genuiuus
3429 5175 3564 5214 auc-

1920 5225 2011 5284 tor
2040 5226 2154 5281 dici
2185 5225 2410 5280 debeat.
2659 5264 2665 5273 .

1991 5297 2103 5368 (13)
2152 5297 2236 5350 Ita
2284 5294 2547 5368 plerique
2590 5313 2749 5368 mss.
2780 5297 2913 5368 Alii,
2972 5301 3028 5351 et
3069 5302 3188 5352 ant.
3241 5297 3402 5362 edit.,
3452 5301 3569 5357 nisi

1920 5365 2051 5425 esset
2087 5365 2150 5422 ἐι
2199 5366 2354 5419 mali.
2388 5365 2577 5437 Rom.
2638 5367 2857 5437 adjicit,
2906 5369 3113 5423 malum
3144 5372 3288 5425 enim
3327 5370 3570 5430 discerni

1920 5436 2394 5517 nonpotesthnisi
2420 5451 2517 5505 per
2545 5438 2832 5494 scientiam
2864 5438 2991 5495 boni
3034 5440 3144 5497 Sed
3176 5458 3242 5498 ea
3272 5457 3567 5517 nusquam

153 5508 367 5596 librum
399 5514 481 5596 ab
513 5512 653 5596 ἄθεα
680 5507 862 5596 Sirae
888 5512 1175 5596 scriptum
1197 5507 1427 5596 fuisse,
1459 5510 1561 5565 sed
1592 5511 1816 5568 doctior
1923 5507 2069 5569 alibi
2092 5507 2481 5583 reperiuntur.

154 5585 541 5661 postmodum
590 5584 779 5643 factus
825 5581 1033 5649 incerti
1081 5581 1338 5643 auctoris
1384 5596 1513 5642 esse
1554 5597 1813 5658 pronunw
