3910 6210
319 340 435 398 293$

1784 329 1847 388 S.
1899 325 2269 390 AMBROSII

3605 332 3721 392 296

319 473 537 543 Nempe
569 467 800 524 diabolo
831 469 1066 522 auctore
1097 481 1268 521 neces
1301 463 1571 520 videntur
1578 461 1758 534 justis
1783 461 1968 517 homi-
1997 464 2051 527 Α
2081 461 2247 516 sibus
2275 462 2362 517 vel
2393 462 2634 535 integris
2666 464 3062 536 'sapientium.
3107 463 3194 521 vel
3242 462 3534 536 corruptis
3578 462 3718 518 insi-

320 561 495 614 nibus
524 556 860 630 praeparari,
908 554 1160 611 exerceri
1204 569 1435 625 quoque
1467 549 1778 624 parricidia
1809 549 1962 605 ﬁlio-

321 665 492 715 rum',
527 651 785 702 attamen
819 644 1100 699 Dominus
1144 643 1318 697 etiam
1365 641 1656 696 Abraham
1703 639 1810 694 hac
1843 644 1963 694 arte

320 737 583 803 tentavit,
618 741 682 790 ut
712 731 1003 788 immolari
1035 731 1146 787 sibi
1193 731 1378 784 ﬁlium
1413 730 1486 784 ab
1536 728 1736 784 eodem
1767 733 1964 799 postu-

320 827 482 881 laret.
518 825 641 888 Qua
670 822 988 877 teutatione
1019 819 1310 875 Abraham
1363 816 1552 872 fidelis
1599 821 1688 871 est
1717 816 1963 871 Domino

319 913 750 985 comprobatus,
807 910 959 981 quod
1020 925 1054 964 a
1123 905 1448 962 devotionis
1515 905 1796 976 obsequio
1859 921 1963 960 nec

319 1002 512 1080 dilecti
561 999 664 1056 filii
709 997 1079 1054 miseratione
1123 1000 1426 1051 revocatus
1469 995 1565 1050 sit.
1603 995 1689 1048 Ita
1731 1009 1866 1066 ergo
1909 997 1966 1048 ct

317 1093 543 1165 lignum
590 1090 844 1146 scientiae
891 1085 1027 1142 boni
1072 1091 1128 1142 et
1164 1085 1301 1139 mali
1358 1083 1417 1138 in
1467 1083 1770 1156 paradiso:
1808 1081 1962 1155 quod

317 1186 442 1237 erat
471 1178 797 1252 speciosum
836 1176 906 1230 ad
938 1175 1152 1235 visum,
1181 1180 1236 1228 et
1267 1175 1483 1227 bonum
1515 1173 1584 1226 ad
1618 1189 1808 1227 escam
1843 1188 1968 1244 spe-

321 1271 404 1325 cie
433 1269 756 1323 videbatur.
789 1266 910 1320 Non
945 1263 1098 1318 enim
1119 1281 1229 1318 usu
1255 1263 1469 1317 bonum
1501 1262 1567 1316 ad
1590 1278 1783 1316 escam
1810 1265 1961 1328 erat;

320 1359 598 1431 quoniam
631 1371 762 1410 esca
783 1358 909 1423 ejus
927 1353 1156 1407 videtur
1173 1349 1510 1405 hominibus
1531 1349 1964 1420 ohfuisse.Ergo

319 1452 410 1503 est
440 1445 593 1518 quod
627 1442 876 1515 singulis
907 1445 1128 1506 noceat,
1165 1440 1222 1494 in
1243 1454 1551 1494 commune.
1585 1439 1967 1510 prosit,utJu-

317 1537 402 1590 die
434 1533 630 1589 nocuit
660 1531 948 1597 diabolus,
984 1529 1080 1584 sed
1117 1534 1323 1600 prmter
1368 1527 1533 1582 illum
1565 1543 1770 1582 omnes
1802 1544 1967 1598 apos-

317 1625 466 1680 tolos
481 1619 901 1691 coronavit,qui
926 1615 1962 1686 malitiazejustentamentavicerunt.

390 1715 542 1768 149
622 1713 707 1766 10.
775 1711 976 1780 Itaque
1041 1723 1231 1778 neque
1297 1703 1708 1769 dubitandum,
1779 1719 1967 1774 neque

2073 549 2384 622 pientium,
2453 553 2668 624 posuit.
2726 553 2872 608 Nam
2941 553 2990 610 si
3056 554 3190 620 Eva,
3253 553 3364 609 hoc
3397 557 3486 609 est
3514 569 3720 608 sensus

2075 639 2275 712 prima:
2309 639 2877 704 mulieris,accensas
2901 642 3204 698 habuisset
3234 643 3716 712 faces,nunquam

2073 728 2566 798 praevaricationis
2596 747 2714 785 sua:
2748 748 2855 786 nos
2886 731 3183 786 eriniculis
3213 730 3594 802 implicasset,
3623 746 3718 784 ne-

2074 832 2188 888 que
2227 833 2294 872 ex
2326 815 2427 872 illa
2455 818 2689 874 virtutis
2720 817 3162 875 immortalitate
3194 819 3518 876 cecidisset.

2722 925 2951 980 CAPUT
2991 925 3085 980 Ill.

2073 1013 2181 1068 Per
2219 1015 2424 1086 fontem
2469 1013 2735 1086 paradisi,
2780 1015 3086 1086 Christum:
3122 1031 3220 1086 per
3269 1023 3504 1084 quatuor
3531 1015 3720 1083 ﬂumi-

2143 1100 2217 1158 na
2249 1085 2374 1138 inde
2393 1085 2882 1158 orientiamirtutes
2902 1085 3288 1149 cardinales,et
3309 1093 3543 1158 quatuor
3570 1102 3722 1138 mun-

2142 1155 2201 1209 di
2237 1161 2427 1211 atati-uc
2456 1155 2756 1227 designari.

2145 1261 2231 1316 l2.
2269 1263 2367 1316 Est
2421 1278 2557 1334 ergo
2611 1262 2921 1334 paradisus
2972 1267 3124 1318 terra
3173 1263 3439 1334 quzrdam
3498 1260 3718 1325 fertilis,

2073 1350 2181 1405 hoc
2203 1355 2292 1405 est
2317 1351 2515 1405 anima
2561 1351 2829 1421 fecunda,
2878 1352 2936 1406 in
2982 1353 3136 1406 Edon
3175 1353 3452 1423 plantata,
3489 1349 3596 1406 hoc
3638 1354 3721 1406 est

2073 1452 2131 1506 in
2199 1437 2494 1510 voluptate
2561 1440 2812 1510 quadam
2883 1439 2970 1494 vel
3038 1440 3345 1495 exercitata
3417 1445 3594 1503 terra,
3665 1439 3720 1493 in

2072 1545 2188 1599 qua
2222 1527 2428 1583 animae
2459 1527 2536 1582 sit
2564 1528 2888 1584 delectatio.
2925 1529 3024 1584 Est
3070 1530 3242 1584 etiam
3289 1539 3398 1594 νοῦς
3441 1533 3720 1600 tanquam

2071 1617 2253 1670 Adam
2285 1633 2296 1671 :
2330 1622 2418 1671 est
2447 1616 2496 1672 ei
2532 1633 2764 1682 sensus,
2817 1623 3092 1688 tanquam
3135 1619 3268 1672 Eva.
3313 1619 3392 1671 Ac
3440 1633 3514 1671 ne
3550 1615 3724 1671 habe-

2073 1721 2164 1759 res
2231 1704 2386 1776 quod
2433 1705 2504 1759 ad
2550 1704 2852 1760 infirmum
2917 1711 3281 1777 retorqueres
3338 1709 3584 1771 naturae,
3639 1703 3722 1760 vel

319 1799 862 1875 reprehendendum
894 1796 1048 1868 quod
1081 1796 1138 1849 in
1185 1794 1458 1866 paradiso
1507 1791 1778 1847 diabolus
1802 1796 1962 1848 erat:
1997 1827 2044 1892 Β
2074 1793 2144 1847 ad
2178 1793 2487 1848 obnoxiam
2523 1795 2578 1848 in
2625 1793 2942 1850 tolerandis
2991 1794 3264 1866 periculis
3309 1794 3724 1860 conditionem,

321 1890 552 1964 quando
574 1887 810 1960 quidem
843 1883 1146 1940 occludere
1189 1884 1410 1938 sanctis
1456 1899 1569 1936 non
1615 1881 1804 1953 putuit.
1835 1881 1960 1947 iter,

322 1997 392 2035 ne
415 1977 546 2050 quis
591 1975 950 2031 ascenderet.
1001 1973 1197 2043 Neque
1241 1971 1396 2026 enim
1437 1969 1617 2040 justis
1653 1969 1963 2024 habitatio-

322 2085 454 2124 nem
514 2063 802 2121 incolatus
850 2067 1133 2133 tanquam
1194 2076 1500 2132 possessor
1555 2057 1788 2129 eripuit.
1832 2058 1965 2112 Esto

321 2157 472 2213 enim
499 2159 563 2210 ut
592 2153 820 2224 aliquos
842 2150 1074 2206 desides
1105 2153 1279 2220 atque
1320 2147 1560 2202 vitiosos
1605 2147 1676 2202 ab
1706 2145 1964 2201 incolatu

322 2261 589 2316 superna:
631 2239 1024 2314 possessionis
1078 2237 1369 2302 averterit,
1430 2235 1572 2291 illud
1631 2233 1814 2290 multo
1862 2251 1964 2289 au-

321 2332 554 2405 guslius
629 2329 930 2399 multoque
1010 2325 1312 2398 pulchrius
1399 2325 1553 2396 quod
1626 2329 1964 2380 sanctorum

322 2419 684 2476 orationibus
750 2416 1109 2483 excludetur,
1177 2432 1309 2469 cum
1379 2414 1733 2486 completum
1795 2412 1969 2468 fuerit

322 2510 504 2564 illud:
573 2507 820 2562 Videbam
877 2505 1138 2559 Satanam
1181 2506 1324 2558 sicut
1361 2504 1555 2574 fulgur
1594 2503 1658 2558 de
1705 2504 1838 2558 ca’Io
1881 2519 1967 2556 ca-

319 2601 530 2655 dentem
559 2598 708 2666 (Luc.
734 2613 788 2660 x,
827 2594 929 2664 l8).
965 2593 1110 2665 Ergo
1163 2609 1276 2646 non
1325 2597 1656 2646 metuamus
1686 2607 1820 2646 eum
1865 2589 1966 2662 qui

319 2705 577 2760 eousque
644 2685 916 2739 infirmus
983 2687 1091 2747 est,
1161 2686 1226 2735 ut
1291 2685 1348 2735 et
1415 2681 1539 2751 ipse
1605 2696 1851 2735 casurus
1891 2679 1969 2734 sit

321 2780 378 2833 in
448 2783 680 2830 terram.
753 2771 986 2842 Accepit
1038 2770 1272 2842 quidem
1333 2769 1594 2823 tentandi
1629 2769 1963 2824 licentiam:

320 2867 419 2921 sed
449 2882 562 2919 non
594 2861 817 2932 accepit
847 2859 1071 2931 copiam
1105 2857 1446 2920 subrueudi,
1482 2856 1591 2911 nisi
1624 2874 1730 2910 sua
1763 2861 1968 2929 sponte

320 2954 552 3007 labatur
591 2951 862 3004 inlirmus
919 2947 1182 3012 affectus,
1237 2945 1338 3017 qui
1386 2945 1498 3000 sibi
1535 2945 1816 3000 auxilium
1851 2963 1966 3001 non

323 3042 476 3097 norit
539 3052 852 3095 arcessere.
921 3037 990 3090 Et
1054 3035 1182 3089 ideo
1250 3051 1367 3106 qua
1432 3035 1633 3090 fraude
1664 3033 1970 3090 tentaverit

321 3131 576 3202 primum
612 3124 1150 3194 hominem,quidve
1173 3124 1226 3178 in
1255 3123 1488 3179 homine
1521 3122 1809 3196 putaverit
1841 3140 1969 3180 esse

2074 1882 2379 1937 considera
2411 1899 2537 1954 qua:
2567 1883 2776 1938 haheat
2805 1883 3003 1938 anima
3035 1885 3146 1938 ista
3167 1883 3448 1938 subsidia.

2147 1971 2232 2026 13.
2271 1971 2403 2026 Erat
2469 1972 2598 2027 fons
2649 1973 2750 2043 qui
2791 1972 3060 2044 irrigaret
3103 1972 3441 2043 paradisum
3475 1971 3724 2042 (6011.11,

2077 2059 2186 2127 40).
2221 2059 2362 2124 Quis
2395 2059 2544 2126 fons,
2578 2059 2689 2116 nisi
2712 2061 2997 2116 Dominus
3025 2061 3198 2116 Jesus
3224 2060 3529 2116 Christus!
3569 2061 3718 2116 Fons

2073 2147 2202 2204 vita:
2251 2152 2475 2203 aeterna)
2518 2155 2625 2214 est,
2673 2149 2827 2204 sicut
2867 2153 2923 2204 et
2965 2154 3168 2216 Pater;
3236 2149 3376 2221 quia
3436 2149 3724 2221 scriptum

2074 2243 2197 2294 est:
2279 2237 2432 2294 150
2511 2239 2781 2307 Quoniam
2850 2238 2995 2310 apud
3063 2243 3112 2294 te
3175 2241 3298 2310 ['ons
3363 2240 3494 2294 vita:
3556 2239 3725 2309 (Psal.

2073 2344 2244 2394 xxxv,
2299 2327 2406 2398 10).
2459 2325 2740 2399 Denique,
2789 2328 3024 2398 ﬂumina
3074 2327 3138 2382 de
3177 2330 3361 2382 verztre
3389 2329 3508 2398 ejus
3556 2329 3728 2397 ﬂuent

2075 2431 2236 2488 aqua?
2263 2419 2399 2470 view
2421 2415 2576 2487 (Joan
2605 2432 2706 2487 vn,
2735 2417 2846 2488 38).
2883 2417 2951 2470 Et
2992 2416 3121 2471 fons
3152 2415 3378 2484 legitur,
3430 2420 3487 2470 et
3517 2415 3729 2471 ﬂuvius

2073 2505 2287 2578 legitur
2334 2504 2435 2577 qui
2482 2503 2686 2578 irrigat
2745 2504 2998 2577 paradisi
3054 2504 3282 2576 lignum
3335 2505 3728 2570 fructuosum,

2077 2595 2231 2666 quod
2287 2594 2432 2649 ferat
2493 2593 2747 2648 fructum
2791 2593 2847 2647 in
2894 2593 3071 2648 vitam
3122 2599 3426 2666 aeternam,
3458 2593 3563 2648 Hic
3595 2609 3732 2662 ergo

2077 2685 2227 2748 fons,
2298 2683 2451 2739 sicut
2514 2681 2728 2754 legisti,
2795 2685 2915 2753 fons
2983 2681 3161 2751 enim,
3231 2683 3442 2754 inquit,
3484 2682 3733 2754 procedit

2076 2789 2146 2827 ea:
2193 2771 2357 2838 Eden,
2398 2771 2456 2826 id
2502 2775 2609 2834 est,
2660 2771 2717 2824 in
2751 2771 2945 2828 anima
2994 2774 3094 2826 tua
3125 2770 3256 2826 fons
3283 2775 3393 2826 est.
3427 2770 3596 2826 Unde
3629 2769 3732 2824 Sa-

2076 2861 2270 2916 lomon
2325 2859 2440 2914 ait:
2490 2861 2622 2914 Bibe
2668 2877 2866 2932 aquam
2908 2859 2974 2914 de
3022 2863 3130 2914 tuis
3175 2862 3336 2928 vasis,
3369 2867 3419 2914 et
3448 2859 3516 2913 de
3543 2867 3733 2930 puteo-

2075 2966 2200 3004 rum
2252 2957 2473 3003 tuorum
2519 2947 2760 3018 fontibus
2821 2948 3000 3017 (Prov.
3059 2964 3112 3012 v,
3167 2948 3272 3016 15).
3320 2945 3423 3000 Hic
3468 2950 3560 3000 est
3602 2946 3734 3001 fons

2077 3038 2176 3110 qui
2211 3035 2472 3109 procedit
2501 3052 2570 3091 ex
2605 3035 2704 3090 illa
2751 3035 3062 3091 exercitata
3107 3040 3164 3090 et
3213 3034 3382 3107 plena
3410 3033 3736 3107 voluptatis

2077 3127 2312 3182 anima:
2361 3125 2456 3180 hic
2501 3125 2630 3180 fons
2677 3123 2776 3196 qui
2825 3124 3029 3196 irrigat
3073 3123 3432 3196 paradisum,
3484 3123 3595 3178 hoc
3621 3127 3733 3190 est,

319 3219 686 3280 tentandum,
719 3232 834 3287 quo
865 3215 1086 3278 ordine,
1122 3229 1238 3284 qua
1280 3217 1402 3268 arte
1440 3229 1787 3284 cognoscere
1817 3229 1964 3284 opus
1997 3195 2039 3261 Ο
2077 3217 2323 3270 virtutes
2354 3213 2562 3268 anima:
2611 3213 3076 3269 eminentissimo
3110 3213 3316 3268 merito
3357 3210 3734 3283 pullulantis.

321 3312 430 3368 est.
463 3312 527 3363 ut
557 3322 755 3362 cavere
786 3303 1100 3376 possimus.

393 3399 476 3452 11.
510 3395 776 3465 Plerique
808 3399 1002 3447 tamen
1035 3391 1134 3462 qui
1166 3390 1365 3445 volunt
1387 3390 1442 3444 in
1471 3391 1738 3462 paradiso
1770 3390 1964 3447 diabo-

319 3487 443 3542 lum
475 3502 587 3540 non
621 3485 802 3538 fuisse
836 3481 989 3548 ,licet
1022 3481 1076 3534 in
1107 3480 1249 3536 cwlo
1271 3485 1558 3535 astantem
1577 3496 1710 3535 cum
1742 3479 1965 3552 angelis

319 3573 657 3646 legerimus,
727 3588 798 3626 ne
842 3575 1040 3626 nostro
1091 3585 1356 3625 sermone
1401 3568 1710 3623 videantur
1753 3569 1966 3625 oll'endi

322 3663 455 3735 (14),
489 3661 812 3717 secundum
847 3675 1014 3713 suam
1057 3658 1349 3728 accipiant
1388 3655 1746 3712 voluntatem
1782 3657 1965 3712 inter-

2148 3305 2231 3359 14.
2266 3305 2329 3358 Et
2357 3301 2644 3368 dividitur,
2681 3301 2892 3374 inquit,
2923 3301 3013 3356 hie
3054 3304 3176 3372 fons
3208 3303 3262 3356 in
3297 3310 3492 3371 quater
3539 3302 3731 3356 initia.

2073 3396 2279 3449 Nomen
2313 3397 2390 3448 est
2422 3393 2524 3446 uni
2547 3393 2788 3447 Phison:
2820 3390 2909 3446 hie
2937 3393 3012 3446 est
3044 3393 3140 3461 qui
3167 3392 3362 3445 circuit
3382 3406 3600 3444 omnem
3629 3393 3739 3444 ter-

2073 3500 2196 3538 ram
2224 3481 2561 3551 Evilath,ubi
2587 3488 2666 3537 est
2700 3481 3100 3535 aurum.Terrae
3138 3484 3320 3534 autem
3340 3479 3496 3533 illius
3527 3495 3736 3534 aurum

2077 3572 2274 3627 bonum
2303 3571 2503 3639 est,ubi
2519 3573 2598 3625 est
2613 3569 3050 3637 earbunculus,et
3081 3569 3220 3640 lapis
3240 3569 3604 3639 prasinus.Et
3635 3584 3744 3623 no-

2074 3678 2198 3716 men
2223 3659 2453 3716 secundo
2483 3660 2624 3716 Geon
2648 3676 2660 3714 :
2693 3659 2782 3714 hic
2808 3659 3003 3730 estqui
3029 3659 3228 3713 circuit
3257 3673 3474 3711 omnem
3508 3657 3729 3712 ίΕίΙιίο-

322 3751 707 3824 pretationem
741 3748 910 3802 istius
942 3747 1224 3801 lectionis.
1259 3747 1522 3818 Namque
1553 3751 1688 3801 ante
1718 3763 1824 3802 nos
1859 3747 1970 3802 fuit
2070 3755 2246 3822 piam.
2298 3753 2359 3804 Et
2399 3751 2603 3805 flumen
2653 3749 2880 3803 tertium
2921 3748 3092 3817 Tigris
3125 3764 3137 3802 :
3189 3747 3279 3801 hic
3318 3750 3397 3801 est
3442 3749 3544 3817 qui
3603 3746 3753 3802 vadit

324 3839 534 3913 (Philo,
567 3839 624 3892 in
659 3838 759 3892 lib.
791 3837 856 3892 de
895 3836 1082 3890 Mundi
1123 3835 1388 3906 Opi/icio),
1440 3834 1539 3907 qui
1573 3851 1674 3906 per
1704 3833 1968 3908 volupta-

322 3936 439 3986 tem
481 3929 592 4000 (l5)
623 3932 680 3983 et
717 3941 1001 3982 sensuum
1038 3923 1566 3995 praevaricationem
1614 3925 1686 3978 ab
1731 3923 1969 3981 homine

324 4017 732 4074 memoraverit
783 4032 912 4070 esse
959 4014 1358 4078 commissam,
1421 4014 1479 4066 in
1519 4013 1711 4084 Specie
1743 4030 1974 4086 serpen-

323 4109 398 4163 tis
432 4109 679 4180 ﬁguram
713 4103 1006 4176 accipiens
1038 4101 1462 4167 delectationis,
1517 4101 1575 4156 in
1625 4102 1810 4174 figura
1841 4119 1972 4158 mu-

323 4197 483 4252 lieris
514 4212 754 4252 sensum
787 4193 966 4249 animi
1003 4191 1332 4263 mentisque
1363 4190 1746 4258 constituens,
1794 4207 1973 4264 quam

322 4295 548 4354 αἴσθησιν
591 4287 800 4340 vocant
845 4280 1062 4338 Graaei:
1112 4281 1354 4352 decepto
1397 4285 1594 4335 autem
1637 4297 1813 4335 sensu
1863 4281 1974 4353 (16)

326 4372 840 4444 przevaricatricem
921 4370 1244 4426 secundum
1330 4367 1634 4424 historiam
1720 4375 1976 4425 mentem

325 4462 598 4528 asseruit,
659 4477 834 4532 quam
862 4459 1042 4514 Graeci
1075 4469 1192 4515 νοῦν
1222 4463 1447 4512 vocant.
1485 4458 1658 4512 Recte
1700 4457 1879 4530 igitur
1916 4458 1976 4513 in

2078 3847 2271 3894 contra
2313 3838 2580 3908 Assyrios.
2632 3838 2697 3892 Et
2743 3837 2950 3907 ﬂumen
2995 3844 3251 3906 quartum.
3295 3838 3372 3890 est
3435 3837 3744 3906 Euphrates

2079 3928 2230 4000 (Gen.
2265 3944 2324 3990 Il,
2356 3926 2566 3998 10-14).
2600 3925 2730 3980 Hzec
2770 3925 2947 3998 igitur
2994 3929 3246 3996 quatuor
3293 3928 3433 3980 sunt
3465 3924 3734 3979 ﬂumina.

2081 4016 2189 4071 hoc
2220 4020 2330 4080 est,
2353 4015 2680 4070 secundum
2715 4015 3004 4071 Hebraeos.
3034 4016 3264 4086 Ganges
3295 4020 3492 4069 autem
3530 4031 3742 4069 secun-

2081 4105 2222 4160 dum
2255 4104 2503 4168 Graecos,
2535 4103 2634 4174 qui
2667 4102 2795 4158 fluit
2818 4108 3021 4159 contra
3053 4103 3300 4158 Indiam.
3343 4103 3500 4158 Geon
3545 4109 3747 4158 autem

2082 4193 2268 4259 Nilus,
2315 4191 2414 4264 qui
2465 4191 2674 4246 circuit
2717 4196 2934 4246 terram
2981 4191 3206 4263 [Egypti
3238 4190 3325 4246 vel
3364 4191 3748 4263 Ethiopiam.

2085 4280 2507 4353 Mesopotamia
2550 4285 2746 4336 autem
2791 4279 3025 4344 dicitur,
3067 4280 3220 4352 quod
3265 4280 3488 4352 ,Tigris
3531 4284 3592 4334 et
3637 4279 3750 4335 Eu-

2086 4371 2324 4443 phrates
2372 4368 2719 4425 incluserint
2763 4385 2932 4437 eam;
2979 4386 3044 4425 eo
3089 4369 3243 4440 quod
3285 4369 3435 4424 inter
3479 4369 3598 4423 duo
3631 4368 3752 4422 hzec

2088 4457 2332 4515 ﬂumina
2375 4457 2695 4514 constituta
2749 4458 2846 4528 sit,
2877 4458 3034 4530 quod
3087 4459 3265 4514 etiam
3327 4458 3498 4530 longe
3540 4455 3753 4529 positis

327 4551 522 4605 Graeco
556 4560 664 4616 νοῦς
712 4549 817 4602 viri
886 4549 1131 4619 ﬁguram
1192 4546 1414 4618 accepit
1451 4563 1464 4614 ;
1499 4554 1718 4614 αἴσθησις
1779 4547 1980 4603 mulie-
2011 4567 2056 4632 Ι)
2091 4564 2304 4604 nomen
2335 4547 2536 4620 ipsum
2584 4553 2642 4603 et
2673 4547 2868 4619 opinio
2902 4547 3232 4601 communis
3275 4545 3588 4618 expressit.
3639 4543 3752 4600 Sed

329 4639 430 4703 ris,
465 4637 626 4692 Unde
648 4641 702 4692 et
733 4635 970 4708 quidam
995 4637 1177 4691 Adam
1213 4646 1330 4692 νοῦν
1365 4638 1660 4690 terrenum
1703 4637 1983 4708 interpre-

329 4727 433 4782 tati
465 4730 624 4782 sunt.
659 4725 945 4780 Dominus
977 4728 1170 4778 autem
1221 4722 1478 4795 virgines
1521 4722 1652 4778 illas
1693 4723 1750 4778 in
1796 4725 1980 4781 Evan-

330 4815 482 4888 gelio
525 4813 738 4884 (Matth.
785 4829 914 4878 xxv,
964 4812 987 4866 l
1054 4819 1104 4866 et
1146 4813 1281 4884 seq.)
1322 4811 1585 4867 accensis
1625 4811 1849 4869 facibus
1892 4813 1980 4869 vel

330 4903 633 4962 exstinctis
673 4905 1080 4975 exspectantes
1127 4900 1324 4972 sponsi
1367 4901 1680 4957 adventum
1713 4918 1818 4973 pro
1848 4919 1981 4958 sen-

404 5023 448 5104 (1
469 5023 516 5104 ἦ)
598 5021 758 5076 Hanc
796 5098 806 5104 _
841 5016 1520 5104 fuissencatholicorum
1589 5017 1980 5104 quorumdam

333 5087 691 5165 opinionem,
751 5098 808 5165 ut
881 5087 1217 5165 paradisum
1286 5093 1363 5165 et_
1411 5105 1541 5165 quae,
1597 5087 1668 5144 de
1694 5089 1984 5165 serpentis

335 5159 509 5237 atque
541 5159 984 5237 Evae'colloquio
1016 5162 1075 5216 in
1108 5160 1315 5216 Genesi
1349 5159 1644 5237 leguntur,
1677 5159 1808 5237 solq
1849 5177 1982 5216 sen-

335 5230 744 5308 su'allegorico
770 5230 1334 5308 interpretarentur,
1395 5230 1827 5308 Augustinus}.
1858 5249 1980 5299 vm,

336 5308 445 5378 c.71
481 5303 692 5378 et‘seq.
751 5306 822 5378 de
863 5303 1006 5373 Gen,
1038 5305 1112 5378 ad
1143 5303 1259 5378 litt.
1289 5307 1493 5378 auctor
1519 5307 1624 5378 est.
1661 5303 1820 5378 [inde
1839 5319 1982 5378 _non

338 5377 556 5431 mirum
589 5372 669 5432 si'
691 5377 986 5448 optionem
1036 5376 1186 5430 hanc
1235 5375 1409 5448 faciat
1437 5372 1805 5448 Ambrosius.
1834 5374 1983 5448 Eam

339 5452 534 5527 tamen
581 5449 664 5501 sic
708 5444 968 5527 intellige
1016 5452 1084 5501 ut
1137 5447 1438 5527 veritatem
1491 5444 1983 5527 praevaricationis

339 5517 667 5589 primorum
691 5515 1020 5589 parentum,
1053 5533 1120 5572 ac
1150 5516 1370 5589 peccati
1401 5515 1722 5589 originalis
1763 5521 1983 5589 sartarn

339 5586 554 5671 tectam
584 5586 741 5671 velit.
774 5588 833 5671 Id
864 5588 1111 5671 ipsemet
1141 5586 1273 5671 cum
1305 5586 1535 5671 ultimis
1561 5587 1741 5671 huius
1773 5588 1984 5671 capitis

338 5656 534 5722 verbis
565 5661 760 5734 aperte
787 5656 977 5730 docet,
1005 5662 1132 5718 tum
1171 5658 1300 5718 aliis
1343 5658 1608 5734 ejusdem
1643 5656 1788 5722 libri
1813 5656 1981 5734 locis,

2091 4637 2592 4710 quemadmodum
2635 4637 2763 4691 l‘ons
2808 4636 3022 4691 dicitur
3065 4635 3366 4708 Sapientia
3417 4635 3540 4691 Dei.
3599 4635 3750 4690 Fons

2089 4727 2245 4783 enim
2275 4730 2364 4782 est
2418 4726 2746 4781 secundum
2796 4723 3174 4798 Evangelium
3224 4725 3462 4781 dicens:
3515 4723 3578 4778 Si
3626 4723 3755 4794 qui:

2087 4817 2225 4881 sitit,
2278 4815 2463 4869 veniat
2522 4812 2592 4868 ad
2631 4830 2736 4882 me,
2787 4821 2840 4870 et
2880 4815 3028 4870 bibat
3067 4815 3249 4884 (Joan.
3301 4831 3400 4879 vn,
3445 4813 3575 4879 37');
3624 4812 3758 4867 fons

2091 4909 2180 4960 est
2211 4907 2268 4959 et
2297 4903 2622 4959 secundum
2653 4901 2996 4975 prophetam
3029 4902 3128 4976 qui
3151 4902 3262 4957 ait:
3304 4903 3498 4958 Venite
3523 4910 3574 4958 et
3607 4904 3756 4960 edite

2089 5023 2148 5076 et
2178 5019 2250 5076 iis
2293 5017 2563 5090 maxime,
2589 5034 2736 5090 quos
2779 5018 2852 5074 ad
2883 5019 3266 5074 astruendum
3299 5022 3605 5090 peccatum
3640 5019 3755 5075 ori-

2091 5089 2287 5164 ginale
2315 5089 2684 5164 Augustinus
2715 5089 2974 5156 adhibet,
3004 5089 3520 5164 manifestumest.

2162 5162 2294 5233 (15).
2329 5161 2669 5234 Οοῑοίῐηεεη
2703 5164 2801 5234 qui
2826 5177 2930 5234 per
2955 5162 3309 5234 voluntatem.
3330 5161 3441 5215 Alii
3476 5177 3542 5216 ac
3581 5163 3752 5228 edit,

2125 5232 2189 5288 ui
2241 5249 2358 5314 per_
2401 5232 2752 5314 veluptatem.
2811 5233 2944 5314 Sed_
2988 5232 3080 5288 his
3124 5233 3366 5314 vocibus
3414 5234 3755 5314 promisque

2111 5303 2274 5377 'erme
2304 5303 2551 5360 utuntur
2579 5321 2747 5373 mss.,
2790 5304 2946 5377 quod
2991 5303 3172 5360 semel
3226 5303 3532 5360 monuisse
3578 5307 3752 5362 sufﬁ-

2094 5376 2231 5432 ciat.

2165 5447 2276 5517 (46)
2323 5446 2408 5502 Ita
2452 5463 2595 5502 mss.
2643 5447 2876 5502 decem:
2919 5445 3289 5503 Divionensis
3313 5462 3473 5513 vero,
3505 5463 3574 5502 ac
3610 5447 3757 5504 edit.

2095 5521 2224 5590 Am.
2263 5521 2320 5573 et
2346 5519 2510 5590 ﬁPet.,
2540 5518 2819 5590 deceptum
2865 5526 3048 5574 autem
3103 5534 3342 5590 sensum,
3403 5523 3515 5574 etc.
3558 5519 3759 5584 Eras.,

2093 5588 2229 5646 Gill.
2253 5593 2313 5646 et
2343 5589 2513 5646 Rom.
2547 5588 2681 5647 cuni
2713 5589 2847 5666 aliis
2901 5607 3070 5666 mss.,
3111 5589 3390 5662 deceptum
3437 5599 3630 5649 autem
3655 5607 3762 5666 per

2095 5676 2317 5724 seruum
2343 5669 2577 5722 mentem
2603 5663 3121 5742 prevaricatricem,
3147 5666 3256 5719 etc.
