3910 6210
143 362 239 422 207

1380 356 1617 421 LIBER
1656 355 1760 417 DE
1803 356 2221 419 PABADISO.

142 490 602 563 denwispanibus,
634 498 686 547 et
711 489 878 546 bibite
906 492 1099 545 vinum
1141 490 1281 562 quod
1332 491 1538 545 miscui
1597 489 1746 545 vobis
1773 489 1824 555 Α
1855 497 2063 545 terram
2126 490 2294 544 exivit
2345 504 2507 543 sonus
2563 504 2767 557 eorum,
2828 499 2879 546 et
2935 491 3072 560 ﬁnes
3129 489 3278 544 orbis
3335 496 3500 548 terra:

138 583 288 653 (Prov.
318 596 390 647 ni,
421 579 500 651 5).
546 577 709 633 Sicut
759 594 895 651 ergo
947 578 1078 633 fons
1124 576 1254 632 vitae
1297 582 1387 633 est
1437 577 1745 648 sapientia,

137 669 245 724 fons
268 668 455 740 gratiae
488 666 811 739 spiritalis:
844 667 930 722 ita
954 667 1084 722 fons
1113 661 1394 721 virtutum
1434 669 1523 721 est
1578 669 1744 720 caete-

131 773 318 824 rarum,
340 773 464 828 quae
484 772 591 812 nos
622 755 693 811 ad
743 759 969 811 aeternae
1000 771 1239 810 cursum
1279 753 1542 828 dirigunt
1594 753 1741 808 vitae.

131 847 194 902 Ex
215 845 312 901 hac
338 845 520 918 igitur
545 844 747 900 anima
778 861 907 916 quae
938 842 1098 900 culta
1128 848 1235 912 est,
1265 860 1378 898 non
1409 859 1478 899 ex
1505 859 1574 899 ea
1613 859 1743 914 qua:

128 934 318 990 inculta
360 933 489 990 fons
536 934 646 989 iste
695 932 976 1005 procedit,
1030 936 1097 987 ut
1137 931 1340 1003 irriget
1376 931 1740 1004 paradisum,

125 1023 213 1079 hoc
253 1025 357 1090 est,
413 1023 679 1094 quaedam
742 1020 1106 1077 diversarum
1156 1020 1369 1076 fruteta
1433 1021 1738 1090 virtutum,

126 1128 346 1182 quarum
377 1115 516 1166 sunt
544 1115 799 1182 quatuor
832 1109 999 1164 initia
1028 1109 1087 1163 in
1120 1126 1247 1180 qure
1290 1108 1577 1180 sapientia
1630 1109 1741 1164 ista

121 1199 392 1256 dividitur.
426 1200 563 1264 Qua
593 1203 733 1253 sunt
762 1201 1022 1269 quatuor
1059 1196 1229 1253 initia
1274 1197 1577 1266 virtutum,
1625 1197 1738 1253 nisi

123 1304 276 1343 unum
308 1287 652 1359 prudentiae,
684 1285 843 1341 aliud
864 1286 1277 1358 temperantiae,
1336 1286 1575 1341 tertium
1623 1286 1741 1343 for-

116 1376 384 1445 titudinis,
429 1380 704 1448 quartum
755 1375 998 1445 justitiae
1036 1374 1239 1445 (Plato,
1280 1374 1386 1430 lib.
1430 1392 1505 1440 IV,
1540 1376 1605 1430 de
1640 1377 1738 1430 Re-

117 1465 291 1537 pub.)?
325 1465 461 1529 Quae
492 1464 665 1520 etiam
710 1463 1005 1535 sapientes
1053 1462 1227 1518 istius
1272 1464 1473 1518 mundi
1520 1480 1589 1518 ex
1636 1481 1740 1519 no-

115 1555 229 1610 stris
311 1556 641 1624 assumpta,
706 1551 766 1606 in
837 1568 1080 1607 suorum
1153 1551 1370 1623 scripta
1451 1551 1736 1607 librorum

115 1641 535 1698 transtulerunt.
588 1641 791 1711 Itaque
861 1640 1014 1695 sicut
1074 1639 1205 1694 fons
1279 1639 1595 1712 sapientia,
1656 1640 1737 1696 ita

111 1730 333 1787 ﬂumina
360 1729 475 1785 ista
505 1732 758 1801 quatuor
779 1729 1046 1801 quaedam
1075 1745 1143 1783 ex
1174 1727 1272 1786 illo
1304 1729 1461 1784 fonte
1492 1746 1734 1785 manan-

111 1818 178 1873 tia
201 1822 337 1875 sunt
367 1818 590 1874 ﬂuenta
608 1817 918 1873 virtutum.

168 1907 246 1962 15.
274 1896 492 1962 Phison
516 1905 696 1979 igitur
743 1905 1055 1978 prudentia
1102 1908 1211 1971 est,
1270 1910 1327 1961 et
1375 1905 1502 1961 ideo
1560 1905 1739 1961 habet

108 1996 305 2051 bonum
335 2011 570 2062 aurum,
598 1993 951 2067 spendidum
992 1993 1442 2059 carbunculum,
1500 1998 1557 2049 et
1612 2010 1739 2066 pra-

108 2084 285 2140 sinum
328 2083 609 2156 lapidem.
662 2090 886 2138 Aurum
936 2084 1093 2139 enim
1144 2099 1248 2154 pro
1296 2083 1549 2138 inventis
1598 2099 1734 2155 pru-

106 2171 360 2228 dentibus
390 2172 729 2243 l'requenter
758 2172 1102 2243 accipimus.
1128 2172 1292 2227 Unde
1343 2175 1401 2226 et
1452 2171 1737 2227 Dominus

107 2275 194 2330 per
220 2260 563 2334 prophetam
606 2261 727 2317 ait:
772 2260 908 2316 Dedi
954 2261 1049 2316 illi
1087 2277 1286 2316 aurum
1343 2268 1395 2315 et
1450 2268 1737 2328 argentum

104 2344 261 2415 (Osca:
303 2363 366 2415 ιι,
417 2348 499 2420 8).
550 2348 620 2402 Et
666 2347 845 2403 David
878 2348 949 2404 de
994 2348 1384 2419 prudentibus
1442 2346 1616 2403 dicit:
1679 2348 1739 2404 Si

105 2433 371 2492 donniatis
458 2439 607 2493 inter
660 2437 863 2492 medios
945 2437 1135 2504 cteros,
1203 2453 1397 2508 pennae
1473 2437 1740 2494 columbae

104 2521 472 2595 deargentatee,
508 2528 561 2579 et
580 2526 885 2596 posteriora
914 2524 1062 2580 dorsi
1105 2526 1223 2596 ejus
1268 2527 1329 2580 in
1376 2527 1555 2597 specie
1609 2527 1741 2580 auri

105 2611 256 2675 (Psal.
334 2629 510 2681 va.1,
579 2613 706 2684 14):
761 2628 826 2668 eo
868 2613 1021 2684 quod
1070 2613 1258 2669 Veteri
1301 2618 1354 2668 et
1416 2618 1570 2668 Novo
1637 2614 1737 2685 qui

103 2695 378 2756 inhaeserit
417 2702 815 2769 Testamento,
858 2702 915 2755 in
975 2701 1101 2774 ipsa
1158 2706 1380 2757 secreta
1437 2702 1736 2774 sapientia:

102 2784 187 2842 Dei
214 2788 634 2861 disputationis
687 2790 876 2861 possit
921 2790 1194 2845 ubertate
1242 2791 1569 2861 procedere.
1619 2790 1738 2847 Hoc

106 2889 223 2947 ergo
248 2877 472 2935 bonum
508 2895 722 2935 aurum
756 2878 914 2946 dicit,
961 2896 1073 2935 non
1110 2878 1257 2934 illud
1293 2879 1580 2936 monetale
1624 2880 1736 2953 (17)

102 2966 235 3032 quod
281 2965 670 3039 corruptibile
727 2983 793 3022 ac
842 2971 1137 3023 terrenum
1182 2971 1290 3023 est.
1342 2968 1525 3023 Habet
1559 2968 1735 3024 etiam

106 3051 486 3123 splendidum,
538 3054 754 3127 inquit,
798 3056 1243 3121 carbunculum,
1306 3056 1447 3112 I51
1515 3057 1572 3111 in
1620 3074 1736 3130 quo

100 3140 317 3211 quidam
364 3145 589 3199 anima;
643 3148 854 3199 nostra:
898 3144 1039 3199 vivit
1084 3143 1398 3216 igniculus.
1450 3144 1634 3200 Habet
1679 3150 1737 3201 et

97 3230 383 3298 prasinum
434 3231 722 3304 lapidem,
758 3232 857 3304 qui
889 3232 1072 3288 viride
1089 3232 1371 3304 quiddam
1394 3237 1570 3304 atque
1594 3234 1733 3289 vita-

94 3315 137 3371 le
164 3319 365 3377 coloris
395 3322 493 3377 sui
528 3321 727 3393 specie
757 3326 1050 3377 ostentare
1072 3321 1314 3377 videtur.
1348 3321 1551 3376 Virent
1575 3322 1730 3377 enim

94 3406 312 3465 arbusta
340 3426 474 3482 quae
521 3408 751 3478 vivunt,
799 3413 1073 3466 arescunt
1128 3414 1330 3465 contra
1371 3425 1734 3482 quascunque

92 3496 439 3555 moriuntur:
474 3498 629 3554 viret
657 3502 811 3555 terra
838 3499 979 3555 dum
1012 3498 1196 3566 ﬂoret,
1214 3498 1403 3554 virent
1421 3490 1491 3554 et
1508 3498 1736 3555 semina

94 3581 218 3640 dum
300 3591 730 3659 prorumpunt.
782 3588 852 3643 Et
897 3588 1045 3643 bene
1105 3588 1295 3660 primo
1334 3587 1458 3643 loco
1500 3587 1594 3642 hic
1625 3588 1731 3643 ﬂu-

92 3669 202 3727 vius
231 3676 466 3746 positus
515 3678 612 3733 est
649 3675 913 3747 Phison,
947 3676 1045 3749 qui
1086 3676 1409 3732 secundum
1463 3676 1733 3732 Hebraeos

92 3756 282 3817 Phison
339 3764 575 3820 dicitur
611 3764 745 3836 (18),
800 3763 909 3820 hoc
949 3769 1038 3821 est
1084 3766 1195 3822 oris
1256 3767 1528 3833 mutatio;
1595 3764 1735 3836 quia

92 3862 187 3902 non
220 3867 398 3907 unam
434 3857 682 3925 gentem
713 3852 1086 3923 circumﬂuit,
1120 3853 1220 3909 sed
1251 3854 1425 3909 etiam
1470 3870 1574 3925 per
1624 3854 1731 3925 Ly-

90 3934 227 3992 diam
257 3940 411 3995 ﬂuit.
448 3941 589 3997 Non
620 3940 775 3997 enim
809 3945 1060 4014 angusta
1090 3942 1378 4014 quaedam,
1412 3942 1512 3998 sed
1573 3942 1733 3999 dives

94 4022 389 4084 utilitatum
434 4029 786 4103 ‘prudentia
837 4034 946 4098 est,
1000 4047 1126 4102 quae
1201 4029 1471 4102 pluribus
1526 4030 1729 4103 prosit.

91 4108 203 4168 Ideo
229 4116 451 4187 prima,
489 4123 563 4174 ut
596 4117 643 4173 si
675 4117 805 4190 quis
837 4118 907 4174 de
946 4118 1220 4191 paradiso
1245 4118 1416 4174 fuerit
1435 4135 1730 4191 egressus,

93 4198 224 4257 velut
268 4206 591 4277 quoddam
627 4223 761 4262 eum
792 4206 1109 4279 prudentiae
1125 4207 1340 4263 ﬂumen
1368 4207 1639 4278 excipiat,
1662 4224 1734 4263 ne

91 4288 186 4344 cito
214 4294 405 4363 possit
437 4310 748 4352 arescere:
780 4295 882 4351 sed
913 4312 1017 4368 per
1065 4296 1215 4351 banc
1262 4296 1332 4351 ad
1394 4295 1733 4369 paradisum

94 4374 234 4435 facile
262 4387 632 4440 revertatur.
666 4383 766 4439 Hic
806 4384 1018 4439 ﬂuvius
1066 4401 1099 4439 a
1149 4383 1351 4440 multis
1399 4384 1735 4441 hominibus

92 4462 501 4541 frequentatur,
574 4470 1193 4545 pulchritudinemque
1266 4478 1324 4528 et
1380 4473 1734 4529 fertilitatem

92 4557 387 4655 {maximam
420 4561 678 4655 habere
724 4560 1078 4655 perhibetur.
1120 4562 1188 4617 Et
1231 4562 1368 4655 ideo
1429 4562 1738 4655 prudentia
1769 4591 1812 4655 υ

90 4638 137 4695 in
171 4649 362 4718 specie
420 4650 624 4722 hujus
669 4649 972 4721 accipitur,
1020 4666 1148 4721 quae
1194 4649 1480 4722 plurimos
1512 4651 1735 4707 fructus

91 4733 259 4789 attulit
276 4736 339 4792 in
366 4737 626 4794 Domini
657 4738 930 4793 adventu.
964 4740 1150 4809 Atque
1180 4738 1239 4793 in
1270 4743 1531 4795 extrema
1549 4744 1736 4796 terra-

90 4833 197 4878 rum
222 4822 372 4892 ﬂuit,
438 4826 601 4898 quia
648 4842 750 4899 per
795 4827 1157 4899 Sapientiam
1214 4844 1417 4883 omnes
1470 4827 1738 4884 homines

90 4914 206 4964 sunt
258 4915 593 4987 redempti.
647 4913 810 4970 Unde
845 4919 903 4970 et
952 4915 1177 4970 dictum
1235 4920 1356 4971 est:
1418 4916 1481 4971 In
1525 4932 1740 4972 omnem

143 5024 242 5098 (17)
271 5028 371 5085 Sic
402 5030 529 5085 Era
574 5028 717 5084 edit.
753 5045 887 5085 cum
918 5043 1041 5100 seq.
1071 5034 1129 5084 et
1178 5029 1382 5100 paucis
1417 5048 1563 5085 mss.
1607 5033 1735 5086 Am.

90 5100 258 5169 autem
289 5106 348 5155 et
380 5117 543 5156 mss.
605 5106 733 5156 octo
781 5116 983 5155 aurum
1025 5100 1225 5155 diceret
1270 5103 1575 5169 mone/ale;
1632 5103 1739 5157 Re—

90 5168 376 5238 mensis,...
457 5187 587 5228 non
656 5173 940 5227 monetate.
1023 5171 1173 5239 Div.,
1233 5188 1436 5227 aurum
1491 5168 1741 5228 decorum

87 5244 344 5298 monetate.

146 5308 245 5385 (18)
272 5313 423 5368 Mss.
463 5312 728 5383 aliquot,
758 5314 969 5385 positus
998 5315 1074 5367 est
1114 5314 1303 5381 Fison,
1327 5314 1510 5385 qui....
1572 5315 1739 5368 Fecu-

87 5389 166 5455 807}
189 5379 414 5440 dicitur.
451 5385 532 5440 Et
565 5379 707 5455 post
734 5379 921 5454 pauca
952 5384 1119 5439 Rom.
1168 5379 1350 5450 edit.,'
1389 5386 1741 5455 circumﬂuit,

87 5449 158 5528 {ad
177 5457 505 5528 universam
535 5449 665 5528 fere
691 5449 926 5510 Indiam.
958 5455 1084 5510 Vet.
1118 5471 1320 5528 omnes
1349 5459 1415 5510 ut
1452 5455 1511 5508 in
1560 5449 1740 5528 testu}

88 5513 172 5599 ‘His
194 5525 366 5581 etiam
401 5513 721 5599 accedunt
753 5542 919 5599 mss.,
951 5526 1203 5599 exceptis
1237 5528 1487 5593 duobus,
1521 5525 1618 5580 ubi
1638 5524 1743 5581 ba-

90 5586 239 5671 betur
256 5616 361 5671 per
393 5599 649 5656 Lixiam
677 5597 820 5671 ﬂuit.

145 5664 369 5740 (t9)'Ita
398 5686 567 5727 mss.
610 5664 869 5725 melioris
901 5671 1069 5726 notae.
1105 5667 1168 5726 In
1222 5666 1358 5725 aliis
1412 5683 1547 5725 vero
1594 5664 1746 5726 sicut

383 5799 685 5866 Panos.
730 5794 893 5863 XIV.

1854 580 2017 634 verba
2042 593 2232 633 eorum
2260 578 2433 647 (Psal.
2468 594 2624 645 xvm,
2654 580 2732 649 5).

1921 666 2011 721 46.
2039 666 2346 722 Secundus
2377 670 2463 721 est
2494 666 2705 722 ﬂuvius
2746 666 2927 733 Geon,
2953 667 3124 736 juxta
3179 682 3354 738 quem
3407 666 3499 722 lex

1850 755 1988 810 data
2015 760 2105 811 est
2134 754 2433 821 Israelitis,
2458 771 2593 810 cum
2628 759 2824 810 essent
2860 755 2921 809 in
2972 757 3212 827 digypto
3272 755 3493 811 consti-

1851 845 1985 910 tuti,
2016 849 2080 898 ut
2110 861 2179 899 ex
2206 848 2451 916 Egypto
2484 844 2835 910 recederent,
2861 848 2918 899 et
2947 843 3227 898 succincti
3264 843 3498 901 lumbos

1848 932 2083 988 ederent
2112 948 2353 1004 agnum,
2419 933 2573 1004 quod
2628 932 2858 1004 insigne
2925 936 3015 987 est
3076 932 3494 1003 temperantia.

1848 1020 2050 1076 Custos
2081 1022 2235 1075 enim
2257 1026 2313 1075 et
2342 1008 2739 1076 sanctiﬁcatos
2768 1026 2996 1091 oportet
3015 1020 3246 1075 Domini
3280 1020 3498 1092 pascha

1846 1108 2153 1165 celebrare.
2183 1111 2248 1165 Et
2274 1109 2404 1164 ideo
2452 1111 2621 1180 juxta
2680 1110 2861 1165 istum
2920 1108 3169 1164 ﬂuvium
3230 1108 3496 1181 legitima

1847 1197 2036 1268 primo
2075 1198 2442 1253 observantia
2484 1199 2802 1254 constituta
2848 1204 2974 1264 est;
3020 1198 3160 1270 quia
3201 1197 3496 1270 signiﬁcat

1847 1302 2058 1340 nomen
2086 1286 2193 1342 hoc
2230 1289 2549 1357 quemdam
2592 1292 2757 1342 terras
2800 1287 3046 1342 hiatum.
3100 1286 3263 1355 Sicut
3313 1286 3494 1359 igitur

1845 1378 2061 1429 terram
2096 1379 2152 1429 et
2181 1391 2564 1446 quacumque
2594 1375 2682 1430 vel
2715 1379 3101 1446 purgamenta
3126 1373 3216 1429 vel
3257 1374 3492 1430 frondes

1845 1462 1904 1517 in
1929 1479 1996 1517 ea
2025 1463 2385 1529 sunt,hiatus
2418 1463 2691 1518 absorbet
2716 1463 2827 1534 (19)
2854 1480 2865 1517 :
2891 1463 2973 1517 ita
2999 1462 3236 1518 castitas
3288 1479 3493 1519 omnes

1845 1551 2103 1623 corporis
2150 1551 2452 1624 passiones
2501 1551 2731 1608 abolere
2787 1551 3105 1607 consuevit.
3175 1550 3494 1623 Meritoque

1844 1639 1923 1694 ibi
1956 1641 2211 1711 primum
2242 1640 2621 1697 observantia:
2652 1641 3017 1707 constitutio,
3072 1640 3210 1712 quia
3259 1657 3363 1712 per
3410 1639 3492 1696 le-

1844 1744 1975 1797 gem
2034 1729 2380 1784 absorbetur
2448 1729 2680 1785 carnale
2746 1734 3072 1801 peccatum.
3151 1729 3304 1785 Bene
3354 1745 3491 1802 ergo

1843 1819 2021 1881 Geon,
2055 1817 2112 1872 in
2145 1834 2261 1889 quo
2295 1816 2481 1890 ﬁgura
2512 1822 2600 1875 est
2658 1818 2964 1885 castitatis,
3013 1817 3321 1873 circumire
3375 1821 3491 1873 ter-

1846 1921 1969 1961 ram
1988 1904 2376 1977 zEthiopicam
2389 1906 2622 1973 dicitur,
2650 1911 2712 1961 ut
2732 1905 2933 1962 abluat
2948 1922 3160 1978 corpus
3173 1905 3463 1976 abjectum
3475 1948 3489 1974 ,

1844 1998 1900 2049 et
1929 1995 2121 2049 carnis
2138 1994 2437 2051 vilissimae
2460 1995 2786 2067 restinguat
2802 1993 3160 2050 incendium.
3201 1993 3492 2065 IEthiopia

1844 2083 1997 2138 enim
2013 2084 2239 2154 abjecta
2263 2082 2457 2140 etvilis
2470 2083 2670 2138 Latina
2690 2082 3167 2155 interpretatione
3199 2082 3486 2154 signatur.

1845 2171 1990 2236 Quid
2018 2176 2211 2227 autem
2245 2171 2530 2243 abjectius
2561 2175 2760 2227 nostro
2818 2176 3108 2244 corpore?
3153 2171 3303 2235 Quid
3365 2175 3489 2227 tam

1844 2259 2144 2332 Ethiopiae
2174 2259 2386 2325 simile,
2419 2261 2574 2333 quod
2613 2260 2789 2316 etiam
2822 2261 3055 2333 nigrum
3112 2264 3201 2316 est
3249 2260 3490 2333 quibus-

1845 2348 1981 2403 dam
2012 2349 2269 2405 tenebris
2289 2354 2656 2421 peccatorum
2679 2349 2706 2403 ?

1916 2438 2000 2492 17.
2034 2438 2267 2493 Tertius
2296 2442 2385 2493 est
2415 2438 2625 2492 ﬂuvius
2648 2437 2861 2510 Tigris,
2921 2439 3021 2508 qui
3077 2437 3240 2493 vadit
3281 2441 3487 2495 contra

1846 2526 2135 2598 Assyrios,
2168 2527 2238 2581 ad
2295 2542 2471 2597 quem
2529 2525 2933 2598 praevaricator
2986 2525 3163 2581 Israel
3222 2516 3488 2598 captivus

1845 2619 1932 2668 est
1951 2614 2183 2668 ductus.
2204 2614 2307 2669 Hic
2322 2614 2534 2670 ﬂuvius
2556 2614 2772 2669 dicitur
2788 2613 3174 2669 velocioresse
3189 2613 3485 2683 omnibus,

1847 2719 2021 2774 quem
2049 2702 2314 2758 incolunt
2341 2703 2583 2775 Assyrii,
2619 2703 3133 2773 hocestdz’rigcntes
3160 2702 3306 2769 ;hoc
3330 2704 3489 2758 enim

1845 2791 2136 2862 signiﬁcat
2164 2791 2581 2864 interpretatio.
2615 2792 2764 2863 Ergo
2794 2791 3127 2863 quicunque
3152 2791 3493 2849 fortitudine

1845 2880 2024 2935 animi
2084 2881 2520 2953 przevaricantia
2579 2880 2841 2953 corporis
2918 2881 3059 2935 vitia
3116 2881 3489 2953 captivaverit

1842 2968 2102 3041 dirigens
2136 2970 2206 3024 ad
2240 2986 2511 3040 superna,
2548 2970 2656 3024 iste
2716 2969 2895 3040 hujus
2952 2968 3221 3025 ﬂuminis
3277 2969 3490 3028 similis

1844 3058 2183 3113 mstimatur.
2218 3058 2288 3111 Et
2318 3057 2444 3112 ideo
2466 3057 2641 3112 etiam
2675 3058 2955 3112 fortitudo
2994 3058 3065 3112 de
3094 3057 3194 3113 illo
3245 3059 3348 3129 qui
3396 3063 3486 3114 est

1845 3146 1904 3201 in
1926 3146 2217 3218 paradiso,
2244 3146 2399 3201 fonte
2412 3151 2667 3200 emanat.
2702 3146 3000 3200 Fortitudo
3017 3150 3208 3200 autem
3230 3147 3488 3216 quodam

1763 3224 1805 3291 C
1843 3250 2017 3289 cursu
2050 3234 2250 3305 rapido
2282 3233 2615 3288 resistentia
2645 3249 2888 3304 quaeque
2912 3233 3362 3300 transverberat,
3382 3250 3488 3289 nec

1843 3320 2139 3393 aliquibus
2155 3337 2364 3377 cursus
2381 3322 2509 3392 ejus
2528 3320 3080 3391 impedimentorum
3105 3320 3284 3375 haeret
3297 3320 3490 3376 obsta-

1843 3409 2010 3466 culis.

1915 3499 2002 3553 18.
2035 3501 2287 3564 Quartus
2317 3504 2404 3555 est
2435 3499 2648 3554 ﬂuvius
2680 3497 3024 3570 Euphrates,
3054 3497 3153 3570 qui
3177 3497 3379 3554 Latine
3400 3498 3483 3554 fe-

1843 3586 2112 3643 cunditas
2143 3591 2317 3658 atque
2349 3587 2708 3642 abundantia
2734 3586 3033 3641 fructuum
3086 3591 3483 3659 nuncupatur,

1844 3675 2155 3748 prmferens
2187 3676 2481 3748 quoddam
2515 3675 3025 3748 insignejustitiaz,
3061 3693 3188 3748 quae
3248 3693 3485 3733 omnem

1842 3764 2031 3835 pascit
2063 3764 2340 3820 animam.
2381 3764 2554 3820 Nulla
2609 3764 2766 3819 enim
2819 3764 3274 3821 abundantiores
3330 3765 3484 3822 152

1837 3853 2069 3907 videtur
2100 3852 2325 3908 fructus
2356 3852 2569 3908 habere
2596 3853 2801 3918 virtus,
2836 3868 3015 3923 quam
3047 3853 3289 3924 aequitas
3312 3856 3488 3923 atque

1834 3940 2088 4012 justitia,
2123 3958 2247 4012 quas
2280 3940 2468 4013 magis
2500 3940 2632 3996 aliis
2660 3957 2842 4011 quam
2878 3940 2991 3996 sibi
3022 3941 3277 4012 prodest,
3311 3939 3492 3995 etuti-

1843 4029 2038 4085 litates
2063 4046 2204 4084 suas
2236 4027 2831 4101 negligitcommunia
2857 4027 3255 4084 emolumenta
3275 4044 3495 4099 praepo-

1843 4135 2009 4174 nens.
2098 4117 2359 4188 Plerique
2442 4117 2797 4188 Euphratem
2891 4125 2988 4173 ἀπὸ
3060 4127 3146 4172 τοῦ
3220 4124 3472 4189 εὐφραίνε-

1843 4216 1951 4264 σθαι
1980 4206 2204 4262 dictum
2238 4209 2465 4277 putant,
2497 4206 2607 4261 hoc
2650 4210 2739 4261 est
2798 4223 2831 4260 a
2887 4205 3156 4272 iactando,
3211 4221 3277 4260 eo
3336 4205 3491 4275 quod

1843 4295 2152 4351 hominum
2185 4310 2372 4365 genus
2396 4293 2557 4349 nullo
2573 4294 2762 4367 magis
2779 4310 2956 4366 quam
2978 4293 3211 4365 justitia
3239 4297 3298 4350 et
3317 4294 3495 4367 aequi-

1844 4390 1962 4441 tate
1992 4384 2236 4439 lzetetur.
2268 4384 2518 4439 Causam
2541 4386 2735 4439 autem
2765 4400 2870 4438 cur
2899 4382 3091 4439 caeteri
3148 4400 3267 4455 qua
3322 4398 3486 4439 com-

1845 4477 2045 4529 meant
2074 4472 2231 4528 ﬂuvii
2263 4473 2697 4544 describuntur,
2745 4473 3008 4545 regiones
3052 4472 3314 4529 locorum
3374 4490 3491 4546 qua

1844 4562 2172 4635 Euphrates
2200 4564 2495 4618 commeat
2525 4578 2639 4617 non
2674 4562 3096 4630 describantur,
3129 4561 3288 4617 illam
3327 4578 3489 4620 acce-

1846 4650 2063 4721 pimus,
2093 4651 2230 4722 quia
2266 4668 2419 4723 aqua
2478 4652 2605 4721 ejus
2660 4651 2849 4707 vitalis
2893 4653 3195 4720 asseritur,
3255 4656 3313 4708 et
3363 4669 3490 4724 quae

1846 4739 2031 4796 foveat
2056 4744 2229 4811 atque
2258 4744 2486 4812 augeat.
2523 4739 2685 4796 Unde
2710 4757 2844 4795 eum
2864 4746 3065 4796 Auxen
3096 4740 3207 4813 (20)
3228 4740 3494 4796 Hebraeo-

1848 4844 1977 4883 rum
2008 4832 2068 4883 et
2102 4829 2476 4900 Assyriorum
2543 4830 2863 4901 prudentes
2921 4830 3231 4885 dixerunt:
3292 4834 3494 4884 contra

1848 4920 2043 4973 autem
2078 4917 2261 4971 fertur
2291 4933 2418 4973 esse
2452 4934 2604 4988 aqua
2634 4916 2880 4973 aliorum
2912 4917 3245 4973 ﬂuminum.
3274 4916 3494 4972 Deinde

1850 5035 1906 5087 et
1936 5031 1995 5085 in
2027 5030 2202 5103 editis
2236 5048 2450 5102 magna
2481 5032 2810 5103 diversitas,
2851 5032 2950 5086 sed
2983 5049 3108 5103 quae
3140 5031 3211 5086 ad
3252 5047 3493 5087 sensum

1850 5118 1964 5157 non
1996 5102 2301 5173 pertineat,
2334 5119 2468 5156 cum
2501 5102 2559 5156 in
2590 5119 2657 5156 eo
2689 5103 2878 5173 posita
2924 5103 3001 5157 sit
3032 5108 3096 5157 ut
3142 5105 3311 5168 terra,
3368 5118 3496 5173 pro,

1848 5178 2054 5246 terram
2077 5188 2099 5233 ;
2128 5172 2330 5246 sontes,
2365 5190 2467 5246 pro
2497 5172 2718 5246 [ron/tes
2750 5191 2762 5246 ς
2809 5175 2978 5239 hiate,
3028 5191 3132 5246 pro
3181 5172 3385 5242 hiatus,
3441 5177 3500 5229 et

1850 5244 1963 5300 alia
1993 5242 2257 5312 quaedam
2291 5242 2635 5312 hujusmodi
2668 5243 3013 5298 habeantur.

1923 5314 2033 5385 (20)
2064 5318 2148 5388 Ita
2174 5329 2317 5388 m_s_s.
2352 5330 2554 5388 omnes
2594 5330 2659 5367 ac
2703 5321 2832 5388 ‘vet.
2892 5314 3297 5388 edit._magno
3357 5331 3494 5388 con-

1852 5383 2049 5440 sensu.
2110 5386 2180 5437 At
2236 5383 2401 5437 Rom.
2461 5384 2624 5451 edit.,
2687 5385 2822 5439 lude
2877 5386 3077 5441 Pcrath
3133 5383 3276 5442 eum.
3336 5386 3491 5442 dixe-

1852 5458 2006 5521 runt,
2030 5453 2167 5525 quod
2197 5456 2273 5507 est
2304 5462 2463 5525 αὔξειν
2508 5454 2808 5518 ercembi
2867 5471 3067 5511 vocem
3127 5458 3495 5524 Hebraicam,

1852 5523 2590 5600 quae‘scribarumincuria
2618 5525 2849 5581 videtur
2879 5524 2973 5583 hic
3016 5527 3202 5589 fuisse
3257 5529 3497 5600 omissa,

1853 5596 2160 5657 restituere
2189 5597 2392 5652 conata
2425 5600 2533 5653 est.

3112 5794 3193 5879 1Q
