3910 6210
438 387 557 447 299
1728 436 1737 445 .
1896 383 1961 443 S.
2006 382 2386 444 AMBROSII
3678 384 3769 443 300

441 520 581 591 quia
611 517 711 574 ubi
743 517 1072 590 prudentia,
1102 516 1182 572 ibi
1214 520 1272 571 et
1308 514 1565 570 malitia:
1626 514 1725 569 ubi
1778 514 2080 581 fortitudo,
2112 522 2167 588 Α
2194 513 2275 568 tia
2301 513 2722 586 zEgyptiorum,
2779 514 3061 585 majorem
3121 512 3481 569 honestatem
3521 513 3771 570 mstimavit

440 608 520 663 ibi
550 611 607 663 et
632 606 972 663 iracundia:
1006 605 1106 661 ubi
1137 604 1521 677 temperantia
1571 603 1937 675 plerumque,
1999 602 2076 656 ibi
2193 603 2417 674 lEgypti
2450 603 2745 658 thesauris
2776 602 3156 674 opprobrium
3185 600 3416 657 Christi.
3458 601 3521 657 Et
3546 602 3661 674 quis
3700 620 3773 659 sa-

438 696 887 769 intemperantia
910 698 1016 762 est,
1041 698 1142 750 aut
1172 692 1285 748 alia
1314 692 1456 748 vitia
1494 697 1663 749 sunt:
1723 691 1825 747 ubi
1884 695 2078 746 autem
2189 690 2440 762 pientior
2468 707 2645 763 quam
2669 690 2918 746 Daniel?
2948 691 3222 746 Salomon
3240 706 3470 762 quoque
3485 690 3773 763 sapientiam

432 784 682 857 justitia,
716 784 797 839 ibi
827 783 1135 839 concordia
1160 781 1442 836 virtutum
1458 784 1897 836 estotetcrarum
1921 781 2080 845 ;ideo
2193 779 2483 851 poposcit,
2517 784 2573 834 et
2605 779 2837 835 meruit.
2869 778 3099 834 Dictum
3140 783 3228 836 est
3270 795 3405 851 ergo
3460 779 3525 834 de
3574 783 3777 851 quatuor

441 891 555 930 non
587 890 655 929 ex
684 872 830 928 locis
861 889 978 944 qua
1004 871 1151 937 ﬂuit,
1181 871 1291 925 hoc
1321 875 1409 926 est
1438 887 1554 924 non
1578 886 1645 925 ex
1678 873 1839 942 parte
1866 885 2082 940 cogno-
2189 868 2472 923 virtutum
2513 868 2876 935 ﬂuminibus,
2909 884 3161 939 quorum
3191 873 3364 940 potus
3392 871 3481 923 est
3528 868 3686 923 utilis.
3726 869 3781 923 Et

440 963 642 1021 scitur.
677 961 802 1016 Non
833 960 988 1016 enim
1021 976 1156 1031 pars
1187 964 1276 1014 est
1296 959 1552 1029 justitia,
1587 958 1685 1013 sed
1712 958 1879 1029 quasi
1900 964 2085 1012 mater

441 1056 530 1108 est
558 1049 843 1106 omnium.
877 1049 940 1103 In
971 1048 1066 1103 his
1096 1051 1232 1119 ergo
1265 1046 1610 1102 ﬂuminibus
1649 1051 1920 1117 quatuor,
1979 1046 2087 1099 vir-

443 1143 597 1195 tutes
618 1137 972 1211 principales
1004 1141 1254 1207 quatuor
1279 1134 1705 1207 exprimuntur,
1731 1152 1857 1207 quae
1905 1134 2085 1190 veluti

444 1227 649 1283 mundi
678 1226 851 1281 istius
876 1224 1241 1280 incluserunt
1256 1228 1535 1296 tempora.

518 1316 603 1369 19.
637 1314 899 1369 Primum
926 1312 1113 1385 igitur
1149 1316 1384 1384 tempus
1433 1328 1500 1367 ex
1541 1312 1745 1366 mundi
1804 1311 2086 1384 principio

444 1420 631 1476 usque
657 1403 730 1457 ad
762 1402 1049 1457 diluvium
1074 1401 1396 1473 prudentiae
1429 1400 1556 1467 fuit,
1590 1417 1706 1471 quo
1735 1400 1793 1455 in
1826 1405 2088 1472 tempore

434 1492 579 1563 justi
602 1494 992 1547 numerantur
1020 1488 1161 1545 Abel
1191 1507 1225 1544 a
1255 1490 1369 1544 Deo
1393 1490 1595 1560 justus
1636 1489 1827 1544 dictus
1858 1489 2088 1559 (Matt/1.,

438 1598 601 1650 xxm,
631 1581 765 1648 35);
799 1583 855 1634 et
885 1579 1061 1644 Enos,
1115 1577 1227 1633 hoc
1274 1582 1365 1633 est
1414 1577 1589 1633 homo
1648 1578 1721 1632 ad
1773 1578 2090 1649 imaginem

439 1670 540 1725 Dei
575 1669 784 1735 factus,
824 1668 925 1739 qui
972 1666 1226 1738 speravit
1273 1666 1543 1723 invocare
1587 1683 1801 1722 nomen
1860 1664 2094 1722 Domini

444 1758 542 1814 Dei
564 1759 719 1829 (Gen,
752 1773 828 1823 1v,
861 1756 993 1822 26);
1027 1759 1085 1810 et
1113 1754 1330 1819 Enoch,
1363 1754 1462 1827 qui
1494 1755 1710 1810 dicitur
1752 1753 1949 1809 Latine
2001 1756 2096 1810 Dei

2194 957 2334 1028 quia
2356 956 2577 1013 Phison
2598 974 2809 1013 aurum
2842 958 3061 1013 bonum
3091 963 3278 1022 terrae,
3310 962 3368 1012 et
3395 957 3781 1029 carbunculum,

2192 1050 2248 1099 et
2277 1044 2531 1117 lapidem
2564 1046 2869 1117 prasinum
2894 1046 3108 1102 habere
3146 1046 3340 1101 dictus
3361 1045 3573 1112 est,hoc
3593 1063 3780 1118 quoque

2198 1132 2369 1203 quale
2401 1134 2478 1188 sit
2508 1134 2966 1190 consideremus.

2265 1223 2354 1275 23.
2390 1221 2633 1278 Videtur
2661 1222 2817 1278 enim
2849 1223 3019 1279 nobis
3063 1228 3344 1295 tanquam
3376 1240 3575 1279 aurum
3606 1225 3782 1280 bonum

2198 1310 2370 1379 Enos,
2404 1311 2499 1382 qui
2533 1312 2849 1382 prudenter
2872 1311 2972 1367 Dei
3021 1327 3234 1367 nomen
3274 1312 3423 1367 scire
3470 1312 3782 1368 desideravit.

2199 1399 2393 1454 Enoch
2418 1403 2611 1454 autem
2635 1400 2735 1470 qui
2770 1399 3088 1456 translatus
3108 1403 3217 1466 est,
3249 1404 3306 1455 et
3335 1405 3574 1456 mortem
3600 1417 3698 1456 non
3722 1400 3786 1453 vi-

2202 1487 2705 1553 dit,carbunculus
2728 1488 2969 1558 quidam
2990 1492 3080 1543 est
3098 1487 3247 1559 lapis
3271 1488 3407 1544 boni
3433 1489 3629 1553 odoris,
3648 1505 3786 1561 quem

2201 1576 2476 1647 Operibus
2505 1576 2630 1631 suis
2660 1579 2900 1631 sanctus
2931 1575 3123 1632 Euoch
3157 1576 3273 1632 Deo
3310 1577 3538 1644 detulit,
3584 1577 3790 1650 gratiam

2204 1665 2523 1734 quamdam
2582 1663 2747 1719 factis
2802 1670 2860 1719 et
2916 1665 3179 1720 moribus
3230 1665 3486 1737 spirans.
3539 1666 3644 1722 Noe
3686 1682 3789 1722 vero

2203 1757 2481 1823 tanquam
2517 1752 2790 1824 prasinus
2819 1752 2970 1825 lapis
3020 1753 3253 1809 vitalem
3285 1753 3534 1811 colorem
3562 1754 3790 1828 praetulit.

447 1846 650 1917 gratia,
680 1848 883 1916 raptus
908 1843 979 1897 ad
1013 1841 1221 1897 caelum
1255 1844 1270 1913 (
1306 1842 1435 1898 Gen.
1464 1861 1521 1909 v,
1556 1844 1647 1913 24)
1676 1860 1690 1911 ;
1724 1847 1781 1899 et
1812 1843 1950 1911 Noe,
1994 1843 2093 1914 qui
2127 1889 2171 1917 η
2204 1841 2504 1913 Siquidem
2561 1840 2762 1895 diluvii
2815 1846 3073 1914 tempore
3112 1841 3274 1898 solus
3319 1842 3477 1899 velut
3524 1844 3589 1899 ad
3626 1843 3794 1898 future

448 1939 507 1991 et
530 1933 656 2006 ipse
677 1933 879 2005 justus
907 1931 1059 2003 (Gen.
1093 1949 1169 1997 v1,
1200 1931 1277 2003 9),
1311 1935 1368 1986 et
1401 1933 1667 2003 quaedam
1726 1931 1944 2003 requiei
2001 1932 2091 1987 di-

450 2023 648 2079 rectio.

518 2112 610 2167 20.
642 2111 979 2167 Secundum
1012 2114 1247 2181 tempus
1276 2114 1367 2164 est
1394 2108 1687 2163 Abraham
1719 2113 1777 2164 et
1821 2109 1983 2164 Isaac
2039 2113 2097 2165 et

449 2201 650 2268 Jacob,
685 2198 1167 2271 reliquorumque
1198 2214 1483 2253 numerus
1514 2197 2002 2269 patriarcharum,
2036 2198 2093 2252 in

451 2289 668 2362 quibus
700 2292 861 2344 casta
889 2292 945 2343 et
964 2303 1114 2359 pura
1145 2287 1410 2357 quaedam
1443 2286 1829 2357 temperantia
1858 2286 2094 2359 religio-

453 2379 546 2435 nis
563 2377 802 2434 effulsit.
828 2374 1244 2431 Immaculatus
1274 2376 1432 2430 enim
1462 2376 1621 2431 Isaac
1653 2393 1751 2448 per
1782 2376 2095 2448 repromis-

453 2469 678 2523 sionem
708 2465 952 2521 Abraha:
979 2465 1153 2520 datus
1183 2469 1271 2520 est
1297 2463 1476 2530 filius,
1501 2481 1617 2519 non
1636 2468 1754 2520 tam
1778 2464 2097 2537 corporalis

453 2560 658 2631 partus
687 2572 865 2627 quam
893 2553 1099 2609 divina:
1126 2554 1668 2625 munusprmferens
1700 2554 2098 2626 indulgentiae,

453 2647 512 2701 in
546 2662 661 2718 quo
690 2661 824 2700 vere
847 2641 1208 2698 immaculati
1244 2643 1430 2714 ﬁgura
1454 2641 1770 2713 praecessit,
1816 2647 1881 2697 ut
1944 2647 2097 2715 Apo-

455 2736 643 2792 stolus
673 2734 842 2789 docet
873 2733 1073 2786 dicens
1098 2748 1110 2784 :
1145 2730 1292 2795 Quia
1320 2731 1556 2785 Abrahm
1571 2730 1732 2787 dicta:
1759 2740 1887 2786 sunt
1918 2748 2100 2803 repro-

454 2825 765 2884 missiones,
797 2824 850 2875 et
868 2821 1066 2874 semini
1112 2820 1245 2887 eius.
1304 2820 1422 2873 Non
1470 2819 1626 2885 dicit,
1668 2827 1719 2874 et
1781 2822 2099 2883 seminibus,

455 2916 719 2982 tanquam
750 2911 813 2963 in
838 2908 1050 2973 multis,
1083 2906 1175 2961 sed
1203 2908 1345 2961 sicut
1375 2908 1432 2961 in
1482 2924 1611 2975 uno,
1660 2915 1711 2962 et
1766 2911 1964 2964 semini
2013 2913 2104 2965 tuo

458 3002 554 3072 qui
580 3003 660 3055 est
691 2997 943 3052 Christus
974 2995 1174 3067 (Galat.
1200 3010 1283 3062 ιιι,
1319 2996 1407 3067 16)

2125 1889 2173 1953 Β

2203 1928 2637 1985 constitutionis
2664 1929 2837 1985 vitale
2864 1946 3063 1985 semen
3096 1930 3153 1985 in
3185 1930 3287 1986 illa
3317 1948 3455 1988 arca
3480 1936 3565 1988 est
3588 1946 3797 1988 reserva-

2204 2022 2319 2073 tus.
2354 2019 2498 2090 Ergo
2542 2018 2687 2074 bene
2726 2019 3034 2091 paradisus
3083 2021 3183 2090 qui
3206 2019 3477 2092 pluribus
3504 2019 3797 2076 ﬂuminibus

2202 2107 2498 2178 irrigatur,
2569 2108 2892 2163 secundum
2947 2107 3227 2164 orientem
3307 2114 3418 2175 est,
3478 2127 3586 2167 non
3636 2112 3798 2165 contra

2205 2197 2506 2262 orientem,
2541 2196 2648 2251 hoc
2695 2203 2802 2264 est,
2855 2197 3180 2253 secundum
3233 2196 3405 2254 illum
3444 2201 3705 2256 orientem
3729 2195 3799 2252 cui

2206 2302 2416 2340 nomen
2457 2288 2545 2340 est
2573 2285 2799 2353 Oriens,
2833 2286 2889 2341 id
2921 2290 3009 2342 est
3039 2287 3364 2343 secundum
3394 2288 3698 2353 Christum,
3725 2283 3798 2356 qui

2197 2374 2377 2445 jubar
2406 2374 2699 2446 quoddam
2719 2379 2945 2430 aeterna:
2976 2374 3122 2431 lucis
3151 2376 3374 2446 effudit,
3405 2382 3464 2433 et
3482 2376 3638 2433 estin
3659 2375 3803 2439 Eden,

2207 2463 2317 2518 hoc
2347 2466 2435 2517 est
2460 2463 2520 2517 in
2551 2462 2866 2535 voluptate.

2840 2570 3072 2627 CAPUT
3123 2573 3215 2626 IV.

2214 2660 2395 2713 Virum
2428 2661 2483 2711 in
2515 2660 2769 2734 paradiso
2818 2676 2928 2715 non
2972 2662 3201 2731 factum,
3251 2661 3343 2717 sed
3386 2664 3660 2734 positum:
3695 2660 3810 2715 utin

2281 2747 2341 2785 eo
2369 2734 2585 2804 factum
2616 2732 3053 2804 mulierem,per
3098 2749 3265 2804 quam
3311 2732 3414 2789 ille
3447 2735 3557 2804 fuit
3582 2732 3815 2804 deceptus.

2285 2807 2425 2857 Tum
2455 2802 2586 2872 quid
2615 2806 2687 2857 sit
2717 2802 2940 2874 operari
2972 2808 3030 2857 et
3055 2802 3349 2859 custodire
3372 2806 3406 2860 ?

2284 2909 2372 2960 24.
2406 2908 2471 2960 Et
2518 2907 2875 2978 apprehendit
2925 2911 3068 2964 Deus
3099 2908 3373 2965 hominem
3431 2926 3591 2982 quem
3622 2910 3758 2981 fecit,
3784 2909 3823 2962 et

2212 2998 2395 3067 posuit
2439 3012 2564 3051 eum
2609 2998 2670 3050 in
2711 2996 2970 3067 paradiso
3015 3000 3236 3069 operari
3285 3002 3336 3054 et
3379 2999 3648 3056 custodire
3696 2996 3819 3070 (Gen.

526 3084 899 3143 2l.Tertium
929 3088 1164 3156 tempus
1207 3088 1298 3139 est
1328 3084 1385 3139 in
1418 3085 1596 3156 Moysi
1628 3085 1752 3157 lege
1784 3091 1841 3141 et
1887 3088 2108 3144 caeteris
2215 3103 2277 3153 ιι,
2322 3086 2428 3155 15).
2482 3084 2655 3140 Vides
2707 3084 2984 3156 quoniam
3033 3086 3134 3157 qui
3181 3092 3326 3154 erat,
3377 3086 3820 3161 apprehenditur.

459 3175 779 3252 prophetis.
836 3174 1049 3245 Deﬁciet
1092 3175 1242 3228 enim
1292 3190 1378 3229 me
1432 3182 1638 3245 tempus
1683 3177 1993 3232 enarrando
2044 3178 2110 3233 de
2216 3174 2354 3228 Erat
2376 3176 2571 3228 autem
2595 3174 2652 3228 in
2676 3177 2831 3228 terra
2851 3173 3256 3244 plasmationis
3286 3193 3431 3232 suae.
3465 3172 3823 3249 Apprehendit

461 3266 686 3332 Gedeon,
782 3265 979 3327 Barac,

461 3355 702 3422 Samuel,
734 3360 786 3408 et
812 3352 1019 3407 cwteris
1040 3352 1337 3423 prophetis,
1370 3352 1611 3417 Anania,
1643 3354 1865 3417 Amria,
1897 3353 2103 3422 Misaet,

462 3448 516 3500 et
552 3443 765 3505 Daniel,
805 3442 950 3508 Elia,
982 3447 1034 3495 et
1068 3441 1264 3514 Elisaeo
1314 3441 1412 3511 qui
1448 3456 1548 3511 per
1588 3440 1749 3511 fidem
1793 3445 2106 3500 devicerunt

463 3548 653 3603 regna,
680 3531 887 3602 operati
916 3533 1046 3583 sunt
1075 3530 1370 3598 justitiam,
1396 3535 1755 3600 perceperunt
1810 3535 2105 3603 repromis-

460 3623 659 3685 siones,
683 3619 1067 3674 obstruxerunt
1091 3632 1189 3671 ora
1218 3618 1456 3686 leonum,
1498 3620 1888 3675 exstinxerunt
1930 3623 2104 3677 vir/u-

462 3713 572 3764 tem
596 3709 762 3779 ignis,
812 3707 1186 3778 effugaverunt
1222 3704 1333 3775 (2|)
1356 3708 1497 3760 acies
1536 3706 1732 3776 gladii,
1784 3709 2106 3767 evaluerunt

459 3797 525 3853 de
551 3796 897 3867 inﬁrmitate,
928 3795 1093 3863 fortes
1119 3797 1344 3864 fuerunt
1370 3795 1428 3849 in
1461 3795 1615 3860 bello,
1639 3804 1817 3851 castra
1845 3804 2105 3869 ceperunt

455 3893 767 3943 exterarum
794 3885 977 3952 (Hebr.
1016 3900 1095 3949 x1,
1144 3885 1355 3955 32-34).
1420 3884 1542 3938 Non
1592 3884 1886 3941 immerito
1924 3886 2106 3959 igitur

454 3976 514 4031 in
548 3974 641 4031 his
672 3970 897 4047 species
928 3971 1288 4029 fortitudinis
1310 3976 1416 4028 est.
1451 3974 1591 4028 Secti
1617 3976 1766 4028 enim
1789 3976 2105 4042 sunt,sicut

454 4063 607 4119 infra
637 4063 839 4129 habes,
873 4072 959 4118 ten
970 4063 1091 4129 tati,
1125 4063 1184 4116 in
1200 4063 1528 4117 mactatione
1545 4061 1726 4135 gladii
1748 4065 1967 4119 mortui.
1988 4064 2104 4119 Cir-

451 4154 764 4208 cumierunt
795 4154 856 4207 in
908 4153 1152 4223 caprinis
1195 4151 1450 4222 pellibus,
1500 4154 1725 4221 egentes,
1777 4155 2097 4224 angustiati,

452 4249 503 4298 et
529 4242 804 4298 doloribus
832 4243 1047 4313 afﬂicti,
1077 4256 1307 4310 quorum
1334 4242 1548 4295 meritis
1581 4257 1693 4296 non
1730 4246 1849 4296 erat
1901 4242 2102 4311 dignus

454 4331 620 4387 orbis.
670 4334 735 4385 In
782 4330 1170 4385 solitudinibus
1217 4338 1487 4393 errantes,
1528 4331 1587 4383 in
1631 4331 1924 4401 montibus,
1981 4348 2099 4395 spe-

453 4419 653 4483 luncis,
685 4427 736 4473 et
759 4420 817 4472 in
841 4419 1010 4487 foveis
1037 4421 1203 4473 terrm
1233 4417 1389 4487 (Ibid.
1423 4417 1512 4485 37,
1544 4419 1659 4489 38),
1696 4419 1864 4474 Recto
1921 4418 2101 4491 igitur

454 4504 512 4559 in
546 4504 638 4560 his
669 4503 922 4576 speciem
954 4505 1314 4560 fortitudinis
1345 4504 1718 4560 collocamus.

521 4594 609 4647 22.
645 4594 975 4648 Secundum
992 4597 1185 4648 autem
1204 4592 1579 4664 Evangelium
1601 4594 1778 4666 digna
1801 4600 1893 4651 est
1911 4596 2100 4669 ﬁgura

445 4681 686 4750 justitim
715 4680 854 4752 quia
882 4682 1066 4736 virtus
1098 4685 1186 4736 est
1216 4681 1274 4735 in
1307 4680 1557 4736 salutem
1586 4682 1745 4737 omni
1782 4684 1930 4740 I53
1975 4702 2097 4741 cre-

1072 3266 1322 3328 Samson,
1416 3263 1590 3318 David
1690 3264 1976 3320 Salomone
2051 3253 2174 3323 etC
2213 3278 2351 3334 ergo
2380 3278 2514 3318 eum
2546 3263 2730 3318 virtus
2783 3262 2876 3317 Dei
2923 3262 3222 3336 inspirans
3252 3282 3564 3336 processus
3593 3269 3648 3321 et
3673 3263 3826 3318 incre-

2219 3355 2415 3406 menta
2436 3349 2664 3405 virtutis
2689 3367 2702 3406 :
2728 3351 2981 3423 denique
2999 3352 3059 3406 in
3082 3353 3353 3424 paradiso
3369 3372 3506 3411 eum
3525 3350 3823 3415 collocavit;

2216 3444 2279 3494 ut
2325 3439 2477 3494 scias
2509 3438 2938 3511 apprehensum
2990 3442 3159 3512 quasi
3207 3442 3479 3499 afﬂatum
3507 3443 3695 3498 divina
3722 3452 3824 3495 esse

2214 3528 2446 3583 virtute.
2479 3527 2601 3591 Quo
2658 3528 2769 3583 loci
2816 3527 2963 3584 illud
3012 3530 3244 3585 adverte
3286 3531 3455 3600 (dist.
3497 3534 3581 3602 t0,
3632 3548 3679 3587 c.
3708 3525 3824 3585 Illud

2212 3617 2418 3687 autem)
2449 3616 2588 3687 quia
2616 3620 2777 3671 extra
2807 3617 3146 3688 paradisum
3177 3618 3264 3673 vir
3293 3619 3491 3677 factus
3511 3626 3619 3686 est,
3649 3623 3701 3674 et
3725 3630 3823 3671 mu-

2213 3704 2321 3760 lier
2347 3704 2500 3759 intra
2532 3705 2892 3776 paradisum,
2953 3709 3018 3760 ut
3064 3706 3331 3763 advertas
3363 3710 3524 3781 quod
3579 3724 3687 3764 non
3716 3701 3823 3765 loci,

2215 3810 2330 3849 non
2363 3794 2595 3866 generis
2645 3794 2968 3860 nobilitate,
3015 3798 3112 3850 sed
3165 3795 3381 3853 virtute
3430 3796 3821 3869 unusquisque.

2212 3882 2457 3953 gratiam
2492 3882 2603 3937 sibi
2661 3886 2976 3954 comparat.
3036 3884 3296 3956 Denique
3326 3891 3497 3942 extra
3527 3882 3827 3958 paradisum

2214 3971 2421 4040 factus,
2454 3971 2562 4027 hoc
2606 3976 2695 4027 est
2742 3972 2798 4025 in
2852 3972 3125 4028 inferiore
3164 3972 3312 4042 loco,
3344 3975 3437 4030 vir
3469 3974 3673 4031 melior
3699 3972 3827 4026 inve-

2210 4060 2373 4117 nitur
2395 4077 2408 4127 ;
2434 4065 2490 4115 et
2511 4058 2613 4116 illa
2645 4077 2771 4132 quae
2815 4061 2871 4115 in
2914 4060 3309 4130 melioreloco,
3345 4064 3461 4120 hoc
3488 4068 3580 4121 est
3605 4063 3662 4118 in
3690 4072 3828 4134 para-

2211 4149 2358 4213 diso,
2384 4149 2533 4204 facta
2553 4149 2908 4217 est,inferior
2928 4150 3235 4223 reperitur.
3272 4152 3492 4210 Mulier
3518 4152 3673 4209 enim
3701 4147 3832 4220 prior

2208 4240 2448 4310 decepta
2479 4242 2585 4306 est,
2618 4242 2674 4293 et
2703 4238 2891 4294 virum
2926 4239 3054 4311 ipsa
3079 4239 3324 4313 decepit.
3353 4241 3522 4298 Unde
3565 4234 3832 4314 apostolus

2208 4331 2413 4383 Petrus
2434 4327 2726 4397 subjectae
2749 4327 2970 4383 fortiori
2994 4329 3117 4384 vasi
3141 4328 3428 4387 mulieres
3458 4335 3690 4387 sanctas
3714 4322 3834 4379 viris

2208 4415 2334 4471 suis
2386 4413 2541 4471 velut
2572 4416 2826 4472 dominis
2857 4416 3092 4473 obedire
3128 4420 3485 4475 memoravit
3515 4420 3563 4491 (Ι
3588 4424 3726 4475 Petr.
3759 4426 3828 4476 ιιι,

2210 4505 2282 4571 1).
2318 4504 2385 4558 Et
2422 4502 2652 4559 .Paulus
2699 4505 2821 4559 ait:
2875 4505 3021 4571 Quia
3064 4506 3240 4562 Adam
3284 4523 3403 4565 non
3454 4513 3537 4565 est
3577 4506 3835 4563 seductus:

2130 4615 2178 4679 Β
2207 4593 2414 4648 mulier
2441 4597 2623 4648 autem
2645 4592 2865 4649 seducta
2916 4595 2978 4649 in
3013 4598 3480 4666 praevaricatione
3517 4597 3627 4667 fuit
3651 4594 3697 4664 (I
3722 4591 3832 4679 Tim:

2210 4698 2268 4747 II,
2305 4682 2412 4751 14).
2445 4681 2516 4736 Et
2554 4681 2689 4737 inde
2733 4682 3129 4739 contuendum
3161 4684 3302 4756 quia
3343 4702 3525 4742 nemo
3554 4683 3717 4740 debet
3742 4673 3833 4734 sibi

450 4770 630 4826 denti.
664 4769 925 4841 Denique
957 4768 1081 4841 ipse
1113 4769 1399 4824 Dominus
1428 4769 1546 4824 ait:
1602 4771 1732 4826 Sine
1781 4773 1970 4839 modo;
2018 4776 2098 4829 sic
2207 4769 2374 4826 facile
2417 4787 2786 4842 przesumere.
2820 4771 2965 4827 Nam
2987 4788 3119 4828 ecce
3152 4772 3252 4828 illa
3293 4790 3430 4844 quae
3465 4773 3524 4828 in
3559 4772 3835 4842 adjumen-

447 4860 597 4914 enim
624 4858 773 4913 decet
800 4874 895 4915 nos
925 4859 1153 4929 implere
1180 4858 1294 4927 (22)
1322 4873 1536 4913 omnem
1564 4859 1835 4923 iustitiam
1863 4863 2094 4932 (Matth.,
2206 4863 2330 4914 tum
2372 4859 2524 4915 facta
2560 4863 2650 4915 est
2687 4858 2830 4928 viro,
2874 4859 3141 4931 prmsidio
3192 4860 3347 4916 virili
3393 4862 3656 4935 indiget;
3717 4852 3836 4927 quia

452 4964 534 5012 ιιι,
569 4947 690 5018 15);
725 4964 851 5019 qua:
884 4947 1119 5019 quidem
1144 4963 1354 5019 parens
1375 4951 1714 5002 caeterarum
1739 4953 1825 5004 est
1848 4950 2097 5007 fecunda
2203 4945 2291 5000 vir
2320 4950 2495 5018 caput
2519 4951 2605 5001 est
2627 4946 2889 5003 mulieris
2919 4964 2931 5001 ε
2956 4946 3053 5003 ille
3083 4952 3280 5005 autem
3310 4949 3421 5021 qui
3454 4948 3835 5021 adjumenlum

450 5037 751 5091 virtutum.
787 5036 847 5090 ln
882 5052 997 5108 quo
1028 5036 1297 5107 quamvis
1328 5033 1524 5105 aliqua
1545 5035 1753 5091 harum
1787 5055 1932 5108 quas
1956 5039 2099 5093 dixi-
2203 5035 2402 5090 uxoris
2434 5034 2768 5091 habiturum
2801 5052 2862 5090 se
2894 5052 3023 5092 esse
3069 5037 3367 5105 credebat,
3403 5037 3614 5111 lapsus
3644 5037 3729 5092 est
3754 5043 3841 5102 per

451 5141 605 5190 mus,
636 5123 979 5195 principalis
1011 5129 1098 5179 est
1142 5123 1368 5189 virtus;
1422 5123 1476 5177 in
1524 5140 1589 5177 co
1643 5126 1814 5179 etiam
1877 5132 2091 5180 Ca‘tr‘rm
2203 5140 2461 5178 uxorem.
2526 5123 2687 5180 Unde
2737 5140 2905 5179 nemo
2958 5125 3112 5181 154
3161 5126 3337 5182 debet
3377 5126 3554 5182 facile
3597 5120 3750 5179 alteri
3786 5131 3839 5171 se

449 5217 659 5282 prmsto
688 5218 829 5267 sunt
857 5231 869 5281 ;
899 5214 1038 5285 quia
1068 5214 1205 5284 ipsa:
1239 5212 1348 5267 sibi
1381 5218 1517 5267 sunt
1538 5230 1804 5268 connexae
1858 5230 2089 5271 concre-
2199 5213 2453 5280 credere,
2486 5213 2599 5268 nis:
2627 5214 2798 5284 cujus
2826 5214 3101 5269 virtutem
3124 5215 3410 5287 probarit;
3441 5232 3553 5273 nec
3592 5219 3837 5282 arrogare

448 5305 634 5371 tuaque
664 5301 927 5357 virtutes.
963 5302 1105 5357 Nam
1143 5302 1346 5373 utique
1375 5302 1514 5356 Abel
1541 5302 1764 5372 justus,
1789 5306 1845 5358 et
1898 5303 2090 5359 fortis-
2200 5302 2312 5356 sibi
2344 5301 2442 5373 qui
2475 5318 2536 5356 se
2567 5318 2669 5372 pro
2702 5301 2913 5358 auxilio
2945 5303 3166 5375 putarit
3222 5304 3564 5360 adscitum:
3601 5302 3699 5358 sed
3730 5311 3838 5353 ma-

450 5386 636 5442 simus
659 5405 723 5443 ac
754 5389 1221 5461 patientissimus
1244 5390 1559 5457 Abraham,
1593 5395 1650 5444 rt
1705 5391 2092 5462 prudentissi-

448 5473 528 5527 mi
563 5476 852 5546 prophotm
878 5494 890 5532 :
925 5478 1154 5549 Moyses
1171 5496 1301 5535 vero
1319 5479 1656 5534 eruditusin
1678 5480 1839 5535 omni
1861 5480 2092 5553 sapien-

525 5613 635 5684 (2l)
666 5615 805 5671 Mss.
838 5616 1078 5701 aliquot,
1103 5623 1159 5674 et
1197 5621 1461 5703 quaedam
1502 5620 1707 5689 Paris.,
1761 5622 2092 5748 quaerunt.

525 5686 636 5748 (22)
661 5684 799 5744 Mss.
832 5692 960 5744 octo
990 5704 1109 5744 sine
1134 5705 1234 5747 nos
1277 5692 1524 5748 implere.
1582 5696 1733 5748 etc.:
1778 5710 1809 5748 a
1838 5711 1878 5748 ιι
1935 5698 2088 5748 sicut

2197 5390 2289 5464 gis
2318 5391 2366 5446 si
2398 5389 2682 5446 invenerit
2713 5390 3008 5446 fortiorem
3041 5391 3133 5447 cui
3164 5409 3226 5448 se
3257 5393 3521 5465 putabat
3560 5406 3687 5450 esse
3715 5400 3841 5461 prm-

2198 5480 2369 5548 sidio,
2402 5480 2475 5535 ab
2531 5479 2659 5551 ipso
2715 5482 2964 5553 gratiam
3023 5485 3350 5549 mutuetur,
3419 5483 3583 5539 sicut
3619 5484 3676 5537 et
3701 5476 3837 5531 viros

523 5686 636 5786 (22)
661 5684 799 5744 Mss.
832 5684 960 5744 octo
990 5690 1109 5744 sine
1134 5684 1234 5747 ηοξ
1277 5691 1524 5765 implere,
1582 5684 1733 5763 eth;
1778 5684 1896 5749 alii'
1935 5695 2088 5773 sicut
2127 5699 2184 5755 et
2211 5695 2374 5771 edit,
2405 5696 2526 5753 sine
2551 5693 2706 5753 modo
2737 5711 2756 5752 :
2781 5696 2863 5753 sic
2888 5696 3056 5768 enim,
3097 5698 3206 5753 etc.
