  <div class='ocr_page' id='page_1' title='image "/cluster/home/n/w/nwhite01/storage/ocr_20150623/14/uva.x000826552/165.png"; bbox 0 0 3910 6210; ppageno 0'>
   <div class='ocr_carea' id='block_1_1' title="bbox 227 370 327 430">
    <p class='ocr_par' dir='ltr' id='par_1_1' title="bbox 227 370 327 430">
     <span class='ocr_line' id='line_1_1' title="bbox 227 370 327 430; baseline -0.02 0"><span class='ocrx_word' id='word_1_1' title='bbox 227 370 327 430; x_wconf 80' lang='grc'>301</span> 
     </span>
    </p>
   </div>
   <div class='ocr_carea' id='block_1_2' title="bbox 1494 367 2333 430">
    <p class='ocr_par' dir='ltr' id='par_1_2' title="bbox 1494 367 2333 430">
     <span class='ocr_line' id='line_1_2' title="bbox 1494 367 2333 430; baseline -0.001 -1"><span class='ocrx_word' id='word_1_2' title='bbox 1494 368 1728 430; x_wconf 85' lang='lat' dir='ltr'>LIBER</span> <span class='ocrx_word' id='word_1_3' title='bbox 1771 368 1875 429; x_wconf 90' lang='lat' dir='ltr'><strong>DE</strong></span> <span class='ocrx_word' id='word_1_4' title='bbox 1919 367 2333 430; x_wconf 79' lang='lat' dir='ltr'>PARADISO.</span> 
     </span>
    </p>
   </div>
   <div class='ocr_carea' id='block_1_3' title="bbox 3501 367 3617 429">
    <p class='ocr_par' dir='ltr' id='par_1_3' title="bbox 3501 367 3617 429">
     <span class='ocr_line' id='line_1_3' title="bbox 3501 367 3617 429; baseline 0.017 -2"><span class='ocrx_word' id='word_1_5' title='bbox 3501 367 3617 429; x_wconf 76' lang='lat'>302</span> 
     </span>
    </p>
   </div>
   <div class='ocr_carea' id='block_1_4' title="bbox 224 498 3607 572">
    <p class='ocr_par' dir='ltr' id='par_1_4' title="bbox 224 498 3607 572">
     <span class='ocr_line' id='line_1_4' title="bbox 224 498 3607 572; baseline -0 -16"><span class='ocrx_word' id='word_1_6' title='bbox 224 498 562 556; x_wconf 79' lang='lat' dir='ltr'>mulieribus</span> <span class='ocrx_word' id='word_1_7' title='bbox 608 499 888 556; x_wconf 79' lang='lat' dir='ltr'>honorem</span> <span class='ocrx_word' id='word_1_8' title='bbox 938 499 1235 570; x_wconf 78' lang='lat' dir='ltr'>impertire</span> <span class='ocrx_word' id='word_1_9' title='bbox 1283 498 1581 571; x_wconf 78' lang='lat' dir='ltr'>apostolus</span> <span class='ocrx_word' id='word_1_10' title='bbox 1652 499 1858 554; x_wconf 81' lang='lat' dir='ltr'>Petrus</span> <span class='ocrx_word' id='word_1_11' title='bbox 1888 500 1941 565; x_wconf 83' lang='grc' dir='ltr'><strong>Α</strong></span> <span class='ocrx_word' id='word_1_12' title='bbox 1973 498 2277 571; x_wconf 88' lang='lat' dir='ltr'>diligenter</span> <span class='ocrx_word' id='word_1_13' title='bbox 2305 500 2594 568; x_wconf 82' lang='lat' dir='ltr'>intendas,</span> <span class='ocrx_word' id='word_1_14' title='bbox 2628 500 3063 572; x_wconf 84' lang='lat' dir='ltr'>Scripturarum</span> <span class='ocrx_word' id='word_1_15' title='bbox 3105 499 3449 555; x_wconf 84' lang='lat' dir='ltr'>auctoritate</span> <span class='ocrx_word' id='word_1_16' title='bbox 3504 500 3607 555; x_wconf 89' lang='lat' dir='ltr'>ab-</span> 
     </span>
    </p>
   </div>
   <div class='ocr_carea' id='block_1_5' title="bbox 221 588 1860 661">
    <p class='ocr_par' dir='ltr' id='par_1_5' title="bbox 221 588 1860 661">
     <span class='ocr_line' id='line_1_5' title="bbox 221 588 1860 661; baseline -0.001 -17"><span class='ocrx_word' id='word_1_17' title='bbox 221 588 474 661; x_wconf 71' lang='lat' dir='ltr'>przscipit</span> <span class='ocrx_word' id='word_1_18' title='bbox 502 588 729 645; x_wconf 76' lang='lat' dir='ltr'>dicens:</span> <span class='ocrx_word' id='word_1_19' title='bbox 786 589 907 644; x_wconf 80' lang='lat' dir='ltr'>Viri</span> <span class='ocrx_word' id='word_1_20' title='bbox 950 588 1209 643; x_wconf 79' lang='lat' dir='ltr'>similiter</span> <span class='ocrx_word' id='word_1_21' title='bbox 1258 588 1624 643; x_wconf 82' lang='lat' dir='ltr'>cohabitantes</span> <span class='ocrx_word' id='word_1_22' title='bbox 1668 605 1860 643; x_wconf 78' lang='lat' dir='ltr'>secun-</span> 
     </span>
    </p>
   </div>
   <div class='ocr_carea' id='block_1_6' title="bbox 219 676 1865 748">
    <p class='ocr_par' dir='ltr' id='par_1_6' title="bbox 219 676 1865 748">
     <span class='ocr_line' id='line_1_6' title="bbox 219 676 1865 748; baseline -0.001 -16"><span class='ocrx_word' id='word_1_23' title='bbox 219 677 344 733; x_wconf 88' lang='lat' dir='ltr'>dum</span> <span class='ocrx_word' id='word_1_24' title='bbox 398 679 687 734; x_wconf 72' lang='lat' dir='ltr'>scientiam</span> <span class='ocrx_word' id='word_1_25' title='bbox 740 681 1006 748; x_wconf 85' lang='lat' dir='ltr'>tanquam</span> <span class='ocrx_word' id='word_1_26' title='bbox 1064 676 1363 747; x_wconf 85' lang='lat' dir='ltr'>inﬁrmiori</span> <span class='ocrx_word' id='word_1_27' title='bbox 1420 679 1538 732; x_wconf 80' lang='lat' dir='ltr'>vasi</span> <span class='ocrx_word' id='word_1_28' title='bbox 1604 678 1865 732; x_wconf 86' lang='lat' dir='ltr'>muliebri</span> 
     </span>
    </p>
   </div>
   <div class='ocr_carea' id='block_1_7' title="bbox 218 765 1860 838">
    <p class='ocr_par' dir='ltr' id='par_1_7' title="bbox 218 765 1860 838">
     <span class='ocr_line' id='line_1_7' title="bbox 218 765 1860 838; baseline -0.001 -17"><span class='ocrx_word' id='word_1_29' title='bbox 218 768 588 838; x_wconf 77' lang='lat' dir='ltr'>impertientes</span> <span class='ocrx_word' id='word_1_30' title='bbox 617 767 895 833; x_wconf 85' lang='lat' dir='ltr'>honorem,</span> <span class='ocrx_word' id='word_1_31' title='bbox 928 774 1193 836; x_wconf 79' lang='lat' dir='ltr'>tanquam</span> <span class='ocrx_word' id='word_1_32' title='bbox 1221 765 1489 820; x_wconf 66' lang='lat' dir='ltr'>cohaeredi</span> <span class='ocrx_word' id='word_1_33' title='bbox 1530 767 1729 836; x_wconf 61' lang='lat' dir='ltr'>gratiae</span> <span class='ocrx_word' id='word_1_34' title='bbox 1779 766 1860 820; x_wconf 88' lang='lat' dir='ltr'>vi-</span> 
     </span>
    </p>
   </div>
   <div class='ocr_carea' id='block_1_8' title="bbox 216 854 1857 926">
    <p class='ocr_par' dir='ltr' id='par_1_8' title="bbox 216 854 1857 926">
     <span class='ocr_line' id='line_1_8' title="bbox 216 854 1857 926; baseline -0.002 -15"><span class='ocrx_word' id='word_1_35' title='bbox 216 863 316 916; x_wconf 73' lang='lat' dir='ltr'>tae;</span> <span class='ocrx_word' id='word_1_36' title='bbox 346 859 406 910; x_wconf 88' lang='lat' dir='ltr'>ut</span> <span class='ocrx_word' id='word_1_37' title='bbox 435 871 504 912; x_wconf 88' lang='lat' dir='ltr'>ne</span> <span class='ocrx_word' id='word_1_38' title='bbox 532 854 908 926; x_wconf 81' lang='lat' dir='ltr'>impediantur</span> <span class='ocrx_word' id='word_1_39' title='bbox 937 855 1210 910; x_wconf 85' lang='lat' dir='ltr'>orationes</span> <span class='ocrx_word' id='word_1_40' title='bbox 1226 858 1420 911; x_wconf 71' lang='lat' dir='ltr'>vestra:</span> <span class='ocrx_word' id='word_1_41' title='bbox 1450 854 1655 922; x_wconf 88' lang='lat' dir='ltr'>(lPetr.</span> <span class='ocrx_word' id='word_1_42' title='bbox 1684 854 1857 925; x_wconf 64' lang='lat'>111,7).</span> 
     </span>
    </p>
   </div>
   <div class='ocr_carea' id='block_1_9' title="bbox 279 941 1861 1016">
    <p class='ocr_par' dir='ltr' id='par_1_9' title="bbox 279 941 1861 1016">
     <span class='ocr_line' id='line_1_9' title="bbox 279 941 1861 1016; baseline 0 -18"><span class='ocrx_word' id='word_1_43' title='bbox 279 945 368 998; x_wconf 85' lang='lat'>25.</span> <span class='ocrx_word' id='word_1_44' title='bbox 392 944 538 1016; x_wconf 88' lang='lat' dir='ltr'>Ergo</span> <span class='ocrx_word' id='word_1_45' title='bbox 569 943 797 1014; x_wconf 89' lang='lat' dir='ltr'>positus</span> <span class='ocrx_word' id='word_1_46' title='bbox 845 946 935 998; x_wconf 86' lang='lat' dir='ltr'>est</span> <span class='ocrx_word' id='word_1_47' title='bbox 976 941 1035 997; x_wconf 91' lang='lat' dir='ltr'>in</span> <span class='ocrx_word' id='word_1_48' title='bbox 1091 941 1364 1013; x_wconf 86' lang='lat' dir='ltr'>paradiso</span> <span class='ocrx_word' id='word_1_49' title='bbox 1414 942 1518 1011; x_wconf 90' lang='lat' dir='ltr'>vir,</span> <span class='ocrx_word' id='word_1_50' title='bbox 1573 942 1726 997; x_wconf 84' lang='lat' dir='ltr'>facta</span> <span class='ocrx_word' id='word_1_51' title='bbox 1771 947 1861 998; x_wconf 89' lang='lat' dir='ltr'>est</span> 
     </span>
    </p>
   </div>
   <div class='ocr_carea' id='block_1_10' title="bbox 210 1030 1861 1103">
    <p class='ocr_par' dir='ltr' id='par_1_10' title="bbox 210 1030 1861 1103">
     <span class='ocr_line' id='line_1_10' title="bbox 210 1030 1861 1103; baseline 0.001 -18"><span class='ocrx_word' id='word_1_52' title='bbox 210 1030 269 1086; x_wconf 91' lang='lat' dir='ltr'>in</span> <span class='ocrx_word' id='word_1_53' title='bbox 300 1032 575 1103; x_wconf 82' lang='lat' dir='ltr'>paradiso</span> <span class='ocrx_word' id='word_1_54' title='bbox 606 1030 835 1087; x_wconf 86' lang='lat' dir='ltr'>mulier.</span> <span class='ocrx_word' id='word_1_55' title='bbox 869 1031 978 1086; x_wconf 85' lang='lat' dir='ltr'>Sed</span> <span class='ocrx_word' id='word_1_56' title='bbox 1031 1030 1206 1086; x_wconf 89' lang='lat' dir='ltr'>etiam</span> <span class='ocrx_word' id='word_1_57' title='bbox 1255 1035 1395 1086; x_wconf 92' lang='lat' dir='ltr'>tunc</span> <span class='ocrx_word' id='word_1_58' title='bbox 1442 1031 1787 1103; x_wconf 82' lang='lat' dir='ltr'>priusquam</span> <span class='ocrx_word' id='word_1_59' title='bbox 1827 1048 1861 1087; x_wconf 89' lang='lat' dir='ltr'>a</span> 
     </span>
    </p>
   </div>
   <div class='ocr_carea' id='block_1_11' title="bbox 211 1119 1858 1192">
    <p class='ocr_par' dir='ltr' id='par_1_11' title="bbox 211 1119 1858 1192">
     <span class='ocr_line' id='line_1_11' title="bbox 211 1119 1858 1192; baseline 0.001 -18"><span class='ocrx_word' id='word_1_60' title='bbox 211 1125 481 1192; x_wconf 81' lang='lat' dir='ltr'>serpente</span> <span class='ocrx_word' id='word_1_61' title='bbox 505 1119 716 1175; x_wconf 84' lang='lat' dir='ltr'>mulier</span> <span class='ocrx_word' id='word_1_62' title='bbox 743 1120 1131 1192; x_wconf 82' lang='lat' dir='ltr'>deciperetur,</span> <span class='ocrx_word' id='word_1_63' title='bbox 1164 1119 1373 1176; x_wconf 86' lang='lat' dir='ltr'>habuit</span> <span class='ocrx_word' id='word_1_64' title='bbox 1427 1120 1531 1174; x_wconf 82' lang='lat' dir='ltr'>viri</span> <span class='ocrx_word' id='word_1_65' title='bbox 1584 1121 1858 1192; x_wconf 81' lang='lat' dir='ltr'>gratiam,</span> 
     </span>
    </p>
   </div>
   <div class='ocr_carea' id='block_1_12' title="bbox 209 1207 1858 1279">
    <p class='ocr_par' dir='ltr' id='par_1_12' title="bbox 209 1207 1858 1279">
     <span class='ocr_line' id='line_1_12' title="bbox 209 1207 1858 1279; baseline 0 -16"><span class='ocrx_word' id='word_1_66' title='bbox 209 1207 491 1279; x_wconf 89' lang='lat' dir='ltr'>quoniam</span> <span class='ocrx_word' id='word_1_67' title='bbox 522 1209 594 1263; x_wconf 92' lang='lat' dir='ltr'>de</span> <span class='ocrx_word' id='word_1_68' title='bbox 622 1207 744 1263; x_wconf 89' lang='lat' dir='ltr'>viro</span> <span class='ocrx_word' id='word_1_69' title='bbox 778 1213 1015 1279; x_wconf 87' lang='lat' dir='ltr'>sumpta</span> <span class='ocrx_word' id='word_1_70' title='bbox 1045 1213 1167 1263; x_wconf 89' lang='lat' dir='ltr'>est:</span> <span class='ocrx_word' id='word_1_71' title='bbox 1198 1207 1336 1263; x_wconf 88' lang='lat' dir='ltr'>licet</span> <span class='ocrx_word' id='word_1_72' title='bbox 1364 1207 1473 1263; x_wconf 90' lang='lat' dir='ltr'>hoc</span> <span class='ocrx_word' id='word_1_73' title='bbox 1526 1225 1858 1264; x_wconf 86' lang='lat' dir='ltr'>sacramen-</span> 
     </span>
    </p>
   </div>
   <div class='ocr_carea' id='block_1_13' title="bbox 209 1295 1856 1368">
    <p class='ocr_par' dir='ltr' id='par_1_13' title="bbox 209 1295 1856 1368">
     <span class='ocr_line' id='line_1_13' title="bbox 209 1295 1856 1368; baseline 0.002 -18"><span class='ocrx_word' id='word_1_74' title='bbox 209 1301 337 1352; x_wconf 87' lang='lat' dir='ltr'>tum</span> <span class='ocrx_word' id='word_1_75' title='bbox 371 1313 654 1368; x_wconf 84' lang='lat' dir='ltr'>magnum</span> <span class='ocrx_word' id='word_1_76' title='bbox 687 1297 783 1362; x_wconf 88' lang='lat' dir='ltr'>sit,</span> <span class='ocrx_word' id='word_1_77' title='bbox 818 1297 973 1352; x_wconf 87' lang='lat' dir='ltr'>sicut</span> <span class='ocrx_word' id='word_1_78' title='bbox 1005 1296 1314 1367; x_wconf 85' lang='lat' dir='ltr'>Apostolus</span> <span class='ocrx_word' id='word_1_79' title='bbox 1349 1296 1495 1351; x_wconf 83' lang='lat' dir='ltr'>dixit</span> <span class='ocrx_word' id='word_1_80' title='bbox 1542 1295 1754 1367; x_wconf 82' lang='lat' dir='ltr'>(Ephes.</span> <span class='ocrx_word' id='word_1_81' title='bbox 1803 1315 1856 1364; x_wconf 91' lang='lat' dir='ltr'>v,</span> 
     </span>
    </p>
   </div>
   <div class='ocr_carea' id='block_1_14' title="bbox 205 1384 1860 1457">
    <p class='ocr_par' dir='ltr' id='par_1_14' title="bbox 205 1384 1860 1457">
     <span class='ocr_line' id='line_1_14' title="bbox 205 1384 1860 1457; baseline 0.001 -18"><span class='ocrx_word' id='word_1_82' title='bbox 205 1386 320 1450; x_wconf 77' lang='lat'>32).</span> <span class='ocrx_word' id='word_1_83' title='bbox 354 1386 427 1440; x_wconf 88' lang='lat' dir='ltr'>Et</span> <span class='ocrx_word' id='word_1_84' title='bbox 457 1385 585 1440; x_wconf 89' lang='lat' dir='ltr'>ideo</span> <span class='ocrx_word' id='word_1_85' title='bbox 616 1401 857 1440; x_wconf 85' lang='lat' dir='ltr'>causam</span> <span class='ocrx_word' id='word_1_86' title='bbox 889 1384 1015 1440; x_wconf 84' lang='lat' dir='ltr'>vitae</span> <span class='ocrx_word' id='word_1_87' title='bbox 1046 1401 1112 1440; x_wconf 82' lang='lat' dir='ltr'>ex</span> <span class='ocrx_word' id='word_1_88' title='bbox 1143 1401 1210 1441; x_wconf 91' lang='lat' dir='ltr'>eo</span> <span class='ocrx_word' id='word_1_89' title='bbox 1250 1385 1437 1441; x_wconf 81' lang='lat' dir='ltr'>traxit.</span> <span class='ocrx_word' id='word_1_90' title='bbox 1490 1385 1741 1457; x_wconf 89' lang='lat' dir='ltr'>Ideoque</span> <span class='ocrx_word' id='word_1_91' title='bbox 1790 1386 1860 1441; x_wconf 92' lang='lat' dir='ltr'>de</span> 
     </span>
    </p>
   </div>
   <div class='ocr_carea' id='block_1_15' title="bbox 202 1472 1860 1545">
    <p class='ocr_par' dir='ltr' id='par_1_15' title="bbox 202 1472 1860 1545">
     <span class='ocr_line' id='line_1_15' title="bbox 202 1472 1860 1545; baseline 0.001 -18"><span class='ocrx_word' id='word_1_92' title='bbox 202 1474 333 1528; x_wconf 91' lang='lat' dir='ltr'>viro</span> <span class='ocrx_word' id='word_1_93' title='bbox 365 1477 599 1529; x_wconf 86' lang='lat' dir='ltr'>tantum</span> <span class='ocrx_word' id='word_1_94' title='bbox 651 1473 950 1545; x_wconf 86' lang='lat' dir='ltr'>Scriptura</span> <span class='ocrx_word' id='word_1_95' title='bbox 995 1472 1162 1543; x_wconf 85' lang='lat' dir='ltr'>dixit,</span> <span class='ocrx_word' id='word_1_96' title='bbox 1207 1473 1345 1545; x_wconf 86' lang='lat' dir='ltr'>quia</span> <span class='ocrx_word' id='word_1_97' title='bbox 1397 1476 1582 1545; x_wconf 86' lang='lat' dir='ltr'>posuit</span> <span class='ocrx_word' id='word_1_98' title='bbox 1619 1491 1744 1529; x_wconf 89' lang='lat' dir='ltr'>eum</span> <span class='ocrx_word' id='word_1_99' title='bbox 1800 1477 1860 1529; x_wconf 85' lang='lat' dir='ltr'>in</span> 
     </span>
    </p>
   </div>
   <div class='ocr_carea' id='block_1_16' title="bbox 199 1560 1858 1635">
    <p class='ocr_par' dir='ltr' id='par_1_16' title="bbox 199 1560 1858 1635">
     <span class='ocr_line' id='line_1_16' title="bbox 199 1560 1858 1635; baseline 0 -18"><span class='ocrx_word' id='word_1_100' title='bbox 199 1560 470 1634; x_wconf 88' lang='lat' dir='ltr'>paradiso</span> <span class='ocrx_word' id='word_1_101' title='bbox 498 1563 722 1633; x_wconf 87' lang='lat' dir='ltr'>operari</span> <span class='ocrx_word' id='word_1_102' title='bbox 747 1570 799 1617; x_wconf 88' lang='lat' dir='ltr'>et</span> <span class='ocrx_word' id='word_1_103' title='bbox 824 1562 1113 1617; x_wconf 82' lang='lat' dir='ltr'>custodire.</span> <span class='ocrx_word' id='word_1_104' title='bbox 1162 1562 1285 1617; x_wconf 91' lang='lat' dir='ltr'>Non</span> <span class='ocrx_word' id='word_1_105' title='bbox 1326 1561 1478 1617; x_wconf 87' lang='lat' dir='ltr'>idem</span> <span class='ocrx_word' id='word_1_106' title='bbox 1530 1566 1587 1618; x_wconf 90' lang='lat' dir='ltr'>et</span> <span class='ocrx_word' id='word_1_107' title='bbox 1634 1562 1858 1635; x_wconf 88' lang='lat' dir='ltr'>operari</span> 
     </span>
    </p>
   </div>
   <div class='ocr_carea' id='block_1_17' title="bbox 204 1649 1860 1723">
    <p class='ocr_par' dir='ltr' id='par_1_17' title="bbox 204 1649 1860 1723">
     <span class='ocr_line' id='line_1_17' title="bbox 204 1649 1860 1723; baseline 0.001 -18"><span class='ocrx_word' id='word_1_108' title='bbox 204 1654 261 1705; x_wconf 90' lang='lat' dir='ltr'>et</span> <span class='ocrx_word' id='word_1_109' title='bbox 289 1650 611 1705; x_wconf 90' lang='lat' dir='ltr'>custodire.</span> <span class='ocrx_word' id='word_1_110' title='bbox 645 1649 706 1704; x_wconf 90' lang='lat' dir='ltr'>In</span> <span class='ocrx_word' id='word_1_111' title='bbox 742 1665 912 1721; x_wconf 90' lang='lat' dir='ltr'>opere</span> <span class='ocrx_word' id='word_1_112' title='bbox 954 1651 1111 1706; x_wconf 88' lang='lat' dir='ltr'>enim</span> <span class='ocrx_word' id='word_1_113' title='bbox 1156 1649 1394 1722; x_wconf 88' lang='lat' dir='ltr'>quidam</span> <span class='ocrx_word' id='word_1_114' title='bbox 1451 1651 1684 1706; x_wconf 88' lang='lat' dir='ltr'>virtutis</span> <span class='ocrx_word' id='word_1_115' title='bbox 1732 1669 1860 1723; x_wconf 89' lang='lat' dir='ltr'>pro-</span> 
     </span>
    </p>
   </div>
   <div class='ocr_carea' id='block_1_18' title="bbox 205 1737 1859 1812">
    <p class='ocr_par' dir='ltr' id='par_1_18' title="bbox 205 1737 1859 1812">
     <span class='ocr_line' id='line_1_18' title="bbox 205 1737 1859 1812; baseline 0.002 -19"><span class='ocrx_word' id='word_1_116' title='bbox 205 1754 414 1794; x_wconf 78' lang='lat' dir='ltr'>cessus</span> <span class='ocrx_word' id='word_1_117' title='bbox 442 1742 551 1804; x_wconf 89' lang='lat' dir='ltr'>est,</span> <span class='ocrx_word' id='word_1_118' title='bbox 587 1737 646 1793; x_wconf 91' lang='lat' dir='ltr'>in</span> <span class='ocrx_word' id='word_1_119' title='bbox 678 1738 944 1793; x_wconf 91' lang='lat' dir='ltr'>custodia</span> <span class='ocrx_word' id='word_1_120' title='bbox 978 1738 1245 1810; x_wconf 64' lang='lat' dir='ltr'>quaedam</span> <span class='ocrx_word' id='word_1_121' title='bbox 1275 1738 1700 1795; x_wconf 84' lang='lat' dir='ltr'>censummatio</span> <span class='ocrx_word' id='word_1_122' title='bbox 1722 1756 1859 1812; x_wconf 90' lang='lat' dir='ltr'>ope-</span> 
     </span>
    </p>
   </div>
   <div class='ocr_carea' id='block_1_19' title="bbox 205 1826 1936 1930">
    <p class='ocr_par' dir='ltr' id='par_1_19' title="bbox 205 1826 1936 1930">
     <span class='ocr_line' id='line_1_19' title="bbox 205 1826 1936 1930; baseline 0.002 -49"><span class='ocrx_word' id='word_1_123' title='bbox 205 1826 286 1882; x_wconf 90' lang='lat' dir='ltr'>ris</span> <span class='ocrx_word' id='word_1_124' title='bbox 332 1826 815 1899; x_wconf 85' lang='lat' dir='ltr'>deprehenditur;</span> <span class='ocrx_word' id='word_1_125' title='bbox 870 1844 936 1883; x_wconf 89' lang='lat' dir='ltr'>eo</span> <span class='ocrx_word' id='word_1_126' title='bbox 1003 1828 1159 1899; x_wconf 91' lang='lat' dir='ltr'>quod</span> <span class='ocrx_word' id='word_1_127' title='bbox 1210 1826 1379 1899; x_wconf 90' lang='lat' dir='ltr'>quasi</span> <span class='ocrx_word' id='word_1_128' title='bbox 1450 1835 1860 1884; x_wconf 83' lang='lat' dir='ltr'>consummata</span> <span class='ocrx_word' id='word_1_129' title='bbox 1891 1865 1936 1930; x_wconf 78' lang='grc' dir='ltr'><strong>Β</strong></span> 
     </span>
    </p>
   </div>
   <div class='ocr_carea' id='block_1_20' title="bbox 204 1915 1859 1988">
    <p class='ocr_par' dir='ltr' id='par_1_20' title="bbox 204 1915 1859 1988">
     <span class='ocr_line' id='line_1_20' title="bbox 204 1915 1859 1988; baseline 0.001 -17"><span class='ocrx_word' id='word_1_130' title='bbox 204 1915 520 1971; x_wconf 88' lang='lat' dir='ltr'>custodiat.</span> <span class='ocrx_word' id='word_1_131' title='bbox 554 1915 684 1971; x_wconf 82' lang='lat' dir='ltr'>Haec</span> <span class='ocrx_word' id='word_1_132' title='bbox 714 1915 830 1971; x_wconf 93' lang='lat' dir='ltr'>duo</span> <span class='ocrx_word' id='word_1_133' title='bbox 861 1916 932 1971; x_wconf 88' lang='lat' dir='ltr'>ab</span> <span class='ocrx_word' id='word_1_134' title='bbox 966 1915 1201 1971; x_wconf 89' lang='lat' dir='ltr'>homine</span> <span class='ocrx_word' id='word_1_135' title='bbox 1234 1917 1635 1988; x_wconf 89' lang='lat' dir='ltr'>requiruntur,</span> <span class='ocrx_word' id='word_1_136' title='bbox 1691 1922 1756 1972; x_wconf 89' lang='lat' dir='ltr'>ut</span> <span class='ocrx_word' id='word_1_137' title='bbox 1801 1922 1859 1974; x_wconf 90' lang='lat' dir='ltr'>et</span> 
     </span>
    </p>
   </div>
   <div class='ocr_carea' id='block_1_21' title="bbox 204 2003 1859 2077">
    <p class='ocr_par' dir='ltr' id='par_1_21' title="bbox 204 2003 1859 2077">
     <span class='ocr_line' id='line_1_21' title="bbox 204 2003 1859 2077; baseline 0.001 -18"><span class='ocrx_word' id='word_1_138' title='bbox 204 2003 483 2076; x_wconf 87' lang='lat' dir='ltr'>operibus</span> <span class='ocrx_word' id='word_1_139' title='bbox 517 2020 664 2061; x_wconf 88' lang='lat' dir='ltr'>nova</span> <span class='ocrx_word' id='word_1_140' title='bbox 692 2009 932 2076; x_wconf 64' lang='lat' dir='ltr'>quaerat,</span> <span class='ocrx_word' id='word_1_141' title='bbox 968 2010 1024 2060; x_wconf 88' lang='lat' dir='ltr'>et</span> <span class='ocrx_word' id='word_1_142' title='bbox 1052 2010 1221 2076; x_wconf 91' lang='lat' dir='ltr'>parta</span> <span class='ocrx_word' id='word_1_143' title='bbox 1250 2004 1558 2071; x_wconf 87' lang='lat' dir='ltr'>custodiat,</span> <span class='ocrx_word' id='word_1_144' title='bbox 1593 2006 1746 2077; x_wconf 92' lang='lat' dir='ltr'>quod</span> <span class='ocrx_word' id='word_1_145' title='bbox 1770 2010 1859 2061; x_wconf 91' lang='lat' dir='ltr'>est</span> 
     </span>
    </p>
   </div>
   <div class='ocr_carea' id='block_1_22' title="bbox 203 2090 1854 2165">
    <p class='ocr_par' dir='ltr' id='par_1_22' title="bbox 203 2090 1854 2165">
     <span class='ocr_line' id='line_1_22' title="bbox 203 2090 1854 2165; baseline 0.002 -18"><span class='ocrx_word' id='word_1_146' title='bbox 203 2091 496 2164; x_wconf 84' lang='lat' dir='ltr'>generale.</span> <span class='ocrx_word' id='word_1_147' title='bbox 529 2090 733 2148; x_wconf 91' lang='lat' dir='ltr'>Philon</span> <span class='ocrx_word' id='word_1_148' title='bbox 770 2097 986 2160; x_wconf 90' lang='lat' dir='ltr'>autem,</span> <span class='ocrx_word' id='word_1_149' title='bbox 1021 2093 1295 2165; x_wconf 89' lang='lat' dir='ltr'>quoniam</span> <span class='ocrx_word' id='word_1_150' title='bbox 1312 2093 1854 2165; x_wconf 84' lang='lat' dir='ltr'>spiritaliaJudaico</span> 
     </span>
    </p>
   </div>
   <div class='ocr_carea' id='block_1_23' title="bbox 206 2180 1852 2255">
    <p class='ocr_par' dir='ltr' id='par_1_23' title="bbox 206 2180 1852 2255">
     <span class='ocr_line' id='line_1_23' title="bbox 206 2180 1852 2255; baseline 0.001 -19"><span class='ocrx_word' id='word_1_151' title='bbox 206 2198 320 2237; x_wconf 91' lang='lat' dir='ltr'>non</span> <span class='ocrx_word' id='word_1_152' title='bbox 353 2180 621 2253; x_wconf 85' lang='lat' dir='ltr'>capiebat</span> <span class='ocrx_word' id='word_1_153' title='bbox 650 2181 882 2247; x_wconf 70' lang='lat' dir='ltr'>affectu,</span> <span class='ocrx_word' id='word_1_154' title='bbox 915 2181 1069 2236; x_wconf 88' lang='lat' dir='ltr'>intra</span> <span class='ocrx_word' id='word_1_155' title='bbox 1100 2181 1342 2237; x_wconf 88' lang='lat' dir='ltr'>moralia</span> <span class='ocrx_word' id='word_1_156' title='bbox 1372 2199 1433 2237; x_wconf 87' lang='lat' dir='ltr'>se</span> <span class='ocrx_word' id='word_1_157' title='bbox 1483 2184 1671 2238; x_wconf 87' lang='lat' dir='ltr'>tenuit</span> <span class='ocrx_word' id='word_1_158' title='bbox 1720 2184 1852 2255; x_wconf 88' lang='lat'>(23),</span> 
     </span>
    </p>
   </div>
   <div class='ocr_carea' id='block_1_24' title="bbox 206 2269 1856 2343">
    <p class='ocr_par' dir='ltr' id='par_1_24' title="bbox 206 2269 1856 2343">
     <span class='ocr_line' id='line_1_24' title="bbox 206 2269 1856 2343; baseline 0.002 -19"><span class='ocrx_word' id='word_1_159' title='bbox 206 2274 270 2325; x_wconf 90' lang='lat' dir='ltr'>ut</span> <span class='ocrx_word' id='word_1_160' title='bbox 299 2270 524 2326; x_wconf 86' lang='lat' dir='ltr'>diceret</span> <span class='ocrx_word' id='word_1_161' title='bbox 553 2269 673 2325; x_wconf 62' lang='lat' dir='ltr'>base</span> <span class='ocrx_word' id='word_1_162' title='bbox 693 2270 808 2325; x_wconf 94' lang='lat' dir='ltr'>duo</span> <span class='ocrx_word' id='word_1_163' title='bbox 840 2270 1231 2341; x_wconf 69' lang='lat' dir='ltr'>qumri,0pera</span> <span class='ocrx_word' id='word_1_164' title='bbox 1256 2271 1313 2324; x_wconf 90' lang='lat' dir='ltr'>in</span> <span class='ocrx_word' id='word_1_165' title='bbox 1332 2287 1494 2343; x_wconf 87' lang='lat' dir='ltr'>agro,</span> <span class='ocrx_word' id='word_1_166' title='bbox 1531 2272 1856 2327; x_wconf 87' lang='lat' dir='ltr'>custodiam</span> 
     </span>
    </p>
   </div>
   <div class='ocr_carea' id='block_1_25' title="bbox 206 2357 1856 2433">
    <p class='ocr_par' dir='ltr' id='par_1_25' title="bbox 206 2357 1856 2433">
     <span class='ocr_line' id='line_1_25' title="bbox 206 2357 1856 2433; baseline 0.002 -20"><span class='ocrx_word' id='word_1_167' title='bbox 206 2357 443 2414; x_wconf 85' lang='lat' dir='ltr'>domus.</span> <span class='ocrx_word' id='word_1_168' title='bbox 490 2359 560 2413; x_wconf 90' lang='lat' dir='ltr'>Et</span> <span class='ocrx_word' id='word_1_169' title='bbox 607 2357 875 2430; x_wconf 88' lang='lat' dir='ltr'>quamvis</span> <span class='ocrx_word' id='word_1_170' title='bbox 926 2359 1235 2430; x_wconf 86' lang='lat' dir='ltr'>paradisus</span> <span class='ocrx_word' id='word_1_171' title='bbox 1292 2359 1591 2431; x_wconf 84' lang='lat' dir='ltr'>operibus,</span> <span class='ocrx_word' id='word_1_172' title='bbox 1642 2361 1856 2433; x_wconf 91' lang='lat' dir='ltr'>inquit,</span> 
     </span>
    </p>
   </div>
   <div class='ocr_carea' id='block_1_26' title="bbox 206 2446 1857 2520">
    <p class='ocr_par' dir='ltr' id='par_1_26' title="bbox 206 2446 1857 2520">
     <span class='ocr_line' id='line_1_26' title="bbox 206 2446 1857 2520; baseline 0.001 -19"><span class='ocrx_word' id='word_1_173' title='bbox 206 2446 506 2503; x_wconf 89' lang='lat' dir='ltr'>ruralibus</span> <span class='ocrx_word' id='word_1_174' title='bbox 536 2464 651 2502; x_wconf 90' lang='lat' dir='ltr'>non</span> <span class='ocrx_word' id='word_1_175' title='bbox 683 2453 905 2519; x_wconf 85' lang='lat' dir='ltr'>egeret;</span> <span class='ocrx_word' id='word_1_176' title='bbox 931 2453 1125 2503; x_wconf 89' lang='lat' dir='ltr'>tamen</span> <span class='ocrx_word' id='word_1_177' title='bbox 1149 2448 1289 2519; x_wconf 87' lang='lat' dir='ltr'>quia</span> <span class='ocrx_word' id='word_1_178' title='bbox 1311 2448 1537 2520; x_wconf 89' lang='lat' dir='ltr'>primus</span> <span class='ocrx_word' id='word_1_179' title='bbox 1562 2448 1737 2504; x_wconf 88' lang='lat' dir='ltr'>homo</span> <span class='ocrx_word' id='word_1_180' title='bbox 1767 2449 1857 2504; x_wconf 84' lang='lat' dir='ltr'>lex</span> 
     </span>
    </p>
   </div>
   <div class='ocr_carea' id='block_1_27' title="bbox 208 2535 1855 2610">
    <p class='ocr_par' dir='ltr' id='par_1_27' title="bbox 208 2535 1855 2610">
     <span class='ocr_line' id='line_1_27' title="bbox 208 2535 1855 2610; baseline 0.001 -19"><span class='ocrx_word' id='word_1_181' title='bbox 208 2535 570 2607; x_wconf 84' lang='lat' dir='ltr'>posteritatis</span> <span class='ocrx_word' id='word_1_182' title='bbox 599 2535 833 2591; x_wconf 84' lang='lat' dir='ltr'>futurus</span> <span class='ocrx_word' id='word_1_183' title='bbox 863 2541 1003 2603; x_wconf 83' lang='lat' dir='ltr'>erat,</span> <span class='ocrx_word' id='word_1_184' title='bbox 1038 2536 1168 2591; x_wconf 89' lang='lat' dir='ltr'>ideo</span> <span class='ocrx_word' id='word_1_185' title='bbox 1198 2536 1440 2607; x_wconf 85' lang='lat' dir='ltr'>legitimi</span> <span class='ocrx_word' id='word_1_186' title='bbox 1462 2538 1637 2592; x_wconf 88' lang='lat' dir='ltr'>etiam</span> <span class='ocrx_word' id='word_1_187' title='bbox 1661 2538 1718 2591; x_wconf 92' lang='lat' dir='ltr'>in</span> <span class='ocrx_word' id='word_1_188' title='bbox 1757 2556 1855 2610; x_wconf 89' lang='lat' dir='ltr'>pa-</span> 
     </span>
    </p>
   </div>
   <div class='ocr_carea' id='block_1_28' title="bbox 205 2622 1856 2696">
    <p class='ocr_par' dir='ltr' id='par_1_28' title="bbox 205 2622 1856 2696">
     <span class='ocr_line' id='line_1_28' title="bbox 205 2622 1856 2696; baseline 0.002 -17"><span class='ocrx_word' id='word_1_189' title='bbox 205 2624 402 2680; x_wconf 87' lang='lat' dir='ltr'>radiso</span> <span class='ocrx_word' id='word_1_190' title='bbox 456 2624 712 2695; x_wconf 87' lang='lat' dir='ltr'>speciem</span> <span class='ocrx_word' id='word_1_191' title='bbox 758 2625 1014 2696; x_wconf 87' lang='lat' dir='ltr'>suscepit</span> <span class='ocrx_word' id='word_1_192' title='bbox 1062 2622 1279 2680; x_wconf 89' lang='lat' dir='ltr'>laboris</span> <span class='ocrx_word' id='word_1_193' title='bbox 1338 2626 1470 2696; x_wconf 70' lang='lat'>(24),</span> <span class='ocrx_word' id='word_1_194' title='bbox 1518 2632 1582 2681; x_wconf 91' lang='lat' dir='ltr'>ut</span> <span class='ocrx_word' id='word_1_195' title='bbox 1630 2644 1736 2682; x_wconf 91' lang='lat' dir='ltr'>nos</span> <span class='ocrx_word' id='word_1_196' title='bbox 1784 2629 1856 2681; x_wconf 86' lang='lat' dir='ltr'>ad</span> 
     </span>
    </p>
   </div>
   <div class='ocr_carea' id='block_1_29' title="bbox 201 2712 1855 2785">
    <p class='ocr_par' dir='ltr' id='par_1_29' title="bbox 201 2712 1855 2785">
     <span class='ocr_line' id='line_1_29' title="bbox 201 2712 1855 2785; baseline 0.001 -19"><span class='ocrx_word' id='word_1_197' title='bbox 201 2712 598 2783; x_wconf 85' lang='lat' dir='ltr'>operationem</span> <span class='ocrx_word' id='word_1_198' title='bbox 631 2717 687 2768; x_wconf 91' lang='lat' dir='ltr'>et</span> <span class='ocrx_word' id='word_1_199' title='bbox 716 2713 1043 2785; x_wconf 84' lang='lat' dir='ltr'>custodiam</span> <span class='ocrx_word' id='word_1_200' title='bbox 1075 2713 1255 2769; x_wconf 91' lang='lat' dir='ltr'>debiti</span> <span class='ocrx_word' id='word_1_201' title='bbox 1287 2714 1487 2780; x_wconf 74' lang='lat' dir='ltr'>ofﬁcii,</span> <span class='ocrx_word' id='word_1_202' title='bbox 1513 2720 1568 2770; x_wconf 90' lang='lat' dir='ltr'>et</span> <span class='ocrx_word' id='word_1_203' title='bbox 1606 2714 1855 2770; x_wconf 67' lang='lat' dir='ltr'>haaredi-</span> 
     </span>
    </p>
   </div>
   <div class='ocr_carea' id='block_1_30' title="bbox 200 2800 1856 2874">
    <p class='ocr_par' dir='ltr' id='par_1_30' title="bbox 200 2800 1856 2874">
     <span class='ocr_line' id='line_1_30' title="bbox 200 2800 1856 2874; baseline 0.002 -19"><span class='ocrx_word' id='word_1_204' title='bbox 200 2800 357 2856; x_wconf 69' lang='lat' dir='ltr'>tariae</span> <span class='ocrx_word' id='word_1_205' title='bbox 413 2801 807 2857; x_wconf 88' lang='lat' dir='ltr'>successionis</span> <span class='ocrx_word' id='word_1_206' title='bbox 856 2819 1075 2857; x_wconf 88' lang='lat' dir='ltr'>munus</span> <span class='ocrx_word' id='word_1_207' title='bbox 1130 2802 1495 2874; x_wconf 76' lang='lat' dir='ltr'>astringeret.</span> <span class='ocrx_word' id='word_1_208' title='bbox 1549 2803 1678 2859; x_wconf 58' lang='lat' dir='ltr'>Hac</span> <span class='ocrx_word' id='word_1_209' title='bbox 1740 2804 1856 2859; x_wconf 91' lang='lat' dir='ltr'>duo</span> 
     </span>
    </p>
   </div>
   <div class='ocr_carea' id='block_1_31' title="bbox 205 2889 1852 2963">
    <p class='ocr_par' dir='ltr' id='par_1_31' title="bbox 205 2889 1852 2963">
     <span class='ocr_line' id='line_1_31' title="bbox 205 2889 1852 2963; baseline 0.002 -19"><span class='ocrx_word' id='word_1_210' title='bbox 205 2907 336 2963; x_wconf 90' lang='lat' dir='ltr'>ergo</span> <span class='ocrx_word' id='word_1_211' title='bbox 368 2895 487 2946; x_wconf 87' lang='lat' dir='ltr'>ate</span> <span class='ocrx_word' id='word_1_212' title='bbox 518 2890 835 2963; x_wconf 88' lang='lat' dir='ltr'>exiguntur</span> <span class='ocrx_word' id='word_1_213' title='bbox 864 2890 983 2946; x_wconf 86' lang='lat' dir='ltr'>sive</span> <span class='ocrx_word' id='word_1_214' title='bbox 1015 2889 1329 2957; x_wconf 67' lang='lat' dir='ltr'>moraliter,</span> <span class='ocrx_word' id='word_1_215' title='bbox 1354 2891 1474 2947; x_wconf 86' lang='lat' dir='ltr'>sive</span> <span class='ocrx_word' id='word_1_216' title='bbox 1495 2891 1852 2963; x_wconf 86' lang='lat' dir='ltr'>spiritaliter.</span> 
     </span>
    </p>
   </div>
   <div class='ocr_carea' id='block_1_32' title="bbox 202 2978 1856 3052">
    <p class='ocr_par' dir='ltr' id='par_1_32' title="bbox 202 2978 1856 3052">
     <span class='ocr_line' id='line_1_32' title="bbox 202 2978 1856 3052; baseline 0.002 -19"><span class='ocrx_word' id='word_1_217' title='bbox 202 2979 361 3045; x_wconf 87' lang='lat' dir='ltr'>Quod</span> <span class='ocrx_word' id='word_1_218' title='bbox 418 2979 596 3034; x_wconf 88' lang='lat' dir='ltr'>etiam</span> <span class='ocrx_word' id='word_1_219' title='bbox 648 2979 909 3050; x_wconf 87' lang='lat' dir='ltr'>psalmus</span> <span class='ocrx_word' id='word_1_220' title='bbox 940 2984 995 3034; x_wconf 90' lang='lat' dir='ltr'>te</span> <span class='ocrx_word' id='word_1_221' title='bbox 1051 2978 1426 3051; x_wconf 85' lang='lat' dir='ltr'>propheticus</span> <span class='ocrx_word' id='word_1_222' title='bbox 1477 2980 1662 3045; x_wconf 89' lang='lat' dir='ltr'>docet,</span> <span class='ocrx_word' id='word_1_223' title='bbox 1718 2981 1856 3052; x_wconf 89' lang='lat' dir='ltr'>quia</span> 
     </span>
    </p>
   </div>
   <div class='ocr_carea' id='block_1_33' title="bbox 201 3067 1851 3139">
    <p class='ocr_par' dir='ltr' id='par_1_33' title="bbox 201 3067 1851 3139">
     <span class='ocr_line' id='line_1_33' title="bbox 201 3067 1851 3139; baseline 0.002 -19"><span class='ocrx_word' id='word_1_224' title='bbox 201 3068 490 3139; x_wconf 87' lang='lat' dir='ltr'>scriptum</span> <span class='ocrx_word' id='word_1_225' title='bbox 549 3070 668 3122; x_wconf 91' lang='lat' dir='ltr'>est:</span> <span class='ocrx_word' id='word_1_226' title='bbox 713 3068 835 3122; x_wconf 84' lang='lat' dir='ltr'>Nisi</span> <span class='ocrx_word' id='word_1_227' title='bbox 889 3067 1151 3122; x_wconf 80' lang='lat' dir='ltr'>Dominus</span> <span class='ocrx_word' id='word_1_228' title='bbox 1206 3068 1558 3137; x_wconf 65' lang='lat' dir='ltr'>wdiﬁcaverit</span> <span class='ocrx_word' id='word_1_229' title='bbox 1611 3069 1851 3137; x_wconf 84' lang='lat' dir='ltr'>domum,</span> 
     </span>
    </p>
   </div>
   <div class='ocr_carea' id='block_1_34' title="bbox 203 3155 1857 3227">
    <p class='ocr_par' dir='ltr' id='par_1_34' title="bbox 203 3155 1857 3227">
     <span class='ocr_line' id='line_1_34' title="bbox 203 3155 1857 3227; baseline 0.001 -16"><span class='ocrx_word' id='word_1_230' title='bbox 203 3157 263 3211; x_wconf 88' lang='lat' dir='ltr'>in</span> <span class='ocrx_word' id='word_1_231' title='bbox 318 3172 526 3211; x_wconf 72' lang='lat' dir='ltr'>cavum</span> <span class='ocrx_word' id='word_1_232' title='bbox 583 3155 974 3210; x_wconf 83' lang='lat' dir='ltr'>laboraverunt</span> <span class='ocrx_word' id='word_1_233' title='bbox 1037 3158 1133 3227; x_wconf 86' lang='lat' dir='ltr'>qui</span> <span class='ocrx_word' id='word_1_234' title='bbox 1187 3156 1458 3225; x_wconf 73' lang='lat' dir='ltr'>aediﬁcant</span> <span class='ocrx_word' id='word_1_235' title='bbox 1519 3173 1658 3212; x_wconf 89' lang='lat' dir='ltr'>eam.</span> <span class='ocrx_word' id='word_1_236' title='bbox 1736 3159 1857 3213; x_wconf 80' lang='lat' dir='ltr'>Nisi</span> 
     </span>
    </p>
   </div>
   <div class='ocr_carea' id='block_1_35' title="bbox 204 3224 1928 3317">
    <p class='ocr_par' dir='ltr' id='par_1_35' title="bbox 204 3224 1928 3317">
     <span class='ocr_line' id='line_1_35' title="bbox 204 3224 1928 3317; baseline 0.001 -17"><span class='ocrx_word' id='word_1_237' title='bbox 204 3245 469 3300; x_wconf 86' lang='lat' dir='ltr'>Dominus</span> <span class='ocrx_word' id='word_1_238' title='bbox 526 3245 842 3300; x_wconf 82' lang='lat' dir='ltr'>custodierit</span> <span class='ocrx_word' id='word_1_239' title='bbox 898 3224 1194 3313; x_wconf 79' lang='lat' dir='ltr'>civitatem,</span> <span class='ocrx_word' id='word_1_240' title='bbox 1246 3224 1307 3300; x_wconf 82' lang='lat' dir='ltr'>in</span> <span class='ocrx_word' id='word_1_241' title='bbox 1366 3263 1571 3300; x_wconf 78' lang='lat' dir='ltr'>vanum</span> <span class='ocrx_word' id='word_1_242' title='bbox 1622 3248 1856 3317; x_wconf 85' lang='lat' dir='ltr'>vigilant</span> <span class='ocrx_word' id='word_1_243' title='bbox 1886 3224 1928 3289; x_wconf 61' lang='grc' dir='ltr'><strong>(ἶ</strong></span> 
     </span>
    </p>
   </div>
   <div class='ocr_carea' id='block_1_36' title="bbox 207 3332 1861 3406">
    <p class='ocr_par' dir='ltr' id='par_1_36' title="bbox 207 3332 1861 3406">
     <span class='ocr_line' id='line_1_36' title="bbox 207 3332 1861 3406; baseline 0.002 -17"><span class='ocrx_word' id='word_1_244' title='bbox 207 3336 301 3404; x_wconf 84' lang='lat' dir='ltr'>qui</span> <span class='ocrx_word' id='word_1_245' title='bbox 344 3332 663 3389; x_wconf 84' lang='lat' dir='ltr'>custodiunt</span> <span class='ocrx_word' id='word_1_246' title='bbox 715 3349 856 3389; x_wconf 91' lang='lat' dir='ltr'>eam.</span> <span class='ocrx_word' id='word_1_247' title='bbox 917 3334 1306 3405; x_wconf 72' lang='lat' dir='ltr'>(Psal.cxxv1,</span> <span class='ocrx_word' id='word_1_248' title='bbox 1366 3335 1444 3406; x_wconf 78' lang='lat' dir='ltr'>l.)</span> <span class='ocrx_word' id='word_1_249' title='bbox 1503 3335 1675 3390; x_wconf 79' lang='lat' dir='ltr'>Vides</span> <span class='ocrx_word' id='word_1_250' title='bbox 1729 3334 1861 3391; x_wconf 92' lang='lat' dir='ltr'>illos</span> 
     </span>
    </p>
   </div>
   <div class='ocr_carea' id='block_1_37' title="bbox 206 3420 1860 3495">
    <p class='ocr_par' dir='ltr' id='par_1_37' title="bbox 206 3420 1860 3495">
     <span class='ocr_line' id='line_1_37' title="bbox 206 3420 1860 3495; baseline 0.001 -18"><span class='ocrx_word' id='word_1_251' title='bbox 206 3420 479 3479; x_wconf 84' lang='lat' dir='ltr'>laborare</span> <span class='ocrx_word' id='word_1_252' title='bbox 511 3422 611 3493; x_wconf 89' lang='lat' dir='ltr'>qui</span> <span class='ocrx_word' id='word_1_253' title='bbox 642 3421 702 3477; x_wconf 92' lang='lat' dir='ltr'>in</span> <span class='ocrx_word' id='word_1_254' title='bbox 733 3421 926 3494; x_wconf 88' lang='lat' dir='ltr'>cperis</span> <span class='ocrx_word' id='word_1_255' title='bbox 968 3427 1109 3478; x_wconf 90' lang='lat' dir='ltr'>sunt</span> <span class='ocrx_word' id='word_1_256' title='bbox 1157 3422 1678 3495; x_wconf 64' lang='lat' dir='ltr'>aediﬁcationisque</span> <span class='ocrx_word' id='word_1_257' title='bbox 1728 3441 1860 3495; x_wconf 89' lang='lat' dir='ltr'>pro-</span> 
     </span>
    </p>
   </div>
   <div class='ocr_carea' id='block_1_38' title="bbox 217 3509 1861 3585">
    <p class='ocr_par' dir='ltr' id='par_1_38' title="bbox 217 3509 1861 3585">
     <span class='ocr_line' id='line_1_38' title="bbox 217 3509 1861 3585; baseline 0.002 -19"><span class='ocrx_word' id='word_1_258' title='bbox 217 3526 422 3579; x_wconf 83' lang='lat' dir='ltr'>cessu;</span> <span class='ocrx_word' id='word_1_259' title='bbox 454 3509 600 3567; x_wconf 90' lang='lat' dir='ltr'>istos</span> <span class='ocrx_word' id='word_1_260' title='bbox 620 3527 751 3566; x_wconf 91' lang='lat' dir='ltr'>vero</span> <span class='ocrx_word' id='word_1_261' title='bbox 780 3509 1018 3583; x_wconf 86' lang='lat' dir='ltr'>vigilare</span> <span class='ocrx_word' id='word_1_262' title='bbox 1046 3511 1147 3583; x_wconf 90' lang='lat' dir='ltr'>qui</span> <span class='ocrx_word' id='word_1_263' title='bbox 1179 3512 1306 3582; x_wconf 85' lang='lat' dir='ltr'>jam</span> <span class='ocrx_word' id='word_1_264' title='bbox 1358 3513 1683 3568; x_wconf 82' lang='lat' dir='ltr'>custodiam</span> <span class='ocrx_word' id='word_1_265' title='bbox 1732 3530 1861 3585; x_wconf 83' lang='lat' dir='ltr'>per-</span> 
     </span>
    </p>
   </div>
   <div class='ocr_carea' id='block_1_39' title="bbox 216 3598 1865 3673">
    <p class='ocr_par' dir='ltr' id='par_1_39' title="bbox 216 3598 1865 3673">
     <span class='ocr_line' id='line_1_39' title="bbox 216 3598 1865 3673; baseline 0.003 -20"><span class='ocrx_word' id='word_1_266' title='bbox 216 3598 350 3654; x_wconf 82' lang='lat' dir='ltr'>fecti</span> <span class='ocrx_word' id='word_1_267' title='bbox 381 3599 579 3673; x_wconf 82' lang='lat' dir='ltr'>aperis</span> <span class='ocrx_word' id='word_1_268' title='bbox 606 3605 970 3672; x_wconf 87' lang='lat' dir='ltr'>receperunt.</span> <span class='ocrx_word' id='word_1_269' title='bbox 1004 3599 1168 3656; x_wconf 87' lang='lat' dir='ltr'>Unde</span> <span class='ocrx_word' id='word_1_270' title='bbox 1194 3605 1252 3656; x_wconf 88' lang='lat' dir='ltr'>et</span> <span class='ocrx_word' id='word_1_271' title='bbox 1284 3600 1568 3656; x_wconf 86' lang='lat' dir='ltr'>Dominus</span> <span class='ocrx_word' id='word_1_272' title='bbox 1585 3602 1865 3673; x_wconf 89' lang='lat' dir='ltr'>apostolis</span> 
     </span>
    </p>
   </div>
   <div class='ocr_carea' id='block_1_40' title="bbox 218 3687 1866 3761">
    <p class='ocr_par' dir='ltr' id='par_1_40' title="bbox 218 3687 1866 3761">
     <span class='ocr_line' id='line_1_40' title="bbox 218 3687 1866 3761; baseline 0.002 -18"><span class='ocrx_word' id='word_1_273' title='bbox 218 3688 386 3759; x_wconf 89' lang='lat' dir='ltr'>quasi</span> <span class='ocrx_word' id='word_1_274' title='bbox 411 3689 542 3760; x_wconf 89' lang='lat' dir='ltr'>jam</span> <span class='ocrx_word' id='word_1_275' title='bbox 573 3687 1013 3760; x_wconf 84' lang='lat' dir='ltr'>perfectioribus</span> <span class='ocrx_word' id='word_1_276' title='bbox 1068 3689 1210 3757; x_wconf 85' lang='lat'>(25):</span> <span class='ocrx_word' id='word_1_277' title='bbox 1250 3690 1497 3760; x_wconf 85' lang='lat' dir='ltr'>Vigilate,</span> <span class='ocrx_word' id='word_1_278' title='bbox 1558 3688 1768 3761; x_wconf 89' lang='lat' dir='ltr'>inquit,</span> <span class='ocrx_word' id='word_1_279' title='bbox 1813 3695 1866 3748; x_wconf 87' lang='lat' dir='ltr'>et</span> 
     </span>
    </p>
   </div>
   <div class='ocr_carea' id='block_1_41' title="bbox 211 3778 1859 3851">
    <p class='ocr_par' dir='ltr' id='par_1_41' title="bbox 211 3778 1859 3851">
     <span class='ocr_line' id='line_1_41' title="bbox 211 3778 1859 3851; baseline 0.003 -20"><span class='ocrx_word' id='word_1_280' title='bbox 211 3786 383 3845; x_wconf 88' lang='lat' dir='ltr'>orate,</span> <span class='ocrx_word' id='word_1_281' title='bbox 418 3792 489 3833; x_wconf 87' lang='lat' dir='ltr'>ne</span> <span class='ocrx_word' id='word_1_282' title='bbox 515 3778 730 3834; x_wconf 80' lang='lat' dir='ltr'>intretis</span> <span class='ocrx_word' id='word_1_283' title='bbox 760 3779 820 3831; x_wconf 88' lang='lat' dir='ltr'>in</span> <span class='ocrx_word' id='word_1_284' title='bbox 861 3779 1214 3833; x_wconf 84' lang='lat' dir='ltr'>tentationem</span> <span class='ocrx_word' id='word_1_285' title='bbox 1262 3778 1468 3847; x_wconf 79' lang='lat' dir='ltr'>(Matth.</span> <span class='ocrx_word' id='word_1_286' title='bbox 1527 3796 1678 3846; x_wconf 72' lang='lat' dir='ltr'>xxvr,</span> <span class='ocrx_word' id='word_1_287' title='bbox 1739 3781 1859 3851; x_wconf 74' lang='lat' dir='ltr'>4i):</span> 
     </span>
    </p>
   </div>
   <div class='ocr_carea' id='block_1_42' title="bbox 207 3865 1863 3939">
    <p class='ocr_par' dir='ltr' id='par_1_42' title="bbox 207 3865 1863 3939">
     <span class='ocr_line' id='line_1_42' title="bbox 207 3865 1863 3939; baseline 0.003 -21"><span class='ocrx_word' id='word_1_288' title='bbox 207 3865 424 3922; x_wconf 88' lang='lat' dir='ltr'>docens</span> <span class='ocrx_word' id='word_1_289' title='bbox 459 3865 723 3938; x_wconf 77' lang='lat' dir='ltr'>perfectas</span> <span class='ocrx_word' id='word_1_290' title='bbox 746 3869 972 3921; x_wconf 68' lang='lat' dir='ltr'>natura:</span> <span class='ocrx_word' id='word_1_291' title='bbox 1007 3883 1224 3922; x_wconf 90' lang='lat' dir='ltr'>munus</span> <span class='ocrx_word' id='word_1_292' title='bbox 1258 3867 1393 3938; x_wconf 73' lang='lat'>(26),</span> <span class='ocrx_word' id='word_1_293' title='bbox 1424 3872 1483 3922; x_wconf 90' lang='lat' dir='ltr'>et</span> <span class='ocrx_word' id='word_1_294' title='bbox 1524 3866 1705 3939; x_wconf 60' lang='lat' dir='ltr'>plena</span> <span class='ocrx_word' id='word_1_295' title='bbox 1751 3868 1863 3923; x_wconf 90' lang='lat' dir='ltr'>vir-</span> 
     </span>
    </p>
   </div>
   <div class='ocr_carea' id='block_1_43' title="bbox 201 3954 1863 4027">
    <p class='ocr_par' dir='ltr' id='par_1_43' title="bbox 201 3954 1863 4027">
     <span class='ocr_line' id='line_1_43' title="bbox 201 3954 1863 4027; baseline 0.002 -20"><span class='ocrx_word' id='word_1_296' title='bbox 201 3954 344 4010; x_wconf 86' lang='lat' dir='ltr'>tutis</span> <span class='ocrx_word' id='word_1_297' title='bbox 376 3954 629 4027; x_wconf 84' lang='lat' dir='ltr'>gratiam</span> <span class='ocrx_word' id='word_1_298' title='bbox 649 3970 778 4010; x_wconf 87' lang='lat' dir='ltr'>esse</span> <span class='ocrx_word' id='word_1_299' title='bbox 791 3954 1160 4020; x_wconf 88' lang='lat' dir='ltr'>servandam,</span> <span class='ocrx_word' id='word_1_300' title='bbox 1189 3971 1294 4010; x_wconf 91' lang='lat' dir='ltr'>nec</span> <span class='ocrx_word' id='word_1_301' title='bbox 1317 3971 1671 4027; x_wconf 87' lang='lat' dir='ltr'>quemquam</span> <span class='ocrx_word' id='word_1_302' title='bbox 1687 3956 1863 4011; x_wconf 89' lang='lat' dir='ltr'>etiam</span> 
     </span>
    </p>
   </div>
   <div class='ocr_carea' id='block_1_44' title="bbox 199 4041 1865 4115">
    <p class='ocr_par' dir='ltr' id='par_1_44' title="bbox 199 4041 1865 4115">
     <span class='ocr_line' id='line_1_44' title="bbox 199 4041 1865 4115; baseline 0.003 -20"><span class='ocrx_word' id='word_1_303' title='bbox 199 4042 611 4112; x_wconf 81' lang='lat' dir='ltr'>perfectiorem</span> <span class='ocrx_word' id='word_1_304' title='bbox 648 4042 764 4097; x_wconf 90' lang='lat' dir='ltr'>nisi</span> <span class='ocrx_word' id='word_1_305' title='bbox 797 4041 1141 4115; x_wconf 86' lang='lat' dir='ltr'>vigilaverit,</span> <span class='ocrx_word' id='word_1_306' title='bbox 1189 4042 1280 4097; x_wconf 92' lang='lat' dir='ltr'>sui</span> <span class='ocrx_word' id='word_1_307' title='bbox 1329 4043 1538 4099; x_wconf 90' lang='lat' dir='ltr'>debere</span> <span class='ocrx_word' id='word_1_308' title='bbox 1593 4060 1720 4100; x_wconf 89' lang='lat' dir='ltr'>esse</span> <span class='ocrx_word' id='word_1_309' title='bbox 1779 4061 1865 4100; x_wconf 90' lang='lat' dir='ltr'>se-</span> 
     </span>
    </p>
   </div>
   <div class='ocr_carea' id='block_1_45' title="bbox 205 4145 446 4186">
    <p class='ocr_par' dir='ltr' id='par_1_45' title="bbox 205 4145 446 4186">
     <span class='ocr_line' id='line_1_45' title="bbox 205 4145 446 4186; baseline 0.004 -2"><span class='ocrx_word' id='word_1_310' title='bbox 205 4145 446 4186; x_wconf 88' lang='lat' dir='ltr'>curum.</span> 
     </span>
    </p>
   </div>
   <div class='ocr_carea' id='block_1_46' title="bbox 879 4239 1215 4296">
    <p class='ocr_par' dir='ltr' id='par_1_46' title="bbox 879 4239 1215 4296">
     <span class='ocr_line' id='line_1_46' title="bbox 879 4239 1215 4296; baseline 0 -2"><span class='ocrx_word' id='word_1_311' title='bbox 879 4239 1108 4296; x_wconf 87' lang='lat' dir='ltr'>CAPUT</span> <span class='ocrx_word' id='word_1_312' title='bbox 1148 4242 1215 4294; x_wconf 83' lang='lat' dir='ltr'>V.</span> 
     </span>
    </p>
   </div>
   <div class='ocr_carea' id='block_1_47' title="bbox 210 4324 1869 4401">
    <p class='ocr_par' dir='ltr' id='par_1_47' title="bbox 210 4324 1869 4401">
     <span class='ocr_line' id='line_1_47' title="bbox 210 4324 1869 4401; baseline 0.003 -22"><span class='ocrx_word' id='word_1_313' title='bbox 210 4324 591 4401; x_wconf 71' lang='lat' dir='ltr'>Examinatuij</span> <span class='ocrx_word' id='word_1_314' title='bbox 621 4335 982 4401; x_wconf 65' lang='lat' dir='ltr'>praeceptum</span> <span class='ocrx_word' id='word_1_315' title='bbox 1035 4327 1102 4382; x_wconf 84' lang='lat' dir='ltr'>de</span> <span class='ocrx_word' id='word_1_316' title='bbox 1153 4344 1265 4383; x_wconf 87' lang='lat' dir='ltr'>non</span> <span class='ocrx_word' id='word_1_317' title='bbox 1318 4327 1518 4401; x_wconf 83' lang='lat' dir='ltr'>edendo</span> <span class='ocrx_word' id='word_1_318' title='bbox 1561 4328 1625 4383; x_wconf 90' lang='lat' dir='ltr'>de</span> <span class='ocrx_word' id='word_1_319' title='bbox 1708 4329 1869 4401; x_wconf 86' lang='lat' dir='ltr'>ligno</span> 
     </span>
    </p>
   </div>
   <div class='ocr_carea' id='block_1_48' title="bbox 279 4397 1869 4473">
    <p class='ocr_par' dir='ltr' id='par_1_48' title="bbox 279 4397 1869 4473">
     <span class='ocr_line' id='line_1_48' title="bbox 279 4397 1869 4473; baseline 0.003 -23"><span class='ocrx_word' id='word_1_320' title='bbox 279 4397 540 4473; x_wconf 56' lang='lat' dir='ltr'>scientia</span> <span class='ocrx_word' id='word_1_321' title='bbox 571 4397 698 4473; x_wconf 74' lang='lat' dir='ltr'>boni</span> <span class='ocrx_word' id='word_1_322' title='bbox 726 4405 777 4473; x_wconf 80' lang='lat' dir='ltr'>et</span> <span class='ocrx_word' id='word_1_323' title='bbox 802 4399 963 4465; x_wconf 88' lang='lat' dir='ltr'>mali,</span> <span class='ocrx_word' id='word_1_324' title='bbox 1000 4402 1051 4453; x_wconf 87' lang='lat' dir='ltr'>et</span> <span class='ocrx_word' id='word_1_325' title='bbox 1100 4401 1246 4455; x_wconf 87' lang='lat' dir='ltr'>circa</span> <span class='ocrx_word' id='word_1_326' title='bbox 1298 4399 1355 4454; x_wconf 87' lang='lat' dir='ltr'>id</span> <span class='ocrx_word' id='word_1_327' title='bbox 1383 4408 1712 4471; x_wconf 82' lang='lat' dir='ltr'>emergentes</span> <span class='ocrx_word' id='word_1_328' title='bbox 1752 4397 1869 4473; x_wconf 64' lang='lat' dir='ltr'>&#39;dif-</span> 
     </span>
    </p>
   </div>
   <div class='ocr_carea' id='block_1_49' title="bbox 281 4466 962 4537">
    <p class='ocr_par' dir='ltr' id='par_1_49' title="bbox 281 4466 962 4537">
     <span class='ocr_line' id='line_1_49' title="bbox 281 4466 962 4537; baseline 0.003 -15"><span class='ocrx_word' id='word_1_329' title='bbox 281 4466 555 4537; x_wconf 78' lang='lat' dir='ltr'>ﬁcultates</span> <span class='ocrx_word' id='word_1_330' title='bbox 574 4468 962 4524; x_wconf 87' lang='lat' dir='ltr'>dissolvuntur.</span> 
     </span>
    </p>
   </div>
   <div class='ocr_carea' id='block_1_50' title="bbox 1973 587 3612 659">
    <p class='ocr_par' dir='ltr' id='par_1_50' title="bbox 1973 587 3612 659">
     <span class='ocr_line' id='line_1_50' title="bbox 1973 587 3612 659; baseline 0 -17"><span class='ocrx_word' id='word_1_331' title='bbox 1973 587 2113 642; x_wconf 91' lang='lat' dir='ltr'>solvi</span> <span class='ocrx_word' id='word_1_332' title='bbox 2146 592 2357 659; x_wconf 87' lang='lat' dir='ltr'>potest.</span> <span class='ocrx_word' id='word_1_333' title='bbox 2374 589 2535 655; x_wconf 86' lang='lat' dir='ltr'>Quod</span> <span class='ocrx_word' id='word_1_334' title='bbox 2553 590 2706 644; x_wconf 89' lang='lat' dir='ltr'>enim</span> <span class='ocrx_word' id='word_1_335' title='bbox 2730 590 2974 658; x_wconf 87' lang='lat' dir='ltr'>bonum,</span> <span class='ocrx_word' id='word_1_336' title='bbox 2999 590 3108 645; x_wconf 90' lang='lat' dir='ltr'>hoc</span> <span class='ocrx_word' id='word_1_337' title='bbox 3129 594 3219 644; x_wconf 89' lang='lat' dir='ltr'>est</span> <span class='ocrx_word' id='word_1_338' title='bbox 3241 588 3612 644; x_wconf 89' lang='lat' dir='ltr'>faciendum:</span> 
     </span>
    </p>
   </div>
   <div class='ocr_carea' id='block_1_51' title="bbox 1971 677 3616 747">
    <p class='ocr_par' dir='ltr' id='par_1_51' title="bbox 1971 677 3616 747">
     <span class='ocr_line' id='line_1_51' title="bbox 1971 677 3616 747; baseline 0.001 -17"><span class='ocrx_word' id='word_1_339' title='bbox 1971 677 2125 747; x_wconf 91' lang='lat' dir='ltr'>quod</span> <span class='ocrx_word' id='word_1_340' title='bbox 2161 681 2355 732; x_wconf 86' lang='lat' dir='ltr'>autem</span> <span class='ocrx_word' id='word_1_341' title='bbox 2403 677 2623 732; x_wconf 89' lang='lat' dir='ltr'>bonum</span> <span class='ocrx_word' id='word_1_342' title='bbox 2667 682 2723 733; x_wconf 90' lang='lat' dir='ltr'>et</span> <span class='ocrx_word' id='word_1_343' title='bbox 2767 678 3121 743; x_wconf 89' lang='lat' dir='ltr'>faciendum,</span> <span class='ocrx_word' id='word_1_344' title='bbox 3181 694 3509 733; x_wconf 90' lang='lat' dir='ltr'>consonans</span> <span class='ocrx_word' id='word_1_345' title='bbox 3560 680 3616 731; x_wconf 90' lang='lat' dir='ltr'>et</span> 
     </span>
    </p>
   </div>
   <div class='ocr_carea' id='block_1_52' title="bbox 1972 763 3614 837">
    <p class='ocr_par' dir='ltr' id='par_1_52' title="bbox 1972 763 3614 837">
     <span class='ocr_line' id='line_1_52' title="bbox 1972 763 3614 837; baseline 0.001 -20"><span class='ocrx_word' id='word_1_346' title='bbox 1972 763 2307 820; x_wconf 69' lang='lat' dir='ltr'>adhaerens:</span> <span class='ocrx_word' id='word_1_347' title='bbox 2345 766 2497 836; x_wconf 90' lang='lat' dir='ltr'>quod</span> <span class='ocrx_word' id='word_1_348' title='bbox 2530 782 2661 820; x_wconf 90' lang='lat' dir='ltr'>vero</span> <span class='ocrx_word' id='word_1_349' title='bbox 2697 770 2886 837; x_wconf 88' lang='lat' dir='ltr'>turpe,</span> <span class='ocrx_word' id='word_1_350' title='bbox 2920 767 3029 821; x_wconf 85' lang='lat' dir='ltr'>hoc</span> <span class='ocrx_word' id='word_1_351' title='bbox 3078 766 3227 822; x_wconf 79' lang='lat' dir='ltr'>I55</span> <span class='ocrx_word' id='word_1_352' title='bbox 3275 765 3614 832; x_wconf 88' lang='lat' dir='ltr'>dissonans,</span> 
     </span>
    </p>
   </div>
   <div class='ocr_carea' id='block_1_53' title="bbox 1970 852 3615 925">
    <p class='ocr_par' dir='ltr' id='par_1_53' title="bbox 1970 852 3615 925">
     <span class='ocr_line' id='line_1_53' title="bbox 1970 852 3615 925; baseline 0.001 -20"><span class='ocrx_word' id='word_1_353' title='bbox 1970 852 2449 925; x_wconf 89' lang='lat' dir='ltr'>incompositum,</span> <span class='ocrx_word' id='word_1_354' title='bbox 2481 859 2654 925; x_wconf 91' lang='lat' dir='ltr'>atque</span> <span class='ocrx_word' id='word_1_355' title='bbox 2686 854 3004 910; x_wconf 89' lang='lat' dir='ltr'>discretum</span> <span class='ocrx_word' id='word_1_356' title='bbox 3036 859 3142 910; x_wconf 90' lang='lat' dir='ltr'>est.</span> <span class='ocrx_word' id='word_1_357' title='bbox 3168 858 3233 908; x_wconf 89' lang='lat' dir='ltr'>Et</span> <span class='ocrx_word' id='word_1_358' title='bbox 3253 854 3381 910; x_wconf 91' lang='lat' dir='ltr'>ideo</span> <span class='ocrx_word' id='word_1_359' title='bbox 3420 852 3615 909; x_wconf 89' lang='lat' dir='ltr'>Domi-</span> 
     </span>
    </p>
   </div>
   <div class='ocr_carea' id='block_1_54' title="bbox 1970 942 3612 1014">
    <p class='ocr_par' dir='ltr' id='par_1_54' title="bbox 1970 942 3612 1014">
     <span class='ocr_line' id='line_1_54' title="bbox 1970 942 3612 1014; baseline 0.001 -19"><span class='ocrx_word' id='word_1_360' title='bbox 1970 958 2082 996; x_wconf 90' lang='lat' dir='ltr'>nus</span> <span class='ocrx_word' id='word_1_361' title='bbox 2118 942 2398 997; x_wconf 89' lang='lat' dir='ltr'>unitatem</span> <span class='ocrx_word' id='word_1_362' title='bbox 2431 943 3012 1014; x_wconf 86' lang='lat' dir='ltr'>semperintendens,</span> <span class='ocrx_word' id='word_1_363' title='bbox 3044 943 3369 998; x_wconf 88' lang='lat' dir='ltr'>secundum</span> <span class='ocrx_word' id='word_1_364' title='bbox 3417 942 3612 997; x_wconf 87' lang='lat' dir='ltr'>unita-</span> 
     </span>
    </p>
   </div>
   <div class='ocr_carea' id='block_1_55' title="bbox 1968 1030 3617 1104">
    <p class='ocr_par' dir='ltr' id='par_1_55' title="bbox 1968 1030 3617 1104">
     <span class='ocr_line' id='line_1_55' title="bbox 1968 1030 3617 1104; baseline 0.001 -21"><span class='ocrx_word' id='word_1_365' title='bbox 1968 1033 2085 1084; x_wconf 85' lang='lat' dir='ltr'>tem</span> <span class='ocrx_word' id='word_1_366' title='bbox 2120 1031 2408 1103; x_wconf 73' lang='lat' dir='ltr'>prmcepit.</span> <span class='ocrx_word' id='word_1_367' title='bbox 2440 1032 2703 1104; x_wconf 85' lang='lat' dir='ltr'>Denique</span> <span class='ocrx_word' id='word_1_368' title='bbox 2738 1032 3017 1087; x_wconf 90' lang='lat' dir='ltr'>unitatem</span> <span class='ocrx_word' id='word_1_369' title='bbox 3041 1036 3334 1103; x_wconf 85' lang='lat' dir='ltr'>operatur,</span> <span class='ocrx_word' id='word_1_370' title='bbox 3360 1030 3461 1102; x_wconf 90' lang='lat' dir='ltr'>qui</span> <span class='ocrx_word' id='word_1_371' title='bbox 3484 1030 3617 1085; x_wconf 85' lang='lat' dir='ltr'>fecit</span> 
     </span>
    </p>
   </div>
   <div class='ocr_carea' id='block_1_56' title="bbox 1969 1119 3615 1192">
    <p class='ocr_par' dir='ltr' id='par_1_56' title="bbox 1969 1119 3615 1192">
     <span class='ocr_line' id='line_1_56' title="bbox 1969 1119 3615 1192; baseline 0.002 -21"><span class='ocrx_word' id='word_1_372' title='bbox 1969 1123 2218 1190; x_wconf 88' lang='lat' dir='ltr'>utraque</span> <span class='ocrx_word' id='word_1_373' title='bbox 2251 1136 2455 1175; x_wconf 90' lang='lat' dir='ltr'>unum.</span> <span class='ocrx_word' id='word_1_374' title='bbox 2489 1121 2603 1176; x_wconf 83' lang='lat' dir='ltr'>Nec</span> <span class='ocrx_word' id='word_1_375' title='bbox 2630 1120 2821 1176; x_wconf 90' lang='lat' dir='ltr'>solum</span> <span class='ocrx_word' id='word_1_376' title='bbox 2856 1124 3121 1192; x_wconf 86' lang='lat' dir='ltr'>utraque,</span> <span class='ocrx_word' id='word_1_377' title='bbox 3151 1120 3250 1174; x_wconf 89' lang='lat' dir='ltr'>sed</span> <span class='ocrx_word' id='word_1_378' title='bbox 3282 1119 3457 1174; x_wconf 87' lang='lat' dir='ltr'>etiam</span> <span class='ocrx_word' id='word_1_379' title='bbox 3489 1136 3615 1174; x_wconf 93' lang='lat' dir='ltr'>om-</span> 
     </span>
    </p>
   </div>
   <div class='ocr_carea' id='block_1_57' title="bbox 1970 1208 3613 1280">
    <p class='ocr_par' dir='ltr' id='par_1_57' title="bbox 1970 1208 3613 1280">
     <span class='ocr_line' id='line_1_57' title="bbox 1970 1208 3613 1280; baseline 0.001 -20"><span class='ocrx_word' id='word_1_380' title='bbox 1970 1223 2073 1261; x_wconf 87' lang='lat' dir='ltr'>nes</span> <span class='ocrx_word' id='word_1_381' title='bbox 2108 1225 2310 1263; x_wconf 89' lang='lat' dir='ltr'>unum.</span> <span class='ocrx_word' id='word_1_382' title='bbox 2345 1208 2561 1264; x_wconf 88' lang='lat' dir='ltr'>Omnes</span> <span class='ocrx_word' id='word_1_383' title='bbox 2591 1209 2748 1263; x_wconf 88' lang='lat' dir='ltr'>enim</span> <span class='ocrx_word' id='word_1_384' title='bbox 2794 1226 2979 1263; x_wconf 88' lang='lat' dir='ltr'>unum</span> <span class='ocrx_word' id='word_1_385' title='bbox 3030 1225 3262 1280; x_wconf 89' lang='lat' dir='ltr'>corpus,</span> <span class='ocrx_word' id='word_1_386' title='bbox 3314 1211 3372 1263; x_wconf 90' lang='lat' dir='ltr'>et</span> <span class='ocrx_word' id='word_1_387' title='bbox 3427 1224 3613 1263; x_wconf 89' lang='lat' dir='ltr'>unum</span> 
     </span>
    </p>
   </div>
   <div class='ocr_carea' id='block_1_58' title="bbox 1969 1295 3612 1368">
    <p class='ocr_par' dir='ltr' id='par_1_58' title="bbox 1969 1295 3612 1368">
     <span class='ocr_line' id='line_1_58' title="bbox 1969 1295 3612 1368; baseline 0.001 -19"><span class='ocrx_word' id='word_1_388' title='bbox 1969 1295 2241 1365; x_wconf 88' lang='lat' dir='ltr'>spiritum</span> <span class='ocrx_word' id='word_1_389' title='bbox 2263 1314 2390 1352; x_wconf 90' lang='lat' dir='ltr'>esse</span> <span class='ocrx_word' id='word_1_390' title='bbox 2421 1314 2524 1352; x_wconf 91' lang='lat' dir='ltr'>nos</span> <span class='ocrx_word' id='word_1_391' title='bbox 2547 1299 2749 1368; x_wconf 85' lang='lat' dir='ltr'>jussit.</span> <span class='ocrx_word' id='word_1_392' title='bbox 2784 1297 2888 1352; x_wconf 88' lang='lat' dir='ltr'>Per</span> <span class='ocrx_word' id='word_1_393' title='bbox 2919 1296 3117 1355; x_wconf 85' lang='lat' dir='ltr'>omnia</span> <span class='ocrx_word' id='word_1_394' title='bbox 3147 1300 3344 1351; x_wconf 90' lang='lat' dir='ltr'>autem</span> <span class='ocrx_word' id='word_1_395' title='bbox 3395 1295 3612 1368; x_wconf 88' lang='lat' dir='ltr'>primo-</span> 
     </span>
    </p>
   </div>
   <div class='ocr_carea' id='block_1_59' title="bbox 1968 1384 3615 1456">
    <p class='ocr_par' dir='ltr' id='par_1_59' title="bbox 1968 1384 3615 1456">
     <span class='ocr_line' id='line_1_59' title="bbox 1968 1384 3615 1456; baseline 0.001 -19"><span class='ocrx_word' id='word_1_396' title='bbox 1968 1384 2222 1456; x_wconf 90' lang='lat' dir='ltr'>genitus,</span> <span class='ocrx_word' id='word_1_397' title='bbox 2257 1401 2391 1440; x_wconf 90' lang='lat' dir='ltr'>eum</span> <span class='ocrx_word' id='word_1_398' title='bbox 2419 1386 2497 1440; x_wconf 89' lang='lat' dir='ltr'>sit</span> <span class='ocrx_word' id='word_1_399' title='bbox 2521 1387 2578 1439; x_wconf 88' lang='lat' dir='ltr'>in</span> <span class='ocrx_word' id='word_1_400' title='bbox 2611 1386 2832 1441; x_wconf 88' lang='lat' dir='ltr'>unitate</span> <span class='ocrx_word' id='word_1_401' title='bbox 2864 1403 2997 1440; x_wconf 90' lang='lat' dir='ltr'>cum</span> <span class='ocrx_word' id='word_1_402' title='bbox 3033 1386 3220 1451; x_wconf 89' lang='lat' dir='ltr'>Patre,</span> <span class='ocrx_word' id='word_1_403' title='bbox 3263 1384 3615 1456; x_wconf 89' lang='lat' dir='ltr'>conjunctis-</span> 
     </span>
    </p>
   </div>
   <div class='ocr_carea' id='block_1_60' title="bbox 1970 1472 3612 1546">
    <p class='ocr_par' dir='ltr' id='par_1_60' title="bbox 1970 1472 3612 1546">
     <span class='ocr_line' id='line_1_60' title="bbox 1970 1472 3612 1546; baseline 0.001 -20"><span class='ocrx_word' id='word_1_404' title='bbox 1970 1472 2158 1527; x_wconf 90' lang='lat' dir='ltr'>simus</span> <span class='ocrx_word' id='word_1_405' title='bbox 2189 1473 2344 1528; x_wconf 87' lang='lat' dir='ltr'>Patri</span> <span class='ocrx_word' id='word_1_406' title='bbox 2380 1491 2610 1546; x_wconf 87' lang='lat' dir='ltr'>semper</span> <span class='ocrx_word' id='word_1_407' title='bbox 2641 1479 2757 1530; x_wconf 91' lang='lat' dir='ltr'>est:</span> <span class='ocrx_word' id='word_1_408' title='bbox 2800 1474 2938 1546; x_wconf 87' lang='lat' dir='ltr'>quia</span> <span class='ocrx_word' id='word_1_409' title='bbox 2984 1474 3240 1529; x_wconf 86' lang='lat' dir='ltr'>Verbum</span> <span class='ocrx_word' id='word_1_410' title='bbox 3285 1477 3409 1529; x_wconf 88' lang='lat' dir='ltr'>erat</span> <span class='ocrx_word' id='word_1_411' title='bbox 3456 1472 3612 1544; x_wconf 90' lang='lat' dir='ltr'>apud</span> 
     </span>
    </p>
   </div>
   <div class='ocr_carea' id='block_1_61' title="bbox 1968 1560 3609 1634">
    <p class='ocr_par' dir='ltr' id='par_1_61' title="bbox 1968 1560 3609 1634">
     <span class='ocr_line' id='line_1_61' title="bbox 1968 1560 3609 1634; baseline 0 -19"><span class='ocrx_word' id='word_1_412' title='bbox 1968 1560 2174 1616; x_wconf 91' lang='lat' dir='ltr'>Deum.</span> <span class='ocrx_word' id='word_1_413' title='bbox 2210 1562 2471 1634; x_wconf 88' lang='lat' dir='ltr'>Denique</span> <span class='ocrx_word' id='word_1_414' title='bbox 2501 1563 2608 1618; x_wconf 88' lang='lat' dir='ltr'>ait:</span> <span class='ocrx_word' id='word_1_415' title='bbox 2641 1566 2751 1632; x_wconf 88' lang='lat' dir='ltr'>Ego</span> <span class='ocrx_word' id='word_1_416' title='bbox 2782 1571 2833 1619; x_wconf 90' lang='lat' dir='ltr'>et</span> <span class='ocrx_word' id='word_1_417' title='bbox 2856 1564 3019 1619; x_wconf 85' lang='lat' dir='ltr'>Pater</span> <span class='ocrx_word' id='word_1_418' title='bbox 3035 1579 3207 1617; x_wconf 77' lang='lat' dir='ltr'>unum</span> <span class='ocrx_word' id='word_1_419' title='bbox 3226 1561 3609 1633; x_wconf 82' lang='lat' dir='ltr'>sumus(Joan.</span> 
     </span>
    </p>
   </div>
   <div class='ocr_carea' id='block_1_62' title="bbox 1968 1649 3614 1722">
    <p class='ocr_par' dir='ltr' id='par_1_62' title="bbox 1968 1649 3614 1722">
     <span class='ocr_line' id='line_1_62' title="bbox 1968 1649 3614 1722; baseline 0.001 -19"><span class='ocrx_word' id='word_1_420' title='bbox 1968 1667 2022 1715; x_wconf 85' lang='lat' dir='ltr'>x,</span> <span class='ocrx_word' id='word_1_421' title='bbox 2050 1652 2174 1719; x_wconf 87' lang='lat'>30);</span> <span class='ocrx_word' id='word_1_422' title='bbox 2212 1654 2276 1705; x_wconf 92' lang='lat' dir='ltr'>ut</span> <span class='ocrx_word' id='word_1_423' title='bbox 2318 1651 2603 1707; x_wconf 89' lang='lat' dir='ltr'>unitatem</span> <span class='ocrx_word' id='word_1_424' title='bbox 2646 1652 2759 1707; x_wconf 90' lang='lat' dir='ltr'>sibi</span> <span class='ocrx_word' id='word_1_425' title='bbox 2811 1650 3135 1722; x_wconf 85' lang='lat' dir='ltr'>majestatis</span> <span class='ocrx_word' id='word_1_426' title='bbox 3183 1654 3239 1705; x_wconf 89' lang='lat' dir='ltr'>et</span> <span class='ocrx_word' id='word_1_427' title='bbox 3293 1649 3614 1704; x_wconf 86' lang='lat' dir='ltr'>divinitatis</span> 
     </span>
    </p>
   </div>
   <div class='ocr_carea' id='block_1_63' title="bbox 1967 1739 3614 1796">
    <p class='ocr_par' dir='ltr' id='par_1_63' title="bbox 1967 1739 3614 1796">
     <span class='ocr_line' id='line_1_63' title="bbox 1967 1739 3614 1796; baseline 0 -3"><span class='ocrx_word' id='word_1_428' title='bbox 1967 1755 2102 1793; x_wconf 91' lang='lat' dir='ltr'>cum</span> <span class='ocrx_word' id='word_1_429' title='bbox 2137 1739 2301 1795; x_wconf 86' lang='lat' dir='ltr'>Patre</span> <span class='ocrx_word' id='word_1_430' title='bbox 2328 1756 2456 1796; x_wconf 88' lang='lat' dir='ltr'>esse</span> <span class='ocrx_word' id='word_1_431' title='bbox 2487 1744 2856 1796; x_wconf 88' lang='lat' dir='ltr'>monstraret.</span> <span class='ocrx_word' id='word_1_432' title='bbox 2891 1740 3004 1795; x_wconf 90' lang='lat' dir='ltr'>Sed</span> <span class='ocrx_word' id='word_1_433' title='bbox 3038 1744 3094 1795; x_wconf 91' lang='lat' dir='ltr'>et</span> <span class='ocrx_word' id='word_1_434' title='bbox 3124 1756 3231 1795; x_wconf 91' lang='lat' dir='ltr'>nos</span> <span class='ocrx_word' id='word_1_435' title='bbox 3264 1755 3447 1794; x_wconf 89' lang='lat' dir='ltr'>unum</span> <span class='ocrx_word' id='word_1_436' title='bbox 3486 1754 3614 1794; x_wconf 90' lang='lat' dir='ltr'>esse</span> 
     </span>
    </p>
   </div>
   <div class='ocr_carea' id='block_1_64' title="bbox 1969 1826 3607 1901">
    <p class='ocr_par' dir='ltr' id='par_1_64' title="bbox 1969 1826 3607 1901">
     <span class='ocr_line' id='line_1_64' title="bbox 1969 1826 3607 1901; baseline 0 -19"><span class='ocrx_word' id='word_1_437' title='bbox 1969 1827 2250 1899; x_wconf 67' lang='lat' dir='ltr'>praecipit,</span> <span class='ocrx_word' id='word_1_438' title='bbox 2285 1832 2343 1883; x_wconf 89' lang='lat' dir='ltr'>et</span> <span class='ocrx_word' id='word_1_439' title='bbox 2360 1846 2478 1884; x_wconf 59' lang='lat' dir='ltr'>sua}</span> <span class='ocrx_word' id='word_1_440' title='bbox 2501 1835 2719 1884; x_wconf 65' lang='lat' dir='ltr'>naturae</span> <span class='ocrx_word' id='word_1_441' title='bbox 2745 1829 3104 1901; x_wconf 89' lang='lat' dir='ltr'>unitatisque</span> <span class='ocrx_word' id='word_1_442' title='bbox 3155 1826 3607 1883; x_wconf 90' lang='lat' dir='ltr'>similitudinem</span> 
     </span>
    </p>
   </div>
   <div class='ocr_carea' id='block_1_65' title="bbox 1970 1916 3610 1989">
    <p class='ocr_par' dir='ltr' id='par_1_65' title="bbox 1970 1916 3610 1989">
     <span class='ocr_line' id='line_1_65' title="bbox 1970 1916 3610 1989; baseline 0.001 -19"><span class='ocrx_word' id='word_1_443' title='bbox 1970 1918 2027 1971; x_wconf 88' lang='lat' dir='ltr'>in</span> <span class='ocrx_word' id='word_1_444' title='bbox 2070 1934 2177 1972; x_wconf 89' lang='lat' dir='ltr'>nos</span> <span class='ocrx_word' id='word_1_445' title='bbox 2220 1916 2418 1989; x_wconf 66' lang='lat' dir='ltr'>gratim</span> <span class='ocrx_word' id='word_1_446' title='bbox 2466 1918 2773 1989; x_wconf 89' lang='lat' dir='ltr'>adoptione</span> <span class='ocrx_word' id='word_1_447' title='bbox 2792 1917 3113 1972; x_wconf 78' lang='lat' dir='ltr'>transfudit</span> <span class='ocrx_word' id='word_1_448' title='bbox 3162 1916 3387 1974; x_wconf 82' lang='lat' dir='ltr'>dicens:</span> <span class='ocrx_word' id='word_1_449' title='bbox 3424 1919 3610 1985; x_wconf 86' lang='lat' dir='ltr'>Pater,</span> 
     </span>
    </p>
   </div>
   <div class='ocr_carea' id='block_1_66' title="bbox 1965 2006 3614 2075">
    <p class='ocr_par' dir='ltr' id='par_1_66' title="bbox 1965 2006 3614 2075">
     <span class='ocr_line' id='line_1_66' title="bbox 1965 2006 3614 2075; baseline -0.001 -14"><span class='ocrx_word' id='word_1_450' title='bbox 1965 2007 2100 2061; x_wconf 82' lang='lat' dir='ltr'>sicut</span> <span class='ocrx_word' id='word_1_451' title='bbox 2132 2022 2224 2075; x_wconf 85' lang='lat' dir='ltr'>ego</span> <span class='ocrx_word' id='word_1_452' title='bbox 2253 2016 2303 2061; x_wconf 80' lang='lat' dir='ltr'>et</span> <span class='ocrx_word' id='word_1_453' title='bbox 2332 2011 2391 2061; x_wconf 87' lang='lat' dir='ltr'>tu</span> <span class='ocrx_word' id='word_1_454' title='bbox 2422 2024 2595 2061; x_wconf 84' lang='lat' dir='ltr'>unum</span> <span class='ocrx_word' id='word_1_455' title='bbox 2624 2023 2832 2073; x_wconf 86' lang='lat' dir='ltr'>sumus,</span> <span class='ocrx_word' id='word_1_456' title='bbox 2877 2009 2952 2061; x_wconf 88' lang='lat' dir='ltr'>ita</span> <span class='ocrx_word' id='word_1_457' title='bbox 3001 2015 3051 2061; x_wconf 86' lang='lat' dir='ltr'>et</span> <span class='ocrx_word' id='word_1_458' title='bbox 3100 2008 3192 2061; x_wconf 85' lang='lat' dir='ltr'>isti</span> <span class='ocrx_word' id='word_1_459' title='bbox 3239 2006 3395 2061; x_wconf 89' lang='lat' dir='ltr'>nobis</span> <span class='ocrx_word' id='word_1_460' title='bbox 3437 2021 3614 2061; x_wconf 88' lang='lat' dir='ltr'>unum</span> 
     </span>
    </p>
   </div>
   <div class='ocr_carea' id='block_1_67' title="bbox 1965 2093 3609 2167">
    <p class='ocr_par' dir='ltr' id='par_1_67' title="bbox 1965 2093 3609 2167">
     <span class='ocr_line' id='line_1_67' title="bbox 1965 2093 3609 2167; baseline -0.001 -18"><span class='ocrx_word' id='word_1_461' title='bbox 1965 2097 2075 2150; x_wconf 84' lang='lat' dir='ltr'>sint</span> <span class='ocrx_word' id='word_1_462' title='bbox 2124 2096 2310 2166; x_wconf 83' lang='lat' dir='ltr'>(Joun.</span> <span class='ocrx_word' id='word_1_463' title='bbox 2375 2111 2511 2161; x_wconf 79' lang='lat' dir='ltr'>xvu,</span> <span class='ocrx_word' id='word_1_464' title='bbox 2543 2098 2658 2167; x_wconf 83' lang='lat'>22).</span> <span class='ocrx_word' id='word_1_465' title='bbox 2722 2095 2866 2167; x_wconf 86' lang='lat' dir='ltr'>Ergo</span> <span class='ocrx_word' id='word_1_466' title='bbox 2901 2095 2997 2149; x_wconf 92' lang='lat' dir='ltr'>ubi</span> <span class='ocrx_word' id='word_1_467' title='bbox 3056 2095 3277 2150; x_wconf 90' lang='lat' dir='ltr'>bonum</span> <span class='ocrx_word' id='word_1_468' title='bbox 3324 2093 3609 2165; x_wconf 80' lang='lat' dir='ltr'>praecipit,</span> 
     </span>
    </p>
   </div>
   <div class='ocr_carea' id='block_1_68' title="bbox 1968 2181 3611 2255">
    <p class='ocr_par' dir='ltr' id='par_1_68' title="bbox 1968 2181 3611 2255">
     <span class='ocr_line' id='line_1_68' title="bbox 1968 2181 3611 2255; baseline -0.001 -17"><span class='ocrx_word' id='word_1_469' title='bbox 1968 2190 2247 2255; x_wconf 83' lang='lat' dir='ltr'>tanquam</span> <span class='ocrx_word' id='word_1_470' title='bbox 2281 2184 2352 2238; x_wconf 89' lang='lat' dir='ltr'>ad</span> <span class='ocrx_word' id='word_1_471' title='bbox 2387 2200 2572 2239; x_wconf 91' lang='lat' dir='ltr'>unum</span> <span class='ocrx_word' id='word_1_472' title='bbox 2614 2183 2877 2255; x_wconf 57' lang='lat' dir='ltr'>praecipit</span> <span class='ocrx_word' id='word_1_473' title='bbox 2921 2183 3140 2250; x_wconf 89' lang='lat' dir='ltr'>dicens,</span> <span class='ocrx_word' id='word_1_474' title='bbox 3200 2182 3354 2238; x_wconf 86' lang='lat' dir='ltr'>Edes.</span> <span class='ocrx_word' id='word_1_475' title='bbox 3408 2181 3611 2237; x_wconf 88' lang='lat' dir='ltr'>Unitas</span> 
     </span>
    </p>
   </div>
   <div class='ocr_carea' id='block_1_69' title="bbox 1967 2268 3610 2343">
    <p class='ocr_par' dir='ltr' id='par_1_69' title="bbox 1967 2268 3610 2343">
     <span class='ocr_line' id='line_1_69' title="bbox 1967 2268 3610 2343; baseline -0.002 -16"><span class='ocrx_word' id='word_1_476' title='bbox 1967 2273 2122 2327; x_wconf 89' lang='lat' dir='ltr'>enim</span> <span class='ocrx_word' id='word_1_477' title='bbox 2183 2271 2540 2343; x_wconf 64' lang='lat' dir='ltr'>prmvaricari</span> <span class='ocrx_word' id='word_1_478' title='bbox 2598 2290 2711 2326; x_wconf 90' lang='lat' dir='ltr'>non</span> <span class='ocrx_word' id='word_1_479' title='bbox 2746 2276 2954 2343; x_wconf 90' lang='lat' dir='ltr'>potest.</span> <span class='ocrx_word' id='word_1_480' title='bbox 2988 2271 3095 2326; x_wconf 90' lang='lat' dir='ltr'>Ubi</span> <span class='ocrx_word' id='word_1_481' title='bbox 3150 2288 3284 2326; x_wconf 90' lang='lat' dir='ltr'>vero</span> <span class='ocrx_word' id='word_1_482' title='bbox 3335 2271 3406 2325; x_wconf 92' lang='lat' dir='ltr'>de</span> <span class='ocrx_word' id='word_1_483' title='bbox 3450 2268 3610 2339; x_wconf 81' lang='lat' dir='ltr'>ligno</span> 
     </span>
    </p>
   </div>
   <div class='ocr_carea' id='block_1_70' title="bbox 1969 2358 3607 2431">
    <p class='ocr_par' dir='ltr' id='par_1_70' title="bbox 1969 2358 3607 2431">
     <span class='ocr_line' id='line_1_70' title="bbox 1969 2358 3607 2431; baseline -0.002 -16"><span class='ocrx_word' id='word_1_484' title='bbox 1969 2360 2221 2416; x_wconf 63' lang='lat' dir='ltr'>scientiae</span> <span class='ocrx_word' id='word_1_485' title='bbox 2254 2361 2389 2415; x_wconf 84' lang='lat' dir='ltr'>boni</span> <span class='ocrx_word' id='word_1_486' title='bbox 2422 2366 2478 2415; x_wconf 89' lang='lat' dir='ltr'>et</span> <span class='ocrx_word' id='word_1_487' title='bbox 2510 2360 2670 2426; x_wconf 85' lang='lat' dir='ltr'>mali,</span> <span class='ocrx_word' id='word_1_488' title='bbox 2719 2360 2858 2415; x_wconf 89' lang='lat' dir='ltr'>dicit</span> <span class='ocrx_word' id='word_1_489' title='bbox 2890 2377 3004 2415; x_wconf 89' lang='lat' dir='ltr'>non</span> <span class='ocrx_word' id='word_1_490' title='bbox 3054 2375 3185 2414; x_wconf 87' lang='lat' dir='ltr'>esse</span> <span class='ocrx_word' id='word_1_491' title='bbox 3223 2358 3607 2431; x_wconf 88' lang='lat' dir='ltr'>gustandum,</span> 
     </span>
    </p>
   </div>
   <div class='ocr_carea' id='block_1_71' title="bbox 1969 2447 3600 2520">
    <p class='ocr_par' dir='ltr' id='par_1_71' title="bbox 1969 2447 3600 2520">
     <span class='ocr_line' id='line_1_71' title="bbox 1969 2447 3600 2520; baseline -0.001 -17"><span class='ocrx_word' id='word_1_492' title='bbox 1969 2449 2136 2519; x_wconf 90' lang='lat' dir='ltr'>quasi</span> <span class='ocrx_word' id='word_1_493' title='bbox 2168 2449 2239 2504; x_wconf 90' lang='lat' dir='ltr'>ad</span> <span class='ocrx_word' id='word_1_494' title='bbox 2272 2448 2468 2520; x_wconf 89' lang='lat' dir='ltr'>plures</span> <span class='ocrx_word' id='word_1_495' title='bbox 2499 2448 2658 2514; x_wconf 76' lang='lat' dir='ltr'>dicit,</span> <span class='ocrx_word' id='word_1_496' title='bbox 2692 2449 2806 2503; x_wconf 86' lang='lat' dir='ltr'>Non</span> <span class='ocrx_word' id='word_1_497' title='bbox 2832 2448 3016 2503; x_wconf 80' lang='lat' dir='ltr'>edelis.</span> <span class='ocrx_word' id='word_1_498' title='bbox 3051 2447 3214 2512; x_wconf 88' lang='lat' dir='ltr'>Quod</span> <span class='ocrx_word' id='word_1_499' title='bbox 3262 2447 3420 2503; x_wconf 88' lang='lat' dir='ltr'>enim</span> <span class='ocrx_word' id='word_1_500' title='bbox 3468 2463 3600 2518; x_wconf 89' lang='lat' dir='ltr'>pro-</span> 
     </span>
    </p>
   </div>
   <div class='ocr_carea' id='block_1_72' title="bbox 1968 2535 3605 2608">
    <p class='ocr_par' dir='ltr' id='par_1_72' title="bbox 1968 2535 3605 2608">
     <span class='ocr_line' id='line_1_72' title="bbox 1968 2535 3605 2608; baseline -0.001 -18"><span class='ocrx_word' id='word_1_501' title='bbox 1968 2537 2312 2592; x_wconf 87' lang='lat' dir='ltr'>hibitorium</span> <span class='ocrx_word' id='word_1_502' title='bbox 2344 2539 2451 2606; x_wconf 85' lang='lat' dir='ltr'>est,</span> <span class='ocrx_word' id='word_1_503' title='bbox 2484 2541 2765 2608; x_wconf 88' lang='lat' dir='ltr'>tanquam</span> <span class='ocrx_word' id='word_1_504' title='bbox 2801 2535 3066 2607; x_wconf 86' lang='lat' dir='ltr'>pluribus</span> <span class='ocrx_word' id='word_1_505' title='bbox 3116 2536 3456 2607; x_wconf 88' lang='lat' dir='ltr'>imperatur.</span> <span class='ocrx_word' id='word_1_506' title='bbox 3487 2535 3605 2607; x_wconf 88' lang='lat' dir='ltr'>Ego</span> 
     </span>
    </p>
   </div>
   <div class='ocr_carea' id='block_1_73' title="bbox 1967 2624 3610 2696">
    <p class='ocr_par' dir='ltr' id='par_1_73' title="bbox 1967 2624 3610 2696">
     <span class='ocr_line' id='line_1_73' title="bbox 1967 2624 3610 2696; baseline -0.001 -17"><span class='ocrx_word' id='word_1_507' title='bbox 1967 2630 2161 2679; x_wconf 86' lang='lat' dir='ltr'>tamen</span> <span class='ocrx_word' id='word_1_508' title='bbox 2190 2625 2349 2680; x_wconf 86' lang='lat' dir='ltr'>aliud</span> <span class='ocrx_word' id='word_1_509' title='bbox 2376 2630 2535 2696; x_wconf 90' lang='lat' dir='ltr'>puto,</span> <span class='ocrx_word' id='word_1_510' title='bbox 2563 2629 2619 2679; x_wconf 89' lang='lat' dir='ltr'>et</span> <span class='ocrx_word' id='word_1_511' title='bbox 2652 2625 2794 2696; x_wconf 90' lang='lat' dir='ltr'>quid</span> <span class='ocrx_word' id='word_1_512' title='bbox 2827 2626 3091 2679; x_wconf 81' lang='lat' dir='ltr'>futurum</span> <span class='ocrx_word' id='word_1_513' title='bbox 3128 2624 3223 2695; x_wconf 89' lang='lat' dir='ltr'>sit,</span> <span class='ocrx_word' id='word_1_514' title='bbox 3250 2625 3309 2679; x_wconf 91' lang='lat' dir='ltr'>in</span> <span class='ocrx_word' id='word_1_515' title='bbox 3350 2624 3610 2696; x_wconf 87' lang='lat' dir='ltr'>ipsojam</span> 
     </span>
    </p>
   </div>
   <div class='ocr_carea' id='block_1_74' title="bbox 1968 2712 3611 2785">
    <p class='ocr_par' dir='ltr' id='par_1_74' title="bbox 1968 2712 3611 2785">
     <span class='ocr_line' id='line_1_74' title="bbox 1968 2712 3611 2785; baseline 0 -18"><span class='ocrx_word' id='word_1_516' title='bbox 1968 2712 2065 2768; x_wconf 89' lang='lat' dir='ltr'>Dei</span> <span class='ocrx_word' id='word_1_517' title='bbox 2099 2730 2367 2769; x_wconf 86' lang='lat' dir='ltr'>sermone</span> <span class='ocrx_word' id='word_1_518' title='bbox 2415 2714 2655 2785; x_wconf 90' lang='lat' dir='ltr'>reperio.</span> <span class='ocrx_word' id='word_1_519' title='bbox 2712 2713 2791 2768; x_wconf 89' lang='lat' dir='ltr'>De</span> <span class='ocrx_word' id='word_1_520' title='bbox 2839 2713 2994 2769; x_wconf 88' lang='lat' dir='ltr'>omni</span> <span class='ocrx_word' id='word_1_521' title='bbox 3045 2713 3200 2785; x_wconf 87' lang='lat' dir='ltr'>ligno</span> <span class='ocrx_word' id='word_1_522' title='bbox 3249 2712 3611 2785; x_wconf 88' lang='lat' dir='ltr'>gustandum</span> 
     </span>
    </p>
   </div>
   <div class='ocr_carea' id='block_1_75' title="bbox 1964 2800 3610 2873">
    <p class='ocr_par' dir='ltr' id='par_1_75' title="bbox 1964 2800 3610 2873">
     <span class='ocr_line' id='line_1_75' title="bbox 1964 2800 3610 2873; baseline 0 -17"><span class='ocrx_word' id='word_1_523' title='bbox 1964 2803 2098 2856; x_wconf 63' lang='lat' dir='ltr'>Adae</span> <span class='ocrx_word' id='word_1_524' title='bbox 2130 2801 2235 2857; x_wconf 90' lang='lat' dir='ltr'>soli</span> <span class='ocrx_word' id='word_1_525' title='bbox 2270 2801 2561 2873; x_wconf 60' lang='lat' dir='ltr'>praeepit,</span> <span class='ocrx_word' id='word_1_526' title='bbox 2595 2818 2768 2873; x_wconf 89' lang='lat' dir='ltr'>quem</span> <span class='ocrx_word' id='word_1_527' title='bbox 2809 2806 3176 2856; x_wconf 88' lang='lat' dir='ltr'>servaturum</span> <span class='ocrx_word' id='word_1_528' title='bbox 3241 2800 3489 2856; x_wconf 88' lang='lat' dir='ltr'>sciebat:</span> <span class='ocrx_word' id='word_1_529' title='bbox 3538 2800 3610 2856; x_wconf 92' lang='lat' dir='ltr'>de</span> 
     </span>
    </p>
   </div>
   <div class='ocr_carea' id='block_1_76' title="bbox 1965 2889 3611 2963">
    <p class='ocr_par' dir='ltr' id='par_1_76' title="bbox 1965 2889 3611 2963">
     <span class='ocr_line' id='line_1_76' title="bbox 1965 2889 3611 2963; baseline -0.001 -17"><span class='ocrx_word' id='word_1_530' title='bbox 1965 2891 2123 2963; x_wconf 80' lang='lat' dir='ltr'>ligno</span> <span class='ocrx_word' id='word_1_531' title='bbox 2156 2894 2349 2945; x_wconf 86' lang='lat' dir='ltr'>autem</span> <span class='ocrx_word' id='word_1_532' title='bbox 2384 2889 2635 2945; x_wconf 66' lang='lat' dir='ltr'>scientiae</span> <span class='ocrx_word' id='word_1_533' title='bbox 2678 2890 2814 2945; x_wconf 88' lang='lat' dir='ltr'>boni</span> <span class='ocrx_word' id='word_1_534' title='bbox 2863 2894 2920 2945; x_wconf 89' lang='lat' dir='ltr'>et</span> <span class='ocrx_word' id='word_1_535' title='bbox 2969 2889 3105 2945; x_wconf 86' lang='lat' dir='ltr'>mali</span> <span class='ocrx_word' id='word_1_536' title='bbox 3156 2907 3270 2945; x_wconf 91' lang='lat' dir='ltr'>non</span> <span class='ocrx_word' id='word_1_537' title='bbox 3321 2905 3451 2945; x_wconf 88' lang='lat' dir='ltr'>esse</span> <span class='ocrx_word' id='word_1_538' title='bbox 3498 2906 3611 2962; x_wconf 89' lang='lat' dir='ltr'>gu-</span> 
     </span>
    </p>
   </div>
   <div class='ocr_carea' id='block_1_77' title="bbox 1966 2978 3605 3051">
    <p class='ocr_par' dir='ltr' id='par_1_77' title="bbox 1966 2978 3605 3051">
     <span class='ocr_line' id='line_1_77' title="bbox 1966 2978 3605 3051; baseline -0.001 -17"><span class='ocrx_word' id='word_1_539' title='bbox 1966 2980 2266 3043; x_wconf 82' lang='lat' dir='ltr'>standum,</span> <span class='ocrx_word' id='word_1_540' title='bbox 2292 2980 2418 3049; x_wconf 89' lang='lat' dir='ltr'>jam</span> <span class='ocrx_word' id='word_1_541' title='bbox 2450 2996 2563 3033; x_wconf 89' lang='lat' dir='ltr'>non</span> <span class='ocrx_word' id='word_1_542' title='bbox 2587 2978 2983 3051; x_wconf 87' lang='lat' dir='ltr'>singulariter,</span> <span class='ocrx_word' id='word_1_543' title='bbox 3004 2979 3102 3035; x_wconf 89' lang='lat' dir='ltr'>sed</span> <span class='ocrx_word' id='word_1_544' title='bbox 3120 2978 3423 3051; x_wconf 89' lang='lat' dir='ltr'>pluraliter</span> <span class='ocrx_word' id='word_1_545' title='bbox 3446 2978 3605 3033; x_wconf 88' lang='lat' dir='ltr'>dicit.</span> 
     </span>
    </p>
   </div>
   <div class='ocr_carea' id='block_1_78' title="bbox 1965 3065 3610 3138">
    <p class='ocr_par' dir='ltr' id='par_1_78' title="bbox 1965 3065 3610 3138">
     <span class='ocr_line' id='line_1_78' title="bbox 1965 3065 3610 3138; baseline -0.002 -15"><span class='ocrx_word' id='word_1_546' title='bbox 1965 3069 2196 3124; x_wconf 63' lang='lat' dir='ltr'>Sciebat</span> <span class='ocrx_word' id='word_1_547' title='bbox 2226 3067 2383 3122; x_wconf 85' lang='lat' dir='ltr'>enim</span> <span class='ocrx_word' id='word_1_548' title='bbox 2434 3068 2943 3138; x_wconf 71' lang='lat' dir='ltr'>praevaricaturam</span> <span class='ocrx_word' id='word_1_549' title='bbox 2995 3066 3324 3134; x_wconf 89' lang='lat' dir='ltr'>mulierem,</span> <span class='ocrx_word' id='word_1_550' title='bbox 3377 3070 3433 3122; x_wconf 91' lang='lat' dir='ltr'>et</span> <span class='ocrx_word' id='word_1_551' title='bbox 3481 3065 3610 3121; x_wconf 89' lang='lat' dir='ltr'>ideo</span> 
     </span>
    </p>
   </div>
   <div class='ocr_carea' id='block_1_79' title="bbox 1966 3155 3612 3229">
    <p class='ocr_par' dir='ltr' id='par_1_79' title="bbox 1966 3155 3612 3229">
     <span class='ocr_line' id='line_1_79' title="bbox 1966 3155 3612 3229; baseline -0.002 -17"><span class='ocrx_word' id='word_1_552' title='bbox 1966 3175 2067 3229; x_wconf 85' lang='lat' dir='ltr'>per</span> <span class='ocrx_word' id='word_1_553' title='bbox 2127 3155 2519 3227; x_wconf 88' lang='lat' dir='ltr'>pluralitatem</span> <span class='ocrx_word' id='word_1_554' title='bbox 2574 3155 2829 3209; x_wconf 80' lang='lat' dir='ltr'>ostendit</span> <span class='ocrx_word' id='word_1_555' title='bbox 2888 3173 2999 3209; x_wconf 87' lang='lat' dir='ltr'>non</span> <span class='ocrx_word' id='word_1_556' title='bbox 3061 3159 3413 3220; x_wconf 86' lang='lat' dir='ltr'>servaturos,</span> <span class='ocrx_word' id='word_1_557' title='bbox 3472 3155 3612 3225; x_wconf 86' lang='lat' dir='ltr'>quia</span> 
     </span>
    </p>
   </div>
   <div class='ocr_carea' id='block_1_80' title="bbox 1969 3243 2969 3319">
    <p class='ocr_par' dir='ltr' id='par_1_80' title="bbox 1969 3243 2969 3319">
     <span class='ocr_line' id='line_1_80' title="bbox 1969 3243 2969 3319; baseline -0.005 -19"><span class='ocrx_word' id='word_1_558' title='bbox 1969 3246 2226 3319; x_wconf 87' lang='lat' dir='ltr'>plurium</span> <span class='ocrx_word' id='word_1_559' title='bbox 2257 3243 2508 3297; x_wconf 87' lang='lat' dir='ltr'>discreta</span> <span class='ocrx_word' id='word_1_560' title='bbox 2540 3245 2828 3297; x_wconf 76' lang='lat' dir='ltr'>sententia</span> <span class='ocrx_word' id='word_1_561' title='bbox 2862 3247 2969 3298; x_wconf 89' lang='lat' dir='ltr'>est.</span> 
     </span>
    </p>
   </div>
   <div class='ocr_carea' id='block_1_81' title="bbox 2038 3330 3611 3403">
    <p class='ocr_par' dir='ltr' id='par_1_81' title="bbox 2038 3330 3611 3403">
     <span class='ocr_line' id='line_1_81' title="bbox 2038 3330 3611 3403; baseline -0.002 -16"><span class='ocrx_word' id='word_1_562' title='bbox 2038 3335 2129 3388; x_wconf 88' lang='lat'>27.</span> <span class='ocrx_word' id='word_1_563' title='bbox 2162 3333 2232 3387; x_wconf 88' lang='lat' dir='ltr'>Et</span> <span class='ocrx_word' id='word_1_564' title='bbox 2263 3334 2547 3403; x_wconf 91' lang='lat' dir='ltr'>quantum</span> <span class='ocrx_word' id='word_1_565' title='bbox 2581 3330 2650 3385; x_wconf 90' lang='lat' dir='ltr'>ad</span> <span class='ocrx_word' id='word_1_566' title='bbox 2684 3330 3067 3402; x_wconf 83' lang='lat' dir='ltr'>Septuaginta</span> <span class='ocrx_word' id='word_1_567' title='bbox 3095 3330 3350 3385; x_wconf 88' lang='lat' dir='ltr'>virorum</span> <span class='ocrx_word' id='word_1_568' title='bbox 3377 3334 3611 3385; x_wconf 89' lang='lat' dir='ltr'>senten-</span> 
     </span>
    </p>
   </div>
   <div class='ocr_carea' id='block_1_82' title="bbox 1971 3416 3613 3493">
    <p class='ocr_par' dir='ltr' id='par_1_82' title="bbox 1971 3416 3613 3493">
     <span class='ocr_line' id='line_1_82' title="bbox 1971 3416 3613 3493; baseline -0.002 -17"><span class='ocrx_word' id='word_1_569' title='bbox 1971 3421 2111 3477; x_wconf 88' lang='lat' dir='ltr'>tiam</span> <span class='ocrx_word' id='word_1_570' title='bbox 2146 3424 2389 3493; x_wconf 87' lang='lat' dir='ltr'>spectat,</span> <span class='ocrx_word' id='word_1_571' title='bbox 2424 3416 2683 3473; x_wconf 90' lang='lat' dir='ltr'>solutum</span> <span class='ocrx_word' id='word_1_572' title='bbox 2715 3423 2804 3472; x_wconf 86' lang='lat' dir='ltr'>est</span> <span class='ocrx_word' id='word_1_573' title='bbox 2836 3418 2988 3488; x_wconf 91' lang='lat' dir='ltr'>quod</span> <span class='ocrx_word' id='word_1_574' title='bbox 3022 3418 3305 3473; x_wconf 89' lang='lat' dir='ltr'>movebat.</span> <span class='ocrx_word' id='word_1_575' title='bbox 3338 3416 3447 3472; x_wconf 87' lang='lat' dir='ltr'>Sed</span> <span class='ocrx_word' id='word_1_576' title='bbox 3472 3416 3613 3488; x_wconf 88' lang='lat' dir='ltr'>quia</span> 
     </span>
    </p>
   </div>
   <div class='ocr_carea' id='block_1_83' title="bbox 1972 3504 3608 3583">
    <p class='ocr_par' dir='ltr' id='par_1_83' title="bbox 1972 3504 3608 3583">
     <span class='ocr_line' id='line_1_83' title="bbox 1972 3504 3608 3583; baseline -0.004 -17"><span class='ocrx_word' id='word_1_577' title='bbox 1972 3509 2362 3583; x_wconf 83' lang='lat' dir='ltr'>Symmachus</span> <span class='ocrx_word' id='word_1_578' title='bbox 2395 3511 2707 3578; x_wconf 87' lang='lat' dir='ltr'>utrumque</span> <span class='ocrx_word' id='word_1_579' title='bbox 2740 3506 3115 3578; x_wconf 81' lang='lat' dir='ltr'>singulariter</span> <span class='ocrx_word' id='word_1_580' title='bbox 3143 3506 3308 3575; x_wconf 85' lang='lat' dir='ltr'>dixit,</span> <span class='ocrx_word' id='word_1_581' title='bbox 3332 3504 3608 3579; x_wconf 88' lang='lat' dir='ltr'>intelligi-</span> 
     </span>
    </p>
   </div>
   <div class='ocr_carea' id='block_1_84' title="bbox 1974 3594 3611 3668">
    <p class='ocr_par' dir='ltr' id='par_1_84' title="bbox 1974 3594 3611 3668">
     <span class='ocr_line' id='line_1_84' title="bbox 1974 3594 3611 3668; baseline -0.003 -13"><span class='ocrx_word' id='word_1_582' title='bbox 1974 3617 2105 3655; x_wconf 89' lang='lat' dir='ltr'>mus</span> <span class='ocrx_word' id='word_1_583' title='bbox 2132 3599 2188 3653; x_wconf 90' lang='lat' dir='ltr'>id</span> <span class='ocrx_word' id='word_1_584' title='bbox 2224 3602 2513 3663; x_wconf 85' lang='lat' dir='ltr'>secutum,</span> <span class='ocrx_word' id='word_1_585' title='bbox 2552 3595 2692 3667; x_wconf 90' lang='lat' dir='ltr'>quia</span> <span class='ocrx_word' id='word_1_586' title='bbox 2723 3594 2781 3649; x_wconf 90' lang='lat' dir='ltr'>in</span> <span class='ocrx_word' id='word_1_587' title='bbox 2814 3594 2939 3667; x_wconf 85' lang='lat' dir='ltr'>lege</span> <span class='ocrx_word' id='word_1_588' title='bbox 2979 3612 3210 3667; x_wconf 88' lang='lat' dir='ltr'>quoque</span> <span class='ocrx_word' id='word_1_589' title='bbox 3240 3612 3374 3651; x_wconf 92' lang='lat' dir='ltr'>cum</span> <span class='ocrx_word' id='word_1_590' title='bbox 3424 3612 3611 3668; x_wconf 90' lang='lat' dir='ltr'>popu-</span> 
     </span>
    </p>
   </div>
   <div class='ocr_carea' id='block_1_85' title="bbox 1972 3684 3616 3758">
    <p class='ocr_par' dir='ltr' id='par_1_85' title="bbox 1972 3684 3616 3758">
     <span class='ocr_line' id='line_1_85' title="bbox 1972 3684 3616 3758; baseline -0.002 -13"><span class='ocrx_word' id='word_1_591' title='bbox 1972 3690 2093 3745; x_wconf 89' lang='lat' dir='ltr'>lum</span> <span class='ocrx_word' id='word_1_592' title='bbox 2129 3685 2446 3758; x_wconf 89' lang='lat' dir='ltr'>alloquitur</span> <span class='ocrx_word' id='word_1_593' title='bbox 2488 3687 2656 3752; x_wconf 89' lang='lat' dir='ltr'>Deus,</span> <span class='ocrx_word' id='word_1_594' title='bbox 2709 3684 3083 3758; x_wconf 82' lang='lat' dir='ltr'>singulariter</span> <span class='ocrx_word' id='word_1_595' title='bbox 3129 3684 3411 3756; x_wconf 88' lang='lat' dir='ltr'>loquitur,</span> <span class='ocrx_word' id='word_1_596' title='bbox 3463 3684 3616 3741; x_wconf 85' lang='lat' dir='ltr'>sicut</span> 
     </span>
    </p>
   </div>
   <div class='ocr_carea' id='block_1_86' title="bbox 1974 3774 3613 3846">
    <p class='ocr_par' dir='ltr' id='par_1_86' title="bbox 1974 3774 3613 3846">
     <span class='ocr_line' id='line_1_86' title="bbox 1974 3774 3613 3846; baseline -0.005 -10"><span class='ocrx_word' id='word_1_597' title='bbox 1974 3780 2181 3836; x_wconf 87' lang='lat' dir='ltr'>babes:</span> <span class='ocrx_word' id='word_1_598' title='bbox 2236 3775 2397 3846; x_wconf 80' lang='lat' dir='ltr'>Audi,</span> <span class='ocrx_word' id='word_1_599' title='bbox 2467 3776 2653 3845; x_wconf 82' lang='lat' dir='ltr'>Israel,</span> <span class='ocrx_word' id='word_1_600' title='bbox 2716 3775 2978 3830; x_wconf 87' lang='lat' dir='ltr'>Dominus</span> <span class='ocrx_word' id='word_1_601' title='bbox 3031 3775 3171 3829; x_wconf 84' lang='lat' dir='ltr'>Deus</span> <span class='ocrx_word' id='word_1_602' title='bbox 3253 3777 3402 3843; x_wconf 86' lang='lat' dir='ltr'>tuus,</span> <span class='ocrx_word' id='word_1_603' title='bbox 3473 3774 3613 3829; x_wconf 87' lang='lat' dir='ltr'>Deus</span> 
     </span>
    </p>
   </div>
   <div class='ocr_carea' id='block_1_87' title="bbox 1973 3862 3616 3935">
    <p class='ocr_par' dir='ltr' id='par_1_87' title="bbox 1973 3862 3616 3935">
     <span class='ocr_line' id='line_1_87' title="bbox 1973 3862 3616 3935; baseline -0.004 -12"><span class='ocrx_word' id='word_1_604' title='bbox 1973 3883 2116 3923; x_wconf 87' lang='lat' dir='ltr'>unus</span> <span class='ocrx_word' id='word_1_605' title='bbox 2145 3875 2223 3921; x_wconf 84' lang='lat' dir='ltr'>est</span> <span class='ocrx_word' id='word_1_606' title='bbox 2251 3865 2428 3931; x_wconf 85' lang='lat' dir='ltr'>(Deut.</span> <span class='ocrx_word' id='word_1_607' title='bbox 2463 3881 2538 3929; x_wconf 83' lang='lat' dir='ltr'>v1,</span> <span class='ocrx_word' id='word_1_608' title='bbox 2592 3865 2658 3924; x_wconf 82' lang='grc'>4,·</span> <span class='ocrx_word' id='word_1_609' title='bbox 2709 3868 2785 3933; x_wconf 88' lang='lat' dir='ltr'>et,</span> <span class='ocrx_word' id='word_1_610' title='bbox 2850 3865 3049 3935; x_wconf 89' lang='lat' dir='ltr'>Diliges</span> <span class='ocrx_word' id='word_1_611' title='bbox 3096 3864 3389 3918; x_wconf 88' lang='lat' dir='ltr'>Dominum</span> <span class='ocrx_word' id='word_1_612' title='bbox 3443 3862 3616 3917; x_wconf 89' lang='lat' dir='ltr'>Deum</span> 
     </span>
    </p>
   </div>
   <div class='ocr_carea' id='block_1_88' title="bbox 1974 3948 3616 4025">
    <p class='ocr_par' dir='ltr' id='par_1_88' title="bbox 1974 3948 3616 4025">
     <span class='ocr_line' id='line_1_88' title="bbox 1974 3948 3616 4025; baseline -0.005 -13"><span class='ocrx_word' id='word_1_613' title='bbox 1974 3965 2128 4012; x_wconf 87' lang='lat' dir='ltr'>tuum</span> <span class='ocrx_word' id='word_1_614' title='bbox 2168 3953 2325 4025; x_wconf 83' lang='lat' dir='ltr'>(Ibid.</span> <span class='ocrx_word' id='word_1_615' title='bbox 2375 3954 2453 4024; x_wconf 75' lang='grc' dir='ltr'>ὅ).</span> <span class='ocrx_word' id='word_1_616' title='bbox 2512 3951 2624 4007; x_wconf 83' lang='lat' dir='ltr'>Nec</span> <span class='ocrx_word' id='word_1_617' title='bbox 2685 3951 2828 4006; x_wconf 85' lang='lat' dir='ltr'>mihi</span> <span class='ocrx_word' id='word_1_618' title='bbox 2886 3951 3226 4023; x_wconf 83' lang='lat' dir='ltr'>praejudicat</span> <span class='ocrx_word' id='word_1_619' title='bbox 3280 3948 3616 4022; x_wconf 80' lang='lat' dir='ltr'>Symmachi</span> 
     </span>
    </p>
   </div>
   <div class='ocr_carea' id='block_1_89' title="bbox 1975 4036 3618 4115">
    <p class='ocr_par' dir='ltr' id='par_1_89' title="bbox 1975 4036 3618 4115">
     <span class='ocr_line' id='line_1_89' title="bbox 1975 4036 3618 4115; baseline -0.005 -17"><span class='ocrx_word' id='word_1_620' title='bbox 1975 4040 2398 4115; x_wconf 89' lang='lat' dir='ltr'>interpretatio,</span> <span class='ocrx_word' id='word_1_621' title='bbox 2430 4039 2531 4111; x_wconf 91' lang='lat' dir='ltr'>qui</span> <span class='ocrx_word' id='word_1_622' title='bbox 2579 4040 2865 4095; x_wconf 86' lang='lat' dir='ltr'>unitatem</span> <span class='ocrx_word' id='word_1_623' title='bbox 2917 4038 3101 4094; x_wconf 88' lang='lat' dir='ltr'>Patris</span> <span class='ocrx_word' id='word_1_624' title='bbox 3150 4043 3206 4093; x_wconf 92' lang='lat' dir='ltr'>et</span> <span class='ocrx_word' id='word_1_625' title='bbox 3256 4037 3378 4091; x_wconf 84' lang='lat' dir='ltr'>Filii</span> <span class='ocrx_word' id='word_1_626' title='bbox 3425 4036 3618 4091; x_wconf 88' lang='lat' dir='ltr'>videre</span> 
     </span>
    </p>
   </div>
   <div class='ocr_carea' id='block_1_90' title="bbox 1974 4123 3621 4203">
    <p class='ocr_par' dir='ltr' id='par_1_90' title="bbox 1974 4123 3621 4203">
     <span class='ocr_line' id='line_1_90' title="bbox 1974 4123 3621 4203; baseline -0.004 -16"><span class='ocrx_word' id='word_1_627' title='bbox 1974 4149 2089 4187; x_wconf 88' lang='lat' dir='ltr'>non</span> <span class='ocrx_word' id='word_1_628' title='bbox 2124 4130 2349 4203; x_wconf 91' lang='lat' dir='ltr'>potuit;</span> <span class='ocrx_word' id='word_1_629' title='bbox 2382 4133 2438 4183; x_wconf 89' lang='lat' dir='ltr'>et</span> <span class='ocrx_word' id='word_1_630' title='bbox 2470 4127 2518 4183; x_wconf 89' lang='lat' dir='ltr'>si</span> <span class='ocrx_word' id='word_1_631' title='bbox 2551 4127 2860 4198; x_wconf 87' lang='lat' dir='ltr'>aliquoties</span> <span class='ocrx_word' id='word_1_632' title='bbox 2891 4126 2951 4180; x_wconf 90' lang='lat' dir='ltr'>in</span> <span class='ocrx_word' id='word_1_633' title='bbox 2995 4143 3263 4181; x_wconf 89' lang='lat' dir='ltr'>sermone</span> <span class='ocrx_word' id='word_1_634' title='bbox 3311 4129 3368 4180; x_wconf 90' lang='lat' dir='ltr'>et</span> <span class='ocrx_word' id='word_1_635' title='bbox 3404 4123 3621 4196; x_wconf 84' lang='lat' dir='ltr'>Aquila</span> 
     </span>
    </p>
   </div>
   <div class='ocr_carea' id='block_1_91' title="bbox 1975 4212 3618 4291">
    <p class='ocr_par' dir='ltr' id='par_1_91' title="bbox 1975 4212 3618 4291">
     <span class='ocr_line' id='line_1_91' title="bbox 1975 4212 3618 4291; baseline -0.005 -16"><span class='ocrx_word' id='word_1_636' title='bbox 1975 4225 2033 4275; x_wconf 90' lang='lat' dir='ltr'>et</span> <span class='ocrx_word' id='word_1_637' title='bbox 2062 4220 2188 4291; x_wconf 91' lang='lat' dir='ltr'>ipse</span> <span class='ocrx_word' id='word_1_638' title='bbox 2218 4216 2469 4274; x_wconf 83' lang='lat' dir='ltr'>confessi</span> <span class='ocrx_word' id='word_1_639' title='bbox 2506 4216 2643 4271; x_wconf 90' lang='lat' dir='ltr'>sint.</span> <span class='ocrx_word' id='word_1_640' title='bbox 2703 4216 2817 4271; x_wconf 89' lang='lat' dir='ltr'>Nec</span> <span class='ocrx_word' id='word_1_641' title='bbox 2862 4215 3175 4287; x_wconf 89' lang='lat' dir='ltr'>quisquam</span> <span class='ocrx_word' id='word_1_642' title='bbox 3222 4214 3293 4269; x_wconf 91' lang='lat' dir='ltr'>de</span> <span class='ocrx_word' id='word_1_643' title='bbox 3338 4230 3405 4269; x_wconf 91' lang='lat' dir='ltr'>eo</span> <span class='ocrx_word' id='word_1_644' title='bbox 3462 4212 3618 4284; x_wconf 91' lang='lat' dir='ltr'>quod</span> 
     </span>
    </p>
   </div>
   <div class='ocr_carea' id='block_1_92' title="bbox 1977 4298 3620 4381">
    <p class='ocr_par' dir='ltr' id='par_1_92' title="bbox 1977 4298 3620 4381">
     <span class='ocr_line' id='line_1_92' title="bbox 1977 4298 3620 4381; baseline -0.004 -18"><span class='ocrx_word' id='word_1_645' title='bbox 1977 4307 2487 4381; x_wconf 66' lang='lat' dir='ltr'>praevaricaturum</span> <span class='ocrx_word' id='word_1_646' title='bbox 2517 4303 2689 4377; x_wconf 89' lang='lat' dir='ltr'>pepul</span> <span class='ocrx_word' id='word_1_647' title='bbox 2701 4322 2799 4359; x_wconf 90' lang='lat' dir='ltr'>um</span> <span class='ocrx_word' id='word_1_648' title='bbox 2831 4303 3026 4358; x_wconf 89' lang='lat' dir='ltr'>divina</span> <span class='ocrx_word' id='word_1_649' title='bbox 3048 4303 3324 4358; x_wconf 89' lang='lat' dir='ltr'>mandata</span> <span class='ocrx_word' id='word_1_650' title='bbox 3353 4298 3620 4373; x_wconf 87' lang='lat' dir='ltr'>singula-</span> 
     </span>
    </p>
   </div>
   <div class='ocr_carea' id='block_1_93' title="bbox 1978 4388 3619 4466">
    <p class='ocr_par' dir='ltr' id='par_1_93' title="bbox 1978 4388 3619 4466">
     <span class='ocr_line' id='line_1_93' title="bbox 1978 4388 3619 4466; baseline -0.005 -13"><span class='ocrx_word' id='word_1_651' title='bbox 1978 4399 2118 4453; x_wconf 83' lang='lat' dir='ltr'>riter</span> <span class='ocrx_word' id='word_1_652' title='bbox 2173 4394 2510 4466; x_wconf 91' lang='lat' dir='ltr'>alloquitur,</span> <span class='ocrx_word' id='word_1_653' title='bbox 2572 4396 2737 4464; x_wconf 87' lang='lat' dir='ltr'>putet</span> <span class='ocrx_word' id='word_1_654' title='bbox 2782 4392 3067 4464; x_wconf 89' lang='lat' dir='ltr'>superiori</span> <span class='ocrx_word' id='word_1_655' title='bbox 3117 4394 3315 4447; x_wconf 89' lang='lat' dir='ltr'>nostro</span> <span class='ocrx_word' id='word_1_656' title='bbox 3383 4388 3619 4445; x_wconf 90' lang='lat' dir='ltr'>obvium</span> 
     </span>
    </p>
   </div>
   <div class='ocr_carea' id='block_1_94' title="bbox 1978 4477 3619 4554">
    <p class='ocr_par' dir='ltr' id='par_1_94' title="bbox 1978 4477 3619 4554">
     <span class='ocr_line' id='line_1_94' title="bbox 1978 4477 3619 4554; baseline -0.005 -11"><span class='ocrx_word' id='word_1_657' title='bbox 1978 4503 2105 4543; x_wconf 90' lang='lat' dir='ltr'>esse</span> <span class='ocrx_word' id='word_1_658' title='bbox 2131 4483 2385 4541; x_wconf 90' lang='lat' dir='ltr'>sermoni</span> <span class='ocrx_word' id='word_1_659' title='bbox 2417 4485 2567 4554; x_wconf 85' lang='lat'>(27);</span> <span class='ocrx_word' id='word_1_660' title='bbox 2600 4481 2737 4553; x_wconf 90' lang='lat' dir='ltr'>quia</span> <span class='ocrx_word' id='word_1_661' title='bbox 2768 4481 3019 4553; x_wconf 88' lang='lat' dir='ltr'>populus</span> <span class='ocrx_word' id='word_1_662' title='bbox 3056 4480 3391 4536; x_wconf 71' lang='lat' dir='ltr'>Judaeorum</span> <span class='ocrx_word' id='word_1_663' title='bbox 3443 4477 3619 4535; x_wconf 88' lang='lat' dir='ltr'>etiam</span> 
     </span>
    </p>
   </div>
   <div class='ocr_carea' id='block_1_95' title="bbox 279 4560 3618 4651">
    <p class='ocr_par' dir='ltr' id='par_1_95' title="bbox 279 4560 3618 4651">
     <span class='ocr_line' id='line_1_95' title="bbox 279 4560 3618 4651; baseline -0.001 -24"><span class='ocrx_word' id='word_1_664' title='bbox 279 4574 372 4627; x_wconf 81' lang='lat'>26.</span> <span class='ocrx_word' id='word_1_665' title='bbox 420 4577 487 4629; x_wconf 85' lang='lat' dir='ltr'>Et</span> <span class='ocrx_word' id='word_1_666' title='bbox 533 4576 795 4645; x_wconf 65' lang='lat' dir='ltr'>praecepit</span> <span class='ocrx_word' id='word_1_667' title='bbox 847 4575 1111 4631; x_wconf 84' lang='lat' dir='ltr'>Dominus</span> <span class='ocrx_word' id='word_1_668' title='bbox 1170 4560 1311 4630; x_wconf 74' lang='lat' dir='ltr'>Deus</span> <span class='ocrx_word' id='word_1_669' title='bbox 1367 4576 1492 4632; x_wconf 76' lang='lat' dir='ltr'>Adae</span> <span class='ocrx_word' id='word_1_670' title='bbox 1538 4576 1756 4632; x_wconf 69' lang='lat' dir='ltr'>dicens:</span> <span class='ocrx_word' id='word_1_671' title='bbox 1787 4577 1946 4651; x_wconf 74' lang='lat' dir='ltr'>ExD</span> <span class='ocrx_word' id='word_1_672' title='bbox 1979 4574 2354 4649; x_wconf 80' lang='lat' dir='ltr'>singulariter</span> <span class='ocrx_word' id='word_1_673' title='bbox 2409 4573 2546 4628; x_wconf 87' lang='lat' dir='ltr'>data</span> <span class='ocrx_word' id='word_1_674' title='bbox 2591 4571 2930 4644; x_wconf 80' lang='lat' dir='ltr'>praescripta</span> <span class='ocrx_word' id='word_1_675' title='bbox 2999 4570 3253 4627; x_wconf 89' lang='lat' dir='ltr'>violavit.</span> <span class='ocrx_word' id='word_1_676' title='bbox 3302 4571 3419 4627; x_wconf 84' lang='lat' dir='ltr'>Lex</span> <span class='ocrx_word' id='word_1_677' title='bbox 3462 4569 3618 4625; x_wconf 88' lang='lat' dir='ltr'>enim</span> 
     </span>
    </p>
   </div>
   <div class='ocr_carea' id='block_1_96' title="bbox 210 4662 1873 4735">
    <p class='ocr_par' dir='ltr' id='par_1_96' title="bbox 210 4662 1873 4735">
     <span class='ocr_line' id='line_1_96' title="bbox 210 4662 1873 4735; baseline 0.004 -20"><span class='ocrx_word' id='word_1_678' title='bbox 210 4663 363 4716; x_wconf 86' lang='lat' dir='ltr'>omni</span> <span class='ocrx_word' id='word_1_679' title='bbox 395 4662 554 4731; x_wconf 83' lang='lat' dir='ltr'>ligno</span> <span class='ocrx_word' id='word_1_680' title='bbox 582 4662 725 4733; x_wconf 86' lang='lat' dir='ltr'>quod</span> <span class='ocrx_word' id='word_1_681' title='bbox 751 4671 830 4718; x_wconf 86' lang='lat' dir='ltr'>est</span> <span class='ocrx_word' id='word_1_682' title='bbox 861 4664 921 4718; x_wconf 87' lang='lat' dir='ltr'>in</span> <span class='ocrx_word' id='word_1_683' title='bbox 945 4663 1203 4735; x_wconf 84' lang='lat' dir='ltr'>paradiso</span> <span class='ocrx_word' id='word_1_684' title='bbox 1251 4663 1319 4719; x_wconf 84' lang='lat' dir='ltr'>ad</span> <span class='ocrx_word' id='word_1_685' title='bbox 1361 4681 1557 4733; x_wconf 85' lang='lat' dir='ltr'>escam,</span> <span class='ocrx_word' id='word_1_686' title='bbox 1607 4665 1755 4721; x_wconf 88' lang='lat' dir='ltr'>edes:</span> <span class='ocrx_word' id='word_1_687' title='bbox 1807 4665 1873 4721; x_wconf 86' lang='lat' dir='ltr'>de</span> 
     </span>
    </p>
   </div>
   <div class='ocr_carea' id='block_1_97' title="bbox 217 4748 1868 4823">
    <p class='ocr_par' dir='ltr' id='par_1_97' title="bbox 217 4748 1868 4823">
     <span class='ocr_line' id='line_1_97' title="bbox 217 4748 1868 4823; baseline 0.004 -20"><span class='ocrx_word' id='word_1_688' title='bbox 217 4748 365 4819; x_wconf 84' lang='lat' dir='ltr'>ligno</span> <span class='ocrx_word' id='word_1_689' title='bbox 399 4754 591 4806; x_wconf 83' lang='lat' dir='ltr'>autem</span> <span class='ocrx_word' id='word_1_690' title='bbox 610 4751 751 4823; x_wconf 89' lang='lat' dir='ltr'>quod</span> <span class='ocrx_word' id='word_1_691' title='bbox 780 4761 857 4807; x_wconf 87' lang='lat' dir='ltr'>est</span> <span class='ocrx_word' id='word_1_692' title='bbox 885 4754 1129 4808; x_wconf 55' lang='lat' dir='ltr'>scientia</span> <span class='ocrx_word' id='word_1_693' title='bbox 1160 4754 1289 4809; x_wconf 86' lang='lat' dir='ltr'>boni</span> <span class='ocrx_word' id='word_1_694' title='bbox 1315 4757 1368 4808; x_wconf 85' lang='lat' dir='ltr'>et</span> <span class='ocrx_word' id='word_1_695' title='bbox 1396 4754 1535 4809; x_wconf 87' lang='lat' dir='ltr'>mali</span> <span class='ocrx_word' id='word_1_696' title='bbox 1559 4770 1667 4809; x_wconf 87' lang='lat' dir='ltr'>non</span> <span class='ocrx_word' id='word_1_697' title='bbox 1682 4753 1868 4809; x_wconf 86' lang='lat' dir='ltr'>edetis.</span> 
     </span>
    </p>
   </div>
   <div class='ocr_carea' id='block_1_98' title="bbox 221 4837 1872 4907">
    <p class='ocr_par' dir='ltr' id='par_1_98' title="bbox 221 4837 1872 4907">
     <span class='ocr_line' id='line_1_98' title="bbox 221 4837 1872 4907; baseline 0.002 -14"><span class='ocrx_word' id='word_1_698' title='bbox 221 4837 335 4905; x_wconf 84' lang='lat' dir='ltr'>Qua</span> <span class='ocrx_word' id='word_1_699' title='bbox 358 4838 453 4894; x_wconf 84' lang='lat' dir='ltr'>die</span> <span class='ocrx_word' id='word_1_700' title='bbox 475 4843 663 4894; x_wconf 83' lang='lat' dir='ltr'>autem</span> <span class='ocrx_word' id='word_1_701' title='bbox 707 4839 1167 4896; x_wconf 80' lang='lat' dir='ltr'>manducaveritis</span> <span class='ocrx_word' id='word_1_702' title='bbox 1206 4857 1276 4896; x_wconf 76' lang='lat' dir='ltr'>ea:</span> <span class='ocrx_word' id='word_1_703' title='bbox 1322 4857 1402 4907; x_wconf 87' lang='lat' dir='ltr'>eo,</span> <span class='ocrx_word' id='word_1_704' title='bbox 1461 4845 1634 4897; x_wconf 86' lang='lat' dir='ltr'>morte</span> <span class='ocrx_word' id='word_1_705' title='bbox 1676 4844 1872 4898; x_wconf 87' lang='lat' dir='ltr'>morie-</span> 
     </span>
    </p>
   </div>
   <div class='ocr_carea' id='block_1_99' title="bbox 214 4926 1875 5003">
    <p class='ocr_par' dir='ltr' id='par_1_99' title="bbox 214 4926 1875 5003">
     <span class='ocr_line' id='line_1_99' title="bbox 214 4926 1875 5003; baseline 0.003 -22"><span class='ocrx_word' id='word_1_706' title='bbox 214 4929 361 4982; x_wconf 85' lang='lat' dir='ltr'>mini</span> <span class='ocrx_word' id='word_1_707' title='bbox 391 4926 553 4998; x_wconf 87' lang='lat' dir='ltr'>(Gen.</span> <span class='ocrx_word' id='word_1_708' title='bbox 587 4944 648 4994; x_wconf 82' lang='grc' dir='ltr'>ιι,</span> <span class='ocrx_word' id='word_1_709' title='bbox 694 4930 761 4983; x_wconf 81' lang='grc'>16</span> <span class='ocrx_word' id='word_1_710' title='bbox 789 4932 839 4984; x_wconf 87' lang='lat' dir='ltr'>et</span> <span class='ocrx_word' id='word_1_711' title='bbox 872 4929 983 4999; x_wconf 81' lang='lat' dir='ltr'>t7).</span> <span class='ocrx_word' id='word_1_712' title='bbox 1017 4930 1140 4995; x_wconf 88' lang='lat' dir='ltr'>Qua</span> <span class='ocrx_word' id='word_1_713' title='bbox 1171 4929 1414 4997; x_wconf 84' lang='lat' dir='ltr'>ratione,</span> <span class='ocrx_word' id='word_1_714' title='bbox 1463 4929 1561 4984; x_wconf 90' lang='lat' dir='ltr'>ubi</span> <span class='ocrx_word' id='word_1_715' title='bbox 1612 4931 1875 5003; x_wconf 69' lang='lat' dir='ltr'>praecipit</span> 
     </span>
    </p>
   </div>
   <div class='ocr_carea' id='block_1_100' title="bbox 215 5015 1869 5091">
    <p class='ocr_par' dir='ltr' id='par_1_100' title="bbox 215 5015 1869 5091">
     <span class='ocr_line' id='line_1_100' title="bbox 215 5015 1869 5091; baseline 0.004 -23"><span class='ocrx_word' id='word_1_716' title='bbox 215 5029 283 5068; x_wconf 80' lang='lat' dir='ltr'>ex</span> <span class='ocrx_word' id='word_1_717' title='bbox 311 5015 479 5071; x_wconf 89' lang='lat' dir='ltr'>omni</span> <span class='ocrx_word' id='word_1_718' title='bbox 511 5016 670 5088; x_wconf 89' lang='lat' dir='ltr'>ligno</span> <span class='ocrx_word' id='word_1_719' title='bbox 702 5017 1015 5085; x_wconf 80' lang='lat' dir='ltr'>edendum,</span> <span class='ocrx_word' id='word_1_720' title='bbox 1051 5017 1429 5091; x_wconf 85' lang='lat' dir='ltr'>singulariter</span> <span class='ocrx_word' id='word_1_721' title='bbox 1446 5018 1675 5087; x_wconf 81' lang='lat' dir='ltr'>dixerit,</span> <span class='ocrx_word' id='word_1_722' title='bbox 1700 5019 1869 5074; x_wconf 83' lang='lat' dir='ltr'>Edes:</span> 
     </span>
    </p>
   </div>
   <div class='ocr_carea' id='block_1_101' title="bbox 216 5103 1868 5178">
    <p class='ocr_par' dir='ltr' id='par_1_101' title="bbox 216 5103 1868 5178">
     <span class='ocr_line' id='line_1_101' title="bbox 216 5103 1868 5178; baseline 0.002 -20"><span class='ocrx_word' id='word_1_723' title='bbox 216 5103 314 5159; x_wconf 88' lang='lat' dir='ltr'>ubi</span> <span class='ocrx_word' id='word_1_724' title='bbox 348 5110 553 5160; x_wconf 89' lang='lat' dir='ltr'>autem</span> <span class='ocrx_word' id='word_1_725' title='bbox 585 5106 658 5161; x_wconf 92' lang='lat' dir='ltr'>de</span> <span class='ocrx_word' id='word_1_726' title='bbox 686 5105 844 5177; x_wconf 87' lang='lat' dir='ltr'>ligno</span> <span class='ocrx_word' id='word_1_727' title='bbox 860 5106 1116 5162; x_wconf 72' lang='lat' dir='ltr'>scientiae</span> <span class='ocrx_word' id='word_1_728' title='bbox 1134 5106 1268 5162; x_wconf 91' lang='lat' dir='ltr'>boni</span> <span class='ocrx_word' id='word_1_729' title='bbox 1287 5111 1345 5161; x_wconf 91' lang='lat' dir='ltr'>et</span> <span class='ocrx_word' id='word_1_730' title='bbox 1368 5105 1527 5173; x_wconf 90' lang='lat' dir='ltr'>mali,</span> <span class='ocrx_word' id='word_1_731' title='bbox 1548 5106 1868 5178; x_wconf 88' lang='lat' dir='ltr'>pluraliter,</span> 
     </span>
    </p>
   </div>
   <div class='ocr_carea' id='block_1_102' title="bbox 214 5191 1871 5267">
    <p class='ocr_par' dir='ltr' id='par_1_102' title="bbox 214 5191 1871 5267">
     <span class='ocr_line' id='line_1_102' title="bbox 214 5191 1871 5267; baseline 0.001 -21"><span class='ocrx_word' id='word_1_732' title='bbox 214 5191 329 5247; x_wconf 78' lang='lat' dir='ltr'>Non</span> <span class='ocrx_word' id='word_1_733' title='bbox 352 5195 560 5264; x_wconf 81' lang='lat' dir='ltr'>edetis,</span> <span class='ocrx_word' id='word_1_734' title='bbox 592 5194 823 5263; x_wconf 82' lang='lat' dir='ltr'>dixerit,</span> <span class='ocrx_word' id='word_1_735' title='bbox 855 5212 971 5250; x_wconf 89' lang='lat' dir='ltr'>non</span> <span class='ocrx_word' id='word_1_736' title='bbox 1001 5194 1188 5251; x_wconf 89' lang='lat' dir='ltr'>otiosa</span> <span class='ocrx_word' id='word_1_737' title='bbox 1234 5194 1497 5267; x_wconf 64' lang='lat' dir='ltr'>quaestio.</span> <span class='ocrx_word' id='word_1_738' title='bbox 1558 5195 1773 5251; x_wconf 88' lang='lat' dir='ltr'>Verum</span> <span class='ocrx_word' id='word_1_739' title='bbox 1822 5195 1871 5252; x_wconf 91' lang='lat' dir='ltr'>si</span> 
     </span>
    </p>
   </div>
   <div class='ocr_carea' id='block_1_103' title="bbox 279 5307 1656 5374">
    <p class='ocr_par' dir='ltr' id='par_1_103' title="bbox 279 5307 1656 5374">
     <span class='ocr_line' id='line_1_103' title="bbox 279 5307 1656 5374; baseline 0.001 -10"><span class='ocrx_word' id='word_1_740' title='bbox 279 5309 403 5374; x_wconf 85' lang='lat'>(23)</span> <span class='ocrx_word' id='word_1_741' title='bbox 448 5308 591 5364; x_wconf 87' lang='lat' dir='ltr'>Mss.</span> <span class='ocrx_word' id='word_1_742' title='bbox 627 5307 902 5374; x_wconf 86' lang='lat' dir='ltr'>Clarom.,</span> <span class='ocrx_word' id='word_1_743' title='bbox 940 5312 1091 5366; x_wconf 84' lang='lat' dir='ltr'>intra</span> <span class='ocrx_word' id='word_1_744' title='bbox 1111 5311 1370 5367; x_wconf 81' lang='lat' dir='ltr'>mortalia</span> <span class='ocrx_word' id='word_1_745' title='bbox 1387 5327 1443 5366; x_wconf 83' lang='lat' dir='ltr'>se</span> <span class='ocrx_word' id='word_1_746' title='bbox 1461 5313 1656 5366; x_wconf 82' lang='lat' dir='ltr'>tenuit.</span> 
     </span>
    </p>
   </div>
   <div class='ocr_carea' id='block_1_104' title="bbox 304 5379 1630 5453">
    <p class='ocr_par' dir='ltr' id='par_1_104' title="bbox 304 5379 1630 5453">
     <span class='ocr_line' id='line_1_104' title="bbox 304 5379 1630 5453; baseline 0.002 -20"><span class='ocrx_word' id='word_1_747' title='bbox 304 5379 393 5453; x_wconf 42' lang='lat'>2:5)</span> <span class='ocrx_word' id='word_1_748' title='bbox 430 5379 604 5453; x_wconf 58' lang='lat' dir='ltr'>Rom.</span> <span class='ocrx_word' id='word_1_749' title='bbox 640 5380 802 5453; x_wconf 67' lang='lat' dir='ltr'>edit.,</span> <span class='ocrx_word' id='word_1_750' title='bbox 840 5382 1113 5453; x_wconf 84' lang='lat' dir='ltr'>specimen</span> <span class='ocrx_word' id='word_1_751' title='bbox 1144 5384 1376 5453; x_wconf 83' lang='lat' dir='ltr'>suscepit</span> <span class='ocrx_word' id='word_1_752' title='bbox 1405 5382 1630 5438; x_wconf 85' lang='lat' dir='ltr'>laboris.</span> 
     </span>
    </p>
   </div>
   <div class='ocr_carea' id='block_1_105' title="bbox 301 5450 1876 5524">
    <p class='ocr_par' dir='ltr' id='par_1_105' title="bbox 301 5450 1876 5524">
     <span class='ocr_line' id='line_1_105' title="bbox 301 5450 1876 5524; baseline 0.002 -19"><span class='ocrx_word' id='word_1_753' title='bbox 301 5451 395 5524; x_wconf 73' lang='lat'>25)</span> <span class='ocrx_word' id='word_1_754' title='bbox 463 5450 602 5524; x_wconf 82' lang='lat' dir='ltr'>Mss.</span> <span class='ocrx_word' id='word_1_755' title='bbox 654 5450 818 5507; x_wconf 82' lang='lat' dir='ltr'>Rem.</span> <span class='ocrx_word' id='word_1_756' title='bbox 854 5450 913 5524; x_wconf 73' lang='lat' dir='ltr'>et</span> <span class='ocrx_word' id='word_1_757' title='bbox 967 5452 1145 5514; x_wconf 63' lang='lat' dir='ltr'>Clam.</span> <span class='ocrx_word' id='word_1_758' title='bbox 1210 5450 1476 5523; x_wconf 79' lang='lat' dir='ltr'>Apostotis</span> <span class='ocrx_word' id='word_1_759' title='bbox 1549 5452 1876 5524; x_wconf 85' lang='lat' dir='ltr'>quibusdam</span> 
     </span>
    </p>
   </div>
   <div class='ocr_carea' id='block_1_106' title="bbox 204 5521 1727 5600">
    <p class='ocr_par' dir='ltr' id='par_1_106' title="bbox 204 5521 1727 5600">
     <span class='ocr_line' id='line_1_106' title="bbox 204 5521 1727 5600; baseline 0.003 -24"><span class='ocrx_word' id='word_1_760' title='bbox 204 5521 655 5600; x_wconf 58' lang='lat' dir='ltr'>perfectiqribus,</span> <span class='ocrx_word' id='word_1_761' title='bbox 689 5538 820 5600; x_wconf 65' lang='lat' dir='ltr'>quae</span> <span class='ocrx_word' id='word_1_762' title='bbox 852 5522 1020 5600; x_wconf 76' lang='lat' dir='ltr'>lectio</span> <span class='ocrx_word' id='word_1_763' title='bbox 1049 5521 1277 5579; x_wconf 81' lang='lat' dir='ltr'>videtur</span> <span class='ocrx_word' id='word_1_764' title='bbox 1300 5540 1428 5579; x_wconf 88' lang='lat' dir='ltr'>esse</span> <span class='ocrx_word' id='word_1_765' title='bbox 1453 5521 1727 5600; x_wconf 84' lang='lat' dir='ltr'>genuina.</span> 
     </span>
    </p>
   </div>
   <div class='ocr_carea' id='block_1_107' title="bbox 278 5592 1873 5723">
    <p class='ocr_par' dir='ltr' id='par_1_107' title="bbox 278 5592 1873 5723">
     <span class='ocr_line' id='line_1_107' title="bbox 278 5592 1873 5723; baseline -0.003 -72"><span class='ocrx_word' id='word_1_766' title='bbox 278 5592 568 5723; x_wconf 46' lang='lat' dir='ltr'>aeacides.</span> <span class='ocrx_word' id='word_1_767' title='bbox 603 5592 884 5667; x_wconf 87' lang='lat' dir='ltr'>quinque,</span> <span class='ocrx_word' id='word_1_768' title='bbox 915 5594 1108 5652; x_wconf 80' lang='lat' dir='ltr'>docens</span> <span class='ocrx_word' id='word_1_769' title='bbox 1133 5611 1233 5668; x_wconf 84' lang='lat' dir='ltr'>per</span> <span class='ocrx_word' id='word_1_770' title='bbox 1283 5592 1712 5657; x_wconf 48' lang='lat' dir='ltr'>rectae‘naturse</span> <span class='ocrx_word' id='word_1_771' title='bbox 1752 5611 1873 5656; x_wconf 80' lang='lat' dir='ltr'>mu-</span> 
     </span>
    </p>
   </div>
   <div class='ocr_carea' id='block_1_108' title="bbox 209 5679 466 5735">
    <p class='ocr_par' dir='ltr' id='par_1_108' title="bbox 209 5679 466 5735">
     <span class='ocr_line' id='line_1_108' title="bbox 209 5679 466 5735; baseline 0.008 -12"><span class='ocrx_word' id='word_1_772' title='bbox 209 5679 333 5735; x_wconf 70' lang='lat' dir='ltr'>nus,</span> <span class='ocrx_word' id='word_1_773' title='bbox 348 5679 466 5725; x_wconf 71' lang='lat' dir='ltr'>etc.</span> 
     </span>
    </p>
   </div>
   <div class='ocr_carea' id='block_1_109' title="bbox 1979 4657 3617 4738">
    <p class='ocr_par' dir='ltr' id='par_1_109' title="bbox 1979 4657 3617 4738">
     <span class='ocr_line' id='line_1_109' title="bbox 1979 4657 3617 4738; baseline -0.005 -17"><span class='ocrx_word' id='word_1_774' title='bbox 1979 4662 2303 4738; x_wconf 87' lang='lat' dir='ltr'>spiritualis</span> <span class='ocrx_word' id='word_1_775' title='bbox 2333 4666 2451 4718; x_wconf 87' lang='lat' dir='ltr'>est:</span> <span class='ocrx_word' id='word_1_776' title='bbox 2486 4666 2543 4717; x_wconf 92' lang='lat' dir='ltr'>ct</span> <span class='ocrx_word' id='word_1_777' title='bbox 2574 4662 2702 4716; x_wconf 89' lang='lat' dir='ltr'>ideo</span> <span class='ocrx_word' id='word_1_778' title='bbox 2734 4659 2984 4717; x_wconf 86' lang='lat' dir='ltr'>alterum</span> <span class='ocrx_word' id='word_1_779' title='bbox 3028 4660 3084 4716; x_wconf 89' lang='lat' dir='ltr'>iu</span> <span class='ocrx_word' id='word_1_780' title='bbox 3134 4676 3422 4728; x_wconf 88' lang='lat' dir='ltr'>sermone,</span> <span class='ocrx_word' id='word_1_781' title='bbox 3473 4657 3617 4714; x_wconf 89' lang='lat' dir='ltr'>alte-</span> 
     </span>
    </p>
   </div>
   <div class='ocr_carea' id='block_1_110' title="bbox 1981 4746 3622 4824">
    <p class='ocr_par' dir='ltr' id='par_1_110' title="bbox 1981 4746 3622 4824">
     <span class='ocr_line' id='line_1_110' title="bbox 1981 4746 3622 4824; baseline -0.005 -14"><span class='ocrx_word' id='word_1_782' title='bbox 1981 4771 2110 4810; x_wconf 88' lang='lat' dir='ltr'>rum</span> <span class='ocrx_word' id='word_1_783' title='bbox 2145 4753 2203 4808; x_wconf 91' lang='lat' dir='ltr'>in</span> <span class='ocrx_word' id='word_1_784' title='bbox 2233 4751 2761 4824; x_wconf 68' lang='lat' dir='ltr'>praedestinatioue,</span> <span class='ocrx_word' id='word_1_785' title='bbox 2793 4750 2987 4805; x_wconf 85' lang='lat' dir='ltr'>divino</span> <span class='ocrx_word' id='word_1_786' title='bbox 3014 4750 3297 4823; x_wconf 90' lang='lat' dir='ltr'>populum</span> <span class='ocrx_word' id='word_1_787' title='bbox 3341 4750 3496 4805; x_wconf 88' lang='lat' dir='ltr'>Deus</span> <span class='ocrx_word' id='word_1_788' title='bbox 3545 4746 3622 4801; x_wconf 89' lang='lat' dir='ltr'>al-</span> 
     </span>
    </p>
   </div>
   <div class='ocr_carea' id='block_1_111' title="bbox 1979 4839 3621 4915">
    <p class='ocr_par' dir='ltr' id='par_1_111' title="bbox 1979 4839 3621 4915">
     <span class='ocr_line' id='line_1_111' title="bbox 1979 4839 3621 4915; baseline -0.004 -18"><span class='ocrx_word' id='word_1_789' title='bbox 1979 4842 2329 4915; x_wconf 90' lang='lat' dir='ltr'>loquebatur</span> <span class='ocrx_word' id='word_1_790' title='bbox 2357 4840 2610 4897; x_wconf 88' lang='lat' dir='ltr'>oraculo.</span> <span class='ocrx_word' id='word_1_791' title='bbox 2654 4839 2912 4912; x_wconf 85' lang='lat' dir='ltr'>Denique</span> <span class='ocrx_word' id='word_1_792' title='bbox 2961 4840 3079 4895; x_wconf 89' lang='lat' dir='ltr'>ait:</span> <span class='ocrx_word' id='word_1_793' title='bbox 3120 4842 3237 4895; x_wconf 86' lang='lat' dir='ltr'>Non</span> <span class='ocrx_word' id='word_1_794' title='bbox 3283 4854 3473 4909; x_wconf 88' lang='lat' dir='ltr'>coques</span> <span class='ocrx_word' id='word_1_795' title='bbox 3523 4853 3621 4907; x_wconf 82' lang='lat' dir='ltr'>ag-</span> 
     </span>
    </p>
   </div>
   <div class='ocr_carea' id='block_1_112' title="bbox 1979 4928 3405 5002">
    <p class='ocr_par' dir='ltr' id='par_1_112' title="bbox 1979 4928 3405 5002">
     <span class='ocr_line' id='line_1_112' title="bbox 1979 4928 3405 5002; baseline -0.004 -16"><span class='ocrx_word' id='word_1_796' title='bbox 1979 4949 2113 4987; x_wconf 88' lang='lat' dir='ltr'>num</span> <span class='ocrx_word' id='word_1_797' title='bbox 2141 4930 2252 5002; x_wconf 88' lang='lat'>(28)</span> <span class='ocrx_word' id='word_1_798' title='bbox 2286 4932 2345 4985; x_wconf 84' lang='lat' dir='ltr'>in</span> <span class='ocrx_word' id='word_1_799' title='bbox 2376 4930 2511 4985; x_wconf 88' lang='lat' dir='ltr'>lacte</span> <span class='ocrx_word' id='word_1_800' title='bbox 2530 4931 2723 4984; x_wconf 84' lang='lat' dir='ltr'>matris</span> <span class='ocrx_word' id='word_1_801' title='bbox 2750 4945 2860 4984; x_wconf 68' lang='lat' dir='ltr'>suae</span> <span class='ocrx_word' id='word_1_802' title='bbox 2891 4929 3062 4999; x_wconf 71' lang='lat' dir='ltr'>(Exod</span> <span class='ocrx_word' id='word_1_803' title='bbox 3084 4944 3271 4994; x_wconf 73' lang='lat' dir='ltr'>xxxrv,</span> <span class='ocrx_word' id='word_1_804' title='bbox 3296 4928 3405 4995; x_wconf 89' lang='lat'>26).</span> 
     </span>
    </p>
   </div>
   <div class='ocr_carea' id='block_1_113' title="bbox 2049 5012 3621 5089">
    <p class='ocr_par' dir='ltr' id='par_1_113' title="bbox 2049 5012 3621 5089">
     <span class='ocr_line' id='line_1_113' title="bbox 2049 5012 3621 5089; baseline -0.004 -14"><span class='ocrx_word' id='word_1_805' title='bbox 2049 5022 2138 5074; x_wconf 88' lang='lat'>28.</span> <span class='ocrx_word' id='word_1_806' title='bbox 2176 5018 2383 5075; x_wconf 87' lang='lat' dir='ltr'>Facilis</span> <span class='ocrx_word' id='word_1_807' title='bbox 2416 5018 2626 5072; x_wconf 90' lang='lat' dir='ltr'>abdinc</span> <span class='ocrx_word' id='word_1_808' title='bbox 2667 5018 2778 5089; x_wconf 86' lang='lat'>(29)</span> <span class='ocrx_word' id='word_1_809' title='bbox 2826 5021 3247 5089; x_wconf 68' lang='lat' dir='ltr'>praeceptorum</span> <span class='ocrx_word' id='word_1_810' title='bbox 3298 5012 3621 5069; x_wconf 77' lang='lat' dir='ltr'>cmlestium</span> 
     </span>
    </p>
   </div>
   <div class='ocr_carea' id='block_1_114' title="bbox 1981 5102 3624 5176">
    <p class='ocr_par' dir='ltr' id='par_1_114' title="bbox 1981 5102 3624 5176">
     <span class='ocr_line' id='line_1_114' title="bbox 1981 5102 3624 5176; baseline -0.002 -14"><span class='ocrx_word' id='word_1_811' title='bbox 1981 5107 2162 5163; x_wconf 81' lang='lat' dir='ltr'>series</span> <span class='ocrx_word' id='word_1_812' title='bbox 2191 5106 2510 5173; x_wconf 87' lang='lat' dir='ltr'>videretur;</span> <span class='ocrx_word' id='word_1_813' title='bbox 2543 5105 2656 5159; x_wconf 90' lang='lat' dir='ltr'>nisi</span> <span class='ocrx_word' id='word_1_814' title='bbox 2689 5106 3072 5176; x_wconf 73' lang='lat' dir='ltr'>qumstionem</span> <span class='ocrx_word' id='word_1_815' title='bbox 3104 5102 3341 5176; x_wconf 85' lang='lat' dir='ltr'>plurimi</span> <span class='ocrx_word' id='word_1_816' title='bbox 3372 5119 3624 5159; x_wconf 89' lang='lat' dir='ltr'>commo-</span> 
     </span>
    </p>
   </div>
   <div class='ocr_carea' id='block_1_115' title="bbox 1981 5192 3621 5266">
    <p class='ocr_par' dir='ltr' id='par_1_115' title="bbox 1981 5192 3621 5266">
     <span class='ocr_line' id='line_1_115' title="bbox 1981 5192 3621 5266; baseline -0.002 -15"><span class='ocrx_word' id='word_1_817' title='bbox 1981 5200 2199 5259; x_wconf 90' lang='lat' dir='ltr'>verent,</span> <span class='ocrx_word' id='word_1_818' title='bbox 2231 5194 2447 5266; x_wconf 90' lang='lat' dir='ltr'>quibus</span> <span class='ocrx_word' id='word_1_819' title='bbox 2477 5194 2812 5265; x_wconf 90' lang='lat' dir='ltr'>responderi</span> <span class='ocrx_word' id='word_1_820' title='bbox 2843 5196 3069 5265; x_wconf 88' lang='lat' dir='ltr'>oportet</span> <span class='ocrx_word' id='word_1_821' title='bbox 3091 5210 3126 5248; x_wconf 91' lang='lat' dir='ltr'>a</span> <span class='ocrx_word' id='word_1_822' title='bbox 3156 5193 3352 5259; x_wconf 89' lang='lat' dir='ltr'>nobis;</span> <span class='ocrx_word' id='word_1_823' title='bbox 3387 5208 3459 5248; x_wconf 90' lang='lat' dir='ltr'>ne</span> <span class='ocrx_word' id='word_1_824' title='bbox 3479 5192 3621 5248; x_wconf 88' lang='lat' dir='ltr'>sim-</span> 
     </span>
    </p>
   </div>
   <div class='ocr_carea' id='block_1_116' title="bbox 2053 5308 3263 5380">
    <p class='ocr_par' dir='ltr' id='par_1_116' title="bbox 2053 5308 3263 5380">
     <span class='ocr_line' id='line_1_116' title="bbox 2053 5308 3263 5380; baseline 0.002 -19"><span class='ocrx_word' id='word_1_825' title='bbox 2053 5310 2163 5380; x_wconf 87' lang='lat'>(27)</span> <span class='ocrx_word' id='word_1_826' title='bbox 2196 5310 2330 5364; x_wconf 90' lang='lat' dir='ltr'>Cod.</span> <span class='ocrx_word' id='word_1_827' title='bbox 2366 5308 2516 5369; x_wconf 85' lang='lat' dir='ltr'>Div.,</span> <span class='ocrx_word' id='word_1_828' title='bbox 2548 5308 2877 5380; x_wconf 76' lang='lat' dir='ltr'>obvianrlum</span> <span class='ocrx_word' id='word_1_829' title='bbox 2905 5311 2981 5362; x_wconf 86' lang='lat' dir='ltr'>est</span> <span class='ocrx_word' id='word_1_830' title='bbox 3006 5312 3263 5365; x_wconf 81' lang='lat' dir='ltr'>sermoni.</span> 
     </span>
    </p>
   </div>
   <div class='ocr_carea' id='block_1_117' title="bbox 2053 5379 3624 5454">
    <p class='ocr_par' dir='ltr' id='par_1_117' title="bbox 2053 5379 3624 5454">
     <span class='ocr_line' id='line_1_117' title="bbox 2053 5379 3624 5454; baseline 0.004 -22"><span class='ocrx_word' id='word_1_831' title='bbox 2053 5383 2164 5451; x_wconf 84' lang='lat'>(28)</span> <span class='ocrx_word' id='word_1_832' title='bbox 2192 5380 2277 5434; x_wconf 87' lang='lat' dir='ltr'>Ita</span> <span class='ocrx_word' id='word_1_833' title='bbox 2307 5395 2451 5433; x_wconf 89' lang='lat' dir='ltr'>mss.</span> <span class='ocrx_word' id='word_1_834' title='bbox 2485 5379 2846 5454; x_wconf 79' lang='lat' dir='ltr'>antiquiores</span> <span class='ocrx_word' id='word_1_835' title='bbox 2875 5396 2943 5434; x_wconf 82' lang='lat' dir='ltr'>ex</span> <span class='ocrx_word' id='word_1_836' title='bbox 2978 5380 3115 5454; x_wconf 59' lang='lat' dir='ltr'>LXX</span> <span class='ocrx_word' id='word_1_837' title='bbox 3148 5382 3417 5453; x_wconf 89' lang='lat' dir='ltr'>Interpr.,</span> <span class='ocrx_word' id='word_1_838' title='bbox 3467 5383 3624 5454; x_wconf 88' lang='lat' dir='ltr'>apud</span> 
     </span>
    </p>
   </div>
   <div class='ocr_carea' id='block_1_118' title="bbox 1985 5449 3625 5527">
    <p class='ocr_par' dir='ltr' id='par_1_118' title="bbox 1985 5449 3625 5527">
     <span class='ocr_line' id='line_1_118' title="bbox 1985 5449 3625 5527; baseline 0.002 -22"><span class='ocrx_word' id='word_1_839' title='bbox 1985 5449 2253 5527; x_wconf 36' lang='lat' dir='ltr'>qu&#39;os&#39;ogx</span> <span class='ocrx_word' id='word_1_840' title='bbox 2276 5456 2476 5527; x_wconf 55' lang='grc' dir='ltr'>ἐφήσεις</span> <span class='ocrx_word' id='word_1_841' title='bbox 2504 5449 2816 5527; x_wconf 35' lang='grc' dir='ltr'>ἄργαξιΑἶὶἱ,</span> <span class='ocrx_word' id='word_1_842' title='bbox 2849 5454 2905 5505; x_wconf 91' lang='lat' dir='ltr'>et</span> <span class='ocrx_word' id='word_1_843' title='bbox 2932 5449 3040 5504; x_wconf 78' lang='lat' dir='ltr'>vel.</span> <span class='ocrx_word' id='word_1_844' title='bbox 3074 5454 3237 5521; x_wconf 90' lang='lat' dir='ltr'>edit.,</span> <span class='ocrx_word' id='word_1_845' title='bbox 3287 5449 3413 5511; x_wconf 17' lang='lat' dir='ltr'>noni</span> <span class='ocrx_word' id='word_1_846' title='bbox 3434 5449 3625 5527; x_wconf 73' lang='lat' dir='ltr'>coques</span> 
     </span>
    </p>
   </div>
   <div class='ocr_carea' id='block_1_119' title="bbox 1982 5519 2793 5593">
    <p class='ocr_par' dir='ltr' id='par_1_119' title="bbox 1982 5519 2793 5593">
     <span class='ocr_line' id='line_1_119' title="bbox 1982 5519 2793 5593; baseline 0.002 -18"><span class='ocrx_word' id='word_1_847' title='bbox 1982 5519 2151 5593; x_wconf 71' lang='lat' dir='ltr'>ovem.</span> <span class='ocrx_word' id='word_1_848' title='bbox 2178 5519 2522 5593; x_wconf 44' lang='lat' dir='ltr'>Xulgatayu</span> <span class='ocrx_word' id='word_1_849' title='bbox 2549 5519 2793 5593; x_wconf 62' lang='lat' dir='ltr'>laedam.</span> 
     </span>
    </p>
   </div>
   <div class='ocr_carea' id='block_1_120' title="bbox 2053 5590 3441 5665">
    <p class='ocr_par' dir='ltr' id='par_1_120' title="bbox 2053 5590 3441 5665">
     <span class='ocr_line' id='line_1_120' title="bbox 2053 5590 3441 5665; baseline 0.001 -15"><span class='ocrx_word' id='word_1_850' title='bbox 2053 5591 2146 5665; x_wconf 82' lang='lat'>(&#39;29</span> <span class='ocrx_word' id='word_1_851' title='bbox 2175 5590 2326 5649; x_wconf 49' lang='lat' dir='ltr'>Mss.’</span> <span class='ocrx_word' id='word_1_852' title='bbox 2351 5590 2466 5648; x_wconf 83' lang='lat' dir='ltr'>fere</span> <span class='ocrx_word' id='word_1_853' title='bbox 2497 5590 2566 5648; x_wconf 88' lang='lat' dir='ltr'>ad</span> <span class='ocrx_word' id='word_1_854' title='bbox 2593 5607 2796 5663; x_wconf 86' lang='lat' dir='ltr'>unum,</span> <span class='ocrx_word' id='word_1_855' title='bbox 2827 5592 3052 5665; x_wconf 79' lang='lat' dir='ltr'>facilius</span> <span class='ocrx_word' id='word_1_856' title='bbox 3077 5595 3311 5664; x_wconf 76' lang='lat' dir='ltr'>abhinc,</span> <span class='ocrx_word' id='word_1_857' title='bbox 3335 5598 3441 5652; x_wconf 88' lang='lat' dir='ltr'>etc.</span> 
     </span>
    </p>
   </div>
  </div>
