3932 6212
315 370 435 440 303

1776 375 1845 435 S.
1889 371 2265 435 AMBROSII

3579 362 3691 438 303

316 508 494 580 plices
526 513 753 563 mentes
791 507 1085 563 malitiosa
1116 506 1592 579 interpretatione
1623 505 1952 559 traducant.
1982 505 2039 570 Α
2068 504 2114 557 si
2150 503 2206 557 in
2240 503 2313 558 iis
2342 520 2468 574 quae
2500 502 2921 559 irrationabilia
2940 507 3077 559 sunt
3099 502 3438 571 animantia,
3458 507 3687 577 quidam

314 597 581 669 Plerique
611 598 791 665 enim,
824 614 1075 669 quorum
1109 600 1309 651 auctor
1356 594 1608 667 Apelles,
1661 596 1811 649 sicut
1861 593 1957 647 ha-

314 685 415 741 bes
444 687 501 740 in
532 686 829 741 tricesimo
860 691 915 740 et
946 695 1143 741 octavo
1174 692 1331 741 torno
1362 688 1512 755 ejus,
1545 685 1649 739 has
1682 684 1955 754 quaestio-

314 792 417 830 nes
447 779 817 847 proponunt:
852 777 1151 840 Quomodo
1184 774 1409 847 lignum
1433 776 1561 828 vitae
1587 773 1954 844 pluSOperari

314 863 545 917 videtur
573 864 644 918 ad
678 864 877 930 vitam,
910 881 1087 934 quam
1122 864 1442 918 insut‘tlatio
1474 862 1615 917 Dei?
1645 862 1862 916 Deinde
1908 862 1955 913 si

316 951 614 1006 hominem
645 969 759 1007 non
792 952 1109 1022 perfectum
1143 953 1296 1017 fecit,
1333 957 1506 1018 Deus;
1544 950 1957 1021 unusquisque

314 1044 509 1094 autem
531 1056 635 1111 per
665 1039 1019 1095 industriam
1052 1041 1348 1112 prOpriam
1381 1040 1791 1111 perfectionem
1842 1038 1951 1091 sibi

314 1128 549 1183 virtutis
608 1127 911 1183 adsciscit:
944 1146 1134 1183 nonne
1164 1129 1393 1181 videtur
1434 1128 1566 1199 plus
1616 1128 1725 1182 sibi
1786 1126 1958 1180 homo

317 1218 638 1287 acquirere,
673 1234 849 1287 quam
898 1217 949 1271 ei
995 1217 1148 1271 Deus
1209 1216 1494 1271 contulit9
1542 1216 1807 1270 Tertium
1867 1216 1962 1269 ob-

309 1304 552 1377 jiciunt:
586 1304 651 1359 Et
682 1305 730 1359 si
762 1305 935 1360 homo
968 1322 1080 1360 non
1131 1310 1463 1377 gustaverat
1523 1310 1793 1369 mortem,
1847 1305 1957 1357 uti-

319 1410 431 1465 que
462 1411 639 1465 quam
672 1411 785 1448 non
818 1399 1174 1465 gustaverat,
1209 1394 1355 1448 scire
1381 1411 1490 1448 non
1522 1397 1768 1464 poterat.
1814 1393 1959 1462 Ergo

320 1481 513 1538 sinon
559 1486 892 1555 gustaverat
956 1483 1104 1539 I56
1159 1483 1479 1537 nesciebat:
1539 1481 1587 1535 si
1642 1480 1959 1545 nesciebat,

321 1572 526 1627 timere
558 1588 671 1625 non
705 1576 952 1643 poterat.
994 1572 1234 1626 Frustra
1264 1572 1442 1643 igitur
1494 1575 1645 1625 Deus
1709 1575 1959 1623 mortem

314 1678 419 1731 pro
438 1663 656 1714 terrore
686 1659 922 1729 objecit,
954 1677 1132 1731 quam
1167 1659 1433 1714 homines
1467 1677 1581 1713 non
1614 1659 1920 1713 timebant.

387 1748 476 1802 29.
510 1748 815 1803 Discamus
849 1748 1027 1821 igitur
1070 1749 1225 1819 quod
1278 1747 1353 1802 ibi
1402 1747 1631 1819 lignum
1678 1748 1806 1801 vita:
1858 1747 1960 1802 ubi

2066 593 2137 647 de
2168 592 2409 646 adverso
2441 608 2649 663 genere
2681 591 3366 647 animantiumnaturalis
3387 596 3473 648 est
3492 598 3686 663 terror,

2067 687 2128 734 ut
2176 682 2352 734 etiam
2409 681 2835 735 irrationabilia
2881 698 3120 736 sensum
3168 681 3452 753 fugiendae
3495 684 3687 739 mortis

2067 770 2389 840 accipiant:
2423 778 2641 841 quanto
2675 772 2862 842 magis
2892 771 2948 824 in
2982 771 3170 841 primo
3199 770 3433 825 homine
3464 771 3689 828 rationis

2068 861 2270 929 utique
2302 858 2662 929 plenissimo,
2696 858 2978 913 naturalis
3000 859 3265 931 quaedam
3286 859 3476 931 opinio
3498 860 3690 915 mortis

2068 948 2269 1001 debuit
2299 964 2427 1002 esse
2442 949 2710 1004 vitandae.

2705 1055 2939 1110 CAPUT
2968 1055 3063 1112 VI.

2069 1144 2218 1196 .tliris
2243 1145 2431 1213 plures
2459 1143 2821 1198 dubitationes
2860 1147 3008 1198 circa
3050 1153 3389 1216 prmceptum
3436 1145 3563 1201 Adae
3602 1144 3693 1199 da-

2141 1220 2275 1280 tum,
2307 1221 2356 1269 et
2386 1218 2514 1270 Era:
2541 1218 3048 1285 praevaricationem
3078 1218 3346 1271 excitatas
3378 1216 3558 1271 diluit.

2138 1303 2226 1357 30.
2262 1304 2485 1357 Rursus
2519 1304 2741 1358 iaciunt
2766 1305 2912 1359 alias
2954 1303 3305 1375 quaestiones
3352 1303 3459 1359 hoc
3499 1304 3691 1358 modo:

2068 1392 2192 1447 Non
2226 1410 2456 1462 semper
2483 1392 2578 1457 (xu,
2610 1409 2669 1463 q.
2704 1394 2754 1459 1,
2803 1409 2855 1448 c.
2898 1393 3013 1447 Non
3068 1396 3301 1464 semper)
3350 1391 3568 1446 malum
3615 1396 3697 1447 est

2070 1499 2183 1535 non
2216 1482 2450 1535 obedire
2481 1485 2783 1552 praecepto.
2810 1481 2867 1535 Si
2897 1482 3056 1536 enim
3104 1482 3325 1536 bonum
3373 1485 3461 1537 est
3496 1496 3694 1553 praece-

2072 1576 2259 1640 ptum,
2294 1570 2535 1624 honesta
2578 1575 2667 1623 est
2715 1570 2998 1625 obeditio:
3058 1569 3215 1641 quod
3276 1569 3326 1625 si
3376 1569 3696 1640 improbum
3794 1564 3797 1569 ⁴

2070 1666 2443 1729 ρτευςρριυιῑι,
2476 1675 2591 1713 non
2648 1659 2882 1713 obedire
2913 1658 3074 1714 utile.
3124 1659 3273 1729 Ergo
3325 1675 3441 1713 non
3479 1671 3699 1729 semper

2072 1745 2293 1799 malum
2326 1751 2412 1799 cst
2445 1763 2557 1800 non
2590 1746 2823 1801 obedire
2856 1752 3178 1818 praecepto:
3212 1746 3316 1801 sed
3374 1747 3523 1801 bono
3563 1762 3700 1818 prae-

316 1834 731 1913 etiamlignum
758 1837 1009 1892 scientia:
1028 1838 1162 1891 boni
1191 1836 1401 1891 etmali
1426 1837 1954 1909 produxeritDeus.
1992 1866 2039 1930 B
2073 1839 2234 1905 cepto
2267 1851 2379 1889 non
2412 1835 2647 1890 obedire
2678 1835 3011 1905 improbum
3041 1840 3150 1890 est.
3174 1836 3397 1890 Bonum
3420 1837 3702 1889 autemest

316 1923 506 1981 Habes
534 1926 691 1980 enim
723 1925 859 1997 quia
886 1926 1163 1998 produxit
1221 1925 1447 1997 lignum
1480 1926 1607 1979 vitae
1638 1934 1833 1996 ἐνμέςῳ
1873 1927 1963 1995 (30

317 2023 404 2070 τοὺ
433 2022 741 2086 παραδείσου,
793 2014 899 2069 hoc
942 2019 1050 2081 est,
1108 2015 1166 2069 in
1220 2017 1409 2069 medio
1454 2015 1726 2086 paradisi.
1790 2015 1958 2084 Apud

316 2119 423 2159 nos
453 2104 607 2159 enim
638 2112 689 2160 ἐν
885 2104 1253 2176 intelligitur,
1285 2104 1441 2173 quod
1486 2104 1544 2157 in
1577 2104 1768 2158 medio
1822 2120 1960 2174 pro-

318 2192 565 2248 duxerit.
597 2193 747 2264 Ergo
806 2195 864 2247 in
899 2193 1092 2247 medio
1151 2191 1421 2263 paradiso
1451 2197 1507 2246 et
1566 2193 1683 2246 vita
1729 2198 1853 2246 erat
1908 2197 1963 2246 et

318 2296 497 2335 causa
527 2281 752 2335 mortis.
778 2279 1040 2352 lntellige
1085 2280 1195 2349 (3t)
1242 2281 1380 2351 quia
1431 2297 1541 2335 non
1596 2280 1770 2334 homo
1830 2280 1963 2334 fecit

316 2367 518 2435 vitam,
552 2368 653 2423 sed
684 2368 771 2423 vel
828 2369 1120 2439 operando
1150 2368 1238 2423 vel
1269 2369 1651 2423 custodiendo
1688 2369 1964 2423 mandata

324 2456 420 2511 Dei
452 2456 639 2527 potuit
669 2456 945 2512 invenire.
980 2457 1111 2511 Erat
1144 2462 1338 2512 autem
1369 2461 1497 2523 vita,
1540 2457 1691 2512 sicut
1718 2459 1961 2529 Aposto-

319 2543 413 2599 lus
434 2543 599 2612 dixit,
632 2545 941 2600 abscondita
970 2564 1094 2600 cum
1125 2546 1335 2600 Christo
1366 2549 1420 2600 in
1457 2549 1560 2602 Deo
1602 2547 1822 2605 (Coloss.
1875 2565 1958 2614 1:1,

317 2633 393 2703 3).
444 2633 627 2689 Homo
682 2650 818 2707 ergo
878 2635 996 2690 sive
1028 2635 1085 2688 in
1144 2636 1353 2689 umbra
1397 2635 1525 2688 vita:
1558 2641 1681 2689 erat
1730 2642 1965 2707 propter

319 2721 496 2777 vitam
529 2722 787 2777 futuram
822 2722 951 2794 (32),
984 2724 1123 2793 quia
1156 2723 1361 2776 umbra
1389 2727 1477 2778 est
1506 2723 1625 2776 haec
1652 2740 1779 2793 quae
1807 2740 1963 2778 nunc

278 2803 521 2865 'nostra
549 2815 639 2865 est
664 2812 782 2865 vita
810 2812 869 2864 in
923 2816 1097 2877 terra,
1145 2811 1261 2865 sive
1308 2811 1366 2864 in
1418 2812 1673 2881 quodam
1722 2811 1961 2883 pignore

318 2899 446 2953 vitae
477 2898 775 2969 erat,quia
803 2897 1524 2954 habebatinsulﬂationem
1548 2900 1670 2954 Dei.
1704 2902 1963 2955 Habebat

320 3003 457 3058 ergo
490 2985 703 3058 pignus
735 2985 1220 3043 immortalitatis:
1258 2988 1357 3043 sed
1392 2988 1449 3043 in
1482 2990 1692 3043 umbra
1712 2990 1840 3043 vitae
1870 3007 1963 3061 po-

320 3075 471 3131 situs
500 3075 907 3131 absconditam
938 3075 1116 3130 vitam
1135 3093 1268 3131 cum
1284 3076 1582 3133 Cbristoin
1612 3078 1726 3133 Deo
1740 3078 1961 3150 vulgari

320 3165 575 3239 quodam
606 3168 762 3219 tactu
794 3169 850 3220 et
880 3169 1115 3237 aspectu
1153 3166 1345 3222 videre
1383 3171 1437 3222 et
1468 3184 1672 3239 capere
1704 3185 1817 3222 non
1854 3185 1960 3240 po-

2081 1927 2109 1977 l
2127 1924 2217 1977 57
2260 1924 2653 1993 Operatorium
2686 1923 3033 1994 cognitionis
3049 1924 3185 1978 boni
3210 1928 3271 1979 et
3291 1922 3427 1977 mali
3454 1922 3698 1994 lignum;

2071 2012 2544 2083 quandoquidem
2588 2011 2741 2073 Deus
2787 2018 2843 2067 et
2891 2013 3108 2068 bonum
3140 2017 3199 2067 et
3256 2011 3477 2068 malum
3534 2009 3700 2066 novit.

2073 2100 2331 2171 Denique
2364 2102 2481 2155 ait:
2524 2102 2652 2155 Ecce
2700 2101 2871 2155 Adam
2917 2103 3094 2172 factus
3136 2109 3213 2156 est
3265 2109 3526 2173 tanquam
3571 2115 3704 2155 unus

2072 2192 2319 2243 nostrum
2349 2190 2460 2256 (3-4)
2520 2189 2668 2257 χϐεη.
2726 2207 2807 2258 ιιι,
2860 2194 2972 2257 22;.
3007 2191 3065 2244 Si
3098 2190 3283 2260 igitur
3334 2190 3555 2245 bonum
3623 2192 3705 2244 est

2072 2279 2375 2332 scientiam
2408 2278 2620 2332 habere
2645 2279 2781 2333 boni
2834 2285 2891 2333 et
2940 2277 3079 2333 mali
3131 2280 3271 2349 (35),
3313 2279 3469 2334 bona
3518 2281 3704 2333 autem

2070 2373 2158 2422 est
2188 2384 2367 2437 quam
2398 2368 2573 2422 etiam
2608 2367 2762 2423 Deus
2789 2368 2982 2433 habet,
3014 2367 3243 2421 videtur
3274 2367 3376 2438 qui
3422 2364 3708 2423 interdicit

2071 2473 2197 2511 eam
2232 2456 2590 2521 hominibus,
2625 2474 2736 2511 non
2771 2462 2921 2513 recte
2953 2456 3337 2519 interdicere;
3372 2456 3545 2528 idque
3590 2470 3708 2526 pro-

2072 2550 2318 2617 ponunt.
2378 2546 2489 2600 Sed
2538 2546 2586 2599 si
2638 2544 2968 2616 intelligant
3037 2544 3176 2616 quid
3227 2545 3307 2600 sit
3352 2557 3706 2617 cognoscere,

2073 2651 2248 2705 quam
2286 2634 2396 2686 vim
2434 2634 2643 2687 habeat
2674 2633 2781 2689 hoc
2814 2634 3095 2688 verbum:
3153 2632 3202 2687 si
3258 2634 3344 2689 sic
3392 2631 3712 2703 intelligant

2072 2723 2571 2794 quemadmodum
2619 2728 2868 2793 oportet,
2914 2723 3165 2790 cognovit
3219 2722 3382 2776 enim
3463 2722 3711 2776 Dominus

2070 2813 2170 2884 qui
2213 2821 2340 2865 sunt
2405 2814 2573 2881 ipsius
2606 2814 2675 2866 (11
2722 2813 2853 2884 Tim.
2898 2829 2960 2877 ιι,
3018 2812 3137 2881 19);
3194 2810 3470 2884 cognovit
3518 2809 3712 2880 utique

2071 2917 2169 2955 eos
2219 2900 2319 2971 qui
2369 2916 2555 2954 unum
2585 2916 2653 2954 ex
2702 2899 2972 2971 pluribus
3004 2899 3140 2954 facti
3199 2903 3362 2965 sunt,
3394 2899 3455 2953 in
3505 2897 3713 2970 quibus

2071 2988 2380 3055 inhabitat,
2432 2994 2488 3043 et
2527 2988 2589 3043 in
2637 2989 2853 3059 quibus
2916 2987 3305 3060 perambulat.
3362 2986 3713 3060 Cognoscere

2071 3078 2273 3149 utique
2304 3094 2417 3131 non
2450 3077 2507 3130 in
2543 3077 2665 3132 sola
2695 3082 2749 3131 et
2782 3076 3174 3149 perfunctorie
3203 3076 3454 3132 scientia
3480 3080 3589 3140 est,
3613 3073 3709 3129 sed

2072 3167 2130 3220 in
2158 3184 2359 3221 eorum
2392 3166 2725 3238 operatione
2769 3181 2894 3237 qua:
2946 3169 3208 3236 oporteat
3254 3165 3402 3221 fieri.
3455 3160 3714 3236 Oportuit

320 3258 488 3311 terat.
524 3254 591 3308 Et
620 3253 667 3309 si
720 3254 982 3310 nondum
1033 3260 1319 3326 peccator,
1352 3272 1467 3311 non
1528 3261 1723 3311 tamen
1771 3256 1959 3312 incor-
1993 3232 2035 3298 (ἶ
2074 3259 2267 3310 autem
2301 3254 2598 3309 hominem
2630 3254 2864 3309 obedire
2896 3254 3192 3323 mandato,
3225 3271 3345 3310 non
3394 3250 3711 3310 obediendo

320 3348 504 3416 rupta:
537 3342 1005 3416 inviolabilisque
1037 3348 1286 3411 naturae;
1338 3351 1404 3399 ut
1437 3349 1565 3416 pote
1614 3346 1714 3417 qui
1761 3351 1963 3417 postea

322 3436 559 3505 peccato
589 3430 789 3502 lapsus
820 3438 928 3501 est,
961 3449 1330 3504 nequaquam
1364 3439 1558 3488 autem
1586 3434 1778 3490 adhuc
1824 3452 1959 3507 pec-

322 3525 503 3576 cator.
562 3519 823 3591 Denique
874 3521 930 3575 in
982 3523 1188 3576 umbra
1228 3523 1357 3577 vitae
1405 3527 1557 3578 erat:
1610 3522 1708 3595 qui
1762 3529 1959 3580 autem

319 3612 654 3680 peccatores
686 3614 843 3677 sunt,
878 3610 937 3663 in
974 3612 1181 3665 umbra
1198 3611 1402 3666 mortis
1417 3612 1959 3669 sunt.Peccatorem

320 3697 480 3753 enim
535 3696 810 3769 populus,
862 3699 1016 3753 sicut
1069 3699 1221 3753 Isaia
1291 3700 1458 3755 docet
1530 3702 1657 3769 (lsa.
1736 3719 1810 3769 IX,
1880 3705 1956 3774 2),

318 3785 560 3842 sedebat
578 3785 636 3840 in
670 3787 879 3843 umbra
910 3788 1134 3847 mortis,
1168 3787 1259 3841 cui
1293 3787 1392 3843 lux
1421 3794 1547 3844 orta
1578 3806 1679 3860 per
1699 3790 1799 3845 Dei
1826 3807 1958 3863 gra-

316 3873 481 3943 tiam,
514 3891 630 3931 non
661 3892 763 3947 per
793 3892 909 3931 sua:
962 3875 1192 3933 virtutis
1246 3877 1541 3933 meritum.
1604 3878 1753 3950 Ergo
1808 3881 1958 3935 inter

314 3962 775 4020 insufﬂationem
805 3964 928 4031 Dei,
958 3968 1015 4020 et
1043 3965 1391 4038 escamligni
1413 3966 1539 4020 vitae
1563 3965 1724 4021 nulla
1745 3967 1953 4023 discre-

311 4051 414 4107 tio.
445 4051 558 4110 Nec
614 4052 912 4111 hominem
974 4053 1105 4126 quis
1165 4058 1358 4127 potest
1413 4055 1605 4110 dicere
1654 4054 1786 4127 plus
1843 4057 1954 4111 sibi

309 4156 482 4213 posse
511 4142 831 4215 acquirere,
865 4161 1044 4216 quam
1066 4145 1265 4200 divina
1296 4145 1346 4199 ei
1379 4144 1646 4217 largitate
1678 4144 1952 4201 collatum

308 4233 417 4286 est.
473 4229 707 4286 Utinam
765 4236 1068 4304 acceptum
1122 4236 1317 4288 tenere
1373 4250 1701 4304 possemus.
1765 4234 1955 4289 Labor

308 4318 520 4374 etenim
572 4324 769 4375 noster
814 4337 880 4376 eo
938 4320 1185 4393 proﬁcit,
1218 4326 1283 4376 ut
1334 4337 1461 4392 quas
1521 4323 1740 4377 tributa
1788 4328 1948 4389 sunt,

307 4422 701 4463 resumamus.
733 4409 996 4464 Tertium
1029 4409 1173 4464 illud
1206 4411 1360 4481 quod
1421 4411 1786 4482 propositum
1837 4418 1945 4478 est,

307 4492 445 4565 quia
477 4494 578 4565 qui
610 4500 851 4551 mortem
885 4513 999 4551 non
1038 4503 1391 4570 gustaverat,
1450 4504 1694 4555 mortem
1742 4499 1946 4556 timere

2072 3350 2264 3399 autem
2311 3343 2716 3416 praevaricatus
2770 3349 2878 3398 est.
2913 3342 3096 3415 Igitur
3126 3343 3227 3414 qui
3278 3360 3397 3398 non
3447 3339 3711 3405 obedivit,

2069 3434 2299 3501 erravit,
2347 3433 2486 3504 quia
2536 3431 2927 3504 praevaricatio
2978 3437 3280 3504 peccatum
3339 3436 3451 3488 est.
3502 3428 3713 3486 Verum

2068 3523 2241 3579 etiam
2274 3521 2324 3575 si
2381 3528 2691 3577 extenuare
2746 3520 2922 3576 velint
2967 3522 3084 3575 vim
3135 3521 3593 3592 cognitionibus,
3652 3521 3714 3571 ut

2069 3610 2522 3684 perfunctoriam
2554 3609 2857 3665 scientiam
2889 3610 3027 3665 boni
3058 3613 3115 3665 et
3144 3609 3285 3664 mali
3344 3607 3712 3665 interdictam

2068 3705 2293 3771 putent,
2328 3700 2386 3755 in
2416 3717 2482 3754 eo
2513 3716 2745 3771 quoque
2760 3698 3252 3770 prazvaricationis
3283 3698 3461 3770 culpa
3481 3701 3572 3754 est
3599 3711 3711 3751 non

2066 3789 2365 3846 obeditum
2396 3804 2525 3844 esse
2558 3788 2861 3854 mandato;
2897 3786 3036 3858 quia
3063 3786 3242 3842 etiam
3265 3785 3710 3842 tumultuariam

2068 3877 2370 3933 scientiam
2404 3876 2539 3932 boni
2573 3882 2631 3931 et
2660 3875 2801 3931 mali
2832 3875 3116 3932 Dominus
3146 3874 3301 3931 Deus
3325 3875 3552 3947 putavit
3571 3872 3712 3929 inhi-

2065 3967 2338 4022 bendam.

2135 4056 2223 4112 3t.
2256 4054 2380 4110 Alia
2410 4054 2680 4125 quaestio:
2723 4053 2831 4119 Qui
2872 4070 2986 4109 non
3035 4054 3340 4126 cognoscit
3390 4055 3613 4110 bonum
3654 4054 3707 4106 et

2064 4143 2311 4214 malum,
2345 4143 2490 4198 nihil
2522 4160 2556 4198 a
2583 4142 2823 4214 parvulo
2853 4142 3051 4198 distat.
3074 4142 3309 4199 Parvuli
3329 4148 3527 4199 autem
3554 4138 3703 4212 apud

2054 4234 2283 4304 justum
2311 4232 2569 4302 judicem
2598 4229 2763 4285 nulla
2781 4234 2870 4286 est
2890 4230 3082 4303 culpa.
3114 4230 3326 4288 Justus
3346 4236 3547 4288 autem
3577 4243 3704 4301 ope-

2060 4325 2217 4377 rator
2246 4320 2451 4375 mundi
2483 4335 2788 4390 nunquam
2808 4319 3119 4391 parvulum
3158 4324 3433 4376 vocasset
3477 4314 3539 4374 in
3588 4312 3704 4372 cul-

2059 4427 2214 4481 pam,
2273 4414 2506 4481 propter
2561 4407 2716 4480 quod
2773 4425 2890 4463 non
2943 4413 3291 4481 cognoverat
3350 4410 3574 4465 bonum
3653 4410 3706 4460 et

2056 4500 2279 4555 malum
2307 4516 2321 4566 ;
2355 4499 2493 4570 quia
2522 4496 2800 4569 parvulus
2824 4497 2948 4553 sine
2983 4495 3102 4553 ullo
3131 4502 3219 4553 est
3250 4493 3505 4554 crimine
3560 4510 3700 4568 prie-

307 4597 422 4636 non
456 4585 697 4653 poterat,
723 4583 886 4640 facile
916 4603 983 4640 ex
1014 4588 1345 4643 communis
1376 4592 1597 4643 natura:
1629 4606 1737 4643 usu
1778 4589 1946 4645 abso-
1976 4596 2025 4662 1)
2054 4587 2431 4644 varicationis
2462 4591 2518 4641 et
2547 4585 2751 4657 culpas.
2782 4585 2998 4640 Verum
3028 4602 3162 4641 cum
3196 4586 3254 4640 in
3298 4583 3699 4659 superioribus

302 4666 586 4725 lutionem
618 4669 811 4726 habet.
847 4673 945 4728 Est
973 4675 1123 4730 cnim
1158 4681 1386 4744 natura,
1410 4677 1650 4731 insitum
1674 4678 1948 4734 omnibus

303 4759 726 4829 animantibus,
764 4768 824 4817 ut
872 4763 1047 4819 etiam
1098 4782 1224 4837 quae
1285 4766 1545 4820 nondum
1578 4766 1691 4820 sibi
1741 4783 1947 4822 nocere

300 4852 536 4920 experta
564 4854 722 4918 sunt,
758 4852 924 4923 quasi
957 4854 1128 4908 noxia
1158 4854 1556 4909 reformident.
1576 4854 1735 4909 Unde
1765 4855 1943 4926 enim,

297 4938 580 4994 columbae
605 4939 663 4994 in
698 4940 822 5012 ipso
855 4941 946 4996 sui
973 4948 1099 4997 ortu
1128 4942 1231 4997 visi
1269 4948 1451 4998 terror
1466 4942 1760 5014 accipitris
1790 4945 1943 5015 (33)?

295 5025 457 5083 Unde
487 5026 610 5100 lupi
644 5031 849 5085 ovibus
882 5031 1309 5099 formidabiles,
1346 5030 1521 5102 pullis
1552 5032 1749 5087 milvi?
1778 5034 1939 5097 Quod

366 5170 478 5239 (30)
518 5170 917 5245 Mss._omnes
972 5179 1092 5245 tam
1151 5174 1495 5245 depravatos
1578 5175 1941 5233 characteres

293 5239 521 5317 graecos
541 5241 833 5317 exhibent,
869 5250 933 5298 ut
984 5244 1093 5315 legi
1149 5239 1460 5317 nequeant.
1514 5247 1761 5310 Quidam
1805 5265 1938 5304 vero

296 5309 506 5388 Lating
523 5313 807 5388 scribunt,
840 5309 1068 5386 Apama}
1095 5309 1257 5371 enim'
1272 5309 1608 5388 intelligitur
1656 5320 1718 5373 in
1764 5335 1937 5376 ames-

292 5397 446 5462 nos.”
467 5381 687 5462 Edith._
719 5381 893 5462 Am._,'
933 5394 1162 5462 e'vpsaou
1195 5413 1376 5462 poevug.
1408 5381 1608 5462 Quare
1633 5460 1667 5462 Η
1690 5388 1747 5443 in
1796 5407 1934 5462 icor-

293 5456 732 5530 ruptionetanta
748 5458 935 5512 satius
953 5456 1183 5514 videtur
1196 5456 1269 5514 ab
1283 5459 1454 5515 editis
1476 5476 1590 5515 non
1615 5460 1934 5530 discedere,

327 5521 478 5648 t(£34)
506 5521 710 5581 Plures
740 5544 909 5598 mss.,
940 5532 992 5582 et
1015 5545 1235 5585 causam
1272 5533 1464 5586 mortis
1522 5532 1766 5600 intellige
1813 5521 1932 5602 quis

290 5608 401 5653 910.

359 5664 452 5739 32)
483 5662 621 5723 Mss.
653 5684 833 5744 prope
863 5684 1088 5739 omnes,
1113 5678 1332 5745 propter
1367 5671 1604 5746 ﬁguram
1660 5675 1930 5747 futuram.

2057 4676 2377 4734 dixerimus
2399 4674 2691 4746 duplicem
2725 4690 2854 4729 esse
2884 4672 3245 4729 intellectum
3277 4672 3541 4730 scientia:
3572 4666 3700 4726 boni

2055 4770 2111 4822 et
2168 4765 2326 4832 mali,
2388 4764 2435 4818 si
2494 4763 2949 4835 perfunctoriam
3002 4762 3311 4818 scientiam
3362 4760 3700 4835 accipimus,

2056 4856 2257 4927 utique
2290 4852 2502 4909 falsum
2533 4857 2621 4907 est
2652 4852 2804 4923 quod
2843 4850 2990 4906 nihil
3020 4851 3199 4907 distet
3227 4868 3261 4905 a
3308 4850 3574 4924 parvulo,
3608 4845 3702 4918 qui

2054 4962 2169 4999 non
2202 4940 2470 5015 cognovit
2500 4941 2721 4997 bonum
2752 4945 2807 4996 et
2839 4939 3082 4997 malum.
3118 4940 3177 4996 Si
3234 4946 3437 4996 autem
3489 4937 3697 4994 falsum

2052 5038 2140 5089 est
2161 5033 2315 5105 quod
2346 5029 2493 5085 nihil
2518 5030 2697 5084 distet
2717 5047 2751 5084 a
2780 5028 3055 5102 parvulo;
3087 5045 3224 5102 ergo
3260 5046 3383 5085 non
3425 5024 3701 5101 parvulus

2120 5177 2230 5245 (33)
2265 5173 2405 5228 Mss.
2438 5175 2569 5228 Vat.
2596 5175 2653 5226 et
2678 5172 2739 5245 ξς
2782 5170 2956 5227 Mich.
2976 5170 3182 5245 prima
3210 5186 3418 5245 manu,
3452 5171 3568 5245 viso
3595 5171 3698 5223 ter-

2048 5240 2238 5302 rentur
2293 5246 2573 5315 accipitre.
2626 5240 3061 5315 Aliinonnuﬁlli,
3111 5244 3253 5315 visu,
3306 5240 3558 5315 valvis”
3590 5247 3699 5294 ter-

2049 5334 2227 5372 rorem
2254 5312 2557 5387 accz’piunt.
2593 5315 2656 5368 In
2680 5312 2923 5385 reliquis
2955 5314 3071 5368 fere
3101 5312 3246 5387 nihil
3276 5312 3436 5387 sani.

2119 5390 2228 5459 (34)
2257 5380 2421 5442 Rom.
2456 5386 2619 5454 edit.,
2679 5380 2823 5439 unus
2877 5392 3125 5440 nostrum
3154 5383 3223 5438 ad
3277 5382 3568 5439 sciendum
3606 5380 3695 5436 bo-

2042 5477 2178 5514 num
2204 5464 2254 5513 et
2282 5459 2509 5512 malum.

2641 5528 2855 5585 Bonum
2892 5530 3078 5583 autem
3106 5497 3319 5599 lignum
3366 5521 3697 5595 cognitionis

2040 5610 2094 5661 et
2120 5602 2251 5660 boni
2277 5602 2437 5659 mali.
