3910 6210
242 352 358 447 39.5.

1523 356 1756 425 LIBER
1797 355 1901 427 DE
1945 352 2358 435 PARADISO.

3522 354 3644 449 ρρβ

240 488 444 544 Adam.
479 484 539 549 Si
569 504 684 547 non
714 482 1017 564 parvulas,
1050 487 1365 549 ascribitur
1395 492 1597 567 utique
1626 492 1675 547 ci
1710 490 1880 564 quasi
1909 491 1963 557 Α
1986 493 2244 565 paradiso
2268 493 2412 551 dicit
2440 491 2617 551 Deus:
2651 493 2770 552 Non
2795 493 3201 563 manducabitis
3249 508 3320 552 ex
3366 508 3427 552 eo
3482 460 3637 566 (Gen.

239 595 351 634 non
391 574 633 651 parvulo
687 582 1015 652 peccatum.
1066 581 1123 635 Si
1180 586 1483 653 peccatum
1542 580 1876 647 ascribitur,

1994 599 2076 646 ιιι,
2110 585 2162 636 2.
2196 582 2271 653 3).
2306 585 2389 638 Ita
2418 600 2556 656 ergo
2588 584 2807 640 sciebat
2854 585 3247 642 obediendum
3295 598 3425 641 esse
3471 599 3639 639 man-

240 666 505 739 sequitur
532 684 704 741 paena
732 672 1062 742 peccatum,
1121 671 1261 741 quia
1317 670 1532 743 dignus
1590 669 1883 725 invenitur
1993 670 2145 738 dato,
2178 676 2244 725 ut
2275 671 2531 727 diceret:
2564 673 2642 727 Ex
2673 673 2832 728 omni
2883 674 3075 729 fructu
3125 666 3637 740 manducabimus,

234 772 424 827 poena,
459 754 559 828 qui
603 762 910 828 peccatum
967 757 1153 812 vitare
1207 776 1320 813 non
1385 757 1713 831 procuravit
1746 758 1876 829 (36).

237 840 431 899 Potest
452 844 627 899 etiam
663 845 783 900 ﬁeri
835 849 901 901 ut
946 845 1122 902 etiam
1156 847 1254 918 qui
1290 847 1594 903 scientiam
1626 865 1741 903 non
1772 846 1880 902 ha-

234 930 330 986 bet
353 931 491 988 boni
523 937 581 987 et
612 931 771 1000 mali,
805 934 1081 1005 parvulus
1115 952 1229 990 non
1255 935 1367 991 sit:
1396 936 1673 1008 quoniam
1694 935 1879 1007 prius-

230 1036 409 1092 quam
441 1021 608 1076 scivit
634 1038 779 1093 puer
829 1022 1050 1079 bonum
1082 1030 1137 1079 et
1195 1024 1415 1080 malum
1468 1026 1596 1095 (Isa.
1630 1042 1729 1091 vn,
1770 1023 1876 1094 t6),

227 1124 345 1162 non
381 1109 628 1165 credidit
654 1109 913 1166 malitiae.
946 1111 1016 1166 Et
1046 1112 1257 1166 iterum
1289 1112 1469 1168 habes
1495 1130 1507 1167 :
1539 1114 1677 1181 Quia
1695 1115 1877 1184 prius-

226 1213 399 1268 quam
425 1200 564 1253 sciat
617 1216 757 1270 puer
814 1215 1004 1254 vocare
1056 1208 1291 1271 patrem,
1339 1203 1565 1272 accipiet
1616 1204 1879 1257 virtutem

223 1286 512 1351 Damasci,
536 1291 588 1342 et
615 1288 792 1358 spolia
819 1288 1093 1344 Samaria?
1122 1289 1247 1359 (lsa.
1280 1307 1401 1356 νηί,
1435 1290 1510 1359 4).
1574 1290 1876 1345 Perfectus

222 1390 369 1448 ergo
401 1375 503 1446 qui
537 1378 812 1448 operatur
865 1376 1107 1443 bonum,
1143 1377 1316 1432 etiam
1351 1376 1399 1432 si
1456 1377 1595 1433 boni
1626 1383 1682 1434 et
1737 1378 1877 1433 mali

217 1462 538 1535 scientiam
568 1480 684 1518 non
743 1463 988 1535 adeptus
1045 1464 1143 1530 sit,
1176 1469 1241 1519 ut
1290 1464 1461 1521 multi
1524 1467 1873 1538 priusquam

219 1550 418 1606 scient
449 1550 660 1622 legem,
694 1551 804 1624 ipsi
836 1551 945 1608 sibi
977 1550 1069 1607 lex
1098 1557 1238 1607 sunt
1268 1554 1440 1625 (Rom.
1475 1572 1533 1621 ιι,
1572 1556 1678 1625 14).
1712 1554 1875 1619 Quod

218 1637 545 1709 Apostolus
600 1639 945 1712 priusquam
1003 1640 1277 1696 diceret:
1341 1645 1461 1699 Non
1536 1645 1876 1714 concupisces

217 1727 402 1800 (Rom.
434 1742 536 1795 vn,
602 1730 676 1800 7),
738 1727 961 1783 malum
1014 1744 1142 1785 esse
1195 1731 1730 1803 concupiscentiam
1773 1747 1873 1786 ne-

1990 759 2147 831 quod
2177 759 2461 816 Dominus
2491 760 2917 833 imperaverat:
2953 763 3023 817 de
3047 761 3208 834 ligno
3240 766 3435 817 autem
3482 760 3638 833 quod

1989 852 2079 902 est
2108 848 2167 903 in
2200 848 2390 903 medio
2420 849 2714 920 paradiso,
2746 848 3097 920 imperatum
3132 867 3166 904 a
3195 849 3311 905 Deo
3342 849 3484 904 dicit
3522 864 3640 904 non

1988 953 2116 993 esse
2146 937 2527 1009 gustandum,
2555 954 2629 992 ne
2659 941 2844 993 morte
2878 942 3260 993 morerentur.
3301 938 3451 1009 Ergo
3501 937 3641 1009 quia

1988 1026 2154 1081 scivit
2184 1027 2561 1081 deferendum
2595 1043 2725 1081 esse
2759 1028 3033 1081 mandato
3066 1026 3200 1097 (38),
3235 1024 3399 1080 scivit
3437 1025 3641 1095 utique

1986 1113 2208 1169 malum
2231 1130 2357 1170 esse
2388 1114 2776 1187 prmvaricari,
2810 1118 2867 1169 et
2894 1113 3025 1170 ideo
3062 1115 3223 1185 juste
3264 1113 3642 1184 praevaricata

1987 1203 2325 1257 damnatur.

2056 1292 2144 1345 33.
2180 1290 2435 1362 Accipite
2465 1290 2623 1346 aliud
2651 1309 2662 1345 :
2696 1290 2753 1346 Si
2788 1289 3115 1362 assumptio
3147 1290 3218 1345 de
3258 1289 3420 1361 ligno
3455 1289 3640 1345 scien-

1988 1379 2078 1434 tiae
2109 1378 2245 1435 boni
2314 1384 2371 1435 et
2436 1379 2573 1434 mali
2642 1379 2723 1434 ita
2784 1379 3112 1450 operatoria
3142 1381 3285 1442 erat,
3320 1381 3387 1433 ut
3414 1378 3636 1433 bonum

1985 1471 2044 1523 et
2083 1467 2304 1523 malum
2346 1471 2793 1539 agnosceretur;
2839 1467 2993 1538 quod
3041 1466 3274 1521 videtur
3328 1466 3632 1537 Scriptura

1984 1557 2312 1622 ostendere,
2352 1556 2492 1611 dum
2560 1555 2739 1610 dicit:
2772 1625 2779 1629 θ
2808 1555 2954 1619 Quia
3011 1553 3114 1609 ubi
3169 1553 3638 1609 manducaverunt

1982 1647 2161 1711 ambo,
2197 1648 2374 1716 aperti
2398 1653 2526 1700 sunt
2560 1644 2707 1699 oculi
2734 1659 2950 1711 eorum,
2990 1646 3041 1698 et
3088 1646 3454 1711 cognoverunt
3500 1641 3639 1712 quod

1981 1733 2120 1788 nudi
2147 1736 2326 1788 essent
2357 1733 2518 1805 (Ibid.
2551 1734 2586 1787 6
2650 1741 2703 1787 et
2726 1732 2824 1802 7):
2894 1731 3003 1786 hoc
3070 1734 3179 1798 est,
3249 1730 3433 1801 aperti
3499 1732 3640 1785 sunt

221 1814 468 1871 sciebat.
496 1816 757 1888 Denique
814 1817 940 1888 ipse
970 1817 1092 1872 ait:
1156 1820 1442 1874 Peccatum
1492 1836 1601 1875 non
1651 1821 1876 1891 cognovi
1906 1855 1954 1922 B
1985 1821 2137 1876 oculi
2169 1821 2382 1887 cordis,
2415 1825 2471 1875 et
2514 1827 2904 1892 cognoverunt
2944 1822 3113 1890 turpe
3161 1833 3288 1874 esse
3338 1818 3528 1873 nudos
3576 1834 3637 1874 se

219 1905 339 1959 nisi
366 1920 467 1977 per
517 1905 707 1981 legem.
741 1906 880 1961 Nam
908 1908 1416 1977 concupiscentiam
1442 1909 1884 1974 nesciebam,nisi
1906 1905 1953 1922 ⁸
1988 1909 2235 1981 degere:
2269 1910 2395 1965 sine
2421 1908 2599 1964 dubio
2643 1907 2741 1963 ubi
2793 1907 3047 1980 gustavit
3100 1905 3312 1961 mulier
3359 1906 3429 1962 de
3477 1906 3635 1980 ligno

219 1993 311 2048 lea:
336 1992 579 2048 diceret:
614 1994 729 2049 Non
775 1996 1121 2065 concupisces
1154 1997 1357 2068 (Ibid.).
1391 1998 1476 2052 Ad
1509 2013 1690 2069 quam
1739 2014 1869 2069 par-

220 2085 339 2136 tem
373 2080 549 2138 etiam
584 2098 731 2154 puer
758 2086 950 2154 potest
981 2099 1110 2139 esse
1144 2085 1434 2156 perfectus
1458 2086 1594 2156 jure
1637 2090 1875 2151 naturae,

218 2170 571 2241 priusquam
602 2170 746 2225 sciat
776 2172 1311 2243 concupiscentiam
1340 2173 1559 2229 crimen
1598 2189 1746 2243 esse,
1780 2172 1869 2229 vel

222 2257 710 2330 concupiscentiae
743 2260 964 2317 crimen
1010 2261 1302 2317 admittat.
1343 2263 1492 2334 Ergo
1550 2263 1876 2318 secundum

222 2346 685 2419 perfunctoriam
718 2348 1023 2404 scientiam
1056 2348 1242 2405 noluit
1271 2351 1426 2406 Deus
1458 2352 1549 2419 (37
1578 2351 1876 2406 hominem

224 2435 373 2491 scire
410 2437 563 2507 quod
600 2435 821 2492 malum
852 2441 959 2505 est,
992 2455 1064 2494 ne
1096 2422 1264 2510 quasi
1298 2439 1674 2511 imperfectus
1696 2440 1877 2496 vitare

226 2539 341 2579 non
374 2529 596 2596 posset.
623 2525 749 2580 Non
767 2525 1088 2599 obediendo
1110 2532 1305 2582 autem
1330 2528 1608 2583 mandato
1626 2528 1875 2583 incurri-

224 2628 355 2668 mus
388 2613 453 2667 in
485 2612 717 2684 culpam
742 2630 755 2666 :
780 2630 915 2686 ergo
946 2614 1179 2687 culpam
1214 2616 1483 2672 fatemur.
1515 2617 1742 2672 Rursus
1776 2635 1874 2672 au-

220 2702 336 2756 tem
368 2701 425 2756 si
456 2698 634 2756 altam
660 2706 717 2757 et
737 2702 1086 2775 profundam
1120 2706 1153 2760 Ἰ
1171 2703 1270 2761 58
1294 2703 1595 2759 scientiam
1622 2704 1873 2761 dicimus

222 2790 353 2845 boni
376 2795 441 2845 et
472 2790 632 2861 mali,
666 2806 793 2863 quae
823 2791 1060 2863 quidem
1095 2793 1387 2863 profunda
1431 2793 1677 2848 scicntia
1732 2811 1869 2867 per-

226 2877 445 2934 fectum
468 2878 608 2934 iacit
632 2896 644 2933 :
670 2896 783 2935 non
815 2879 1011 2935 statim
1041 2885 1235 2937 autem
1269 2880 1546 2954 parvulus
1569 2882 1669 2955 qui
1703 2883 1774 2938 ad
1797 2882 1875 2938 al-

224 2971 337 3022 tam
372 2970 437 3023 et
456 2967 807 3039 profundam
840 2966 1144 3024 scientiam
1176 2970 1475 3041 pervenire
1506 2987 1620 3025 non
1660 2972 1869 3042 potuit,

225 3060 374 3112 recte
406 3056 565 3112 sicut
594 3073 709 3112 non
741 3056 1019 3130 parvulus
1048 3059 1489 3115 condemnatur.

285 3146 375 3200 32.
414 3149 637 3202 Iterum
689 3145 1042 3218 quaestiones
1096 3152 1334 3202 serunt:
1369 3148 1489 3224 Qui
1536 3149 1743 3216 nescit,
1781 3148 1871 3204 in-

1985 1997 2243 2052 scientia:
2272 1997 2408 2052 boni
2440 2001 2496 2052 et
2526 1994 2686 2061 mali,
2719 1995 2977 2067 peccavit
3002 1999 3057 2049 et
3105 2010 3166 2049 se
3215 2009 3488 2064 peccasse
3538 1992 3634 2050 co-

1986 2086 2202 2159 gnovit.
2236 2086 2370 2149 Quae
2438 2085 2616 2157 igitur
2680 2101 2743 2139 se
2805 2098 3074 2155 peccasse
3132 2086 3499 2154 cognoverat,
3544 2081 3633 2138 vel

1983 2174 2172 2229 virum
2204 2175 2275 2229 ad
2308 2173 2528 2246 peccati
2560 2170 3035 2228 communionem
3068 2170 3316 2225 invitare
3365 2186 3480 2225 non
3531 2170 3633 2225 de-

1984 2263 2131 2318 buit.
2162 2261 2456 2317 Illiciendo
2478 2265 2671 2316 autem
2701 2260 2912 2324 virum,
2937 2263 2994 2314 et
3015 2259 3209 2313 dando
3240 2258 3291 2313 ei
3324 2258 3479 2330 quod
3502 2258 3633 2330 ipsa

1983 2355 2333 2424 gustaverat,
2385 2368 2499 2406 non
2556 2349 2778 2415 vitavit,
2845 2348 2946 2403 sed
3005 2345 3235 2403 iteravit
3300 2351 3627 2419 peccatum.

1982 2441 2128 2496 Nam
2160 2440 2362 2512 utique
2394 2440 2439 2494 si
2471 2455 2601 2494 vere
2642 2436 2929 2493 rationem
2963 2440 3212 2508 spectes,
3263 2451 3398 2491 eum
3455 2451 3630 2507 quem

1984 2529 2281 2602 diligebat,
2314 2545 2429 2583 non
2460 2527 2688 2582 trahere
2737 2526 2808 2581 ad
2868 2524 3227 2580 consortium
3277 2540 3478 2595 poenae,
3529 2525 3631 2581 sed

1982 2617 2173 2690 magis
2203 2617 2275 2672 ab
2302 2633 2369 2672 eo
2401 2615 2553 2687 quod
2588 2617 2935 2686 cognoverat
2964 2612 3093 2683 ipsa
3122 2627 3252 2668 esse
3301 2616 3628 2684 peccatum,

1981 2706 2067 2761 vel
2113 2705 2459 2761 inscientem
2521 2719 2789 2758 revocare
2856 2701 3171 2769 debuerat;
3233 2698 3501 2772 quamvis
3545 2700 3630 2755 vi-

1982 2796 2189 2850 deatur
2215 2793 2335 2848 hac
2367 2792 2579 2847 mulier
2609 2791 2801 2847 sciens
2832 2790 2987 2860 Quod
3019 2793 3151 2860 post
3180 2787 3412 2860 culpam
3443 2788 3502 2844 in
3535 2805 3633 2860 pa-

1982 2882 2175 2938 radiso
2207 2899 2334 2938 esse
2364 2898 2478 2936 non
2513 2884 2730 2953 posset,
2766 2878 3046 2933 metuisse
3078 2894 3149 2932 ne
3180 2877 3307 2932 sola
3348 2878 3421 2932 de
3466 2894 3631 2949 para-

1983 2972 2108 3027 diso
2129 2971 2456 3041 ejiceretur.
2476 2968 2739 3040 Denique
2761 2968 3193 3023 absconderunt
3211 2983 3272 3022 se
3304 2967 3477 3022 ambo
3500 2969 3632 3039 post

1985 3060 2238 3132 culpam.
2270 3058 2705 3114 Excludendam
2736 3056 2920 3127 igitur
2959 3072 3020 3110 se
3071 3071 3201 3110 esse
3251 3071 3629 3127 cognoscens,

1983 3148 2276 3204 consortio
2306 3145 2413 3201 viri
2447 3161 2621 3217 quem
2653 3144 2951 3217 diligebat,
2985 3142 3174 3199 noluit
3203 3142 3555 3198 defraudari.

224 3234 457 3304 quiunt,
495 3233 716 3289 bonum
748 3238 805 3289 et
835 3232 1081 3299 malum,
1115 3251 1188 3289 ne
1212 3236 1404 3307 ipsum
1436 3218 1677 3307 quidem
1711 3238 1870 3291 novit
1900 3218 1942 3285 C’
2047 3237 2137 3291 34.
2170 3238 2386 3291 Iterum
2419 3233 2649 3304 accipe:
2683 3233 2807 3287 Non
2874 3230 3126 3302 cognitio
3191 3229 3332 3284 mali
3399 3229 3624 3285 malum

224 3338 348 3378 esse
379 3322 610 3378 malum
642 3339 752 3377 non
777 3339 1006 3378 servare
1038 3324 1516 3391 mandatum,nec
1544 3324 1737 3397 ipsum
1770 3325 1867 3380 bo-

226 3427 366 3466 num
399 3409 584 3478 novit,
612 3411 767 3484 quod
800 3414 889 3467 est
916 3411 1149 3467 obedire
1171 3413 1541 3468 mandato.Et
1571 3413 1699 3468 ideo
1731 3414 1870 3485 quia

227 3516 337 3555 non
370 3503 634 3563 noverat,
665 3499 853 3565 venia,
884 3498 1176 3572 inquiunt,
1208 3500 1422 3573 dignus
1453 3500 1563 3556 fuit
1594 3501 1693 3573 qui
1751 3518 1868 3556 non

227 3587 503 3655 obedivit,
538 3604 655 3642 non
687 3587 1327 3652 condemnationeQuaa
1359 3589 1594 3661 quidem
1627 3588 1870 3661 quaestio

226 3675 295 3749 do
314 3674 409 3731 his
425 3674 857 3731 absolutionem
875 3675 1205 3748 habet,quae
1233 3681 1368 3733 ante
1391 3677 1868 3733 memoravimus.

226 3763 608 3820 Considerare
638 3764 794 3819 enim
825 3765 1016 3836 potuit
1074 3764 1248 3819 homo
1298 3782 1365 3819 ex
1422 3764 1495 3819 iis
1552 3782 1681 3836 quae
1720 3769 1872 3820 Deus

229 3857 359 3908 ante
389 3852 440 3908 ei
472 3850 821 3919 contulerat,
857 3852 1012 3923 quod
1068 3852 1527 3908 insufﬂationem
1584 3853 1681 3908 Dei
1716 3869 1873 3909 acce-

229 3940 330 4013 pit,
361 3941 523 4014 quod
553 3944 676 3995 erat
706 3939 763 3995 in
794 3939 1066 4012 paradiso
1095 3940 1408 4013 voluptatis
1440 3941 1682 4009 locatus,
1716 3958 1875 3996 sum-

228 4045 384 4084 mam
416 4028 637 4084 auctori
672 4028 1063 4084 obedientiam
1122 4030 1513 4085 deferendam.
1566 4030 1633 4085 Et
1660 4031 1790 4086 ideo
1824 4030 1873 4085 si

230 4118 342 4172 vim
376 4117 680 4172 nesciebat
710 4116 845 4171 boni
876 4121 934 4171 et
964 4115 1103 4172 mali
1130 4135 1144 4184 ;
1177 4120 1373 4173 tamen
1401 4117 1540 4190 quia
1576 4122 1875 4174 tantorum

231 4209 431 4261 auctor
464 4204 692 4261 dixerat
722 4205 791 4260 de
821 4203 980 4277 ligno
1010 4204 1263 4261 scientiae
1310 4204 1447 4262 boni
1476 4210 1532 4261 et
1588 4206 1726 4262 mali
1761 4223 1874 4262 non

230 4310 357 4349 esse
387 4292 775 4366 gustandum,
809 4292 984 4347 ﬁdem
1016 4295 1353 4365 praeceptori
1385 4310 1615 4349 servare
1662 4295 1876 4350 debue-

231 4386 340 4438 rat.
372 4381 501 4458 Non
534 4380 691 4436 enim
722 4380 795 4436 ab
819 4397 885 4436 eo
916 4380 1142 4452 peritia,
1173 4383 1273 4437 sed
1318 4382 1464 4438 fides
1520 4382 1874 4454 exigebatur.

230 4468 595 4543 Intelligebat
639 4468 841 4541 utique
897 4469 1083 4525 Deum
1144 4470 1418 4526 omnibus
1476 4471 1877 4542 praeeminere,

1983 3325 2128 3381 159
2149 3328 2238 3380 est
2263 3341 2275 3390 ;
2300 3323 2400 3378 sed
2424 3338 2557 3377 cum
2580 3324 2744 3376 actus
2768 3317 2971 3390 implet
2994 3316 3302 3372 malitiam.
3321 3317 3447 3371 Non
3469 3317 3627 3373 enim

1978 3413 2176 3468 statim
2208 3412 2308 3483 qui
2342 3409 2499 3466 novit
2526 3407 2771 3474 malum,
2817 3407 2971 3477 quod
3022 3404 3246 3460 malum
3293 3407 3402 3471 est,
3454 3403 3623 3459 facit:

1979 3501 2081 3556 sed
2113 3501 2208 3572 qui
2244 3500 2396 3571 quod
2424 3498 2646 3553 malum
2677 3512 2806 3552 esse
2854 3495 3033 3562 novit,
3081 3496 3375 3566 operatur.
3424 3494 3624 3549 Incen-

1977 3589 2163 3645 tivum
2194 3593 2389 3644 autem
2421 3586 2490 3642 ad
2515 3584 2875 3658 operandum
2907 3582 3061 3655 quod
3100 3580 3322 3637 malum
3368 3584 3479 3651 est,
3521 3585 3623 3638 aut

1976 3676 2417 3743 iracundia,aut
2437 3673 2727 3747 cupiditas
2758 3688 2886 3727 esse
2919 3670 3239 3726 consuevit.
3272 3670 3388 3727 Nec
3424 3670 3624 3727 statim

1980 3782 2236 3833 necesse,
2269 3769 2334 3819 ut
2362 3763 2585 3818 habens
2616 3760 2922 3817 scientiam
2953 3760 3091 3815 mali
3127 3759 3299 3814 faciat
3329 3759 3483 3830 quod
3512 3757 3625 3813 im-

1982 3855 2228 3928 probum
2263 3851 2444 3919 novit,
2496 3849 2608 3904 nisi
2657 3854 2758 3904 aut
2804 3849 3112 3903 iracundia
3159 3853 3261 3902 aut
3310 3846 3626 3919 cupiditate

1980 3943 2267 3999 vincatur.
2294 3940 2453 3996 Uude
2484 3938 2636 4010 quod
2660 3936 2916 3992 diximus
2936 3935 3297 3991 incentivum
3324 3934 3625 4004 peccandi,

1980 4032 2067 4088 vel
2097 4032 2202 4096 ira,
2233 4028 2319 4084 vel
2352 4026 2644 4098 cupiditas
2676 4029 2783 4090 est,
2823 4023 2913 4079 vel
2962 4023 3311 4095 plerumque
3356 4020 3625 4089 formido,

1982 4121 2117 4176 licet
2146 4136 2213 4173 ex
2244 4115 2552 4173 formidine
2573 4114 2795 4169 oriatur
2820 4111 3133 4182 cupiditas,
3153 4110 3296 4165 dum
3318 4109 3635 4181 unusquis-

1987 4224 2097 4281 que
2125 4206 2252 4260 vult
2280 4204 2462 4259 vitare
2529 4202 2681 4273 quod
2752 4198 2980 4254 metuit.
3013 4199 3084 4252 Et
3150 4197 3278 4251 ideo
3327 4200 3479 4251 recte
3517 4196 3634 4252 ira-

1987 4294 2263 4353 cundiam
2295 4297 2351 4348 et
2381 4290 2761 4362 cupiditatem
2813 4288 3065 4342 duorum
3114 4285 3475 4356 reliquorum
3522 4285 3635 4356 (39)

1989 4382 2295 4459 posuimus
2329 4379 2618 4437 incentiva
2646 4376 2943 4431 vitiorum.
2977 4374 3428 4431 Consideremus
3457 4373 3639 4446 igitur

1989 4480 2186 4530 utrum
2216 4472 2331 4527 Eva
2362 4469 2457 4524 his
2483 4468 2555 4524 ad
2584 4466 2791 4521 vitium
2824 4463 3084 4519 stimulis
3116 4462 3357 4518 incitata
3392 4461 3489 4518 sit.
3524 4462 3635 4518 Sed

232 4557 480 4630 ideoque
511 4574 824 4646 personam
849 4558 1115 4629 jubentis
1145 4562 1406 4631 spectare
1437 4559 1810 4615 debuerat.Et
1832 4559 1879 4615 si
1912 4581 1957 4646 Ι)
1989 4578 2176 4636 neque
2207 4559 2568 4646 irascebatur
2604 4555 2835 4619 marito,
2883 4568 3071 4646 neque
3116 4551 3441 4646 cupiditate
3484 4550 3639 4646 victa

233 4663 344 4702 non
408 4644 776 4718 intelligebat
831 4646 950 4701 vim
1013 4646 1475 4719 qualitatemque
1532 4649 1877 4719 jussorum;

235 4736 454 4791 sciebat
485 4739 679 4790 tamen
725 4735 1060 4807 praeceptori
1117 4735 1490 4792 deferendam
1544 4753 1672 4792 esse
1728 4753 1882 4793 reve-

226 4814 510 4880 rentiam.
543 4821 806 4877 Habebat
832 4822 892 4877 in
931 4827 1143 4879 natura
1182 4824 1333 4880 hanc
1365 4823 1719 4897 opinionem,
1751 4829 1807 4879 et
1836 4826 1885 4880 si

242 4928 352 4967 non
386 4911 646 4966 habebat
694 4910 989 4981 judicium
1046 4912 1184 4968 boni
1244 4918 1301 4968 et
1349 4912 1508 4968 mali.
1541 4914 1800 4986 Denique
1829 4918 1888 4969 et

239 4998 447 5055 mulier
478 4998 733 5071 serpenti
769 4998 945 5055 dixit:
976 5001 1060 5055 Ea:
1088 5003 1239 5056 omni
1267 5002 1416 5072 ligno
1444 5002 1694 5073 paradisi
1721 5019 1883 5056 man-

239 5087 590 5165 ducabimus:
634 5085 698 5141 de
723 5088 908 5157 [ructu
934 5097 1119 5144 autem
1147 5090 1294 5158 ligni
1321 5089 1460 5161 quod
1488 5093 1568 5145 est
1598 5092 1658 5145 in
1708 5089 1886 5146 medio

306 5299 596 5378 (§§),l\l_lss.
626 5300 1025 5378 etoeditavet”
1052 5305 1229 5378 vitare
1257 5320 1368 5378 nou
1395 5305 1590 5378 potuit.

309 5368 1049 5442 (37)'Mss.Michaa:1inus,
1102 5375 1251 5442 Big.,
1313 5368 1663 5442 Gein.,Th.,
1716 5374 1889 5429 voluit

243 5439 510 5499 omn.
545 5439 975 5512 Laudunensis,
1010 5439 1069 5499 et
1125 5439 1262 5501 edit.
1318 5450 1456 5512 vet.,
1490 5439 1666 5499 'novit
1726 5445 1884 5500 Deus.

245 5511 348 5585 Alii
385 5529 533 5585 mss.
560 5515 619 5567 et
648 5511 820 5585 Rom.
854 5514 994 5569 edit.
1029 5511 1449 5585 melius,noluit
1477 5516 1635 5570 Deus.

311 5584 419 5656 (38)
481 5584 566 5656 Ita
598 5603 746 5643 mss.
780 5584 840 5640 S.
877 5585 1144 5656 Remigii,
1182 5584 1253 5643 ac
1276 5591 1333 5642 S.
1368 5584 1732 5642 Theodorici.
1758 5584 1867 5640 Vet

245 5654 439 5711 autem
471 5654 641 5725 edit.,
670 5658 815 5723 Ergo
842 5658 999 5713 scivit
1025 5654 1376 5728 (feferendum
1405 5673 1519 5713 esse
1567 5656 1889 5711 mandatum

1993 4656 2107 4707 est:
2142 4650 2201 4705 in
2234 4647 2489 4705 secundo
2522 4645 2803 4700 duntaxat
2846 4645 3017 4709 errat,
3068 4644 3133 4696 ut
3179 4640 3468 4697 edendum
3514 4639 3638 4694 viro

1993 4741 2174 4807 daret,
2216 4736 2371 4809 quod
2414 4735 2541 4806 jam
2609 4732 2737 4804 ipsa
2804 4734 3152 4804 gustaverat.
3207 4729 3400 4784 Primo
3453 4729 3643 4783 fuerat

1994 4828 2286 4900 cupiditas
2319 4829 2520 4879 auctor
2563 4821 2776 4877 erroris
2807 4824 2864 4875 et
2927 4820 3057 4890 ipsa
3121 4817 3335 4885 ederet,
3385 4832 3639 4887 sequen-

1993 4916 2187 4988 tisque
2217 4913 2327 4969 fuit
2357 4928 2537 4969 causa
2566 4910 2809 4982 peccati.
2844 4908 3005 4975 Quod
3077 4906 3235 4961 enim
3286 4906 3409 4975 jam
3441 4906 3638 4975 gusta-

1991 5010 2173 5068 verat,
2207 5002 2538 5057 desiderare
2569 5016 2683 5054 non
2748 5000 3003 5071 poterat:
3043 4998 3101 5049 et
3141 4991 3457 5064 gustando,
3501 4989 3641 5045 mali

1996 5093 2182 5147 fuerat
2213 5089 2516 5145 scientiam
2559 5090 2888 5143 consecuta.
2950 5080 3170 5139 Malum
3241 5079 3422 5151 igitur
3486 5079 3643 5149 quod

1997 5302 2137 5357 Mss.
2174 5299 2360 5364 Gem.,
2394 5297 2526 5363 Th.,
2560 5295 2685 5351 Div.
2720 5299 2776 5349 et
2833 5294 3040 5359 Land.,
3071 5293 3210 5364 Ergo
3277 5290 3434 5345 scivit
3494 5287 3645 5359 defe-

1994 5371 2224 5428 rendum
2250 5362 2363 5425 esse
2394 5362 2675 5421 mandato.
2704 5365 2898 5432 Mich.,
2940 5362 3292 5419 deserendum
3353 5374 3465 5415 non
3530 5374 3645 5432 esse

1996 5442 2338 5498 mandatum.
2370 5439 2630 5507 Denique
2660 5436 2798 5491 edit.
2834 5429 3024 5502 am,
3055 5435 3191 5505 Ergo
3220 5434 3317 5505 qui
3344 5432 3507 5487 scivit
3541 5429 3641 5485 de-

1998 5512 2291 5587 ferendum
2319 5524 2429 5587 non
2458 5522 2569 5587 esse
2596 5507 2882 5562 mandato.
2952 5575 2963 5587 ε
3161 5575 3202 5587 η

2070 5585 2180 5654 (39)
2212 5581 2481 5654 Libenter
2514 5577 2871 5654 legeremus,
2929 5575 3035 5630 duo
3092 5575 3479 5645 reliquorum;
3527 5575 3642 5626 nisi

2001 5648 2145 5711 mss.
2167 5648 2235 5709 et
2255 5652 2394 5722 edit,
2418 5648 2818 5705 reclamarent.
