3932 6212
235 345 352 466 θοὴ

1686 403 1753 467 S.
1799 402 2177 471 AMBROSII
3271 410 3277 459 ¹

3510 404 3637 473 308

238 541 580 610 adverterat,
613 538 672 597 in
703 539 893 598 virum
943 539 1203 599 derivare
1255 559 1286 597 n
1308 560 1365 596 πη
1414 538 1629 609 debuit,
1686 558 1871 611 neque
1905 544 1951 606 Α
1985 546 2228 614 oportet,
2263 544 2465 599 utatur
2492 559 2505 599 :
2533 547 2591 599 et
2615 542 2745 601 ideo
2776 560 2891 600 non
2912 546 3001 601 est
3029 540 3283 617 cognitio
3312 542 3489 611 bona,
3515 543 3632 599 nisi

237 633 548 704 conjugem
579 633 878 704 proprium
912 633 1407 705 praevaricatorem
1459 633 1637 685 divini
1690 633 1876 685 facere

237 721 518 776 mandati.
554 723 752 777 Sciens
817 722 994 793 igitur
1046 722 1418 793 prudensque
1485 722 1762 788 peccavit,
1822 725 1880 777 et

238 811 428 867 sciens
479 811 667 864 virum
716 812 773 865 in
814 829 984 866 suum
1039 811 1213 866 traxit
1272 828 1547 866 errorem.
1604 810 1873 881 Alioquin

237 899 562 954 invenietur
588 899 768 955 falsus
791 917 917 956 esse
958 901 1029 956 de
1094 900 1254 972 ligno
1321 899 1576 955 scientiae
1626 898 1760 955 boni
1822 903 1880 953 et

236 987 377 1043 mali
407 1004 615 1053 sermo,
649 989 694 1044 si
729 990 904 1044 etiam
974 995 1352 1060 posteaquam
1422 990 1493 1042 de
1562 1005 1629 1042 ea
1676 989 1879 1042 arbore

236 1076 629 1145 manducavit,
680 1077 981 1132 scientiam
1042 1077 1179 1131 mali
1239 1077 1452 1131 habere
1518 1094 1632 1131 non
1692 1076 1881 1147 potuit

237 1166 369 1235 (40).
404 1167 566 1229 Quod
601 1167 649 1219 si
683 1182 853 1220 verus
895 1170 984 1220 est
1030 1182 1245 1230 sermo,
1296 1166 1630 1237 cupiditatis
1678 1166 1880 1236 utique

240 1269 478 1309 causam
512 1254 725 1309 habere
756 1271 869 1309 non
906 1254 1121 1325 potuit:
1157 1253 1289 1308 licet
1326 1253 1587 1324 plerique
1657 1254 1742 1307 sic
1785 1270 1878 1307 ex-

240 1343 562 1397 cusandum
596 1348 820 1414 putent,
852 1343 1006 1414 quod
1039 1342 1288 1413 diligens
1328 1341 1515 1395 virum
1568 1342 1639 1397 ab
1690 1359 1755 1396 eo
1807 1341 1877 1394 ti-

239 1430 455 1486 muerit
482 1432 759 1503 separari,
793 1436 848 1486 et
879 1431 1027 1486 hanc
1058 1448 1295 1486 causam
1347 1429 1682 1500 cupiditatis
1730 1446 1876 1501 prae-

238 1520 499 1587 tendant,
528 1520 681 1592 quod
717 1536 844 1575 esse
869 1519 1117 1575 voluerit
1147 1536 1276 1574 cum
1311 1519 1542 1573 marito.

865 1627 1097 1683 CAPUT
1127 1627 1246 1682 VII.

235 1718 520 1786 Quaeritur
545 1721 733 1771 utrum
762 1733 796 1770 α
822 1718 945 1781 Deo,
966 1718 1048 1771 vel
1077 1734 1112 1771 ιι
1141 1718 1309 1786 ligno,
1340 1716 1420 1771 vel
1450 1715 1669 1771 demum
1698 1716 1884 1769 aliun-

305 1788 372 1844 de
402 1805 547 1844 mors
576 1788 789 1843 homini
818 1788 1109 1843 acciderit:
1142 1795 1301 1857 atque
1331 1788 1554 1857 objectio
1583 1787 1881 1858 multiplici

306 1861 655 1931 responsione
683 1860 935 1914 diluitur.

304 1967 394 2021 35.
428 1966 641 2021 Iterum
673 1966 789 2021 alia
819 1966 1062 2038 quaestio
1094 1965 1356 2037 subrepit
1391 1966 1546 2020 unde
1587 1981 1745 2020 mors
1788 1981 1878 2019 ac-

236 2055 439 2110 ciderit
466 2055 621 2121 Adae,
653 2060 851 2109 utrum
901 2072 935 2109 a
984 2058 1193 2110 natura
1241 2053 1382 2125 ligni
1433 2052 1748 2125 ejusmodi,
1802 2070 1876 2108 an

233 2159 367 2200 vero
397 2161 431 2199 a
460 2145 596 2199 Deo.
624 2143 680 2198 Si
711 2148 933 2199 naturae
960 2143 1102 2214 ligni
1144 2143 1251 2198 hoc
1301 2142 1671 2206 ascribimus,
1719 2142 1876 2197 vide-

233 2236 331 2288 tur
384 2232 529 2305 ligni
587 2233 767 2304 hujus
832 2234 1053 2287 fructus
1109 2230 1438 2286 viviﬁcandi
1492 2230 1875 2285 insufflationi

235 2321 335 2377 Dei
360 2325 634 2393 praestare
663 2339 675 2387 ;
701 2322 993 2394 siquidem
1017 2338 1190 2393 quem
1212 2320 1600 2375 vivificaverat
1621 2319 1879 2374 insufﬂa-

233 2409 335 2476 tio,
350 2409 576 2465 fructus
589 2408 765 2479 hujus
788 2408 930 2481 ligni
945 2408 1116 2463 traxit
1135 2409 1205 2463 ad
1221 2412 1483 2462 mortem.
1503 2406 1677 2462 Autsi
1694 2407 1874 2462 Deum

235 2504 598 2572 operatorem
630 2499 836 2553 mortis
866 2514 993 2554 esse
1023 2512 1435 2561 memoramus,
1469 2495 1671 2549 dicunt
1719 2494 1874 2565 quod

234 2590 469 2663 gemina
506 2606 641 2646 eum
688 2588 958 2660 opinione
1007 2602 1385 2642 accusemus:
1437 2584 1590 2656 quod
1650 2589 1751 2638 aut
1796 2583 1877 2639 ita

232 2681 500 2746 immitis,
538 2683 601 2735 ut
630 2678 880 2734 noluerit
920 2676 1244 2748 ignoscere,
1293 2691 1426 2728 cum
1485 2676 1719 2744 posset;
1776 2677 1877 2728 aut

234 2771 283 2826 si
313 2770 609 2843 ignoscere
639 2786 754 2823 non
799 2765 1070 2839 potuerit,
1120 2763 1383 2818 videatur
1432 2761 1725 2816 inﬁrmus.
1772 2762 1873 2815 Vi—

234 2860 479 2915 deamus
506 2856 686 2930 igitur
722 2853 1013 2926 quomodo
1053 2850 1395 2905 diluendum
1448 2849 1545 2904 sit.
1595 2848 1718 2904 Nisi
1776 2848 1874 2904 fal-

233 2946 343 3014 lor,
372 2945 579 3001 mortis
610 2960 786 2998 causa
815 2939 1209 2996 inobedientia
1242 2939 1385 3005 fuit;
1420 2942 1477 2993 et
1523 2938 1651 2993 ideo
1700 2937 1872 2994 homo

233 3034 360 3107 ipse
383 3032 494 3089 sibi
526 3032 734 3087 mortis
764 3035 854 3085 est
884 3045 1081 3094 causa,
1112 3045 1227 3084 non
1260 3027 1483 3082 habens
1524 3027 1706 3081 Deum
1753 3043 1872 3082 sum

235 3123 440 3179 mortis
469 3124 783 3177 auctorem.
819 3119 1015 3189 Neque
1045 3117 1200 3172 enim
1234 3115 1281 3171 si
1315 3116 1576 3170 medicus
1608 3115 1871 3187 praescri-

232 3214 353 3286 psit
381 3210 683 3286 aegrotanti
715 3227 749 3264 a
780 3208 995 3280 quibus
1017 3206 1281 3261 videatur
1308 3204 1653 3270 cavendum,
1697 3208 1871 3275 atque

1985 647 2053 687 ea
2083 632 2267 687 utaris
2298 636 2365 687 ut
2394 636 2638 705 oportet.

2057 722 2144 775 37.
2185 722 2327 776 Item
2360 722 2650 794 accipere:
2685 723 2808 778 Non
2842 722 3061 778 frustra
3097 722 3323 795 lignum
3374 724 3631 779 scientiae

1986 810 2121 864 boni
2155 815 2209 865 et
2260 810 2395 865 mali
2446 812 2793 883 productum
2844 812 3030 867 estin
3082 810 3272 867 medio
3318 813 3629 885 paradiso:

1987 902 2043 953 et
2074 899 2123 952 si
2162 899 2488 971 cuicunque
2538 899 2761 954 homini
2803 901 3151 971 productum
3203 905 3375 965 esset,
3426 918 3635 973 super-

1989 986 2105 1041 flua
2137 987 2486 1043 interdictio.
2522 989 2629 1044 Sed
2664 1005 2851 1060 neque
2897 990 3111 1045 frustra
3140 989 3356 1045 factum
3383 994 3490 1059 est,
3534 994 3635 1045 ne-

1989 1092 2101 1146 que
2128 1075 2247 1141 alii,
2290 1076 2401 1130 nisi
2449 1076 2668 1131 homini
2723 1078 2939 1133 factum
2984 1082 3090 1143 est,
3143 1078 3240 1149 qui
3287 1079 3631 1134 mandatum

1988 1164 2241 1236 accepit;
2278 1172 2341 1219 ut
2372 1182 2484 1220 non
2519 1165 2641 1220 solo
2672 1183 2758 1231 eo,
2801 1166 2900 1221 sed
2948 1183 3014 1222 eo
3058 1183 3191 1222 cum
3236 1167 3457 1223 caeteris
3508 1173 3635 1223 ute-

1989 1256 2168 1307 retur.
2202 1254 2344 1308 Nam
2378 1254 2425 1308 si
2452 1254 2637 1310 multa
2673 1254 2979 1322 discutias,
3030 1255 3330 1328 complura
3380 1257 3635 1330 reperies

1988 1345 2046 1396 et
2075 1341 2245 1413 plane
2273 1342 2600 1411 innumera,
2634 1360 2759 1415 quae
2791 1344 2840 1399 ei
2865 1344 2963 1416 qui
2996 1344 3079 1399 uti
3115 1344 3358 1416 nesciat,
3403 1347 3637 1416 possint

1990 1446 2213 1485 nocere.
2266 1432 2380 1486 Nec
2430 1432 2588 1503 ipsas
2654 1432 2883 1487 divitias
2951 1432 3208 1490 invenies
3277 1435 3631 1505 fructuosas,

1990 1517 2036 1574 si
2072 1518 2295 1575 habens
2325 1520 2483 1575 dives
2515 1521 2779 1576 subsidia
2812 1521 3117 1593 largitatis,
3150 1528 3321 1596 neget
3351 1523 3638 1580 alimenta

1990 1608 2365 1679 pauperibus,
2399 1608 2667 1664 excludat
2696 1609 2927 1682 inopem
2960 1610 3221 1666 subsidio
3262 1611 3633 1681 destitutum,

1990 1695 2179 1752 aliena
2227 1701 2583 1769 extorqueat,
2632 1699 2770 1770 quia
2810 1697 3082 1771 praevalet
3124 1703 3427 1769 potestate.
3495 1700 3637 1757 Pul-

1990 1784 2258 1841 chritudo
2289 1786 2418 1858 ipsa
2446 1791 2501 1841 et
2522 1788 2740 1859 gratior
2769 1787 3027 1859 corporis
3073 1787 3261 1843 forma
3304 1789 3640 1863 frequenter

1908 1907 1956 1972 B
1990 1873 2314 1972 vitium,
2341 1891 2516 1946 quam
2558 1875 2896 1972 defqrmitas
2937 1874 3115 1931 trahit
3156 1876 3288 1947 (43).
3333 1878 3635 1951 Numquid

1987 1962 2167 2035 igitur
2217 1963 2529 2035 quisquam
2595 1963 2972 2020 deformiores
3037 1981 3217 2037 quam
3269 1965 3636 2038 pulchriores

1987 2050 2138 2106 filios
2175 2051 2390 2108 habere
2446 2053 2759 2121 desiderat,
2804 2058 2860 2109 et
2911 2053 3115 2125 inopes
3181 2054 3376 2127 potius
3413 2055 3636 2114 liberos

1988 2156 2126 2195 suos
2159 2140 2320 2213 cupit
2348 2158 2496 2207 esse,
2531 2158 2706 2214 quam
2742 2142 2948 2197 divites
2970 2142 2998 2197 ?
3027 2141 3198 2197 Plura
3237 2148 3372 2200 sunt
3421 2143 3636 2216 hujus-

1989 2228 2143 2283 modi
2186 2246 2313 2301 quae
2353 2247 2467 2285 non
2516 2231 2587 2289 ad
2633 2231 3087 2303 imprudentiam
3134 2230 3434 2304 largientis
3484 2234 3637 2289 refe-

1986 2317 2168 2372 renda
2197 2323 2356 2386 sunt,
2391 2319 2491 2374 sed
2523 2319 2594 2374 ad
2628 2320 2777 2374 male
2808 2320 3026 2375 utentis
3067 2336 3345 2376 errorem.
3392 2322 3460 2376 Et
3500 2322 3637 2379 ideo

1986 2409 2245 2462 utentem
2277 2409 2669 2463 accusandum
2691 2408 2885 2481 potius
2917 2425 3089 2481 quam
3123 2410 3457 2466 donantem.

2597 2514 2828 2570 CAPUT
2875 2515 3014 2572 VIII.

1984 2604 2282 2660 Solvuntur
2310 2604 2634 2678 quaestiones
2662 2604 2727 2659 de
2748 2606 3093 2678 praescientia
3140 2606 3240 2661 Dei
3282 2606 3433 2662 circa
3487 2624 3637 2678 prav-

2056 2678 2411 2732 varieationes
2436 2676 2586 2743 Adw,
2617 2679 2667 2730 et
2696 2677 3007 2746 opinionem
3038 2676 3167 2732 boni
3191 2681 3243 2733 et
3272 2678 3411 2732 mali
3436 2676 3642 2733 huma-

2054 2751 2144 2803 nis
2173 2750 2446 2802 mentibus
2476 2748 2740 2802 divinitus
2772 2749 3113 2818 impressam.

2054 2855 2142 2910 38.
2177 2855 2387 2909 Iterum
2410 2853 2651 2925 quastio
2668 2871 2681 2909 :
2698 2853 2928 2909 Sciebat
2952 2852 3460 2925 praevaricaturum
3475 2855 3639 2911 Deus

1980 2942 2163 2998 Adam
2192 2945 2465 2997 mandata
2495 2958 2622 3011 sua,
2642 2958 2716 2998 an
2744 2941 3077 3003 nesciebat?
3095 2941 3153 2997 Si
3175 2942 3492 3010 nesciebat,
3512 2961 3634 2999 non

1980 3036 2069 3086 est
2091 3032 2200 3086 ista
2229 3031 2433 3086 divinae
2455 3030 2764 3102 potestatis
2786 3030 3059 3086 assertio:
3084 3031 3132 3086 si
3165 3035 3360 3087 autem
3386 3033 3633 3102 sciebat,

1981 3125 2039 3177 et
2086 3120 2471 3176 nihilominus
2520 3120 2710 3175 sciens
2756 3119 3103 3192 negligenda
3147 3121 3463 3184 mandavit,
3510 3139 3633 3178 non

1982 3214 2073 3265 est
2098 3209 2196 3264 Dei
2230 3208 2448 3281 aliquid
2482 3208 2845 3281 superﬂuum
2877 3209 3205 3281 praecipere.
3249 3208 3630 3281 Superﬂuum

231 3274 330 3359 ille
351 3274 924 3359 abvinterdictis-non
958 3293 1243 3369 putaverit
1268 3293 1703 3359 abstinendum,
1739 3274 1873 3346 cau-
1904 3274 1947 3340 (ἶ
1985 3304 2180 3354 autem
2213 3274 2483 3369 praecepit
2513 3274 2897 3369 protoplasto-
2920 3296 3002 3351 illi
3053 3274 3219 3365 -Adze,
3287 3274 3439 3368 quod
3492 3315 3631 3354 eum

233 3409 301 3449 sa
338 3392 387 3447 ei
432 3388 645 3446 mortis
702 3391 791 3444 est
836 3385 1135 3442 medicus:
1188 3384 1289 3439 sed
1334 3383 1536 3453 utique
1585 3382 1708 3453 ipse
1762 3379 1875 3435 sibi
1983 3391 2219 3442 noverat
2248 3386 2491 3440 minime
2522 3388 2924 3440 servaturum:
2995 3384 3140 3439 nihil
3208 3389 3402 3441 autem
3473 3387 3633 3444 Deus

233 3497 369 3536 reus
401 3478 608 3534 mortis
638 3482 727 3532 est
758 3474 1022 3548 propriae.
1054 3475 1256 3545 Itaque
1286 3471 1437 3526 Deus
1467 3469 1636 3541 quasi
1683 3469 1873 3524 bonus
1981 3475 2340 3547 superﬂuum
2374 3473 2549 3540 facit;
2582 3489 2717 3545 ergo
2757 3490 2871 3528 non
2917 3477 3007 3529 est
3042 3473 3341 3546 Scriptura
3379 3491 3447 3529 ex
3478 3475 3617 3531 Deo.

232 3552 500 3623 medicus
529 3564 828 3637 prohibuit
856 3580 929 3618 ne
959 3563 1137 3617 Adam
1172 3560 1479 3615 nociturna
1507 3562 1789 3631 gustaret.
1931 3572 1938 3579 '
1979 3564 2097 3620 Hoc
2129 3563 2283 3619 enim
2313 3562 2620 3633 objiciunt,
2653 3562 2753 3634 qui
2779 3561 2959 3618 Vetus
3011 3579 3125 3617 non
3177 3562 3470 3635 recipiunt
3511 3564 3624 3621 Τε-

303 3658 393 3712 36.
438 3656 653 3711 Iterum
698 3652 920 3722 accipe:
989 3649 1146 3705 Scire
1212 3650 1431 3703 bonum
1499 3647 1709 3702 melius
1757 3650 1867 3712 est,

232 3761 409 3817 quam
443 3743 698 3799 nescire:
728 3746 784 3796 et
813 3741 863 3795 ei
904 3738 1004 3811 qui
1070 3739 1289 3793 bonum
1357 3736 1521 3802 sciat,
1554 3734 1866 3808 pulchrum

230 3837 319 3891 est
347 3833 494 3888 scire
524 3830 679 3903 quod
712 3829 930 3884 malum
964 3831 1071 3895 est,
1107 3831 1170 3880 ut
1235 3826 1379 3881 sciat
1448 3840 1645 3879 cavere
1710 3824 1865 3895 quod

229 3922 450 3977 malum
480 3924 588 3988 est,
619 3923 678 3975 et
702 3923 766 3974 ut
796 3917 1053 3989 prudens
1081 3915 1287 3970 subeat
1316 3913 1594 3969 custodiae
1643 3913 1865 3967 cautio-

226 4027 357 4066 nem
392 4011 522 4082 (41).
556 4008 781 4063 Rursus
813 4010 1007 4062 autem
1042 4020 1153 4059 non
1188 4003 1332 4059 satis
1381 4007 1469 4057 est
1515 4001 1623 4056 hoc
1673 4001 1858 4055 solum

222 4100 378 4156 που
408 4099 556 4155 scire
624 4096 778 4169 quod
848 4093 1067 4150 malum
1137 4097 1259 4159 est;
1329 4108 1401 4147 ne
1467 4107 1599 4145 cum
1640 4088 1861 4144 malum

220 4188 394 4256 scias,
428 4186 669 4243 scientia
696 4184 833 4241 boni
864 4183 1111 4254 incipias
1154 4178 1507 4235 detraudari.
1555 4177 1859 4233 Pulchrius

218 4281 307 4333 est
336 4276 516 4349 igitur
547 4279 610 4330 ut
648 4278 965 4344 utrumque
1000 4270 1301 4335 norimus;
1350 4272 1415 4321 ut
1461 4270 1517 4320 et
1563 4265 1702 4337 quia
1747 4264 1856 4320 sci-

218 4381 351 4420 mus
380 4364 622 4429 bonum,
656 4361 950 4433 fugiamus
979 4358 1133 4430 quod
1166 4357 1387 4410 malum
1419 4359 1543 4421 est;
1578 4358 1633 4409 et
1676 4371 1743 4408 ex
1790 4369 1856 4409 eo

215 4453 371 4524 quod
400 4451 809 4523 cognoscimus
839 4448 1081 4513 malum,
1114 4445 1249 4500 boni
1298 4442 1542 4515 gratiam
1591 4442 1855 4514 praefera-

216 4556 372 4595 mus.
404 4539 517 4593 Sed
546 4538 627 4592 ita
655 4538 831 4593 debes
861 4539 1177 4605 utrumque
1208 4532 1375 4599 scire,
1409 4536 1472 4586 ut
1511 4535 1567 4585 et
1616 4531 1852 4603 profun-

1978 3656 2359 3717 stamentum,
2386 3638 2445 3707 et
2474 3651 2581 3706 has
2613 3651 2970 3706 interserunt
2998 3650 3370 3722 quastiones.
3402 3655 3623 3708 Verum

1977 3741 2034 3796 hi
2068 3758 2175 3797 sua
2205 3740 2492 3796 sententia
2528 3744 2585 3795 et
2630 3738 2901 3811 opinione
2949 3738 3215 3794 vincendi
3281 3743 3437 3795 sunt.
3472 3740 3623 3797 Cum

1976 3830 2132 3885 enim
2162 3829 2303 3884 Novi
2334 3827 2690 3883 Testamenti
2721 3844 2838 3882 non
2870 3827 3128 3883 refutant
3174 3828 3371 3894 fidem,
3420 3843 3623 3884 exem-

1972 3918 2068 3990 plo
2099 3922 2240 3974 sunt
2284 3916 2584 3990 arguendi,
2635 3919 2701 3971 ut
2750 3915 2933 3971 Vetus
2999 3915 3264 3970 credant:
3334 3917 3615 3988 quoniam

1971 4023 2107 4062 cum
2141 4005 2251 4061 sibi
2299 4005 2495 4060 divina
2560 4007 2848 4076 praecepta
2911 4007 2970 4058 et
3037 4004 3185 4058 facta
3244 4005 3616 4072 conveniant,

1972 4096 2149 4150 unius
2181 4093 2436 4149 auctoris
2457 4094 2896 4148 Testamentum
2927 4095 3242 4162 utrumque
3272 4091 3457 4164 liquet
3487 4109 3619 4150 esse

1970 4183 2347 4238 credendum.
2381 4181 2619 4236 Discant
2667 4181 2847 4253 igitur
2890 4196 3004 4235 non
3054 4180 3440 4252 superfluum,
3496 4198 3614 4238 non

1967 4272 2254 4342 injustum
2287 4271 2460 4325 etiam
2504 4269 2948 4342 praevaricatum
3014 4268 3414 4341 praescriptum
3484 4287 3614 4327 esse

1967 4361 2332 4416 mandatum.
2364 4359 2507 4413 Nam
2541 4362 2597 4413 et
2626 4358 2750 4430 ipse
2779 4357 3065 4414 Dominus
3094 4357 3270 4414 Jesus
3308 4356 3483 4431 elegit
3514 4358 3615 4415 Ju-

1963 4448 2122 4515 dam,
2146 4465 2319 4520 quem
2352 4446 2702 4518 proditorem
2734 4445 2971 4501 sciebat.
3006 4448 3183 4512 Quem
3218 4445 3265 4500 si
3318 4461 3421 4518 per
3462 4448 3601 4503 l6]

1962 4536 2414 4608 imprudentiam
2470 4534 2719 4590 electum
2772 4537 3002 4606 putant,
3062 4534 3268 4589 divinae
3329 4535 3611 4608 derogant

214 4628 286 4683 de
317 4626 565 4691 noveris,
606 4630 662 4680 et
691 4626 846 4696 quod
890 4623 1119 4678 noveris
1161 4621 1520 4692 exsequaris,
1571 4625 1852 4691 actusque
1883 4639 1929 4703 Β
1963 4625 2253 4696 potestati.
2279 4624 2390 4678 Sed
2448 4624 2556 4678 hoc
2598 4622 2887 4678 aestimare
2955 4639 3069 4678 non
3136 4627 3402 4694 possunt,
3473 4641 3608 4679 cum

213 4715 467 4771 scientia:
501 4717 803 4786 congruat.
856 4710 1125 4782 Alioquin
1192 4708 1641 4765 tolerabiliorem
1699 4708 1851 4763 Scri-

209 4808 384 4876 ptura
410 4802 630 4857 indicat
693 4817 848 4867 eum,
882 4799 983 4871 qui
1047 4803 1363 4870 utrumque
1404 4797 1640 4858 nesciat,
1674 4812 1848 4868 quam

210 4892 310 4965 qui
340 4890 730 4964 perfunctorie
761 4892 1076 4960 utrumque
1112 4887 1381 4959 cognovit
1420 4887 1567 4961 (Luc.
1609 4903 1709 4950 x11,
1760 4887 1848 4946 47,

206 4982 316 5052 48).
359 4981 569 5037 Gravat
607 4979 761 5036 enim
795 4979 962 5044 scire,
1013 4977 1167 5049 quod
1220 4976 1306 5030 vel
1350 4976 1584 5046 exsequi
1633 4973 1721 5028 vel
1764 4973 1847 5027 vi-

203 5073 326 5125 tare
357 5086 471 5125 non
502 5069 695 5141 possis
725 5068 838 5140 (62)
864 5085 877 5133 ;
910 5071 1111 5139 gravat
1143 5065 1289 5120 scire
1338 5064 1465 5119 sine
1512 5080 1621 5117 usu
1673 5067 1847 5133 atque

202 5174 373 5229 opere
400 5158 747 5231 cognitionis
779 5156 1098 5229 profundae.
1132 5154 1394 5223 Denique
1425 5152 1590 5207 obest
1630 5151 1696 5205 ad
1732 5151 1845 5205 exi-

199 5246 592 5302 stimationem
627 5246 849 5301 medico
877 5244 1023 5300 seire
1054 5243 1192 5314 quid
1234 5242 1436 5313 prosit,
1469 5246 1524 5295 et
1554 5240 1695 5311 quid
1737 5257 1841 5292 no-

198 5338 326 5389 ceat
388 5350 578 5406 aegro:
648 5334 762 5389 nisi
818 5332 1146 5404 cognitione
1213 5348 1281 5387 ea
1340 5328 1836 5400 quemadmodum

413 5501 551 5555 Mss.
577 5501 713 5566 duo,
744 5500 1029 5556 scientiam
1062 5501 1187 5554 boni
1213 5504 1264 5555 et
1300 5501 1439 5554 mali
1484 5499 1681 5553 habere
1724 5513 1837 5551 non

189 5576 676 5729 ἴὲἶῗᾚοωεθρῇῐ.
708 5658 720 5696 ;
754 5645 815 5695 ut
839 5642 972 5696 sciat
999 5634 1240 5711 pravum‘
1258 5641 1451 5704 vitare,
1503 5642 1553 5691 et
1594 5636 1832 5708 pfwlens

182 5712 377 5788 jubeat
402 5712 664 5769 custodia.

1967 4713 2269 4785 Scriptura
2301 4712 2458 4767 dicat
2489 4727 2501 4765 :
2537 4710 2684 4777 Quia
2710 4712 2913 4766 sciebat
2941 4712 3092 4767 Jesus
3140 4712 3260 4783 quis
3307 4727 3431 4766 eum
3475 4728 3607 4783 pro-

1963 4801 2181 4857 diturus
2209 4802 2343 4855 esset
2373 4802 2546 4871 (Joan.
2574 4816 2650 4865 v1,
2685 4800 2800 4870 65).
2842 4798 3243 4855 Conticescant
3291 4798 3472 4870 igitur
3517 4817 3609 4856 re-

1962 4894 2314 4962 pugnatores
2344 4888 2441 4943 isti
2467 4887 2695 4944 Veteris
2724 4887 3101 4943 Testamenti.

2031 4980 2119 5033 39.
2155 4978 2263 5033 Sed
2300 4976 2574 5049 quoniam
2611 4975 2782 5031 etiam
2816 4975 3155 5049 gentilibus,
3185 4975 3233 5032 si
3257 4975 3402 5031 forte
3447 4975 3606 5031 istud

1957 5066 2320 5139 objecerint,
2391 5065 2860 5136 respondendum
2926 5063 3176 5132 videtur,
3247 5063 3345 5134 qui
3411 5079 3604 5119 exem-

1955 5156 2115 5229 plum
2150 5172 2264 5209 non
2298 5152 2608 5225 recipiunt,
2660 5153 2943 5208 rationem
2986 5152 3265 5224 exigunt:
3315 5151 3611 5224 accipiant

1951 5246 2126 5301 etiam
2160 5243 2271 5314 ipsi
2315 5260 2433 5314 qua
2482 5242 2704 5297 ratione
2751 5240 2852 5295 Dei
2904 5240 3086 5296 Filius
3133 5239 3221 5296 vel
3263 5240 3606 5312 praevarica-

1950 5339 2082 5388 turo
2106 5331 2488 5395 mandaverit,
2521 5328 2608 5385 vel
2641 5328 2882 5405 elegerit
2913 5328 3303 5400 proditurum.
3352 5327 3608 5384 Venerat

2018 5502 2138 5573 (t2)
2170 5500 2255 5555 Ita
2296 5517 2440 5573 mss.
2490 5502 2546 5573 et
2592 5497 2728 5564 edit,
2774 5497 2957 5573 autiq.
3009 5512 3220 5573 magno
3288 5511 3599 5573 consensu.

1943 5569 2213 5628 At‘Rom.
2250 5571 2388 5626 edit.
2417 5587 2429 5624 :
2462 5572 2636 5625 vitare
2664 5585 2773 5624 non
2804 5569 2960 5635 velis,
2990 5571 3042 5623 et
3071 5583 3181 5622 non
3204 5569 3400 5639 possis.

2014 5643 2128 5714 (43)
2154 5642 2318 5698 Rom.
2347 5643 2497 5707 cod.,
2528 5643 2591 5695 in
2612 5642 2810 5695 vitium
2832 5639 3194 5710 deformitatis
3222 5639 3413 5694 trahit.
