3910 6210
172 368 285 436 309

1445 362 1678 431 LIBER
1720 363 1826 429 DE
1867 364 2282 431 PARADISO.

3446 354 3564 423 310

176 504 453 564 Dominus
498 504 670 564 Jesus
722 518 929 563 omnes
970 500 1159 562 salvos
1211 502 1396 561 facere
1453 511 1807 576 peccatores,
1838 501 1892 567 Α
1922 504 2141 560 sentias
2171 521 2183 571 ;
2217 501 2267 559 si
2300 505 2495 558 autem
2527 497 2739 558 dixeris
2770 498 2910 574 quia
2937 495 3128 558 sciens
3152 499 3309 557 Deus
3353 512 3558 571 pecca-

173 598 344 654 etiam
374 597 527 654 circa
556 596 770 670 impios
800 595 1106 653 ostendere
1135 612 1303 652 suam
1353 595 1555 651 debuit
1600 593 1807 649 volun-

172 690 367 743 tatem.
400 688 470 743 Et
500 687 630 743 ideo
660 703 766 742 nec
816 685 1184 759 proditurum
1235 685 1439 740 debuit
1477 683 1807 756 praeterire;

172 781 234 831 ut
288 776 654 833 adverterent
704 793 929 842 omnes,
982 776 1135 847 quod
1177 775 1238 830 in
1292 774 1573 830 electione
1632 773 1810 828 etiam

172 865 485 936 proditoris
516 865 609 920 sui
640 866 1060 922 servandorum
1092 863 1358 919 omnium
1393 862 1620 933 insigne
1668 877 1811 933 prae-

171 954 376 1024 tendit,
409 971 515 1010 nec
546 956 604 1009 in
635 971 703 1011 eo
731 954 903 1011 lassus
933 958 1023 1009 est
1070 953 1157 1008 vel
1210 953 1417 1018 Adam,
1468 953 1606 1022 quia
1656 966 1816 1005 man-

171 1043 374 1098 datum
410 1044 648 1116 accepit,
689 1042 779 1099 vel
827 1043 1034 1109 Judas,
1084 1043 1223 1114 quia
1269 1041 1487 1098 electus
1536 1043 1638 1095 est.
1687 1039 1814 1093 Non

170 1130 328 1187 enim
379 1132 788 1189 necessitatem
840 1133 990 1187 Deus
1035 1130 1120 1186 vel
1171 1125 1255 1185 illi
1304 1127 1815 1202 praevaricationis,

169 1219 257 1274 vel
311 1219 453 1275 huic
499 1220 848 1292 proditionis
896 1220 1198 1292 imposuit,
1249 1220 1389 1291 quia
1444 1222 1707 1289 uterque,
1767 1217 1821 1271 si

170 1313 330 1379 quod
381 1314 686 1381 acceperat
729 1310 1101 1376 custodisset,
1152 1326 1185 1363 a
1242 1312 1477 1381 peccato
1528 1306 1821 1362 abstinere

169 1396 487 1468 potuisset.
523 1397 781 1468 Denique
812 1414 917 1452 nec
963 1396 1195 1451 Judaaos
1243 1412 1449 1451 omnes
1499 1395 1821 1450 credituros

169 1484 425 1552 sciebat,
458 1489 514 1540 et
542 1490 737 1541 tamen
768 1484 889 1541 ait:
921 1487 1037 1541 Non
1074 1486 1200 1539 veni
1249 1486 1365 1539 nisi
1412 1485 1481 1538 ad
1529 1499 1648 1540 oves
1694 1499 1821 1549 per-

166 1572 316 1628 ditas
360 1572 553 1629 domus
599 1575 771 1628 Israel
810 1574 1022 1642 (Matth.
1072 1590 1165 1639 xv,
1219 1573 1337 1642 24).
1390 1573 1539 1643 Ergo
1588 1588 1704 1626 non
1763 1570 1823 1624 in

173 1660 453 1716 mandate
499 1660 672 1733 culpa
718 1665 827 1728 est,
881 1663 982 1716 sed
1031 1661 1092 1716 in
1150 1661 1563 1733 praevaricante
1620 1676 1822 1733 pecca-

170 1752 300 1805 tum
334 1754 445 1805 est.
476 1750 543 1804 Et
588 1751 742 1822 quod
794 1750 852 1804 in
903 1751 1016 1806 Deo
1065 1750 1193 1814 fuit,
1239 1750 1494 1806 ostendit
1548 1748 1827 1804 omnibus

1919 600 2119 650 turum
2150 592 2470 659 hominem,
2522 608 2863 649 communes
2911 596 3108 647 tamen
3156 588 3461 663 opiniones
3509 582 3563 642 ei

1921 683 2055 740 boni
2083 688 2138 739 et
2159 682 2298 737 mali
2323 682 2639 755 impressit;
2669 686 2731 737 ut
2753 685 2986 754 prepter
3007 679 3420 736 admistionem
3445 692 3564 732 ma-

1923 772 2111 828 lorum
2142 772 2271 826 vitae
2305 771 2751 843 perpetuitatem
2785 787 3010 827 servare
3029 787 3144 825 non
3168 771 3385 841 posset,
3414 766 3570 822 sicut

1922 860 1981 915 in
2015 860 2111 916 illo
2144 878 2257 916 non
2291 876 2615 932 praesagum
2651 860 2851 927 futuri,
2885 861 2967 914 ita
2996 859 3052 914 in
3077 859 3186 913 hoc
3209 874 3324 913 non
3347 857 3569 911 bonum

1924 951 2107 1005 Deum
2140 950 2471 1023 signiﬁcare
2500 949 2771 1005 videaris.
2800 951 2988 1020 Atque
3009 947 3144 1002 hinc
3164 948 3574 1019 argumentan-

1925 1044 2021 1094 tur
2048 1041 2188 1110 quia
2218 1057 2330 1094 non
2380 1044 2469 1094 est
2516 1043 2783 1094 creatura
2831 1037 3088 1092 hominis
3137 1053 3170 1091 a
3226 1040 3341 1089 Deo
3394 1033 3568 1088 facta.

1926 1129 2067 1182 Nam
2102 1129 2254 1182 sicut
2284 1145 2463 1200 supra
2494 1128 2857 1183 ostendimus
2888 1142 2987 1181 eos
3017 1126 3210 1180 dicere
3254 1121 3409 1195 quod
3460 1136 3573 1174 non

1929 1220 2017 1272 est
2047 1217 2386 1272 mandatum
2420 1217 2543 1283 Dei,
2590 1217 2673 1273 sic
2730 1220 2786 1272 et
2833 1216 2927 1271 hic
2975 1215 3212 1269 dicunt:
3265 1213 3389 1268 Non
3436 1225 3573 1282 ergo

1930 1309 2196 1361 creatura
2226 1305 2481 1360 hominis
2522 1322 2555 1360 a
2602 1307 2739 1374 Deo,
2785 1305 2924 1377 quia
2984 1305 3137 1360 Deus
3186 1302 3407 1357 malum
3457 1318 3571 1356 non

1932 1394 2087 1449 fecit.
2124 1394 2305 1449 Homo
2338 1398 2532 1448 autem
2564 1394 2898 1466 opinionem
2930 1393 3151 1465 accepit
3180 1392 3342 1460 mali,
3377 1392 3517 1446 dum
3542 1408 3577 1445 a

1935 1481 2107 1537 malis
2164 1482 2495 1554 praecipitur
2552 1481 2862 1537 abstinere.
2920 1482 3038 1536 Hoc
3104 1484 3300 1536 autem
3368 1494 3576 1551 genere

1935 1570 2117 1626 alium
2156 1572 2376 1627 bonum
2422 1571 2627 1637 Deum,
2670 1570 2851 1625 alium
2905 1575 3269 1643 Operatorem
3318 1568 3579 1624 hominis

1936 1665 2223 1715 conantur
2250 1660 2769 1725 asserere.Quibus
2800 1660 3274 1733 respondendum
3306 1663 3397 1713 est
3424 1657 3579 1713 illico

1938 1749 2263 1804 secundum
2323 1750 2656 1821 opinionem
2718 1766 2906 1806 suam.
2967 1748 3023 1803 Si
3082 1749 3237 1803 enim
3285 1747 3579 1803 hominem

173 1838 333 1909 quod
367 1854 575 1893 omnes
594 1837 780 1894 voluit
808 1834 1073 1895 liberare.
1106 1840 1221 1895 Nec
1262 1843 1459 1894 tamen
1511 1838 1639 1894 dico
1689 1838 1828 1909 quia
1859 1873 1909 1938 B
1938 1835 2146 1892 nolunt
2176 1855 2210 1893 a
2239 1838 2354 1894 Deo
2387 1838 2628 1906 factum,
2664 1838 2795 1909 quin
2831 1842 3098 1909 peccator
3144 1840 3234 1892 est
3282 1836 3481 1901 homo,
3527 1839 3585 1891 et

174 1926 714 1998 praevaricationem
785 1928 1084 1985 nesciebat
1155 1930 1437 1997 futuram,
1507 1927 1624 1982 imo
1694 1927 1831 1998 quia

177 2015 406 2071 sciebat
436 2032 669 2072 assero:
707 2018 804 2072 sed
838 2033 954 2072 non
992 2017 1123 2073 ideo
1171 2017 1469 2089 pereuntis
1517 2016 1831 2088 proditoris

178 2104 465 2160 invidiam
517 2103 578 2159 in
628 2121 690 2161 se
736 2106 939 2161 debuit
987 2107 1271 2175 derivare,
1332 2111 1397 2162 ut
1443 2106 1834 2162 ascriberetur

180 2192 318 2260 Deo,
352 2194 511 2265 quod
545 2198 790 2266 uterque
824 2194 901 2250 sit
938 2195 1160 2268 lapsus.
1208 2197 1372 2251 Nunc
1426 2200 1621 2250 autem
1672 2200 1830 2249 uter-

182 2299 293 2354 que
323 2283 721 2355 redarguitur,
755 2289 929 2356 atque
954 2285 1420 2349 reconvincitur;
1456 2284 1594 2356 quia
1640 2288 1696 2339 et
1734 2281 1832 2337 ille

184 2372 533 2427 mandatum
564 2389 636 2429 ne
670 2372 963 2430 laberetur
1012 2374 1253 2447 accepit,
1303 2379 1358 2430 et
1403 2373 1497 2429 hic
1543 2373 1719 2428 etiam
1772 2372 1830 2426 in

186 2460 556 2532 apostolatus
602 2478 819 2518 munus
869 2464 1132 2519 adscitus
1178 2469 1285 2530 est,
1343 2468 1405 2518 ut
1434 2462 1520 2518 vel
1554 2460 1833 2517 beneficio

177 2548 274 2604 Dei
328 2555 704 2606 revocaretur
751 2568 785 2606 a
838 2551 1188 2622 proditionis
1239 2552 1487 2608 affectu:
1544 2548 1718 2606 simul
1770 2553 1835 2604 ut

174 2638 315 2693 dum
377 2638 479 2694 alii
543 2639 937 2707 revincuntur,
994 2641 1295 2713 prodesset
1350 2640 1647 2696 omnibus.
1706 2638 1830 2693 Non

179 2726 329 2782 enim
389 2728 743 2784 consisteret
801 2734 1126 2800 peceatum,
1201 2729 1250 2785 si
1319 2728 1647 2784 interdictio
1713 2743 1829 2782 non

180 2816 406 2873 fuisset.
443 2817 568 2872 Non
602 2818 957 2873 consistente
1013 2823 1207 2874 autem
1260 2823 1514 2890 peccato,
1566 2834 1682 2872 non
1735 2834 1830 2871 so-

178 2902 296 2960 lum
330 2904 585 2968 malitia,
619 2907 717 2961 sed
752 2908 924 2962 etiam
959 2908 1146 2963 virtus
1186 2908 1431 2963 fortasse
1480 2923 1595 2961 non
1640 2908 1827 2960 esset:

186 3008 305 3065 que
332 2993 452 3049 nisi
484 2993 686 3066 aliqua
717 2994 947 3050 malitiae
980 2995 1231 3051 fuissent
1261 2995 1505 3059 semina,
1555 2993 1640 3048 vel
1692 2993 1829 3047 sub-

186 3080 392 3138 sistere
452 3081 540 3137 vel
598 3084 853 3138 eminere
901 3100 1016 3138 non
1071 3088 1285 3156 posset.
1336 3084 1481 3147 Quid
1544 3086 1633 3138 est
1672 3080 1829 3135 enim

184 3173 515 3240 peccatum,
549 3170 662 3224 nisi
696 3171 1087 3241 praevaricatio
1130 3170 1275 3245 legis
1333 3171 1559 3239 divinae,
1619 3175 1674 3225 et
1723 3186 1830 3223 cm-

1942 1925 2050 1981 hoc
2082 1928 2401 2000 refugiunt,
2435 1944 2506 1983 ne
2538 1928 2727 1983 bonus
2762 1928 2914 1983 Deus
2968 1929 3325 1999 peccatorem
3376 1924 3582 1981 fecisse

1940 2014 2225 2081 videatur,
2256 2015 2395 2088 quia
2424 2033 2540 2071 non
2573 2020 2782 2087 putant
2805 2016 3023 2070 bonum
3066 2014 3165 2085 qui
3210 2012 3409 2068 fecerit
3452 2028 3584 2083 pec-

1943 2108 2237 2172 catorem;
2294 2105 2493 2160 dicant
2548 2110 2746 2159 utrum
2803 2108 3164 2177 operatorem
3233 2101 3492 2157 hominis
3552 2118 3587 2156 a

1943 2193 2059 2249 Deo
2090 2194 2306 2249 factum
2347 2196 2571 2266 putent.
2600 2194 2657 2249 Si
2689 2193 2844 2248 enim
2879 2210 2911 2248 a
2953 2194 3069 2249 Deo
3119 2192 3307 2247 factus
3336 2194 3426 2245 est
3466 2189 3583 2257 ille,

1943 2287 2009 2337 ut
2039 2282 2261 2349 dicunt,
2284 2287 2551 2354 operator
2578 2282 2855 2348 hominis,
2890 2282 3183 2353 quomodo
3214 2280 3403 2335 bonus
3432 2279 3585 2334 Deus

1942 2377 2301 2442 operatorem
2347 2371 2485 2426 mali
2536 2371 2718 2426 fecit?
2753 2370 2965 2441 Utique
3014 2386 3129 2424 non
3190 2369 3401 2434 bonus,
3448 2383 3585 2422 nam

1943 2460 2044 2532 qui
2126 2464 2487 2531 peccatorem
2559 2460 2698 2515 facit
2764 2476 2879 2515 non
2953 2460 3184 2526 bonus;
3257 2456 3586 2513 cavendum

1945 2565 2016 2604 ne
2084 2549 2319 2620 gravius
2394 2549 2470 2602 sit
2539 2552 2898 2620 operatorem
2965 2546 3283 2619 peccatoris
3357 2545 3583 2601 fecisse.

1944 2636 2154 2693 Debuit
2204 2637 2359 2693 enim
2407 2638 2598 2692 bonus
2655 2638 2810 2692 Deus
2862 2636 3167 2708 prohibere
3222 2634 3587 2689 nativitatem

1944 2727 2092 2797 ejus,
2142 2727 2241 2797 qui
2292 2726 2509 2797 peccati
2545 2726 2935 2781 substantiam
2989 2725 3244 2781 habebat
3291 2723 3585 2778 inducere.

1941 2815 2102 2881 Quod
2135 2816 2183 2869 si
2212 2816 2415 2870 dicunt
2445 2832 2561 2869 non
2588 2831 2716 2870 esse
2742 2815 3005 2887 genitum
3039 2818 3403 2885 operatorem
3447 2810 3587 2866 mali

1941 2904 2355 2975 requirendum
2389 2908 2588 2958 utrum
2622 2904 2812 2958 bonus
2842 2902 2997 2957 Deus
3028 2901 3281 2973 potuerit
3324 2900 3587 2955 inhibere

1941 3009 2175 3063 quoquo
2206 2993 2378 3047 modo
2406 2992 2778 3064 incipientem
2812 2990 3121 3057 malitiam,
3147 3007 3221 3044 an
3246 3006 3358 3044 non
3383 2992 3586 3061 potue-

1942 3081 2036 3135 rit.
2071 3081 2132 3135 Si
2164 3081 2319 3136 enim
2354 3097 2467 3136 non
2499 3081 2706 3153 potuit,
2741 3081 3051 3135 infirmus:
3088 3079 3135 3134 si
3169 3077 3360 3151 potuit
3386 3084 3584 3133 etnon

1945 3169 2097 3236 fecit,
2134 3186 2245 3225 non
2271 3170 2479 3223 bonus.
2512 3169 2661 3241 Ergo
2693 3168 2738 3223 si
2770 3168 2883 3224 sibi
2914 3169 3028 3223 ista
3065 3184 3181 3222 non
3230 3168 3580 3238 congruunt,

182 3255 415 3314 lestium
450 3258 847 3315 inobedientia
876 3243 1292 3331 praceptorum
1318 3261 1489 3315 ‘?Non
1521 3260 1675 3314 enim
1725 3275 1827 3312 au-
1858 3243 1901 3310 C
1940 3274 2046 3313 nec
2077 3276 2193 3313 suae
2238 3256 2349 3312 sibi
2400 3256 2803 3311 haereticorum
2854 3256 3208 3311 conveniunt
3254 3253 3580 3325 opiniones,

185 3346 343 3403 ribus
375 3347 642 3420 corporis
672 3348 742 3403 de
774 3349 1067 3404 mandatis
1098 3348 1431 3404 cmlestibus
1453 3348 1824 3419 iudicamus:

187 3435 281 3490 sed
303 3452 443 3491 cum
465 3439 621 3491 esset
641 3437 743 3492 Dei
762 3437 1025 3507 verbum,
1050 3438 1356 3509 opiniones
1377 3437 1645 3509 quaedam
1660 3434 1829 3491 nobis

186 3522 315 3579 boni
344 3528 407 3580 et
438 3522 579 3579 mali
610 3523 1012 3596 pullularunt;
1045 3526 1186 3580 dum
1209 3526 1265 3580 id
1292 3526 1447 3596 quod
1472 3523 1694 3579 malum
1716 3526 1828 3586 est,

187 3612 531 3669 naturaliter
558 3612 943 3686 intelligimus
973 3630 1101 3669 esse
1130 3614 1457 3684 vitandum,
1482 3618 1537 3669 et
1557 3612 1709 3685 quod
1734 3612 1829 3666 bo-

186 3718 323 3757 num
353 3706 448 3758 est
477 3701 825 3757 naturaliter
848 3702 1017 3758 nobis
1047 3702 1430 3775 intelligimus
1461 3719 1587 3759 esse
1618 3718 1828 3774 praece-

186 3795 371 3861 ptum.
406 3792 475 3846 In
506 3807 574 3846 eo
604 3791 783 3865 igitur
808 3806 1008 3846 vocem
1040 3791 1268 3847 Domini
1299 3791 1569 3846 videmur
1605 3791 1826 3854 audire,

190 3880 336 3951 quod
373 3880 492 3935 alia
522 3878 986 3947 interdicatﬁalia
1014 3880 1327 3952 praecipiat.
1363 3884 1430 3934 Et
1458 3879 1586 3934 ideo
1618 3879 1665 3933 si
1699 3878 1832 3951 quis

190 3984 297 4023 non
330 3968 619 4025 obedierit
646 3967 764 4024 illis
789 3986 915 4040 qua:
946 3968 1126 4024 semel
1149 3986 1182 4024 a
1213 3971 1322 4024 Deo
1346 3972 1632 4040 praecepta
1652 3968 1834 4022 credi-

192 4072 342 4128 mus,
375 4073 561 4129 pmnaa
593 4057 882 4113 obnoxius
912 4056 1256 4112 aestimatur.
1291 4057 1387 4112 Dei
1410 4062 1602 4111 autem
1624 4072 1832 4128 praece-

191 4149 353 4216 ptum
366 4162 484 4201 non
496 4145 667 4217 quasi
684 4146 741 4199 in
755 4145 973 4201 tabulis
987 4145 1233 4217 lapideis
1245 4149 1572 4201 atramento
1585 4144 1836 4217 legimus

192 4232 567 4306 inscriptum,
592 4234 691 4289 sed
724 4234 996 4289 cordibus
1028 4234 1243 4289 nostris
1274 4239 1543 4289 tenemus
1587 4233 1836 4305 impres-

195 4337 325 4377 sum
360 4322 575 4395 spiritu
608 4321 709 4378 Dei
738 4323 871 4377 vivi.
906 4323 1051 4394 Ergo
1074 4322 1269 4395 opinio
1301 4328 1499 4378 nostra
1546 4322 1676 4394 ipsa
1723 4321 1835 4376 sibi

198 4408 379 4483 legem
412 4410 573 4467 facit.
604 4410 660 4465 Si
684 4410 839 4466 enim
871 4416 1073 4482 gentes
1095 4428 1222 4483 quae
1255 4412 1438 4484 legem
1462 4428 1579 4467 non
1600 4410 1833 4473 habent,

197 4499 542 4556 naturaliter
565 4516 634 4556 ea
676 4516 802 4572 quae
842 4499 989 4572 legis
1032 4505 1193 4567 sunt,
1239 4500 1494 4568 faciunt;
1547 4500 1840 4571 ejusmodi

1937 3347 2308 3418 requiramus
2365 3361 2436 3400 ne
2489 3346 2631 3400 forte
2680 3345 2925 3400 rationis
2976 3342 3169 3410 fuerit,
3229 3358 3347 3413 qua
3405 3357 3585 3396 causa

1937 3436 2091 3490 Deus
2119 3436 2237 3491 sive
2294 3434 2475 3507 geniti
2509 3433 2628 3489 sive
2670 3450 2784 3488 non
2831 3431 3013 3504 geniti
3056 3430 3215 3486 illius
3263 3427 3582 3502 operatoris

1938 3523 2136 3579 siverit
2166 3522 2449 3578 malitiam
2496 3521 2736 3577 introire
2766 3521 2826 3576 in
2879 3521 3037 3575 hunc
3084 3519 3395 3584 mundum,
3445 3532 3578 3572 cum

1940 3612 2124 3685 possit
2154 3611 2437 3667 inhibere.

2012 3703 2098 3756 41.
2133 3701 2332 3772 Itaque
2382 3705 2679 3756 servantes
2733 3715 2913 3754 unum
2964 3703 3021 3753 et
3069 3699 3341 3754 eumdem
3396 3696 3581 3753 Deum

1939 3791 2158 3846 bonum
2188 3795 2363 3861 atque
2394 3792 2778 3861 operatorem,
2809 3787 2867 3842 id
2903 3788 2948 3844 si
2988 3803 3327 3860 possumus,
3354 3789 3582 3841 astrua-

1943 3896 2098 3941 mus.
2132 3878 2283 3948 quod
2317 3878 2513 3949 gratia:
2546 3878 2780 3949 utrique
2811 3876 3115 3931 conveniat
3136 3877 3268 3945 (44),
3292 3889 3399 3930 nec
3419 3888 3585 3929 accu-

1943 3967 2189 4023 sationis
2211 3984 2412 4021 eorum
2434 3967 2797 4021 declinemus
2818 3966 3122 4029 invidiam,
3145 3963 3246 4035 qui
3266 3963 3345 4018 ita
3360 3961 3580 4016 dicunt:

1944 4056 2242 4124 Quomodo
2277 4056 2467 4110 bonus
2496 4056 2649 4110 Deus
2680 4054 2779 4125 qui
2829 4071 2941 4109 non
2990 4052 3182 4108 solum
3234 4066 3445 4122 passus
3497 4053 3587 4105 est

1944 4145 2181 4200 introire
2231 4143 2290 4198 in
2340 4143 2496 4197 hunc
2542 4143 2829 4197 mundum
2880 4140 3206 4195 malitiam:
3258 4139 3359 4193 sed
3408 4137 3584 4193 etiam

1945 4234 2003 4288 in
2049 4237 2273 4288 tantam
2324 4232 2725 4285 confusionem
2774 4229 2970 4284 venire
3021 4226 3308 4299 permisit.
3368 4225 3585 4281 Verum

1946 4323 2067 4378 haec
2098 4320 2390 4376 accusatio
2420 4324 2558 4374 tunc
2596 4318 2789 4373 locum
2839 4317 3099 4383 haberet,
3151 4315 3201 4371 si
3248 4315 3329 4371 ita
3377 4313 3589 4369 animm

1945 4410 2064 4464 vim
2095 4415 2151 4465 et
2198 4409 2409 4463 intima
2457 4414 2678 4463 secreta
2725 4406 2940 4462 mentis
2977 4404 3275 4472 inﬁceret;
3315 4407 3381 4459 ut
3427 4402 3588 4459 nullo

1949 4503 2115 4572 pacto
2148 4501 2345 4571 posset
2376 4496 2612 4563 aboleri,
2646 4499 2703 4551 et
2734 4493 3257 4551 immedicabilium
3278 4491 3588 4549 vulnerum

197 4586 378 4660 legem
409 4604 529 4643 non
563 4588 848 4644 habentes
877 4588 989 4660 ipsi
1023 4588 1135 4643 sibi
1166 4593 1304 4643 sunt
1336 4587 1443 4655 lex,
1490 4589 1588 4661 qui
1640 4592 1838 4644 osten—
1871 4610 1916 4673 Β
1950 4586 2132 4642 menti
2163 4592 2335 4658 atque
2366 4586 2574 4639 animm
2607 4590 2818 4640 nostrae
2863 4573 3024 4640 virus
3072 4583 3385 4639 insideret:
3437 4586 3593 4639 esset

198 4676 343 4732 dunt
371 4693 523 4750 opus
552 4676 700 4749 legis
731 4676 1014 4748 scriptum
1042 4676 1102 4731 in
1133 4677 1407 4733 cordibus
1436 4676 1581 4732 suis.
1633 4676 1838 4749 Opinio

199 4763 377 4836 igitur
399 4766 668 4821 humana
698 4764 809 4821 sibi
843 4769 1125 4837 tanquam
1168 4765 1266 4820 Dei
1318 4764 1408 4821 lex
1447 4769 1551 4820 est.

264 4855 353 4909 40.
392 4855 612 4909 [terum
640 4853 777 4908 hinc
827 4852 1001 4908 aliam
1051 4852 1273 4909 faciunt
1324 4853 1728 4925 quaestionem,
1778 4858 1843 4908 ut

202 4942 269 4997 ad
292 4942 545 4998 invicem
577 4941 839 4997 mandati
868 4943 997 5012 ejus
1028 4943 1179 5014 quod
1214 4942 1470 4997 diximus
1494 4943 1553 4997 in
1589 4942 1843 4997 hominis

202 5030 473 5101 opinione
503 5029 845 5099 consistere,
876 5029 1029 5085 hanc
1069 5030 1257 5103 ipsam
1309 5031 1640 5103 Opinionem
1691 5031 1843 5086 162

203 5118 553 5191 impressam
614 5135 650 5173 a
705 5119 821 5175 Deo
882 5118 1052 5175 nobis
1101 5124 1384 5190 tanquam
1443 5118 1843 5191 praescriptum

206 5206 404 5262 divinae
464 5206 610 5280 legis
670 5198 967 5263 accusent.
999 5207 1263 5275 Noverat,
1325 5207 1613 5279 inquiunt,
1666 5208 1850 5262 homi-

206 5311 332 5351 nem
365 5300 751 5368 peccaturum
784 5295 883 5367 qui
913 5296 1128 5351 creavit
1156 5312 1315 5362 eum,
1337 5300 1395 5349 et
1416 5296 1522 5351 has
1542 5296 1848 5366 opiniones

208 5382 336 5439 boni
366 5388 423 5439 et
458 5384 597 5439 mali
648 5382 967 5456 impressit,
1030 5401 1103 5440 an
1160 5401 1273 5438 non
1333 5384 1616 5439 noverat?
1676 5384 1746 5438 Ut
1802 5382 1853 5438 si

209 5471 419 5528 dixeris
453 5473 593 5545 quia
623 5487 743 5528 non
773 5476 1028 5540 noverat,
1056 5472 1312 5529 alienum
1345 5489 1379 5528 a
1417 5474 1722 5544 majestate
1752 5472 1853 5528 Dei

1948 4677 2105 4733 enim
2138 4674 2327 4747 aptior
2355 4674 2534 4745 hujus
2565 4673 2813 4747 querelae
2843 4673 3027 4741 locus,
3076 4673 3230 4744 quod
3280 4688 3415 4728 cum
3466 4688 3591 4728 om—

1950 4765 2043 4820 nia
2101 4764 2288 4836 possit
2314 4763 2489 4829 Deus,
2513 4762 2811 4818 hominem
2835 4767 3027 4818 tamen
3051 4763 3239 4835 perire
3259 4761 3339 4816 sit
3359 4776 3591 4831 passus.

1949 4853 2165 4908 Verum
2180 4868 2311 4907 cum
2331 4851 2485 4906 Deus
2503 4851 2684 4907 nostri
2700 4852 3031 4907 misericors
3049 4848 3360 4921 respuendi
3380 4845 3595 4902 erroris

1952 4940 2210 4996 remedia
2242 4940 2637 5009 reservaverit,
2670 4938 3059 5010 abolendique
3100 4937 3293 4992 omnis
3340 4933 3593 5004 contagii

1954 5047 2068 5084 non
2100 5027 2413 5083 aboleverit
2446 5027 2781 5083 facultatem
2808 5045 2821 5082 :
2856 5026 3147 5098 quomodo
3202 5021 3597 5079 irrationabile

1955 5117 2043 5173 vel
2076 5118 2365 5189 injustam
2404 5122 2514 5181 est,
2568 5116 2614 5171 si
2666 5115 2934 5188 permisit
2980 5116 3249 5169 nostrum
3301 5109 3599 5191 materiale

1955 5206 2162 5260 tentari
2197 5205 2451 5276 quadam
2481 5205 2867 5276 trepidatione
2913 5200 3240 5273 fragilitatis
3287 5199 3595 5254 humanae:

1959 5300 2017 5349 et
2046 5292 2377 5348 foeneratior
2407 5296 2607 5363 postea
2637 5292 2823 5365 gratia
2853 5308 2954 5362 per
3000 5288 3403 5362 paenitentiam
3458 5287 3600 5343 deli-

1961 5386 2185 5438 ctorum
2218 5381 2278 5433 in
2311 5380 2565 5435 hominis
2597 5380 2809 5435 rediret
2840 5380 3136 5444 affectum,
3166 5380 3223 5433 et
3272 5375 3603 5449 fragilitatis

1964 5488 2081 5526 suae
2113 5467 2379 5523 conscius
2411 5468 2565 5539 quod
2599 5472 2719 5522 tam
2752 5468 2918 5524 facile
2949 5485 2983 5523 a
3015 5467 3345 5522 divinorum
3368 5467 3607 5522 manda-

272 5596 384 5678 (44)
428 5597 600 5678 ἷξοφέ
671 5596 830 5678 edit_.,
890 5597 1031 5678 quod
1078 5599 1282 5678 gratim
1335 5597 1521 5668 utique
1570 5598 1873 5652 conveniat.
1933 5592 2140 5651 Melius
2198 5592 2322 5647 aliae
2371 5608 2505 5648 cum
2557 5609 2747 5647 mss...
2796 5593 3014 5663 utrique
3058 5591 3363 5659 conveniat,
3412 5591 3472 5646 id
3521 5593 3611 5645 est

214 5667 410 5737 gratiis
442 5667 548 5725 Dei
578 5667 720 5723 boni
749 5671 805 5724 et
841 5667 1179 5741 operatoris.
