3910 6210
381 338 497 403 3H

1847 351 1913 417 S.
1956 353 2332 423 AMBROSII

3650 370 3755 436 3i!

382 483 576 572 torum
609 480 762 572 168
794 480 942 539 serie
990 481 1272 539 deviando
1322 484 1712 557 trepidaverit,
1744 490 2021 559 tanquam
2052 493 2105 557 Α
2137 492 2193 548 in
2226 493 2368 565 lege.
2402 495 2469 550 Et
2501 494 2640 568 quia
2670 512 2828 555 mors
2859 499 3103 556 mortem
3149 498 3307 572 facit,
3354 499 3562 559 dicitur
3602 516 3755 564 morte

382 566 609 626 clavum
639 571 845 626 animae
877 572 1212 627 ﬂuctuantis
1248 575 1522 637 mandata
1554 575 1808 630 ccelestia
1852 578 2021 632 time-

380 661 468 713 ret
497 657 803 714 amittere:
851 659 1058 715 divina:
1118 663 1526 718 misericordiae
1579 663 1709 735 plus
1759 665 2021 721 tribuens

380 748 538 819 quod
561 748 777 819 recepit
796 751 1104 817 amissum,
1127 755 1181 805 et
1199 751 1306 806 sibi
1331 751 1551 824 aliquid
1578 770 1869 824 usurpans
1888 771 2021 827 gra-

379 835 471 893 tia:
502 839 657 910 quod
691 843 1025 895 revertatur.

1029 948 1258 1003 CAPUT
1298 948 1386 1003 IX.
1478 966 1481 969 ‘

378 1037 469 1092 An~
487 1036 729 1092 decuerit
756 1053 786 1091 a
819 1039 923 1091 Deo
954 1045 1283 1107 praeceptum
1314 1039 1526 1091 homini
1544 1038 1608 1091 de
1636 1038 1754 1091 cibo
1778 1036 1924 1103 dari,
1970 1041 2021 1091 et

445 1128 545 1190 cur
659 1109 1010 1190 proponenda
1039 1124 1337 1190 parumne):
1365 1109 1564 1163 dictum
1591 1111 1783 1179 fuerit,
1817 1108 2020 1164 morie-

449 1182 593 1237 mini
624 1180 715 1237 sed
747 1180 929 1236 morte
961 1180 1337 1235 moriemini?

451 1289 539 1342 42.
570 1288 736 1342 Nunc
762 1304 886 1358 qum
920 1286 995 1340 sit
1024 1285 1125 1340 illa
1172 1286 1315 1340 ratio
1366 1286 1822 1353 consideremus,
1877 1284 2015 1357 quid

380 1376 457 1431 sit
485 1375 642 1430 istud
694 1375 847 1446 quod
896 1391 1028 1429 cum
1075 1375 1416 1428 mandatum
1463 1374 1624 1428 daret
1683 1373 1905 1428 homini
1948 1373 2017 1426 de

375 1464 476 1519 illa
505 1461 836 1519 admirabili
869 1462 1151 1534 beataque
1183 1462 1296 1517 vita
1330 1461 1725 1534 praescribens,
1761 1478 1831 1516 ne
1880 1478 2015 1516 con-

373 1557 466 1610 tra
494 1553 712 1610 faciens
752 1559 935 1608 morte
992 1556 1334 1618 moreretur,
1386 1552 1457 1606 de
1509 1550 1914 1606 manducando
1961 1553 2019 1605 et

377 1642 909 1701 nonmanducando
943 1639 1231 1713 putaverit
1260 1656 1388 1695 esse
1419 1640 1839 1694 mandandum.
1870 1640 2019 1693 Sunt

373 1734 529 1790 enim
591 1733 692 1805 qui
749 1736 960 1803 putant
1018 1746 1387 1801 nequaquam
1457 1728 1797 1783 mandatum
1858 1727 2014 1783 istud

371 1822 680 1879 convenire
714 1820 839 1876 coeli
873 1823 931 1875 et
960 1822 1123 1873 terrae
1165 1822 1339 1889 atque
1395 1817 1661 1871 omnium
1719 1816 2011 1881 Creatori;

370 1927 742 1984 nequaquam
784 1911 1026 1981 dignum
1076 1907 1283 1962 incolis
1316 1906 1590 1978 paradisi,
1624 1923 1689 1961 eo
1721 1905 1874 1977 quod
1915 1903 2018 1958 illa

370 2001 487 2058 vita
515 1999 727 2055 similis
758 1998 1096 2069 angelorum
1128 1996 1222 2052 sit.
1248 1997 1317 2051 Et
1336 1995 1463 2050 ideo
1487 2010 1608 2049 norr
1632 1999 1927 2049 terrenum
1961 1995 2017 2047 et

371 2088 806 2161 corruptibilem
848 2088 1001 2142 hunc
1047 2086 1244 2141 cibum
1294 2085 1418 2140 esui
1468 2082 1648 2139 fuisse
1698 2097 2015 2154 possumus

371 2179 697 2245 mstimare;
730 2176 867 2249 quia
897 2176 993 2247 qui
1027 2192 1141 2230 non
1166 2173 1400 2241 bibunt,
1422 2188 1609 2244 neque
1632 2171 2012 2232 manducant,

373 2272 544 2324 erunt
574 2268 727 2323 sicut
757 2265 946 2338 angeli
978 2265 1035 2320 in
1068 2263 1229 2319 coelo.
1264 2262 1409 2317 Cum
1440 2261 1621 2333 igitur
1651 2260 1712 2314 in
1744 2259 1873 2313 cibo
1914 2273 2013 2311 ne-

374 2373 486 2429 que
515 2356 815 2430 praemium
851 2355 948 2421 sit,
976 2354 1115 2426 quia
1143 2368 1275 2408 esca
1326 2368 1431 2405 nos
1479 2367 1593 2405 non
1645 2346 2016 2404 commendat

374 2446 529 2514 Deo;
590 2462 779 2517 neque
841 2459 1121 2517 magnum
1175 2440 1493 2514 periculum
1546 2438 1640 2505 sit,
1702 2436 1839 2509 quia
1897 2451 2011 2489 non

378 2537 532 2609 quod
584 2535 763 2590 intrat
794 2534 853 2589 in
903 2550 988 2597 os,
1022 2531 1360 2603 coinquinat
1382 2529 1497 2600 (45)
1538 2526 1857 2591 hominem,
1911 2522 2011 2578 sed

370 2626 526 2699 quod
552 2625 669 2681 exit
694 2625 763 2679 de
794 2639 928 2678 ore:
990 2620 1218 2675 videtur
1273 2618 1399 2673 sine
1456 2616 1634 2671 dubio
1686 2617 1846 2668 tanto
1904 2628 2010 2665 au-

370 2719 525 2771 ctore
552 2731 665 2769 non
713 2728 841 2767 esse
892 2714 1264 2782 praeceptum,
1317 2706 1431 2761 nisi
1482 2704 1637 2759 hunc
1689 2702 1882 2756 cibum
1939 2701 2009 2755 ad

369 2803 535 2858 illum
567 2800 973 2874 propheticum
1006 2798 1241 2864 referas,
1275 2794 1413 2866 quia
1452 2810 1552 2865 pro
1602 2807 1814 2863 magno
1867 2807 2010 2861 prae-

371 2891 488 2946 mio
541 2890 819 2945 Dominus
876 2886 1093 2942 sanctis
1155 2884 1460 2956 pollicetur
1514 2881 1678 2936 suis:
1739 2880 1869 2934 Ecce
1916 2880 2014 2950 qui

369 2981 614 3035 serviunt
667 2978 828 3041 mihi,
898 2974 1231 3029 manducent
1282 2989 1294 3025 :
1368 2986 1457 3025 vos
1527 2976 1707 3023 autem
1759 2967 2013 3022 esurialis

370 3069 499 3142 (Isa.
534 3084 657 3133 va,
691 3066 801 3137 43).
836 3064 938 3119 Hic
964 3066 1053 3118 est
1081 3061 1234 3117 enim
1268 3058 1435 3114 cibus
1470 3058 1527 3113 in
1561 3074 1675 3129 quo
1724 3056 1841 3111 vita
1871 3056 2010 3109 deﬁ-

372 3157 533 3214 nitur
547 3161 779 3221 eterna,
797 3170 913 3226 quo
925 3151 1195 3224 quisquis
1217 3148 1387 3204 fuerit
1400 3147 1799 3211 defraudatus,
1826 3147 2010 3198 morte

2132 584 2413 640 morietur.
2447 584 2569 640 Non
2604 590 2691 641 est
2712 591 2907 644 autem
2939 589 3238 661 superﬂua
3266 590 3380 647 ista
3416 591 3749 664 geminatio:

2132 675 2219 725 est
2245 671 2400 727 enim
2433 674 2547 729 vita
2578 675 2648 730 ad
2680 681 2950 744 mortem,
3001 682 3057 733 et
3094 684 3184 734 est
3231 695 3391 736 mors
3432 681 3504 736 ad
3553 682 3748 751 vitam;

2132 759 2269 830 quia
2300 761 2432 832 quis
2463 768 2520 817 et
2567 764 2707 818 duin
2757 765 2913 833 vivit,
2967 768 3120 823 184
3180 767 3464 837 moritur;
3521 775 3576 825 et
3623 772 3747 828 dum

2132 840 2382 905 moritur
2434 850 2591 907 vivit.
2650 850 2822 908 Fiunt
2878 870 3014 927 ergo
3062 861 3319 927 quatuor
3365 857 3746 917 distinctiones

2128 936 2246 991 vita
2320 938 2527 1005 vivere,
2600 946 2787 997 morte
2862 943 3030 1011 mori,
3113 952 3299 1001 morte
3369 946 3577 1016 vivere,
3651 949 3751 1007 vita

2131 1026 2277 1080 mori
2311 1027 2442 1098 (46).
2478 1028 2623 1084 Cum
2657 1028 2835 1102 igitur
2858 1029 2979 1086 hzec
3008 1031 3093 1088 ita
3121 1049 3184 1089 se
3208 1032 3483 1104 habeant,
3534 1053 3668 1093 usus
3702 1043 3751 1093 et

2129 1114 2569 1172 consuetudinis
2627 1118 3033 1189 praejudicium
3092 1121 3376 1178 debemus
3424 1123 3744 1193 excludere;

2129 1203 2267 1274 quia
2299 1221 2442 1259 usus
2473 1204 2581 1260 hoc
2611 1205 2788 1262 habet
2816 1211 2881 1262 ut
2901 1210 3292 1267 communiter
3313 1211 3543 1269 dicatur
3561 1213 3745 1280 vivere,

2129 1294 2186 1345 et
2214 1291 2313 1363 qui
2344 1292 2471 1347 vitae
2502 1294 2660 1359 vivit,
2693 1299 2748 1349 et
2780 1295 2880 1367 qui
2916 1297 3088 1352 morti
3122 1298 3288 1353 vivit:
3346 1304 3404 1355 et
3446 1302 3747 1358 communi-

2129 1382 2217 1433 ter
2245 1379 2474 1435 dicatur
2512 1383 2659 1436 mori
2713 1382 2799 1438 vel
2853 1382 2949 1439 ille
2999 1384 3099 1455 qui
3147 1387 3319 1442 morti
3365 1387 3628 1456 moritur,
3672 1390 3747 1445 vel

2128 1466 2224 1523 ille
2255 1468 2354 1539 qui
2385 1469 2510 1541 yitze
2543 1471 2809 1526 moritur.
2870 1472 3071 1544 Itaque
3118 1489 3186 1529 ex
3231 1479 3488 1546 quatuor
3515 1478 3623 1549 (47)
3650 1478 3746 1537 duo

2127 1556 2438 1629 signiﬁcat,
2494 1564 2557 1613 ut
2615 1560 2770 1614 dicat
2815 1560 3100 1617 viventem
3146 1562 3352 1630 vivere,
3408 1581 3511 1627 nec
3561 1564 3746 1623 melius

2126 1646 2499 1719 deteriusque
2530 1647 2875 1720 distinguat,
2909 1653 2968 1704 et
3010 1650 3165 1706 dicat
3204 1652 3550 1710 morientem
3597 1656 3744 1723 mori,

2126 1750 2231 1789 nec
2263 1735 2413 1790 inter
2443 1735 2661 1792 malam
2692 1740 2750 1792 et
2780 1737 2995 1795 bonam
3035 1744 3281 1796 mortem
3329 1740 3595 1797 videatur
3636 1759 3746 1800 esse

2128 1823 2420 1878 discretio.
2454 1825 2598 1880 Nam
2616 1824 2934 1882 indiscreta
2954 1828 3219 1898 quaedam
3241 1827 3360 1883 vita
3381 1829 3743 1902 signiﬁcatur,

2128 1910 2318 1982 qualis
2355 1912 2845 1970 irrationabilium
2892 1920 2992 1971 aut
3047 1916 3223 1973 etiam
3266 1917 3656 1990 parvulorum,
3699 1926 3747 1977 et

2127 1999 2443 2057 indiscreta
2471 2018 2629 2058 mors
2661 2021 2843 2076 aeque.

2196 2092 2282 2144 44.
2309 2090 2683 2162 Sequestrato
2715 2093 2895 2165 igitur
2926 2110 3034 2150 usu
3069 2096 3540 2169 communi,quid
3557 2098 3629 2154 sit
3647 2098 3746 2157 vita

2123 2176 2331 2245 vivere,
2365 2182 2423 2234 et
2454 2180 2594 2252 quid
2627 2180 2704 2236 sit
2735 2186 2917 2237 morte
2958 2182 3128 2253 mori,
3170 2187 3229 2240 et
3274 2186 3418 2256 quid
3467 2187 3542 2242 sit
3582 2188 3746 2243 vivere

2124 2267 2319 2333 morti,
2380 2272 2437 2323 et
2496 2270 2642 2324 mori
2698 2270 2824 2326 vitae
2883 2270 3343 2329 consideremus.
3400 2278 3550 2331 Puto
3603 2275 3742 2332 enim

2124 2357 2446 2412 secundum
2479 2358 2809 2430 Sricpturas
2849 2359 2989 2431 quia
3008 2360 3125 2415 vita
3140 2363 3328 2418 vivere
3358 2364 3744 2422 admirabilem

2122 2447 2442 2514 quamdam
2501 2445 2662 2502 illam
2707 2448 2887 2503 vitam
2945 2449 3294 2522 beatamque
3348 2452 3652 2526 signiﬁcet,
3698 2458 3745 2509 et

2123 2531 2279 2588 hunc
2309 2533 2535 2589 vivendi
2566 2552 2739 2591 usum
2772 2536 3149 2609 spirandique
3181 2555 3401 2595 munus
3435 2557 3566 2601 cum
3588 2541 3743 2597 beate

2122 2619 2247 2674 vitae
2277 2622 2465 2693 gratia
2484 2622 2657 2679 veluti
2677 2624 3077 2695 conjunctum,
3100 2629 3160 2681 et
3180 2627 3441 2698 quadam
3460 2628 3745 2702 participa-

2121 2709 2280 2765 tione
2330 2711 2675 2782 permistum
2736 2714 3135 2771 demonstrare
3181 2716 3466 2779 videatur.
3513 2718 3625 2774 Hoc
3668 2722 3745 2774 est

2120 2799 2277 2852 enim
2308 2798 2425 2854 vita
2451 2799 2657 2869 vivere,
2709 2801 2919 2857 virtute
2970 2802 3179 2869 vivere,
3228 2804 3411 2861 beata;
3443 2805 3570 2862 vitae
3599 2810 3743 2863 actus

2120 2885 2335 2942 habere
2365 2888 2422 2943 in
2457 2888 2627 2945 istius
2658 2889 2914 2962 corporis
2946 2890 3083 2946 vita.
3117 2891 3331 2949 Contra
3359 2899 3557 2950 autem
3576 2899 3743 2952 morte

2122 2974 2268 3030 mori
2299 2976 2439 3047 quid
2471 2982 2561 3033 est
2589 2977 2769 3047 aliud,
2802 2978 2917 3034 nisi
2945 2995 3081 3035 cum
3122 2985 3306 3037 morte
3357 2984 3616 3056 corporis
3659 2984 3744 3040 de-

2121 3062 2475 3121 formitatem
2489 3066 2819 3138 significare
2839 3067 3161 3138 morientis,
3188 3071 3358 3142 cujus
3386 3076 3447 3128 et
3467 3089 3596 3129 caro
3609 3088 3746 3129 com-

2121 3153 2285 3207 muni
2315 3153 2540 3210 vivendi
2572 3172 2815 3212 munere
2845 3157 3240 3225 defraudetur,
3295 3163 3352 3215 et
3397 3161 3596 3217 anima
3629 3161 3744 3216 vita:

371 3247 672 3301 morietur.
697 3240 1174 3313 Quandoquidem
1201 3237 1367 3310 panis
1386 3236 1550 3291 vivus
1573 3239 1747 3322 atque
1759 3231 2008 3322 caelestis
2039 3236 2081 3302 ρ
2123 3247 2350 3297 θείω-[ιω
2383 3260 2556 3298 usum
2577 3244 2790 3301 habere
2811 3262 2926 3300 non
2948 3247 3137 3317 possit
3155 3246 3182 3302 ε)
3204 3248 3304 3303 Est
3328 3249 3507 3305 etiam
3528 3250 3624 3322 qui
3645 3249 3745 3304 vim

369 3336 495 3408 ipse
522 3334 807 3392 Dominus
856 3337 964 3396 est,
1027 3329 1127 3400 qui
1182 3330 1357 3383 vitam
1415 3326 1517 3380 dat
1574 3321 1710 3377 huic
1768 3320 2008 3375 mundo.

372 3425 535 3482 Unde
563 3429 621 3480 et
650 3425 773 3496 ipse
802 3422 883 3477 ait
908 3439 920 3476 :
948 3421 1070 3475 Nisi
1098 3414 1557 3473 manducaveritis
1587 3427 1811 3466 carnem
1836 3424 2013 3464 meam.

369 3525 420 3571 et
466 3515 712 3569 biberitis
758 3511 1082 3581 sanguinem
1123 3522 1321 3571 meum;
1372 3519 1483 3559 non
1530 3500 1792 3556 habebitis
1838 3500 2011 3553 vitam

364 3609 632 3661 aeternam
660 3603 835 3668 (Joan.
868 3616 944 3661 v1,
967 3600 1075 3663 54).
1111 3597 1247 3649 Erat
1276 3609 1411 3664 ergo
1456 3590 1623 3662 panis
1671 3587 1886 3659 aliquis
1938 3586 2008 3641 de

364 3708 480 3763 quo
514 3689 944 3762 praescripserat
972 3685 1261 3739 edendum
1296 3679 1547 3753 paradisi
1588 3676 1813 3732 incolis.
1862 3675 2004 3740 Quis

362 3778 732 3849 ille?Accipe
763 3792 939 3847 quem
990 3773 1180 3827 dicat:
1232 3773 1459 3833 Panem,
1512 3765 1724 3837 inquit,
1779 3764 2001 3831 angelo-

358 3886 483 3925 rum
510 3867 861 3923 manducavit
889 3865 1042 3919 homo
1074 3860 1243 3932 (Psal.
1298 3874 1500 3924 Lxxvn,
1552 3858 1643 3925 25,
1694 3855 1794 3909 Est
1841 3850 1998 3907 enim

355 3959 546 4014 bonus
578 3956 767 4028 panis,
801 3954 847 4009 si
885 3951 1063 4006 facias
1115 3950 1471 4004 voluntatem
1521 3945 1641 3999 Dei.
1695 3942 1798 3997 Vis
1848 3941 1995 3996 scire

352 4062 531 4120 quam
570 4046 760 4102 bonus
809 4040 1025 4114 panis?
1076 4039 1204 4110 Ipse
1246 4035 1425 4092 Filius
1474 4032 1788 4088 manducet
1838 4030 1994 4120 hunc

350 4119 580 4208 panem,
613 4133 684 4188 de
715 4148 829 4203 quo
858 4129 978 4185 ait:
1012 4129 1155 4184 Meus
1183 4127 1333 4181 cibus
1362 4130 1437 4178 est
1468 4126 1524 4177 ut
1552 4123 1759 4193 faciam
1794 4119 1990 4175 volun-

346 4228 509 4280 tatem
539 4223 720 4277 Putris
749 4221 860 4275 mei
881 4219 977 4290 qui
1008 4219 1066 4271 in
1099 4216 1245 4271 caelis
1277 4217 1351 4268 est
1378 4214 1561 4282 (Joan.
1595 4227 1670 4274 IV,
1695 4208 1806 4279 3:1).

412 4314 504 4368 43.
538 4313 755 4367 Iterum
784 4309 1088 4363 videamus
1119 4320 1236 4375 qua
1269 4300 1489 4356 ratione
1520 4298 1804 4355 Dominus
1837 4300 1984 4351 Deus

339 4401 473 4455 Adae
504 4399 733 4465 dixerit,
762 4404 934 4452 morte
963 4394 1277 4450 moriemini
1300 4409 1312 4445 :
1347 4388 1483 4460 quid
1510 4387 1759 4452 intersit,
1784 4390 1981 4439 utrum

338 4487 556 4558 aliquis
585 4488 760 4551 dicat,
812 4485 1147 4547 moriemini,
1194 4498 1266 4535 an
1325 4478 1503 4534 addat
1547 4485 1721 4531 morte
1777 4477 1978 4530 morie-

2124 3331 2391 3399 moritur,
2415 3336 2479 3387 ut
2501 3333 2601 3405 qui
2621 3334 2760 3389 vivit
2778 3350 3040 3407 corpore,
3069 3337 3171 3392 sed
3195 3341 3325 3392 actu
3348 3338 3598 3394 moritur
3620 3355 3741 3396 suo:

2121 3419 2324 3491 quales
2357 3419 2439 3474 illi
2466 3424 2624 3489 sunt,
2657 3422 2727 3477 de
2742 3422 2956 3494 quibus
2972 3423 3054 3478 ait
3074 3424 3361 3496 Propheta
3393 3427 3742 3484 :Desoenduut

2121 3511 2177 3563 in
2205 3511 2487 3578 iii/eruum
2518 3512 2749 3566 viventes
2780 3512 2948 3582 (Psal.
2983 3529 3091 3580 LIV,
3125 3513 3232 3585 l6).
3267 3514 3335 3569 Et
3384 3515 3489 3572 illa
3532 3517 3600 3572 de
3640 3531 3742 3587 qua

2120 3596 2431 3668 Apostolus
2462 3598 2639 3653 dicit:
2675 3601 2946 3668 Quoniam
2978 3603 3160 3657 vivens
3189 3611 3409 3659 mortua
3437 3609 3515 3661 est
3544 3605 3593 3677 (Ι
3622 3606 3737 3659 Tim.

2114 3702 2169 3754 v,
2204 3686 2278 3757 6).
2295 3688 2576 3751 Quartum
2600 3692 2889 3760 superest,
2913 3690 3066 3761 quod
3091 3696 3229 3745 sunt
3248 3692 3348 3763 qui
3371 3693 3549 3749 etiam
3572 3699 3739 3749 morte

2112 3773 2329 3844 vivunt,
2368 3780 2431 3830 ut
2463 3780 2750 3848 martyres
2780 3778 2988 3846 sancti,
3017 3778 3117 3850 qui
3173 3780 3375 3852 utique
3429 3782 3738 3839 moriuntur

2112 3865 2175 3915 ut
2206 3862 2417 3920 vivant.
2452 3863 2698 3919 Moritur
2728 3881 2884 3934 caro,
2933 3867 3034 3923 sed
3074 3866 3212 3923 vivit
3258 3869 3452 3939 gratia
3499 3873 3733 3926 mortuo-

2109 3967 2239 4006 rum
2272 3952 2403 4023 (48).
2438 3952 2585 4023 Ergo
2617 3953 2770 4008 absit
2798 3971 2832 4010 a
2863 3954 3051 4022 nobis,
3083 3961 3146 4010 ut
3196 3956 3512 4031 participes
3550 3955 3733 4015 mortis

2104 4039 2398 4096 vivemus:
2456 4041 2556 4095 sed
2608 4047 2811 4097 contra
2861 4043 3177 4115 participes
3225 4043 3352 4100 vita:
3408 4046 3727 4103 moriamur.

2102 4128 2350 4183 Sanctus
2378 4129 2535 4183 enim
2560 4146 2663 4186 nec
2694 4130 2819 4185 vitae
2851 4131 3025 4187 istius
3058 4149 3121 4188 se
3169 4131 3296 4188 vult
3340 4150 3474 4191 esse
3522 4132 3733 4207 partici-

2098 4233 2252 4288 pem,
2287 4218 2386 4287 qui
2420 4218 2538 4272 ait:
2579 4220 2755 4289 Cupio
2798 4218 3022 4276 dissolvi
3064 4225 3113 4277 et
3158 4237 3281 4276 cum
3335 4222 3550 4279 Christo
3593 4235 3729 4281 esse;

2094 4306 2267 4360 multo
2319 4307 2467 4359 enim
2521 4308 2718 4362 melius
2776 4307 3039 4380 (Philipp.
3088 4326 3128 4375 1,
3172 4310 3249 4381 3).
3301 4311 3372 4366 Et
3421 4310 3570 4368 alius
3628 4310 3728 4365 Heu

2094 4399 2218 4448 me!
2274 4394 2415 4464 quod
2474 4396 2744 4451 introlatus
2800 4413 2953 4451 meus
3003 4399 3364 4470 prolongatus
3428 4404 3509 4456 est
3571 4400 3656 4471 (Ps
3689 4396 3725 4450 l-

2090 4499 2236 4549 cxix,
2264 4483 2340 4555 5).
2376 4481 2588 4538 Dolens
2620 4484 2823 4556 utique
2864 4501 2999 4540 cum
3051 4487 3346 4543 consortia
3378 4488 3509 4543 vitae
3552 4487 3725 4559 speret

333 4577 499 4631 mini.
557 4574 873 4630 Ostendere
926 4571 1080 4626 enim
1125 4570 1407 4672 debemus
1438 4564 1582 4620 nihil
1614 4565 1975 4672 superfluum
2022 4609 2063 4672 Β
2095 4576 2339 4638 ωιθιεηεε,
2396 4570 2571 4627 istius
2629 4574 2755 4628 vitae
2812 4573 3122 4647 fragilitate
3181 4592 3244 4632 se
3300 4575 3604 4632 contineri.
3657 4573 3721 4627 Et

335 4663 395 4718 in
427 4663 527 4718 Dei
560 4679 691 4717 esse
742 4660 1040 4715 mandato.
1093 4658 1293 4727 Itaque
1350 4655 1460 4709 hoc
1514 4655 1782 4710 arbitror.
1834 4653 1977 4708 Cum

331 4752 448 4807 duo
475 4751 587 4807 sibi
616 4749 734 4806 sint
787 4747 1082 4804 contraria
1136 4762 1295 4800 mors
1353 4748 1409 4798 et
1461 4743 1596 4809 vita,
1651 4743 1972 4798 secundum

328 4840 659 4914 simplicem
717 4852 1047 4895 sermonem
1107 4853 1140 4889 a
1193 4834 1308 4890 vita
1363 4832 1551 4888 vivere
1609 4832 1882 4897 dicimus,
1943 4848 1977 4886 a

326 4934 514 4986 morte
546 4929 711 4985 mori.
747 4927 804 4984 Si
841 4930 1035 4982 autem
1082 4922 1412 4997 germinare
1454 4920 1594 4977 velis
1637 4927 1968 4992 utramque,

323 5019 462 5091 quia
489 5018 608 5075 vita
637 5018 813 5074 vitam
848 5014 1002 5081 facit,
1036 5012 1251 5069 dicitur
1277 5013 1389 5067 vita
1421 5013 1573 5079 vivit,
1609 5010 1760 5065 sicut
1790 5010 1970 5064 habes

393 5134 505 5205 (t5)
572 5135 713 5190 Mes.
773 5133 907 5195 'l‘h.,
943 5130 1129 5205 _Div,,_
1178 5128 1789 5205 Big.,_oommum’mt:
1852 5143 1963 5179 non

321 5198 470 5259 male
490 5198 507 5270 ’;
544 5205 598 5259 in
634 5205 816 5259 sacris
865 5201 1018 5258 enim
1071 5200 1307 5254 Litteris
1350 5198 1503 5251 idem
1552 5204 1640 5252 est
1682 5213 1966 5270 commune

317 5277 471 5346 quod
499 5268 787 5347 pollutum
837 5292 935 5329 seu
988 5272 1382 5347 inquinatum.
1542 5274 1671 5347 post
1720 5269 1850 5347 tria:
1878 5268 1963 5322 vel

361 5339 570 5400 uatuor
598 5349 771 5401 verba
802 5362 944 5399 mss.
991 5339 1138 5413 Big..
1192 5342 1379 5403 Gem.,
1427 5341 1623 5401 Mich.,
1677 5339 1972 5402 videatur,-

366 5431 461 5469 em
493 5457 505 5480 ,
542 5417 675 5481 Th.,
726 5417 939 5471 videtur
980 5418 1099 5468 sine
1144 5413 1305 5467 dubio
1351 5415 1501 5466 tanto
1549 5416 1769 5464 (molere
1816 5427 1958 5480 prie-

315 5493 526 5554 ceptum
554 5503 573 5546 ;
604 5488 661 5540 S.
697 5488 938 5551 Theod.,
990 5486 1281 5553 indignum
1331 5488 1481 5536 tanto
1538 5491 1773 5536 auclore.
1806 5481 1953 5554 Edit.

310 5552 445 5609 tsi—ll.
498 5572 566 5609 ac
617 5557 805 5623 Rom.,
856 5574 889 5610 α
933 5560 1081 5609 tanto
1120 5552 1354 5608 ’aurtore
1401 5557 1769 5624 praeceptum;
1827 5552 1952 5617 Div,

312 5625 494 5679 Laud.
528 5641 662 5679 cum
692 5627 828 5679 edit.
868 5628 995 5679 Am.
1048 5630 1105 5678 et
1152 5625 1305 5690 Era.,
1353 5623 1471 5678 sine
1519 5623 1680 5677 dubio
1730 5640 1765 5676 α
1803 5624 1954 5677 tanto

311 5703 532 5752 auctore
558 5712 667 5751 non
696 5710 809 5750 esse
833 5703 1178 5765 praeceptum.

2093 4658 2220 4714 ideo
2253 4677 2492 4731 possum
2526 4678 2557 4716 e
2596 4661 2886 4719 contrario
2940 4663 3153 4733 dicere,
3204 4663 3364 4736 quia,
3415 4669 3472 4721 et
3513 4664 3561 4720 si
3604 4661 3717 4717 vitae

2087 4748 2275 4803 vivere
2306 4749 2525 4804 bonum
2576 4755 2683 4817 est,
2730 4750 2861 4807 vitae
2904 4755 3100 4809 tamen
3148 4752 3338 4809 vivere
3386 4753 3712 4825 ambiguum

2085 4837 2180 4894 sit.
2220 4838 2408 4893 Potest
2435 4838 2593 4893 enim
2626 4838 2736 4894 dici
2767 4839 2901 4911 quis
2930 4840 3058 4896 vitae
3091 4842 3299 4912 vivere,
3333 4842 3445 4899 hoc
3465 4838 3704 4908 est,vitie

2082 4930 2306 4981 mternae
2336 4926 2508 4983 istius
2539 4926 2651 4982 vita
2680 4928 2942 4999 corporis
2983 4929 3256 4986 militare.
3313 4934 3512 4987 Potest
3548 4928 3707 4991 etiam

2080 5014 2194 5069 dici
2243 5015 2371 5069 vitae
2422 5014 2632 5081 vivere,
2684 5015 2795 5071 hoc
2841 5020 2951 5086 est,
3010 5018 3097 5073 vel
3155 5034 3585 5091 quemcunque,
3626 5011 3705 5070 vel

2149 5130 2261 5197 (46)
2322 5130 2462 5184 Mss.
2525 5147 2729 5186 omnes
2785 5142 2961 5187 morte
3007 5134 3204 5198 vivere,
3266 5136 3379 5189 vita
3434 5133 3594 5189 mori.
3643 5130 3708 5184 At

2075 5207 2278 5254 contra
2300 5201 2447 5273 edit.
2466 5248 2477 5273 ,ν
2506 5202 2672 5273 morti
2701 5204 2897 5273 vivere,
2924 5205 3058 5261 vitm
3085 5206 3250 5260 mori.

2145 5272 2256 5341 (47)
2288 5272 2428 5346 Mss.
2460 5272 2672 5335 S.’l‘h.,
2704 5274 2786 5328 vel
2838 5269 2934 5329 ille
2972 5277 3068 5346 qui
3120 5277 3289 5331 morti
3332 5276 3585 5346 moritur,
3628 5269 3702 5346 vel

2074 5342 2169 5415 ille
2201 5339 2296 5411 qui
2323 5346 2466 5397 vine.
2502 5348 2693 5413 Itaque
2722 5360 2794 5398 ea:
2822 5339 3055 5415 quatuor
3095 5345 3228 5415 illis,
3261 5351 3372 5400 etc.
3428 5339 3610 5409 Rem},
3630 5339 3701 5394 vel

3214 5389 3228 5427 2

2069 5413 2166 5465 ille
2193 5415 2289 5487 qui
2316 5418 2487 5468 morte
2507 5416 2760 5483 moritur,
2789 5413 2873 5487 vel
2905 5416 3000 5470 ille
3034 5420 3131 5487 qui
3166 5413 3279 5471 vita
3306 5416 3458 5470 vivit.
3506 5416 3693 5487 Ιιαᾳιις.

2067 5488 2200 5559 etc.,
2238 5483 2297 5559 in
2330 5501 2581 5559 quorum
2613 5490 2816 5541 neutro
2862 5483 3133 5554 habetur,
3166 5496 3217 5543 et
3244 5489 3341 5559 qui
3383 5488 3509 5542 vitm
3554 5484 3692 5545 vivit,

2064 5556 2116 5608 et
2148 5556 2246 5623 qui
2275 5557 2440 5610 morti
2461 5557 2616 5610 vivit.

2148 5590 2157 5606 ι
2187 5590 2243 5607 ιιι
2278 5590 2380 5608 HW!
2397 5590 2437 5610 ιι
2464 5590 2616 5610 υιυινο
3650 5590 3654 5593 ⁷

2137 5590 2254 5694 (Ῐίὸ)
2281 5624 2391 5680 Ms.
2428 5625 2614 5694 Rem,
2648 5627 2963 5682 moriuntur
2988 5643 3176 5701 carne,
3206 5627 3299 5683 sed
3318 5628 3506 5684 vivunt
3524 5622 3692 5699 gratia

2060 5702 2424 5751 mortuorum.
