3910 6210
155 374 272 445 ’313

166 608 241 671 ut,
260 606 413 661 verbi
448 605 655 679 gratia,
680 607 729 662 si
760 606 893 679 quis
924 606 1052 663 ideo
1083 606 1320 663 honeste
1351 612 1518 678 putet
1549 624 1677 663 esse
1708 606 1795 661 vi-

168 691 436 761 vendum,
489 698 554 749 ut
599 694 652 749 is
700 692 1126 766 longaevitatem
1176 694 1303 749 vitae
1356 695 1525 751 bonis
1576 695 1802 751 actibus

168 786 564 852 consequatur,
591 781 793 854 quales
825 780 1087 855 plerique
1120 782 1473 840 inﬁrmiores
1500 789 1640 840 sunt
1660 800 1805 855 quos

165 867 274 924 hac
301 869 419 924 vita
454 870 728 927 delectat.

230 958 496 1014 45.Sicut
542 976 680 1033 ergo
708 958 849 1014 .vitze
895 960 1084 1015 vivere
1133 960 1272 1032 quid
1322 960 1399 1016 sit
1448 960 1802 1033 accepimus,

164 1046 294 1118 quid
332 1047 411 1102 sit
455 1048 627 1104 morti
684 1047 832 1103 mori
881 1046 1259 1119 accipiamus,
1290 1048 1379 1104 vel
1431 1048 1604 1104 morti
1654 1048 1805 1103 vive-

162 1134 639 1205 re(l9).Possunt
686 1135 843 1190 enim
875 1152 1005 1191 esse
1036 1136 1136 1207 qui
1170 1136 1496 1192 moriantur
1528 1137 1722 1205 morti,
1752 1140 1809 1191 et

159 1222 256 1294 qui
286 1224 484 1279 vivant
525 1224 673 1279 vitae.
708 1224 857 1278 Nam
905 1224 1004 1296 qui
1054 1241 1169 1279 non
1200 1226 1282 1280 ita
1308 1226 1465 1295 vivit,
1491 1230 1554 1281 ut
1602 1243 1808 1281 secun-

163 1311 301 1365 dum
343 1316 596 1368 mortem
646 1312 853 1367 anime
884 1329 1003 1369 suae
1034 1311 1206 1380 vivat,
1240 1315 1291 1369 is
1323 1314 1493 1370 morti
1539 1315 1807 1379 moritur,

164 1400 312 1456 I65
349 1399 492 1472 quia
516 1417 630 1456 non
662 1404 751 1456 est
776 1400 1061 1457 obnoxius
1082 1402 1253 1457 morti
1276 1402 1409 1475 (50),
1433 1403 1490 1457 id
1513 1408 1602 1459 est
1628 1419 1811 1458 nexus

156 1504 287 1543 eum
332 1504 677 1545 aerumnosa;
727 1488 930 1545 mortis
978 1489 1199 1557 amisit,
1232 1508 1349 1546 non
1391 1492 1812 1565 constringitur

154 1573 406 1631 vinculis
427 1577 636 1631 mortis
665 1581 910 1632 aeternae.
940 1577 1206 1634 Mortuus
1227 1584 1316 1635 est
1338 1582 1534 1647 morti,
1556 1580 1665 1636 hoc
1694 1586 1807 1648 est,

156 1668 426 1719 mortuus
458 1669 548 1719 est
575 1669 831 1736 peccato,
865 1668 1134 1722 mortuus
1164 1672 1252 1722 est
1280 1685 1461 1740 paenae
1498 1685 1511 1725 :
1543 1670 1636 1724 cui
1667 1686 1808 1725 con-

158 1753 406 1808 trarium
428 1759 518 1808 est
538 1770 717 1826 paenae
739 1754 946 1821 vivere,
974 1754 1084 1811 hoc
1108 1760 1216 1823 est,
1240 1757 1474 1829 quando
1506 1759 1641 1830 quis
1668 1758 1811 1815 vivit

155 1843 223 1899 ad
255 1858 515 1916 poenam,
541 1843 611 1898 ad
646 1842 782 1898 vivit
804 1847 1072 1900 mortem.
1096 1845 1205 1908 Qui
1227 1852 1424 1903 autem
1457 1849 1707 1902 moritur
1734 1849 1807 1903 ad

155 1947 408 2004 pinnam,
443 1929 693 1987 moritur
720 1932 794 1987 ad
826 1937 1093 1988 mortem.
1130 1933 1230 1989 Est
1266 1934 1441 1991 etiam
1473 1937 1573 2009 qui
1604 1937 1660 1991 in
1695 1936 1804 1992 hac

154 2021 269 2076 vita
297 2019 529 2093 positus
578 2020 867 2076 moriatur
913 2022 986 2077 ad
1013 2021 1214 2092 vitam,
1237 2024 1390 2080 sicut
1418 2024 1514 2081 ille
1543 2026 1643 2097 qui
1675 2027 1757 2081 ait
1789 2044 1803 2082 :

161 2110 282 2166 Vivo
312 2112 502 2165 autem
530 2110 642 2179 iam
674 2126 784 2165 non
832 2126 947 2183 ego,
978 2112 1114 2167 vivit
1139 2116 1322 2167 autem
1352 2115 1411 2168 in
1442 2131 1529 2170 me
1561 2115 1807 2172 Christus

154 2196 353 2269 (Galat.
380 2215 449 2266 ιι,
472 2198 582 2270 20).
608 2198 847 2254 Peccato
877 2199 1034 2255 enim
1068 2204 1337 2257 mortuus
1365 2208 1473 2271 est,
1505 2203 1620 2260 Deo
1650 2205 1806 2269 vivit,

157 2284 260 2342 hoc
292 2291 405 2355 est,
441 2302 604 2343 mors
632 2286 689 2341 in
721 2302 787 2343 eo
834 2293 1066 2345 mortua
1106 2293 1217 2362 est,
1240 2292 1341 2345 sed
1374 2293 1492 2347 vita
1519 2292 1676 2361 vivit,
1708 2293 1810 2364 qui

157 2379 245 2429 est
274 2375 569 2430 Dominus
598 2375 791 2431 Jesus.
826 2377 971 2448 Ergo
1003 2377 1156 2433 bona
1186 2378 1302 2435 vita
1331 2395 1533 2435 eorum
1565 2382 1663 2453 qui
1697 2382 1812 2438 Deo

159 2461 379 2531 vivunt,
417 2462 579 2518 mala
622 2463 741 2518 vita
784 2480 985 2520 eorum
1019 2465 1120 2537 qui
1170 2471 1403 2538 peccato
1452 2468 1671 2524 vivunt.
1713 2470 1816 2525 Est

153 2551 327 2607 etiam
364 2552 566 2608 media
583 2553 720 2621 vita,
755 2558 820 2608 ut
848 2553 1237 2610 animantium
1268 2561 1631 2624 czeterorum,
1663 2559 1816 2615 sicut

156 2638 335 2697 habes
366 2641 660 2714 scriptum
696 2630 1019 2698 z'Producat
1058 2646 1206 2698 terra
1254 2647 1500 2701 animam
1545 2649 1815 2704 viventem

152 2730 453 2786 secundum
502 2745 671 2801 genus
720 2729 872 2800 (Gen.
907 2749 942 2800 ι,
975 2733 1087 2803 24).
1112 2734 1215 2788 Est
1264 2734 1440 2789 etiam
1492 2735 1611 2791 vita
1657 2754 1813 2793 mor-

157 2820 420 2885 tuorum,
457 2823 528 2874 ut
554 2818 712 2875 Deus
741 2819 1060 2888 Abraham,
1093 2825 1151 2877 et
1178 2821 1334 2879 Deus
1362 2823 1542 2892 Isaac,
1574 2830 1631 2880 et
1661 2826 1815 2881 Deus

161 2905 372 2976 Jacob;
427 2907 577 2979 quia
597 2907 750 2963 Deus
801 2913 1167 2964 mortuorum
1216 2928 1333 2966 non
1364 2917 1473 2978 est,
1507 2914 1608 2969 sed
1658 2915 1814 2970 vivo-

163 3011 309 3051 rum.
344 2998 511 3053 Sunt
543 2997 719 3052 etiam
753 2998 966 3068 quibus
1008 3000 1402 3057 communitas
1431 3006 1520 3057 est
1549 3005 1815 3074 quaedam

155 3084 356 3141 mortis
394 3090 457 3141 et
505 3084 658 3152 vitae,
691 3086 761 3140 de
808 3086 1026 3157 quibus
1073 3088 1154 3142 ait
1202 3089 1519 3161 Apostolus
1567 3091 1813 3149 dicens:

153 3171 210 3226 Si
246 3176 590 3231 commortui
618 3175 763 3241 estis,
790 3178 842 3228 et
870 3178 1184 3232 convivalis.
1236 3179 1298 3234 Si
1341 3180 1491 3234 enim
1535 3182 1813 3253 complan-

1426 382 1659 447 LIBER
1702 380 1806 446 nn
1847 362 2271 446 pAaAnlso.

170 519 419 574 sanctum
446 513 620 574 istius
647 516 777 573 vita:
815 516 1030 573 habere
1070 514 1425 574 desiderium
1453 516 1801 602 corporalis,
1831 517 1888 585 Α

3435 394 3551 458 314

2567 520 2901 599 οΑΡυΤΧ.

1915 624 2025 679 Cur
2054 626 2328 712 hominem
2520 648 2642 712 non‘
2672 636 2992 712 approbarit
3034 637 3150 712 nisi
3188 642 3311 712 post
3349 639 3555 712 factam

1982 698 2291 782 mulierem,
2324 698 2903 782 etid‘maxime'qusd
2929 724 3026 782 per
3070 698 3552 782 hané‘ille'decep-

1983 771 2072 851 tus
2094 774 2423 851 peccaverit,-
2454 775 2685 851 itenique
2713 771 2814 831 cur
2841 771 3028 833 eadem
3062 796 3174 835 non
3201 780 3266 836 de
3293 785 3459 851 terra,
3491 771 3555 839 ut

1984 840 2176 906 Adam,
2205 842 2295 897 sed
2322 845 2391 900 de
2417 848 2561 901 costa
2589 840 2707 917 ejus
2729 852 2913 903 creata
2942 850 3053 905 sit?

1987 946 2074 1001 46.
2108 946 2250 1004 Item
2280 948 2395 1005 alia
2423 952 2690 1023 questio,
2716 953 2855 1025 quia
2885 954 3029 1010 dixit
3076 956 3361 1014 Dominus
3395 977 3408 1013 :
3440 961 3557 1015 Non

1915 1041 1994 1089 est
2023 1035 2221 1091 bonum
2258 1039 2432 1093 solum
2477 1056 2589 1095 esse
2634 1042 2909 1098 hominem
2938 1043 3090 1115 (Gen.
3126 1062 3186 1111 ιι,
3219 1046 3329 1118 18).
3365 1046 3558 1102 Primo

1916 1123 2181 1178 omnium
2214 1142 2496 1198 cognosce
2525 1129 2665 1201 quia
2694 1129 2752 1184 in
2781 1132 3203 1203 superioribus,
3237 1134 3336 1190 ubi
3369 1134 3557 1190 homi-

1919 1228 2051 1267 nem
2086 1212 2250 1268 finxit
2288 1216 2435 1271 Deus
2484 1217 2554 1273 de
2603 1218 2742 1274 limo
2788 1223 2976 1289 terras,
3027 1238 3141 1277 non
3191 1222 3415 1279 addidit
3447 1241 3462 1279 :
3493 1225 3557 1279 Et

1916 1299 2054 1355 vidit
2084 1302 2221 1358 Deus
2267 1306 2397 1375 quia
2439 1307 2637 1362 bonum
2664 1312 2745 1363 est
2775 1308 2928 1379 (Gen.
2961 1328 2999 1375 ι,
3033 1310 3147 1383 10,)
3178 1312 3558 1382 quemadmo-

1917 1389 2060 1444 dum
2093 1390 2149 1445 in
2183 1392 2434 1464 singulis
2459 1396 2733 1466 cperibus
2764 1397 2907 1453 suis.
2932 1399 3075 1453 Nam
3102 1400 3150 1453 si
3171 1400 3416 1456 dixisset
3442 1398 3559 1455 illic

1918 1476 2138 1533 bonum
2169 1494 2318 1546 esse,
2345 1480 2484 1553 quia
2514 1482 2688 1540 homo
2723 1484 2909 1541 factus
2939 1491 3044 1553 est,
3071 1487 3425 1543 inveniretur
3450 1486 3561 1542 hoc

1918 1581 2046 1621 esse
2077 1570 2456 1638 contrarium,
2491 1577 2556 1627 ut
2597 1573 2691 1628 hic
2723 1590 2839 1629 non
2888 1591 3016 1631 esse
3059 1575 3281 1631 bonum
3324 1575 3557 1645 diceret,

1918 1670 2052 1710 cum
2086 1655 2144 1711 in
2177 1660 2578 1730 superioribus
2610 1662 2829 1717 bonum
2863 1679 2992 1719 esse
3022 1663 3281 1720 dixisset.
3311 1664 3420 1720 Sed
3453 1663 3561 1720 hoc

1917 1742 1998 1797 ibi
2028 1759 2330 1817 cognosce,
2366 1749 2462 1803 ubi
2496 1749 2688 1805 solum
2730 1751 2911 1807 Adam
2963 1752 3115 1808 fecit.
3148 1754 3429 1809 Caeterum
3462 1751 3561 1807 ubi

1916 1836 2308 1892 communiter
2354 1839 2796 1911 comprehendit
2824 1844 2881 1895 et
2917 1840 3103 1896 virum
3152 1845 3210 1897 et
3255 1841 3559 1897 mulierem

1917 1921 2119 1994 factos,
2171 1923 2304 1981 licet
2361 1943 2433 1983 ne
2484 1927 2562 1982 ibi
2620 1928 2858 2000 quidem
2918 1929 3127 1986 dixerit
3183 1930 3556 2003 specialiter:

1913 2016 2112 2069 tamen
2153 2013 2290 2085 quia
2340 2021 2542 2087 postea
2572 2015 2752 2072 babes
2785 2036 2797 2073 :
2838 2019 2980 2074 Vidit
3026 2020 3166 2075 Deus
3207 2022 3394 2075 omnia
3443 2036 3562 2091 quas

1915 2104 2063 2173 fecit,
2110 2111 2162 2159 et
2212 2120 2333 2159 ecce
2359 2112 2516 2160 erant
2558 2106 2698 2161 bona
2746 2107 2898 2162 valde
2924 2107 3080 2179 (Gen.
3113 2125 3153 2171 1,
3183 2109 3294 2178 31),
3327 2108 3557 2164 eviden—

1915 2195 2004 2249 ἴθι·
2032 2191 2358 2249 declaratur
2404 2194 2623 2250 bonum
2670 2211 2797 2251 esse
2828 2197 2983 2269 quod
3015 2201 3073 2253 et
3104 2197 3189 2253 vir
3232 2197 3309 2253 sit
3354 2198 3559 2267 factus,

1918 2285 1976 2336 et
2006 2281 2237 2336 mulier.

1993 2372 2078 2424 47.
2113 2370 2219 2425 Sed
2238 2387 2304 2425 ex
2320 2370 2429 2427 hac
2447 2372 2768 2443 quaestione
2784 2374 2897 2429 alia
2918 2376 3158 2447 quaestio
3179 2394 3387 2433 rursus
3409 2377 3561 2434 160

1920 2459 2184 2530 emergit.
2261 2460 2561 2526 Quomodo
2627 2461 2784 2517 enim
2850 2464 3083 2535 quando
3148 2465 3311 2521 solus
3377 2466 3562 2522 factus

1923 2552 2012 2603 est
2065 2548 2270 2617 Adam,
2302 2565 2417 2604 non
2474 2550 2695 2607 dictum
2743 2555 2832 2607 est
2884 2553 3104 2609 bonum
3157 2572 3286 2611 esse
3342 2555 3561 2612 factum

1921 2637 2110 2692 Adam
2145 2654 2157 2693 :
2193 2639 2428 2709 quando
2467 2643 2659 2695 autem
2689 2644 2746 2695 et
2773 2639 2986 2697 mulier
3024 2658 3092 2698 ex
3136 2659 3203 2698 eo
3251 2638 3559 2713 facta'est,

1922 2731 2063 2782 tunc
2093 2743 2220 2782 esse
2250 2727 2402 2782 bona
2443 2729 2642 2783 omnia
2693 2730 3180 2802 comprehensum
3230 2732 3360 2787 est?
3408 2732 3565 2789 Licet

1924 2815 2041 2871 illic
2070 2832 2304 2871 omnem
2337 2816 2657 2873 laudaverit
2703 2822 3051 2880 creaturam.
3084 2824 3141 2876 et
3169 2821 3565 2879 universitatis

1924 2905 2137 2960 creatio
2180 2904 2259 2960 sit
2305 2907 2567 2977 probata,
2602 2907 2880 2979 quoniam
2936 2909 2995 2963 in
3050 2909 3287 2966 homine
3343 2915 3563 2967 natura:

1925 2996 2201 3067 prazdicta
2219 2996 2330 3067 (54)
2353 2996 2745 3054 communitas
2781 3003 2871 3055 est
2902 3017 2917 3055 :
2952 3003 3145 3056 tamen
3195 3017 3309 3056 non
3338 3003 3566 3058 videtur

1926 3084 2341 3156 otiosum,qua
2378 3084 2602 3141 ratione
2649 3087 2748 3141 ubi
2778 3087 2934 3143 solus
2985 3088 3173 3145 factus
3220 3094 3306 3145 est
3355 3092 3563 3158 Adam,

1928 3190 2043 3228 non
2076 3172 2267 3229 solum
2290 3189 2661 3245 nequaquam
2694 3176 3024 3247 praedicatio
3055 3177 3191 3233 boni
3220 3178 3566 3250 complacito

141 3263 267 3330 'tati,
300 3261 532 3335 inquit,
564 3279 753 3318 sumus
780 3264 1146 3321 similitudini
1177 3268 1368 3322 mortis
1400 3268 1535 3338 ejus,
1567 3249 1735 3326 simul
1764 3276 1815 3326 et
1844 3249 1887 3316 (ἶ
1925 3262 2084 3333 Operi
2116 3262 2340 3332 adiecta
2374 3261 2483 3330 Sit;
2527 3263 2627 3318 88d
2657 3263 2830 3319 etiam
2883 3265 3102 3320 dictum
3151 3266 3227 3321 sit
3274 3249 3390 3320 not!
3438 3282 3566 3323 esse

148 3353 573 3408 resurrectionis
622 3353 830 3407 erimus
886 3371 905 3406 :
961 3356 1186 3410 scientes
1254 3357 1386 3426 quia
1446 3361 1597 3412 vetus
1654 3359 1810 3415 homo

148 3447 322 3495 noster
348 3441 532 3495 simul
578 3440 828 3510 conﬁxus
878 3445 959 3496 est
1003 3443 1158 3497 cruci
1184 3460 1204 3496 :
1233 3447 1296 3498 ut
1333 3444 1649 3501 destruatur
1692 3462 1809 3502 cor-

142 3543 241 3597 pus
284 3532 528 3599 peccati,
576 3538 640 3584 ut
693 3530 844 3585 ultra
890 3546 1002 3585 non
1052 3533 1362 3588 serviamus
1416 3542 1653 3605 peccato.
1707 3535 1815 3603 Qui

144 3618 284 3671 enim
342 3621 614 3673 mortuus
668 3627 767 3684 est,
808 3619 1142 3690 justi/iectus
1193 3623 1270 3675 est
1325 3638 1360 3676 a
1414 3631 1631 3694 peccato
1675 3624 1809 3697 (51).

144 3703 314 3775 (Rom.
348 3725 432 3774 v1,
465 3708 620 3779 5-8).
668 3707 834 3761 Sicut
889 3712 1084 3763 autem
1141 3710 1360 3780 ﬁguras
1419 3710 1636 3767 multas
1683 3713 1811 3768 vita:

144 3792 434 3863 diximus,
496 3795 585 3850 ita
641 3796 818 3850 etiam
876 3797 1082 3853 mortis
1139 3797 1527 3855 inveniemus.
1589 3800 1815 3857 Dicitur

142 3882 296 3939 enim
327 3900 502 3941 mors
536 3883 698 3939 mala
725 3885 1050 3940 secundum
1082 3884 1229 3941 illud
1265 3902 1278 3940 :
1312 3888 1511 3943 Anima
1538 3904 1664 3960 quae
1688 3906 1811 3962 pec-

141 3980 244 4037 cat,
299 3975 431 4044 ipsa
490 3974 768 4028 morietur
824 3973 1035 4044 (Ezech.
1098 3992 1258 4040 xvm,
1310 3977 1422 4048 20).
1473 3976 1699 4033 Dicitur
1756 3984 1814 4034 et

139 4073 294 4118 mors
325 4061 760 4127 communiter,
792 4060 946 4117 sicut
982 4061 1164 4118 habes
1212 4064 1371 4118 verbi
1400 4065 1591 4137 gratia
1620 4082 1632 4121 :
1668 4066 1814 4130 Quia

136 4150 318 4205 Adam
350 4150 509 4206 vixit
566 4154 654 4206 tot
699 4166 883 4205 annos
912 4150 1046 4222 (52),
1071 4157 1128 4206 et
1169 4157 1436 4208 mortuus
1483 4158 1590 4221 est,
1623 4159 1681 4210 et
1708 4172 1809 4227 ap-

1920 3350 2140 3405 bonum
2172 3350 2359 3405 solum
2391 3349 2689 3407 hominem
2717 3369 2730 3406 :
2763 3369 2897 3408 cum
2928 3353 3186 3410 sciamus
3216 3354 3370 3426 quod
3402 3359 3566 3412 ante-

1921 3455 2099 3509 quam
2138 3439 2302 3493 fieret
2350 3438 2580 3505 mulier,
2632 3456 2745 3495 non
2796 3443 3072 3497 erraverit
3118 3443 3329 3511 Adam;
3364 3449 3568 3516 postea

1922 3543 2053 3582 vero
2084 3542 2262 3598 quam
2293 3526 2504 3583 mulier
2531 3533 2619 3584 est
2666 3528 2836 3596 facta,
2868 3530 3027 3602 prior
3056 3531 3316 3588 divinum
3347 3549 3565 3606 praeva-

1922 3616 2104 3671 ricata
2150 3616 2516 3683 mandatum,
2546 3617 2724 3673 etiam
2774 3618 2964 3674 virum
3016 3638 3189 3677 suum
3221 3622 3462 3679 traxerit
3504 3625 3562 3680 in

1922 3720 2197 3770 errorem,
2247 3708 2305 3760 et
2360 3705 2714 3762 incentivum
2755 3707 2884 3779 ejus
2940 3710 3242 3766 exstiterit.
3278 3712 3337 3767 Si
3385 3711 3565 3785 igitur

1921 3810 2052 3848 vero
2084 3792 2264 3867 culpae
2297 3798 2497 3851 auctor
2534 3797 2623 3849 est
2667 3794 2896 3865 mulier,
2929 3799 3426 3869 quemadmodum
3458 3818 3562 3872 pro

1922 3883 2094 3938 bon0'
2125 3881 2357 3937 videtur
2384 3882 2894 3953 adjecta‘VVerum
2941 3885 2994 3941 si
3044 3888 3374 3943 consideres
3424 3889 3563 3959 quia

1922 3970 2038 4026 Deo
2082 3969 2472 4026 universitatis
2522 3975 2613 4028 est
2660 3989 2817 4041 cura,
2850 3973 3109 4029 invenies
3156 3974 3289 4047 plus
3335 3974 3562 4046 placere

1922 4058 2166 4114 Domino
2198 4059 2469 4114 debuisse
2512 4058 2570 4113 id
2600 4058 2659 4114 in
2693 4077 2807 4131 quo
2852 4065 3007 4116 esset
3054 4078 3231 4116 causa
3276 4062 3559 4119 universi-

1920 4147 2081 4214 tatis,
2133 4164 2307 4219 quam
2356 4147 2866 4204 condemnandum
2912 4149 3093 4205 fuisse
3142 4149 3285 4206 illud
3336 4151 3395 4206 in
3444 4169 3560 4225 quo

1918 4241 2073 4292 esset
2103 4253 2281 4291 causa
2325 4235 2657 4308 peccati/Et
2701 4236 2832 4292 ideo
2862 4237 3001 4309 quia
3029 4254 3097 4294 ex
3121 4239 3242 4295 viro
3273 4239 3396 4296 solo
3444 4258 3561 4298 non

1920 4329 2145 4397 poterat
2173 4324 2418 4380 humani
2463 4340 2592 4380 esse
2622 4325 2852 4398 generis
2902 4328 3261 4400 propagatio,
3301 4344 3562 4401 pronun-

137 4239 363 4307 positus
396 4244 495 4296 est
526 4239 608 4294 ad
641 4242 834 4310 patres
863 4255 1025 4295 suos.
1058 4238 1279 4295 Dicitur
1311 4241 1488 4296 etiam
1521 4259 1679 4299 mors
1709 4260 1811 4315 per

135 4324 522 4398 baptismatis
561 4332 1021 4395 sacramentum,
1057 4328 1210 4384 sicut
1238 4329 1419 4385 habes
1452 4347 1465 4385 :
1500 4330 1812 4404 Gonsepulti

133 4427 313 4472 summ
341 4432 478 4473 cum
508 4417 619 4472 ίιιο
643 4432 744 4488 per
773 4417 1104 4487 baptismum
1131 4419 1193 4472 in
1214 4427 1389 4474 morte
1418 4420 1592 4490 (Rom,
1618 4437 1698 4488 v1,
1730 4421 1805 4493 4),
1917 4412 2082 4469 tiavit
2103 4414 2388 4469 Dominus
2420 4430 2534 4470 non
2565 4430 2693 4471 esse
2739 4415 2957 4470 bonum
2990 4416 3179 4472 solum
3210 4434 3337 4474 esse
3367 4417 3564 4475 homi-

130 4500 196 4555 ‘Et
222 4503 365 4560 alibi
402 4523 417 4562 :
456 4505 527 4560 Si
557 4512 750 4559 autem
792 4507 999 4560 mortui
1042 4522 1229 4561 sumus
1272 4522 1395 4561 cum
1426 4507 1657 4577 Christo,
1691 4525 1804 4565 cre-
1918 4520 2071 4559 nem.
2105 4502 2311 4559 Maluit
2340 4502 2496 4558 enim
2551 4502 2705 4559 Deus
2753 4502 2952 4576 plures
2999 4521 3128 4562 esse
3174 4523 3322 4579 quos
3369 4507 3561 4564 salvos

130 4588 304 4648 dimus
331 4595 519 4650 etiam
551 4593 699 4665 quod
725 4593 898 4648 simul
943 4595 1187 4650 vivemus
1233 4612 1358 4650 eum
1408 4597 1505 4651 illo
1532 4597 1694 4669 (Ibid.
1721 4599 1798 4670 8).
1833 4609 1880 4673 D
1918 4592 2106 4649 facere
2136 4595 2351 4664 posset,
2393 4596 2451 4647 et
2479 4591 2694 4664 quibus
2740 4592 2984 4649 donaret
3032 4600 3356 4667 peccatum,
3381 4613 3560 4670 quam

128 4674 293 4737 Vides
324 4682 482 4754 quia
514 4696 688 4737 mors
720 4681 960 4753 quidem
1001 4681 1391 4755 appellatione
1421 4685 1670 4753 dicatur,
1704 4689 1804 4743 sed
1917 4698 2101 4737 unum
2133 4680 2324 4737 solum
2355 4680 2563 4749 Adam,
2595 4681 2695 4753 qui
2726 4680 2874 4737 liber
2918 4690 3073 4739 esset
3104 4702 3138 4739 a
3163 4684 3354 4758 culpa.
3389 4686 3560 4742 Deni-

129 4762 242 4823 διο
269 4770 389 4842 (53)
417 4770 552 4826 vita
586 4769 669 4825 sit
700 4774 921 4826 nostra.
1918 4785 2030 4842 que
2059 4770 2198 4841 quia
2225 4768 2382 4825 idem
2426 4768 2734 4841 utriusque
2772 4774 2974 4827 auctor
3003 4775 3093 4827 est
3140 4772 3353 4844 operis,
3403 4771 3563 4827 venit

188 4969 299 5054 (49)
330 4972 488 5029 Mss.
522 4976 591 5028 et
623 4975 735 5027 vet.
766 4972 904 5028 edit.
941 4989 1152 5046 magno
1184 4990 1494 5044 consensu,
1518 4979 1603 5033 vel
1632 4983 1805 5036 morte
1913 4971 2488 5054 nibjlmirgtrudimuS;
2534 5045 2544 5054 _
2630 5041 2693 5054 ηε,
2795 5041 2859 5054 ἢ,

327 5115 383 5126 __
533 5114 572 5126 ﬂ
644 5111 682 5126 ﬁ
880 5118 889 5126 ‘
928 5114 961 5126 ﬂ
1197 5116 1238 5126 __
1461 5041 1488 5126 _’
1718 5122 1727 5126 Α
1962 5046 2110 5126 (53)
2130 5045 2214 5099 Ita
2262 5059 2406 5126 mss.
2441 5045 2597 5126 Vat?
2630 5041 2762 5110 Tb.,
2795 5041 2941 5126 Dixi,
3000 5042 3225 5126 S.nTh.,
3275 5041 3560 5126 [laudaet

180 5114 294 5196 (50)
323 5115 511 5196 Mss.‘
532 5114 600 5169 S.
644 5111 807 5196 Rem.
841 5118 899 5170 et
926 5114 985 5170 S.
1019 5115 1153 5196 '_I‘h.,
1187 5116 1326 5171 Nam
1372 5120 1488 5196 qui
1513 5135 1623 5196 non
1670 5122 1802 5179 vitae
1909 5111 2048 5196 edit.
2082 5111 2211 5196 Am.
2246 5118 2304 5170 et
2345 5114 2475 5169 Era.
2523 5113 2665 5196 Mss.
2710 5113 3024 5196 vero‘_Bi_g.,
3056 5111 3556 5196 Gem_._et_'Mich.,_

122 5184 260 5266 vivit,
290 5185 625 5266 secundum
665 5192 892 5266 mortem
939 5183 1152 5266 animai
1191 5202 1312 5245 suae
1358 5183 1511 5245 vivit.
1543 5193 1593 5246 Is
1638 5196 1803 5249 morti
1908 5187 2058 5266 uides
2089 5187 2444 5266 quianmorsn
2458 5184 2677 5266 quidem
2706 5183 3069 5266 appellatione
3106 5183 3415 5266 judicqtur,
3463 5184 3557 5266 sed

122 5201 260 5252 ku,
290 5201 625 5243 secundum
665 5201 892 5241 mortem
939 5201 1147 5244 ammte
1191 5202 1312 5245 suae
1358 5201 1511 5245 vivit.
1543 5201 1593 5246 ts
1638 5201 1803 5249 morti
1908 5201 2058 5243 υταϐις
2089 5202 2221 5257 quia
2266 5201 2412 5240 τηονδ
2458 5201 2677 5309 (imm/im
2706 5201 3069 5265 αρρθιιαηοηε
3106 5201 3415 5255 θααιοαιαν.
3463 5201 3554 5266 ἔϐα

121 5260 364 5337 mor-itur:
379 5259 487 5337 qui
517 5272 648 5337 non
679 5264 755 5313 est
788 5256 1071 5323 obnoatius,
1105 5261 1274 5337 etc.”
1352 5334 1361 5337 _
1909 5259 2046 5337 haec,
2080 5263 2185 5337 etc.
2225 5256 2374 5337 Edit.
2392 5255 2468 5337 “Gl
2505 5297 2540 5325 .,
2570 5254 2752 5337 vides.
2793 5296 2804 5309 .
2843 5295 2855 5307 .
2888 5255 3244 5337 (tuatui-Ksed
3272 5254 3390 5312 haec
3418 5260 3554 5325 vita,

185 5325 440 5456 (sigma
474 5329 647 5384 enim
680 5335 924 5381 mortuus
963 5338 1057 5393 est,
1092 5328 1428 5400 justi/iectus
1470 5339 1547 5388 est
1596 5349 1629 5385 a
1672 5349 1796 5404 pec-
1910 5325 2124 5383 vita'sit
2152 5335 2360 5408 nostra.
2392 5326 2557 5407 Rom.
2581 5325 2852 5396 denique,
2877 5326 3021 5380 vides
3045 5328 3177 5397 quia
3195 5328 3315 5383 haec
3342 5342 3553 5394 mors..,

185 5397 244 5453 lo.
330 5416 416 5456 sec
448 5400 515 5454 in
554 5413 716 5453 mss.
749 5397 1007 5456 quinque
1038 5400 1461 5455 desiderantur.
1906 5401 2141 5456 dicatur.
2172 5397 2263 5452 sed
2294 5404 2405 5450 vita
2433 5400 2503 5451 sit
2532 5399 2738 5450 nostra.

120 5397 244 5453 Cato.
273 5397 416 5456 Haec
448 5400 515 5454 in
554 5413 716 5478 mss.
749 5397 1007 5478 quinque
1038 5397 1493 5478 desiderantum-
1672 5397 1713 5478 '_
1768 5475 1776 5478 _
1906 5397 2263 5478 dicqturzsed
2294 5398 2405 5450 vita
2433 5398 2503 5451 sit
2532 5399 2738 5478 nostra.
2865 5471 2872 5478 _
2929 5466 2964 5478 Λ
3023 5467 3038 5478 θ
3146 5467 3209 5478 m

179 5470 290 5542 (52)
322 5473 413 5527 Ita
444 5487 609 5527 mss.
665 5471 725 5542 et
767 5466 879 5524 vet.
913 5466 1078 5542 edit;
1098 5470 1289 5542 Rom.,
1326 5470 1604 5542 Abraham
1656 5475 1798 5530 vixit
1960 5471 2090 5542 (54)
2123 5468 2211 5524 Ita
2240 5483 2339 5522 sex
2369 5482 2512 5520 mss.
2539 5466 2762 5542 etedit.
2790 5471 2901 5542 vet.
2925 5466 3115 5542 Codex
3144 5467 3271 5523 Div.
3296 5472 3353 5524 et
3383 5468 3550 5542 ἣρω.

1906 5536 2082 5607 edit.,'
2116 5542 2383 5609 creatum
2429 5536 2754 5609 praedicata,
2804 5540 2913 5609 etc.
2962 5542 3038 5591 At
3085 5540 3248 5594 Rem.
3301 5555 3369 5593 ac
3416 5539 3549 5605 Th.,

119 5538 345 5621 annos...
477 5538 776 5621 pupulum
818 5556 1000 5621 suum:
1035 5538 1199 5621 Haud
1250 5540 1398 5621 male
1439 5542 1686 5621 forsitan
1714 5542 1794 5599 le-
1906 5538 2081 5621 edit.,_'
2116 5542 2383 5621 creatum
2429 5538 2754 5621 prajdicata,
2792 5540 2886 5621 etc

1905 5612 2168 5684 quoniam
2198 5610 2259 5665 in
2289 5607 2442 5663 bona“
2458 5614 2680 5662 natura:
2702 5607 3024 5677 praedicata.

121 5615 357 5694 geretur.
398 5608 578 5694 Quid
628 5608 886 5694 quidam,
923 5614 1078 5691 Oetc.,
1132 5617 1202 5694 ut
1251 5615 1408 5694 esset
1462 5612 1796 5694 exemplum

121 5679 688 5742 indetermihatuui.
730 5679 840 5736 Sed
888 5680 1013 5739 sine
1063 5679 1410 5739 auctoritate
1458 5682 1518 5738 in
1569 5679 1795 5741 textum
