  <div class='ocr_page' id='page_1' title='image "/cluster/home/n/w/nwhite01/storage/ocr_20150623/14/uva.x000826552/172.png"; bbox 0 0 3910 6210; ppageno 0'>
   <div class='ocr_carea' id='block_1_1' title="bbox 379 374 493 437">
    <p class='ocr_par' dir='ltr' id='par_1_1' title="bbox 379 374 493 437">
     <span class='ocr_line' id='line_1_1' title="bbox 379 374 493 437; baseline 0 0"><span class='ocrx_word' id='word_1_1' title='bbox 379 374 493 437; x_wconf 78' lang='grc'>315</span> 
     </span>
    </p>
   </div>
   <div class='ocr_carea' id='block_1_2' title="bbox 1839 366 2317 434">
    <p class='ocr_par' dir='ltr' id='par_1_2' title="bbox 1839 366 2317 434">
     <span class='ocr_line' id='line_1_2' title="bbox 1839 366 2317 434; baseline 0.006 -3"><span class='ocrx_word' id='word_1_2' title='bbox 1839 367 1903 432; x_wconf 89' lang='lat' dir='ltr'>S.</span> <span class='ocrx_word' id='word_1_3' title='bbox 1939 366 2317 434; x_wconf 79' lang='lat' dir='ltr'>AMBROSII</span> 
     </span>
    </p>
   </div>
   <div class='ocr_carea' id='block_1_3' title="bbox 3643 374 3783 442">
    <p class='ocr_par' dir='ltr' id='par_1_3' title="bbox 3643 374 3783 442">
     <span class='ocr_line' id='line_1_3' title="bbox 3643 374 3783 442; baseline 0.021 -3"><span class='ocrx_word' id='word_1_4' title='bbox 3643 374 3736 442; x_wconf 77' lang='grc'>316</span> <span class='ocrx_word' id='word_1_5' title='bbox 3780 414 3783 417; x_wconf 96' lang='grc'><strong><em>-</em></strong></span> 
     </span>
    </p>
   </div>
   <div class='ocr_carea' id='block_1_4' title="bbox 373 504 3738 596">
    <p class='ocr_par' dir='ltr' id='par_1_4' title="bbox 373 504 3738 596">
     <span class='ocr_line' id='line_1_4' title="bbox 373 504 3738 596; baseline -0.001 -25"><span class='ocrx_word' id='word_1_6' title='bbox 373 512 434 577; x_wconf 90' lang='lat' dir='ltr'>in</span> <span class='ocrx_word' id='word_1_7' title='bbox 483 519 640 576; x_wconf 88' lang='lat' dir='ltr'>hunc</span> <span class='ocrx_word' id='word_1_8' title='bbox 696 509 1008 577; x_wconf 89' lang='lat' dir='ltr'>mundum,</span> <span class='ocrx_word' id='word_1_9' title='bbox 1029 514 1104 596; x_wconf 55' lang='grc' dir='ltr'>ιιι</span> <span class='ocrx_word' id='word_1_10' title='bbox 1154 504 1344 567; x_wconf 88' lang='lat' dir='ltr'>salvos</span> <span class='ocrx_word' id='word_1_11' title='bbox 1399 505 1613 564; x_wconf 83' lang='lat' dir='ltr'>faceret</span> <span class='ocrx_word' id='word_1_12' title='bbox 1667 511 2016 579; x_wconf 90' lang='lat' dir='ltr'>peccatores.</span> <span class='ocrx_word' id='word_1_13' title='bbox 2048 504 2106 573; x_wconf 78' lang='grc' dir='ltr'><strong>Α</strong></span> <span class='ocrx_word' id='word_1_14' title='bbox 2134 505 2342 574; x_wconf 83' lang='lat' dir='ltr'>Adam,</span> <span class='ocrx_word' id='word_1_15' title='bbox 2374 511 2439 564; x_wconf 88' lang='lat' dir='ltr'>ut</span> <span class='ocrx_word' id='word_1_16' title='bbox 2465 506 2525 565; x_wconf 85' lang='lat' dir='ltr'>in</span> <span class='ocrx_word' id='word_1_17' title='bbox 2553 507 2831 568; x_wconf 89' lang='lat' dir='ltr'>omnibus</span> <span class='ocrx_word' id='word_1_18' title='bbox 2855 506 3075 570; x_wconf 87' lang='lat' dir='ltr'>videret</span> <span class='ocrx_word' id='word_1_19' title='bbox 3099 526 3170 569; x_wconf 82' lang='lat' dir='ltr'>ex</span> <span class='ocrx_word' id='word_1_20' title='bbox 3199 514 3446 585; x_wconf 86' lang='lat' dir='ltr'>utroque</span> <span class='ocrx_word' id='word_1_21' title='bbox 3473 526 3602 568; x_wconf 85' lang='lat' dir='ltr'>sexu</span> <span class='ocrx_word' id='word_1_22' title='bbox 3629 512 3738 568; x_wconf 85' lang='lat' dir='ltr'>sub-</span> 
     </span>
    </p>
   </div>
   <div class='ocr_carea' id='block_1_5' title="bbox 257 597 2021 674">
    <p class='ocr_par' dir='ltr' id='par_1_5' title="bbox 257 597 2021 674">
     <span class='ocr_line' id='line_1_5' title="bbox 257 597 2021 674; baseline -0.01 -7"><span class='ocrx_word' id='word_1_23' title='bbox 257 629 267 637; x_wconf 73' lang='lat'><strong>‘</strong></span> <span class='ocrx_word' id='word_1_24' title='bbox 374 610 675 666; x_wconf 85' lang='lat' dir='ltr'>Postremo</span> <span class='ocrx_word' id='word_1_25' title='bbox 734 622 839 661; x_wconf 91' lang='lat' dir='ltr'>nec</span> <span class='ocrx_word' id='word_1_26' title='bbox 896 603 1033 659; x_wconf 87' lang='lat' dir='ltr'>Cain</span> <span class='ocrx_word' id='word_1_27' title='bbox 1096 598 1393 674; x_wconf 80' lang='lat' dir='ltr'>parricidii</span> <span class='ocrx_word' id='word_1_28' title='bbox 1450 614 1616 653; x_wconf 90' lang='lat' dir='ltr'>reum</span> <span class='ocrx_word' id='word_1_29' title='bbox 1675 597 2021 669; x_wconf 84' lang='lat' dir='ltr'>priusquam</span> 
     </span>
    </p>
   </div>
   <div class='ocr_carea' id='block_1_6' title="bbox 377 687 2027 771">
    <p class='ocr_par' dir='ltr' id='par_1_6' title="bbox 377 687 2027 771">
     <span class='ocr_line' id='line_1_6' title="bbox 377 687 2027 771; baseline -0.01 -17"><span class='ocrx_word' id='word_1_30' title='bbox 377 701 681 771; x_wconf 82' lang='lat' dir='ltr'>generaret</span> <span class='ocrx_word' id='word_1_31' title='bbox 723 695 892 757; x_wconf 91' lang='lat' dir='ltr'>ﬁlios,</span> <span class='ocrx_word' id='word_1_32' title='bbox 927 708 1137 763; x_wconf 89' lang='lat' dir='ltr'>passus</span> <span class='ocrx_word' id='word_1_33' title='bbox 1169 693 1258 745; x_wconf 91' lang='lat' dir='ltr'>est</span> <span class='ocrx_word' id='word_1_34' title='bbox 1304 687 1560 742; x_wconf 90' lang='lat' dir='ltr'>interire.</span> <span class='ocrx_word' id='word_1_35' title='bbox 1595 687 1740 759; x_wconf 88' lang='lat' dir='ltr'>Ergo</span> <span class='ocrx_word' id='word_1_36' title='bbox 1792 690 2027 758; x_wconf 76' lang='lat' dir='ltr'>propter</span> 
     </span>
    </p>
   </div>
   <div class='ocr_carea' id='block_1_7' title="bbox 377 774 2026 858">
    <p class='ocr_par' dir='ltr' id='par_1_7' title="bbox 377 774 2026 858">
     <span class='ocr_line' id='line_1_7' title="bbox 377 774 2026 858; baseline -0.008 -16"><span class='ocrx_word' id='word_1_37' title='bbox 377 785 810 858; x_wconf 83' lang='lat' dir='ltr'>generationem</span> <span class='ocrx_word' id='word_1_38' title='bbox 845 778 1234 837; x_wconf 79' lang='lat' dir='ltr'>successionis</span> <span class='ocrx_word' id='word_1_39' title='bbox 1278 777 1550 831; x_wconf 64' lang='lat' dir='ltr'>humanae</span> <span class='ocrx_word' id='word_1_40' title='bbox 1580 774 1784 830; x_wconf 82' lang='lat' dir='ltr'>debuit</span> <span class='ocrx_word' id='word_1_41' title='bbox 1815 774 2026 829; x_wconf 83' lang='lat' dir='ltr'>mulier</span> 
     </span>
    </p>
   </div>
   <div class='ocr_carea' id='block_1_8' title="bbox 377 864 2025 945">
    <p class='ocr_par' dir='ltr' id='par_1_8' title="bbox 377 864 2025 945">
     <span class='ocr_line' id='line_1_8' title="bbox 377 864 2025 945; baseline -0.01 -14"><span class='ocrx_word' id='word_1_42' title='bbox 377 875 550 945; x_wconf 80' lang='lat' dir='ltr'>adjici</span> <span class='ocrx_word' id='word_1_43' title='bbox 598 874 718 928; x_wconf 90' lang='lat' dir='ltr'>viro</span> <span class='ocrx_word' id='word_1_44' title='bbox 762 871 902 943; x_wconf 84' lang='lat' dir='ltr'>(Vid.</span> <span class='ocrx_word' id='word_1_45' title='bbox 936 870 990 925; x_wconf 90' lang='lat' dir='ltr'>S.</span> <span class='ocrx_word' id='word_1_46' title='bbox 1024 869 1158 939; x_wconf 82' lang='lat' dir='ltr'>Aug.</span> <span class='ocrx_word' id='word_1_47' title='bbox 1202 866 1242 921; x_wconf 92' lang='lat'>1.</span> <span class='ocrx_word' id='word_1_48' title='bbox 1276 883 1317 921; x_wconf 89' lang='grc' dir='ltr'>ιι</span> <span class='ocrx_word' id='word_1_49' title='bbox 1359 874 1547 921; x_wconf 85' lang='lat' dir='ltr'>contra</span> <span class='ocrx_word' id='word_1_50' title='bbox 1576 865 1687 920; x_wconf 86' lang='lat' dir='ltr'>Jul.</span> <span class='ocrx_word' id='word_1_51' title='bbox 1721 864 1863 931; x_wconf 87' lang='lat' dir='ltr'>Pel.,</span> <span class='ocrx_word' id='word_1_52' title='bbox 1894 880 1942 917; x_wconf 83' lang='grc' dir='ltr'>ο.</span> <span class='ocrx_word' id='word_1_53' title='bbox 1973 867 2025 929; x_wconf 85' lang='lat'>7,</span> 
     </span>
    </p>
   </div>
   <div class='ocr_carea' id='block_1_9' title="bbox 375 952 2028 1032">
    <p class='ocr_par' dir='ltr' id='par_1_9' title="bbox 375 952 2028 1032">
     <span class='ocr_line' id='line_1_9' title="bbox 375 952 2028 1032; baseline -0.01 -12"><span class='ocrx_word' id='word_1_54' title='bbox 375 983 434 1020; x_wconf 84' lang='grc' dir='ltr'>ιι.</span> <span class='ocrx_word' id='word_1_55' title='bbox 466 965 577 1029; x_wconf 81' lang='lat'>20).</span> <span class='ocrx_word' id='word_1_56' title='bbox 612 960 870 1032; x_wconf 89' lang='lat' dir='ltr'>Denique</span> <span class='ocrx_word' id='word_1_57' title='bbox 911 959 1023 1014; x_wconf 90' lang='lat' dir='ltr'>hoc</span> <span class='ocrx_word' id='word_1_58' title='bbox 1070 959 1200 1030; x_wconf 90' lang='lat' dir='ltr'>ipsa</span> <span class='ocrx_word' id='word_1_59' title='bbox 1227 957 1405 1012; x_wconf 85' lang='lat' dir='ltr'>verba</span> <span class='ocrx_word' id='word_1_60' title='bbox 1450 953 1749 1009; x_wconf 78' lang='lat' dir='ltr'>declarant</span> <span class='ocrx_word' id='word_1_61' title='bbox 1778 952 2028 1007; x_wconf 87' lang='lat' dir='ltr'>dicentis</span> 
     </span>
    </p>
   </div>
   <div class='ocr_carea' id='block_1_10' title="bbox 373 1038 2029 1119">
    <p class='ocr_par' dir='ltr' id='par_1_10' title="bbox 373 1038 2029 1119">
     <span class='ocr_line' id='line_1_10' title="bbox 373 1038 2029 1119; baseline -0.009 -10"><span class='ocrx_word' id='word_1_62' title='bbox 373 1051 498 1119; x_wconf 87' lang='lat' dir='ltr'>Dei,</span> <span class='ocrx_word' id='word_1_63' title='bbox 531 1068 646 1106; x_wconf 92' lang='lat' dir='ltr'>non</span> <span class='ocrx_word' id='word_1_64' title='bbox 696 1051 918 1105; x_wconf 88' lang='lat' dir='ltr'>bonum</span> <span class='ocrx_word' id='word_1_65' title='bbox 966 1047 1159 1102; x_wconf 88' lang='lat' dir='ltr'>solum</span> <span class='ocrx_word' id='word_1_66' title='bbox 1193 1062 1320 1101; x_wconf 88' lang='lat' dir='ltr'>esse</span> <span class='ocrx_word' id='word_1_67' title='bbox 1367 1043 1688 1098; x_wconf 86' lang='lat' dir='ltr'>hominem.</span> <span class='ocrx_word' id='word_1_68' title='bbox 1725 1042 1870 1096; x_wconf 88' lang='lat' dir='ltr'>Nam</span> <span class='ocrx_word' id='word_1_69' title='bbox 1922 1038 2029 1095; x_wconf 84' lang='lat' dir='ltr'>etsi</span> 
     </span>
    </p>
   </div>
   <div class='ocr_carea' id='block_1_11' title="bbox 376 1128 2030 1210">
    <p class='ocr_par' dir='ltr' id='par_1_11' title="bbox 376 1128 2030 1210">
     <span class='ocr_line' id='line_1_11' title="bbox 376 1128 2030 1210; baseline -0.009 -14"><span class='ocrx_word' id='word_1_70' title='bbox 376 1140 588 1196; x_wconf 88' lang='lat' dir='ltr'>mulier</span> <span class='ocrx_word' id='word_1_71' title='bbox 642 1138 803 1210; x_wconf 81' lang='lat' dir='ltr'>prior</span> <span class='ocrx_word' id='word_1_72' title='bbox 859 1140 1168 1208; x_wconf 88' lang='lat' dir='ltr'>peccatura</span> <span class='ocrx_word' id='word_1_73' title='bbox 1221 1137 1362 1199; x_wconf 90' lang='lat' dir='ltr'>erat,</span> <span class='ocrx_word' id='word_1_74' title='bbox 1424 1136 1618 1186; x_wconf 86' lang='lat' dir='ltr'>tamen</span> <span class='ocrx_word' id='word_1_75' title='bbox 1678 1128 2030 1200; x_wconf 88' lang='lat' dir='ltr'>redemptio-</span> 
     </span>
    </p>
   </div>
   <div class='ocr_carea' id='block_1_12' title="bbox 375 1217 2032 1297">
    <p class='ocr_par' dir='ltr' id='par_1_12' title="bbox 375 1217 2032 1297">
     <span class='ocr_line' id='line_1_12' title="bbox 375 1217 2032 1297; baseline -0.009 -12"><span class='ocrx_word' id='word_1_76' title='bbox 375 1246 508 1284; x_wconf 88' lang='lat' dir='ltr'>nem</span> <span class='ocrx_word' id='word_1_77' title='bbox 540 1227 653 1283; x_wconf 85' lang='lat' dir='ltr'>sibi</span> <span class='ocrx_word' id='word_1_78' title='bbox 685 1225 946 1297; x_wconf 73' lang='lat' dir='ltr'>paritura</span> <span class='ocrx_word' id='word_1_79' title='bbox 975 1240 1090 1278; x_wconf 91' lang='lat' dir='ltr'>non</span> <span class='ocrx_word' id='word_1_80' title='bbox 1119 1223 1321 1277; x_wconf 82' lang='lat' dir='ltr'>debuit</span> <span class='ocrx_word' id='word_1_81' title='bbox 1351 1222 1421 1275; x_wconf 85' lang='lat' dir='ltr'>ab</span> <span class='ocrx_word' id='word_1_82' title='bbox 1458 1237 1565 1274; x_wconf 94' lang='lat' dir='ltr'>usu</span> <span class='ocrx_word' id='word_1_83' title='bbox 1596 1217 1802 1274; x_wconf 68' lang='lat' dir='ltr'>divinae</span> <span class='ocrx_word' id='word_1_84' title='bbox 1833 1233 2032 1288; x_wconf 86' lang='lat' dir='ltr'>opera-</span> 
     </span>
    </p>
   </div>
   <div class='ocr_carea' id='block_1_13' title="bbox 371 1304 2030 1378">
    <p class='ocr_par' dir='ltr' id='par_1_13' title="bbox 371 1304 2030 1378">
     <span class='ocr_line' id='line_1_13' title="bbox 371 1304 2030 1378; baseline -0.009 -6"><span class='ocrx_word' id='word_1_85' title='bbox 371 1317 548 1372; x_wconf 85' lang='lat' dir='ltr'>tionis</span> <span class='ocrx_word' id='word_1_86' title='bbox 580 1313 830 1371; x_wconf 88' lang='lat' dir='ltr'>excludi.</span> <span class='ocrx_word' id='word_1_87' title='bbox 865 1311 1140 1378; x_wconf 82' lang='lat' dir='ltr'>Quamvis</span> <span class='ocrx_word' id='word_1_88' title='bbox 1172 1310 1330 1365; x_wconf 90' lang='lat' dir='ltr'>enim</span> <span class='ocrx_word' id='word_1_89' title='bbox 1364 1309 1547 1362; x_wconf 74' lang='lat' dir='ltr'>Adarn</span> <span class='ocrx_word' id='word_1_90' title='bbox 1590 1322 1704 1360; x_wconf 89' lang='lat' dir='ltr'>non</span> <span class='ocrx_word' id='word_1_91' title='bbox 1735 1308 1824 1360; x_wconf 90' lang='lat' dir='ltr'>est</span> <span class='ocrx_word' id='word_1_92' title='bbox 1855 1304 2030 1358; x_wconf 90' lang='lat' dir='ltr'>sedu-</span> 
     </span>
    </p>
   </div>
   <div class='ocr_carea' id='block_1_14' title="bbox 374 1392 2034 1473">
    <p class='ocr_par' dir='ltr' id='par_1_14' title="bbox 374 1392 2034 1473">
     <span class='ocr_line' id='line_1_14' title="bbox 374 1392 2034 1473; baseline -0.008 -14"><span class='ocrx_word' id='word_1_93' title='bbox 374 1411 525 1473; x_wconf 89' lang='lat' dir='ltr'>ctus,</span> <span class='ocrx_word' id='word_1_94' title='bbox 559 1402 773 1458; x_wconf 88' lang='lat' dir='ltr'>mulier</span> <span class='ocrx_word' id='word_1_95' title='bbox 819 1405 1016 1456; x_wconf 85' lang='lat' dir='ltr'>autem</span> <span class='ocrx_word' id='word_1_96' title='bbox 1059 1399 1301 1454; x_wconf 88' lang='lat' dir='ltr'>seducta</span> <span class='ocrx_word' id='word_1_97' title='bbox 1352 1407 1411 1452; x_wconf 88' lang='lat' dir='ltr'>et</span> <span class='ocrx_word' id='word_1_98' title='bbox 1456 1396 1514 1450; x_wconf 91' lang='lat' dir='ltr'>in</span> <span class='ocrx_word' id='word_1_99' title='bbox 1564 1392 2034 1466; x_wconf 65' lang='lat' dir='ltr'>praevaricatione</span> 
     </span>
    </p>
   </div>
   <div class='ocr_carea' id='block_1_15' title="bbox 375 1484 2036 1559">
    <p class='ocr_par' dir='ltr' id='par_1_15' title="bbox 375 1484 2036 1559">
     <span class='ocr_line' id='line_1_15' title="bbox 375 1484 2036 1559; baseline -0.007 -11"><span class='ocrx_word' id='word_1_100' title='bbox 375 1493 566 1559; x_wconf 79' lang='lat' dir='ltr'>fuerit,</span> <span class='ocrx_word' id='word_1_101' title='bbox 598 1491 758 1547; x_wconf 87' lang='lat' dir='ltr'>salva</span> <span class='ocrx_word' id='word_1_102' title='bbox 802 1494 1021 1555; x_wconf 88' lang='lat' dir='ltr'>tamen,</span> <span class='ocrx_word' id='word_1_103' title='bbox 1059 1487 1268 1559; x_wconf 89' lang='lat' dir='ltr'>inquit,</span> <span class='ocrx_word' id='word_1_104' title='bbox 1302 1486 1411 1542; x_wconf 89' lang='lat' dir='ltr'>erit</span> <span class='ocrx_word' id='word_1_105' title='bbox 1444 1501 1546 1557; x_wconf 92' lang='lat' dir='ltr'>per</span> <span class='ocrx_word' id='word_1_106' title='bbox 1573 1484 1831 1539; x_wconf 90' lang='lat' dir='ltr'>ﬁliorum</span> <span class='ocrx_word' id='word_1_107' title='bbox 1865 1494 2036 1554; x_wconf 86' lang='lat' dir='ltr'>gene&quot;</span> 
     </span>
    </p>
   </div>
   <div class='ocr_carea' id='block_1_16' title="bbox 373 1570 2037 1648">
    <p class='ocr_par' dir='ltr' id='par_1_16' title="bbox 373 1570 2037 1648">
     <span class='ocr_line' id='line_1_16' title="bbox 373 1570 2037 1648; baseline -0.007 -12"><span class='ocrx_word' id='word_1_108' title='bbox 373 1582 658 1637; x_wconf 89' lang='lat' dir='ltr'>rationem</span> <span class='ocrx_word' id='word_1_109' title='bbox 690 1582 738 1648; x_wconf 90' lang='lat' dir='ltr'>(I</span> <span class='ocrx_word' id='word_1_110' title='bbox 769 1581 901 1635; x_wconf 86' lang='lat' dir='ltr'>Tim.</span> <span class='ocrx_word' id='word_1_111' title='bbox 939 1596 1001 1644; x_wconf 89' lang='grc' dir='ltr'>ιι,</span> <span class='ocrx_word' id='word_1_112' title='bbox 1037 1578 1101 1631; x_wconf 81' lang='grc'>14</span> <span class='ocrx_word' id='word_1_113' title='bbox 1131 1580 1190 1632; x_wconf 91' lang='lat' dir='ltr'>et</span> <span class='ocrx_word' id='word_1_114' title='bbox 1222 1576 1331 1647; x_wconf 87' lang='grc'>15),</span> <span class='ocrx_word' id='word_1_115' title='bbox 1364 1574 1518 1629; x_wconf 89' lang='lat' dir='ltr'>inter</span> <span class='ocrx_word' id='word_1_116' title='bbox 1548 1589 1695 1644; x_wconf 89' lang='lat' dir='ltr'>quos</span> <span class='ocrx_word' id='word_1_117' title='bbox 1738 1570 2037 1644; x_wconf 66' lang='lat' dir='ltr'>generavit</span> 
     </span>
    </p>
   </div>
   <div class='ocr_carea' id='block_1_17' title="bbox 375 1670 1303 1727">
    <p class='ocr_par' dir='ltr' id='par_1_17' title="bbox 375 1670 1303 1727">
     <span class='ocr_line' id='line_1_17' title="bbox 375 1670 1303 1727; baseline -0.015 0"><span class='ocrx_word' id='word_1_118' title='bbox 375 1676 432 1727; x_wconf 91' lang='lat' dir='ltr'>et</span> <span class='ocrx_word' id='word_1_119' title='bbox 459 1670 693 1727; x_wconf 87' lang='lat' dir='ltr'>Christu</span> <span class='ocrx_word' id='word_1_120' title='bbox 709 1686 787 1723; x_wconf 81' lang='grc' dir='ltr'>ιιι.</span> <span class='ocrx_word' id='word_1_121' title='bbox 1292 1708 1303 1713; x_wconf 93' lang='grc'>-</span> 
     </span>
    </p>
   </div>
   <div class='ocr_carea' id='block_1_18' title="bbox 444 1749 2033 1824">
    <p class='ocr_par' dir='ltr' id='par_1_18' title="bbox 444 1749 2033 1824">
     <span class='ocr_line' id='line_1_18' title="bbox 444 1749 2033 1824; baseline -0.004 -10"><span class='ocrx_word' id='word_1_122' title='bbox 444 1759 679 1815; x_wconf 67' lang='grc' dir='ltr'>48.Νθθ</span> <span class='ocrx_word' id='word_1_123' title='bbox 732 1756 878 1811; x_wconf 90' lang='lat' dir='ltr'>illud</span> <span class='ocrx_word' id='word_1_124' title='bbox 940 1754 1194 1810; x_wconf 80' lang='lat' dir='ltr'>otiosam</span> <span class='ocrx_word' id='word_1_125' title='bbox 1251 1754 1368 1822; x_wconf 88' lang='lat'>(33,</span> <span class='ocrx_word' id='word_1_126' title='bbox 1414 1770 1471 1824; x_wconf 91' lang='lat' dir='ltr'>q.</span> <span class='ocrx_word' id='word_1_127' title='bbox 1505 1754 1559 1819; x_wconf 89' lang='grc'>5,</span> <span class='ocrx_word' id='word_1_128' title='bbox 1593 1768 1642 1807; x_wconf 94' lang='lat' dir='ltr'>c.</span> <span class='ocrx_word' id='word_1_129' title='bbox 1689 1751 1795 1806; x_wconf 87' lang='lat' dir='ltr'>Nec</span> <span class='ocrx_word' id='word_1_130' title='bbox 1846 1749 2033 1821; x_wconf 64' lang='lat' dir='ltr'>illud):</span> 
     </span>
    </p>
   </div>
   <div class='ocr_carea' id='block_1_19' title="bbox 2134 598 3742 669">
    <p class='ocr_par' dir='ltr' id='par_1_19' title="bbox 2134 598 3742 669">
     <span class='ocr_line' id='line_1_19' title="bbox 2134 598 3742 669; baseline 0.002 -16"><span class='ocrx_word' id='word_1_131' title='bbox 2134 598 2412 654; x_wconf 86' lang='lat' dir='ltr'>stantiam</span> <span class='ocrx_word' id='word_1_132' title='bbox 2442 603 2709 658; x_wconf 81' lang='lat' dir='ltr'>constare</span> <span class='ocrx_word' id='word_1_133' title='bbox 2740 606 2985 669; x_wconf 73' lang='lat' dir='ltr'>naturae,</span> <span class='ocrx_word' id='word_1_134' title='bbox 3013 601 3069 658; x_wconf 89' lang='lat' dir='ltr'>id</span> <span class='ocrx_word' id='word_1_135' title='bbox 3097 605 3209 669; x_wconf 87' lang='lat' dir='ltr'>est,</span> <span class='ocrx_word' id='word_1_136' title='bbox 3232 619 3302 658; x_wconf 84' lang='lat' dir='ltr'>ex</span> <span class='ocrx_word' id='word_1_137' title='bbox 3331 598 3584 658; x_wconf 89' lang='lat' dir='ltr'>masculo</span> <span class='ocrx_word' id='word_1_138' title='bbox 3609 604 3657 657; x_wconf 88' lang='lat' dir='ltr'>et</span> <span class='ocrx_word' id='word_1_139' title='bbox 3680 601 3742 657; x_wconf 79' lang='lat' dir='ltr'>te-</span> 
     </span>
    </p>
   </div>
   <div class='ocr_carea' id='block_1_20' title="bbox 2135 687 3740 764">
    <p class='ocr_par' dir='ltr' id='par_1_20' title="bbox 2135 687 3740 764">
     <span class='ocr_line' id='line_1_20' title="bbox 2135 687 3740 764; baseline 0.002 -22"><span class='ocrx_word' id='word_1_140' title='bbox 2135 687 2317 754; x_wconf 87' lang='lat' dir='ltr'>mina,</span> <span class='ocrx_word' id='word_1_141' title='bbox 2347 691 2405 743; x_wconf 89' lang='lat' dir='ltr'>et</span> <span class='ocrx_word' id='word_1_142' title='bbox 2434 688 2558 760; x_wconf 89' lang='lat' dir='ltr'>ipse</span> <span class='ocrx_word' id='word_1_143' title='bbox 2599 706 2711 745; x_wconf 89' lang='lat' dir='ltr'>usu</span> <span class='ocrx_word' id='word_1_144' title='bbox 2761 689 3140 763; x_wconf 82' lang='lat' dir='ltr'>exemploque</span> <span class='ocrx_word' id='word_1_145' title='bbox 3168 694 3541 764; x_wconf 87' lang='lat' dir='ltr'>cognosceret</span> <span class='ocrx_word' id='word_1_146' title='bbox 3577 706 3740 746; x_wconf 85' lang='lat' dir='ltr'>neces-</span> 
     </span>
    </p>
   </div>
   <div class='ocr_carea' id='block_1_21' title="bbox 2135 776 3531 850">
    <p class='ocr_par' dir='ltr' id='par_1_21' title="bbox 2135 776 3531 850">
     <span class='ocr_line' id='line_1_21' title="bbox 2135 776 3531 850; baseline 0.002 -20"><span class='ocrx_word' id='word_1_147' title='bbox 2135 777 2356 831; x_wconf 86' lang='lat' dir='ltr'>sarium</span> <span class='ocrx_word' id='word_1_148' title='bbox 2388 776 2500 833; x_wconf 90' lang='lat' dir='ltr'>sibi</span> <span class='ocrx_word' id='word_1_149' title='bbox 2530 778 2891 834; x_wconf 85' lang='lat' dir='ltr'>consortium</span> <span class='ocrx_word' id='word_1_150' title='bbox 2923 778 3185 835; x_wconf 89' lang='lat' dir='ltr'>mulieris</span> <span class='ocrx_word' id='word_1_151' title='bbox 3216 779 3531 850; x_wconf 81' lang='lat' dir='ltr'>adjectum.</span> 
     </span>
    </p>
   </div>
   <div class='ocr_carea' id='block_1_22' title="bbox 2205 864 3739 939">
    <p class='ocr_par' dir='ltr' id='par_1_22' title="bbox 2205 864 3739 939">
     <span class='ocr_line' id='line_1_22' title="bbox 2205 864 3739 939; baseline 0.001 -20"><span class='ocrx_word' id='word_1_152' title='bbox 2205 864 2293 919; x_wconf 88' lang='lat'>50.</span> <span class='ocrx_word' id='word_1_153' title='bbox 2327 867 2393 920; x_wconf 82' lang='lat' dir='ltr'>Et</span> <span class='ocrx_word' id='word_1_154' title='bbox 2440 867 2689 933; x_wconf 76' lang='lat' dir='ltr'>immisit,</span> <span class='ocrx_word' id='word_1_155' title='bbox 2722 866 2932 938; x_wconf 88' lang='lat' dir='ltr'>inquit,</span> <span class='ocrx_word' id='word_1_156' title='bbox 2986 869 3123 923; x_wconf 87' lang='lat' dir='ltr'>Deus</span> <span class='ocrx_word' id='word_1_157' title='bbox 3169 884 3413 939; x_wconf 85' lang='lat' dir='ltr'>saporem</span> <span class='ocrx_word' id='word_1_158' title='bbox 3469 869 3532 922; x_wconf 84' lang='lat' dir='ltr'>in</span> <span class='ocrx_word' id='word_1_159' title='bbox 3580 867 3739 929; x_wconf 85' lang='lat' dir='ltr'>Adam,</span> 
     </span>
    </p>
   </div>
   <div class='ocr_carea' id='block_1_23' title="bbox 2135 953 3743 1028">
    <p class='ocr_par' dir='ltr' id='par_1_23' title="bbox 2135 953 3743 1028">
     <span class='ocr_line' id='line_1_23' title="bbox 2135 953 3743 1028; baseline 0 -20"><span class='ocrx_word' id='word_1_160' title='bbox 2135 956 2185 1008; x_wconf 86' lang='lat' dir='ltr'>et</span> <span class='ocrx_word' id='word_1_161' title='bbox 2233 953 2559 1011; x_wconf 86' lang='lat' dir='ltr'>obdormivit</span> <span class='ocrx_word' id='word_1_162' title='bbox 2603 956 2762 1026; x_wconf 87' lang='lat' dir='ltr'>(Ibid.</span> <span class='ocrx_word' id='word_1_163' title='bbox 2794 956 2908 1027; x_wconf 87' lang='grc'>21).</span> <span class='ocrx_word' id='word_1_164' title='bbox 2959 956 3099 1023; x_wconf 87' lang='lat' dir='ltr'>Quis</span> <span class='ocrx_word' id='word_1_165' title='bbox 3146 960 3238 1012; x_wconf 89' lang='lat' dir='ltr'>est</span> <span class='ocrx_word' id='word_1_166' title='bbox 3286 956 3395 1012; x_wconf 89' lang='lat' dir='ltr'>iste</span> <span class='ocrx_word' id='word_1_167' title='bbox 3445 972 3626 1028; x_wconf 79' lang='lat' dir='ltr'>80por,</span> <span class='ocrx_word' id='word_1_168' title='bbox 3652 954 3743 1009; x_wconf 87' lang='lat' dir='ltr'>nisi</span> 
     </span>
    </p>
   </div>
   <div class='ocr_carea' id='block_1_24' title="bbox 2139 1042 3745 1117">
    <p class='ocr_par' dir='ltr' id='par_1_24' title="bbox 2139 1042 3745 1117">
     <span class='ocr_line' id='line_1_24' title="bbox 2139 1042 3745 1117; baseline 0.002 -22"><span class='ocrx_word' id='word_1_169' title='bbox 2139 1042 2277 1113; x_wconf 87' lang='lat' dir='ltr'>quia</span> <span class='ocrx_word' id='word_1_170' title='bbox 2306 1042 2607 1116; x_wconf 81' lang='lat' dir='ltr'>paulisper</span> <span class='ocrx_word' id='word_1_171' title='bbox 2631 1044 2703 1099; x_wconf 88' lang='lat' dir='ltr'>ad</span> <span class='ocrx_word' id='word_1_172' title='bbox 2734 1044 3074 1117; x_wconf 88' lang='lat' dir='ltr'>conjugium</span> <span class='ocrx_word' id='word_1_173' title='bbox 3107 1044 3503 1117; x_wconf 90' lang='lat' dir='ltr'>copulandum</span> <span class='ocrx_word' id='word_1_174' title='bbox 3533 1061 3649 1100; x_wconf 86' lang='lat' dir='ltr'>cum</span> <span class='ocrx_word' id='word_1_175' title='bbox 3676 1043 3745 1098; x_wconf 88' lang='lat' dir='ltr'>in-</span> 
     </span>
    </p>
   </div>
   <div class='ocr_carea' id='block_1_25' title="bbox 2139 1131 3746 1198">
    <p class='ocr_par' dir='ltr' id='par_1_25' title="bbox 2139 1131 3746 1198">
     <span class='ocr_line' id='line_1_25' title="bbox 2139 1131 3746 1198; baseline 0.001 -13"><span class='ocrx_word' id='word_1_176' title='bbox 2139 1131 2436 1187; x_wconf 74' lang='lat' dir='ltr'>tendimus</span> <span class='ocrx_word' id='word_1_177' title='bbox 2485 1132 2770 1198; x_wconf 91' lang='lat' dir='ltr'>animum,</span> <span class='ocrx_word' id='word_1_178' title='bbox 2804 1132 2981 1189; x_wconf 89' lang='lat' dir='ltr'>veluti</span> <span class='ocrx_word' id='word_1_179' title='bbox 3012 1134 3269 1190; x_wconf 87' lang='lat' dir='ltr'>intentos</span> <span class='ocrx_word' id='word_1_180' title='bbox 3317 1134 3520 1190; x_wconf 88' lang='lat' dir='ltr'>oculos</span> <span class='ocrx_word' id='word_1_181' title='bbox 3562 1134 3626 1188; x_wconf 87' lang='lat' dir='ltr'>ad</span> <span class='ocrx_word' id='word_1_182' title='bbox 3666 1131 3746 1187; x_wconf 90' lang='lat' dir='ltr'>Dei</span> 
     </span>
    </p>
   </div>
   <div class='ocr_carea' id='block_1_26' title="bbox 2140 1220 3749 1295">
    <p class='ocr_par' dir='ltr' id='par_1_26' title="bbox 2140 1220 3749 1295">
     <span class='ocr_line' id='line_1_26' title="bbox 2140 1220 3749 1295; baseline 0.001 -21"><span class='ocrx_word' id='word_1_183' title='bbox 2140 1236 2386 1292; x_wconf 71' lang='lat' dir='ltr'>regnum</span> <span class='ocrx_word' id='word_1_184' title='bbox 2454 1220 2733 1279; x_wconf 91' lang='lat' dir='ltr'>inclinare</span> <span class='ocrx_word' id='word_1_185' title='bbox 2799 1226 2974 1295; x_wconf 87' lang='lat' dir='ltr'>atque</span> <span class='ocrx_word' id='word_1_186' title='bbox 3036 1222 3328 1279; x_wconf 84' lang='lat' dir='ltr'>inﬂectere</span> <span class='ocrx_word' id='word_1_187' title='bbox 3384 1223 3642 1278; x_wconf 87' lang='lat' dir='ltr'>videmur</span> <span class='ocrx_word' id='word_1_188' title='bbox 3690 1222 3749 1276; x_wconf 87' lang='lat' dir='ltr'>ad</span> 
     </span>
    </p>
   </div>
   <div class='ocr_carea' id='block_1_27' title="bbox 2140 1309 3748 1384">
    <p class='ocr_par' dir='ltr' id='par_1_27' title="bbox 2140 1309 3748 1384">
     <span class='ocr_line' id='line_1_27' title="bbox 2140 1309 3748 1384; baseline 0.002 -22"><span class='ocrx_word' id='word_1_189' title='bbox 2140 1309 2454 1380; x_wconf 81' lang='lat' dir='ltr'>quemdam</span> <span class='ocrx_word' id='word_1_190' title='bbox 2486 1327 2760 1366; x_wconf 88' lang='lat' dir='ltr'>somnum</span> <span class='ocrx_word' id='word_1_191' title='bbox 2792 1311 2963 1368; x_wconf 88' lang='lat' dir='ltr'>istius</span> <span class='ocrx_word' id='word_1_192' title='bbox 3010 1312 3235 1379; x_wconf 90' lang='lat' dir='ltr'>mundi,</span> <span class='ocrx_word' id='word_1_193' title='bbox 3270 1315 3327 1367; x_wconf 91' lang='lat' dir='ltr'>et</span> <span class='ocrx_word' id='word_1_194' title='bbox 3357 1310 3642 1384; x_wconf 86' lang='lat' dir='ltr'>paulisper</span> <span class='ocrx_word' id='word_1_195' title='bbox 3665 1310 3748 1365; x_wconf 88' lang='lat' dir='ltr'>ob-</span> 
     </span>
    </p>
   </div>
   <div class='ocr_carea' id='block_1_28' title="bbox 2139 1396 3752 1470">
    <p class='ocr_par' dir='ltr' id='par_1_28' title="bbox 2139 1396 3752 1470">
     <span class='ocr_line' id='line_1_28' title="bbox 2139 1396 3752 1470; baseline 0.002 -19"><span class='ocrx_word' id='word_1_196' title='bbox 2139 1396 2395 1454; x_wconf 88' lang='lat' dir='ltr'>dormire</span> <span class='ocrx_word' id='word_1_197' title='bbox 2424 1398 2656 1466; x_wconf 89' lang='lat' dir='ltr'>divinis,</span> <span class='ocrx_word' id='word_1_198' title='bbox 2683 1400 2824 1456; x_wconf 91' lang='lat' dir='ltr'>dum</span> <span class='ocrx_word' id='word_1_199' title='bbox 2857 1400 2915 1455; x_wconf 89' lang='lat' dir='ltr'>in</span> <span class='ocrx_word' id='word_1_200' title='bbox 2946 1400 3324 1456; x_wconf 61' lang='lat' dir='ltr'>saecularibus</span> <span class='ocrx_word' id='word_1_201' title='bbox 3355 1399 3752 1470; x_wconf 88' lang='lat' dir='ltr'>mundanisque</span> 
     </span>
    </p>
   </div>
   <div class='ocr_carea' id='block_1_29' title="bbox 2142 1487 3752 1562">
    <p class='ocr_par' dir='ltr' id='par_1_29' title="bbox 2142 1487 3752 1562">
     <span class='ocr_line' id='line_1_29' title="bbox 2142 1487 3752 1562; baseline -0.001 -18"><span class='ocrx_word' id='word_1_202' title='bbox 2142 1488 2607 1562; x_wconf 83' lang='lat' dir='ltr'>requiescimus?</span> <span class='ocrx_word' id='word_1_203' title='bbox 2636 1489 2897 1562; x_wconf 88' lang='lat' dir='ltr'>Denique</span> <span class='ocrx_word' id='word_1_204' title='bbox 2940 1494 3322 1562; x_wconf 86' lang='lat' dir='ltr'>posteaquam</span> <span class='ocrx_word' id='word_1_205' title='bbox 3370 1504 3631 1561; x_wconf 86' lang='lat' dir='ltr'>soporem</span> <span class='ocrx_word' id='word_1_206' title='bbox 3657 1487 3752 1541; x_wconf 86' lang='lat' dir='ltr'>im-</span> 
     </span>
    </p>
   </div>
   <div class='ocr_carea' id='block_1_30' title="bbox 2142 1578 3755 1648">
    <p class='ocr_par' dir='ltr' id='par_1_30' title="bbox 2142 1578 3755 1648">
     <span class='ocr_line' id='line_1_30' title="bbox 2142 1578 3755 1648; baseline -0.002 -14"><span class='ocrx_word' id='word_1_207' title='bbox 2142 1580 2305 1634; x_wconf 88' lang='lat' dir='ltr'>misit</span> <span class='ocrx_word' id='word_1_208' title='bbox 2334 1578 2393 1633; x_wconf 89' lang='lat' dir='ltr'>in</span> <span class='ocrx_word' id='word_1_209' title='bbox 2424 1579 2632 1645; x_wconf 84' lang='lat' dir='ltr'>Adam,</span> <span class='ocrx_word' id='word_1_210' title='bbox 2655 1583 2712 1635; x_wconf 91' lang='lat' dir='ltr'>et</span> <span class='ocrx_word' id='word_1_211' title='bbox 2731 1578 3021 1647; x_wconf 89' lang='lat' dir='ltr'>dormivit,</span> <span class='ocrx_word' id='word_1_212' title='bbox 3046 1582 3186 1634; x_wconf 91' lang='lat' dir='ltr'>tunc</span> <span class='ocrx_word' id='word_1_213' title='bbox 3214 1579 3507 1648; x_wconf 66' lang='lat' dir='ltr'>zdiﬁeavit</span> <span class='ocrx_word' id='word_1_214' title='bbox 3530 1578 3755 1633; x_wconf 75' lang='lat' dir='ltr'>Dominus</span> 
     </span>
    </p>
   </div>
   <div class='ocr_carea' id='block_1_31' title="bbox 2142 1666 3759 1740">
    <p class='ocr_par' dir='ltr' id='par_1_31' title="bbox 2142 1666 3759 1740">
     <span class='ocr_line' id='line_1_31' title="bbox 2142 1666 3759 1740; baseline -0.002 -16"><span class='ocrx_word' id='word_1_215' title='bbox 2142 1670 2280 1724; x_wconf 90' lang='lat' dir='ltr'>Deus</span> <span class='ocrx_word' id='word_1_216' title='bbox 2308 1673 2511 1725; x_wconf 87' lang='lat' dir='ltr'>costam</span> <span class='ocrx_word' id='word_1_217' title='bbox 2552 1685 2719 1740; x_wconf 86' lang='lat' dir='ltr'>quam</span> <span class='ocrx_word' id='word_1_218' title='bbox 2762 1670 2994 1740; x_wconf 87' lang='lat' dir='ltr'>sumpsit</span> <span class='ocrx_word' id='word_1_219' title='bbox 3040 1667 3108 1723; x_wconf 90' lang='lat' dir='ltr'>de</span> <span class='ocrx_word' id='word_1_220' title='bbox 3161 1666 3335 1724; x_wconf 81' lang='lat' dir='ltr'>Adam</span> <span class='ocrx_word' id='word_1_221' title='bbox 3388 1669 3450 1723; x_wconf 83' lang='lat' dir='ltr'>in</span> <span class='ocrx_word' id='word_1_222' title='bbox 3506 1666 3759 1721; x_wconf 80' lang='lat' dir='ltr'>mulierem</span> 
     </span>
    </p>
   </div>
   <div class='ocr_carea' id='block_1_32' title="bbox 2144 1753 3759 1829">
    <p class='ocr_par' dir='ltr' id='par_1_32' title="bbox 2144 1753 3759 1829">
     <span class='ocr_line' id='line_1_32' title="bbox 2144 1753 3759 1829; baseline -0.003 -15"><span class='ocrx_word' id='word_1_223' title='bbox 2144 1758 2303 1829; x_wconf 85' lang='lat' dir='ltr'>(Ibid.</span> <span class='ocrx_word' id='word_1_224' title='bbox 2335 1759 2446 1829; x_wconf 88' lang='lat'>22).</span> <span class='ocrx_word' id='word_1_225' title='bbox 2481 1759 2654 1825; x_wconf 85' lang='lat' dir='ltr'>Bene,</span> <span class='ocrx_word' id='word_1_226' title='bbox 2693 1757 3009 1828; x_wconf 76' lang='lat' dir='ltr'>aediﬁcavit,</span> <span class='ocrx_word' id='word_1_227' title='bbox 3040 1756 3207 1819; x_wconf 81' lang='lat' dir='ltr'>dixit,</span> <span class='ocrx_word' id='word_1_228' title='bbox 3259 1756 3357 1812; x_wconf 88' lang='lat' dir='ltr'>ubi</span> <span class='ocrx_word' id='word_1_229' title='bbox 3404 1756 3478 1812; x_wconf 91' lang='lat' dir='ltr'>de</span> <span class='ocrx_word' id='word_1_230' title='bbox 3529 1753 3759 1811; x_wconf 81' lang='lat' dir='ltr'>mulieris</span> 
     </span>
    </p>
   </div>
   <div class='ocr_carea' id='block_1_33' title="bbox 386 1840 3761 1937">
    <p class='ocr_par' dir='ltr' id='par_1_33' title="bbox 386 1840 3761 1937">
     <span class='ocr_line' id='line_1_33' title="bbox 386 1840 3761 1937; baseline -0.001 -33"><span class='ocrx_word' id='word_1_231' title='bbox 386 1847 541 1921; x_wconf 91' lang='lat' dir='ltr'>quod</span> <span class='ocrx_word' id='word_1_232' title='bbox 572 1845 792 1937; x_wconf 76' lang='lat' dir='ltr'>nonde</span> <span class='ocrx_word' id='word_1_233' title='bbox 840 1845 1048 1937; x_wconf 75' lang='lat' dir='ltr'>eadem</span> <span class='ocrx_word' id='word_1_234' title='bbox 1081 1847 1235 1937; x_wconf 83' lang='lat' dir='ltr'>terra</span> <span class='ocrx_word' id='word_1_235' title='bbox 1264 1843 1361 1937; x_wconf 83' lang='lat' dir='ltr'>de</span> <span class='ocrx_word' id='word_1_236' title='bbox 1388 1859 1504 1937; x_wconf 75' lang='lat' dir='ltr'>qua</span> <span class='ocrx_word' id='word_1_237' title='bbox 1557 1840 1927 1937; x_wconf 51' lang='lat' dir='ltr'>plasmatus”</span> <span class='ocrx_word' id='word_1_238' title='bbox 1948 1854 2040 1910; x_wconf 71' lang='lat' dir='ltr'>est</span> <span class='ocrx_word' id='word_1_239' title='bbox 2067 1872 2115 1937; x_wconf 83' lang='lat' dir='ltr'><strong>B</strong></span> <span class='ocrx_word' id='word_1_240' title='bbox 2145 1847 2435 1903; x_wconf 89' lang='lat' dir='ltr'>creatione</span> <span class='ocrx_word' id='word_1_241' title='bbox 2478 1846 2848 1919; x_wconf 89' lang='lat' dir='ltr'>loquebatur,</span> <span class='ocrx_word' id='word_1_242' title='bbox 2880 1845 3019 1918; x_wconf 90' lang='lat' dir='ltr'>quia</span> <span class='ocrx_word' id='word_1_243' title='bbox 3046 1845 3105 1900; x_wconf 90' lang='lat' dir='ltr'>in</span> <span class='ocrx_word' id='word_1_244' title='bbox 3136 1846 3258 1902; x_wconf 91' lang='lat' dir='ltr'>viro</span> <span class='ocrx_word' id='word_1_245' title='bbox 3306 1850 3364 1902; x_wconf 91' lang='lat' dir='ltr'>et</span> <span class='ocrx_word' id='word_1_246' title='bbox 3412 1844 3651 1902; x_wconf 84' lang='lat' dir='ltr'>muliere</span> <span class='ocrx_word' id='word_1_247' title='bbox 3676 1843 3761 1899; x_wconf 87' lang='lat' dir='ltr'>do-</span> 
     </span>
    </p>
   </div>
   <div class='ocr_carea' id='block_1_34' title="bbox 377 1928 2033 2004">
    <p class='ocr_par' dir='ltr' id='par_1_34' title="bbox 377 1928 2033 2004">
     <span class='ocr_line' id='line_1_34' title="bbox 377 1928 2033 2004; baseline -0.008 -10"><span class='ocrx_word' id='word_1_248' title='bbox 377 1939 589 2004; x_wconf 82' lang='lat' dir='ltr'>Adam,</span> <span class='ocrx_word' id='word_1_249' title='bbox 622 1935 722 1991; x_wconf 90' lang='lat' dir='ltr'>sed</span> <span class='ocrx_word' id='word_1_250' title='bbox 755 1934 824 1989; x_wconf 91' lang='lat' dir='ltr'>de</span> <span class='ocrx_word' id='word_1_251' title='bbox 854 1931 1044 2004; x_wconf 89' lang='lat' dir='ltr'>ipsius</span> <span class='ocrx_word' id='word_1_252' title='bbox 1076 1932 1212 1987; x_wconf 62' lang='lat' dir='ltr'>Adae</span> <span class='ocrx_word' id='word_1_253' title='bbox 1245 1935 1409 1987; x_wconf 89' lang='lat' dir='ltr'>costa</span> <span class='ocrx_word' id='word_1_254' title='bbox 1456 1931 1610 1985; x_wconf 85' lang='lat' dir='ltr'>facta</span> <span class='ocrx_word' id='word_1_255' title='bbox 1659 1929 1736 1985; x_wconf 90' lang='lat' dir='ltr'>sit</span> <span class='ocrx_word' id='word_1_256' title='bbox 1783 1928 2033 1995; x_wconf 87' lang='lat' dir='ltr'>mulier;</span> 
     </span>
    </p>
   </div>
   <div class='ocr_carea' id='block_1_35' title="bbox 380 2018 2036 2091">
    <p class='ocr_par' dir='ltr' id='par_1_35' title="bbox 380 2018 2036 2091">
     <span class='ocr_line' id='line_1_35' title="bbox 380 2018 2036 2091; baseline -0.007 -8"><span class='ocrx_word' id='word_1_257' title='bbox 380 2031 446 2083; x_wconf 88' lang='lat' dir='ltr'>ut</span> <span class='ocrx_word' id='word_1_258' title='bbox 475 2026 762 2081; x_wconf 88' lang='lat' dir='ltr'>sciremus</span> <span class='ocrx_word' id='word_1_259' title='bbox 792 2038 970 2077; x_wconf 87' lang='lat' dir='ltr'>unam</span> <span class='ocrx_word' id='word_1_260' title='bbox 1002 2021 1062 2076; x_wconf 88' lang='lat' dir='ltr'>in</span> <span class='ocrx_word' id='word_1_261' title='bbox 1093 2022 1215 2075; x_wconf 92' lang='lat' dir='ltr'>viro</span> <span class='ocrx_word' id='word_1_262' title='bbox 1249 2025 1307 2076; x_wconf 91' lang='lat' dir='ltr'>et</span> <span class='ocrx_word' id='word_1_263' title='bbox 1326 2019 1583 2089; x_wconf 79' lang='lat' dir='ltr'>muliere</span> <span class='ocrx_word' id='word_1_264' title='bbox 1613 2018 1874 2091; x_wconf 90' lang='lat' dir='ltr'>corporis</span> <span class='ocrx_word' id='word_1_265' title='bbox 1907 2032 2036 2072; x_wconf 89' lang='lat' dir='ltr'>esse</span> 
     </span>
    </p>
   </div>
   <div class='ocr_carea' id='block_1_36' title="bbox 376 2107 2030 2181">
    <p class='ocr_par' dir='ltr' id='par_1_36' title="bbox 376 2107 2030 2181">
     <span class='ocr_line' id='line_1_36' title="bbox 376 2107 2030 2181; baseline -0.008 -9"><span class='ocrx_word' id='word_1_266' title='bbox 376 2120 671 2181; x_wconf 87' lang='lat' dir='ltr'>naturam,</span> <span class='ocrx_word' id='word_1_267' title='bbox 706 2128 892 2167; x_wconf 90' lang='lat' dir='ltr'>unum</span> <span class='ocrx_word' id='word_1_268' title='bbox 925 2110 1143 2166; x_wconf 88' lang='lat' dir='ltr'>fontem</span> <span class='ocrx_word' id='word_1_269' title='bbox 1178 2110 1409 2181; x_wconf 80' lang='lat' dir='ltr'>generis</span> <span class='ocrx_word' id='word_1_270' title='bbox 1442 2108 1709 2164; x_wconf 89' lang='lat' dir='ltr'>humani.</span> <span class='ocrx_word' id='word_1_271' title='bbox 1741 2107 1874 2170; x_wconf 84' lang='lat' dir='ltr'>Ideo</span> <span class='ocrx_word' id='word_1_272' title='bbox 1909 2121 2030 2161; x_wconf 90' lang='lat' dir='ltr'>non</span> 
     </span>
    </p>
   </div>
   <div class='ocr_carea' id='block_1_37' title="bbox 380 2193 2030 2274">
    <p class='ocr_par' dir='ltr' id='par_1_37' title="bbox 380 2193 2030 2274">
     <span class='ocr_line' id='line_1_37' title="bbox 380 2193 2030 2274; baseline -0.008 -14"><span class='ocrx_word' id='word_1_273' title='bbox 380 2205 495 2260; x_wconf 89' lang='lat' dir='ltr'>duo</span> <span class='ocrx_word' id='word_1_274' title='bbox 525 2220 560 2258; x_wconf 91' lang='lat' dir='ltr'>a</span> <span class='ocrx_word' id='word_1_275' title='bbox 590 2201 874 2274; x_wconf 90' lang='lat' dir='ltr'>principio</span> <span class='ocrx_word' id='word_1_276' title='bbox 902 2199 1036 2253; x_wconf 77' lang='lat' dir='ltr'>facti</span> <span class='ocrx_word' id='word_1_277' title='bbox 1068 2199 1156 2252; x_wconf 89' lang='lat' dir='ltr'>vir</span> <span class='ocrx_word' id='word_1_278' title='bbox 1185 2201 1242 2253; x_wconf 91' lang='lat' dir='ltr'>et</span> <span class='ocrx_word' id='word_1_279' title='bbox 1272 2196 1504 2263; x_wconf 88' lang='lat' dir='ltr'>mulier,</span> <span class='ocrx_word' id='word_1_280' title='bbox 1534 2212 1722 2268; x_wconf 81' lang='lat' dir='ltr'>neque</span> <span class='ocrx_word' id='word_1_281' title='bbox 1752 2196 1868 2251; x_wconf 91' lang='lat' dir='ltr'>duo</span> <span class='ocrx_word' id='word_1_282' title='bbox 1898 2193 2030 2273; x_wconf 57' lang='lat' dir='ltr'>viri,</span> 
     </span>
    </p>
   </div>
   <div class='ocr_carea' id='block_1_38' title="bbox 373 2285 2031 2364">
    <p class='ocr_par' dir='ltr' id='par_1_38' title="bbox 373 2285 2031 2364">
     <span class='ocr_line' id='line_1_38' title="bbox 373 2285 2031 2364; baseline -0.006 -16"><span class='ocrx_word' id='word_1_283' title='bbox 373 2309 561 2364; x_wconf 87' lang='lat' dir='ltr'>neque</span> <span class='ocrx_word' id='word_1_284' title='bbox 591 2291 717 2345; x_wconf 63' lang='lat' dir='ltr'>duae</span> <span class='ocrx_word' id='word_1_285' title='bbox 753 2287 1049 2353; x_wconf 87' lang='lat' dir='ltr'>mulieres,</span> <span class='ocrx_word' id='word_1_286' title='bbox 1077 2288 1174 2342; x_wconf 91' lang='lat' dir='ltr'>sed</span> <span class='ocrx_word' id='word_1_287' title='bbox 1210 2287 1465 2359; x_wconf 90' lang='lat' dir='ltr'>primum</span> <span class='ocrx_word' id='word_1_288' title='bbox 1497 2286 1603 2352; x_wconf 92' lang='lat' dir='ltr'>vir,</span> <span class='ocrx_word' id='word_1_289' title='bbox 1628 2285 1838 2341; x_wconf 89' lang='lat' dir='ltr'>deinde</span> <span class='ocrx_word' id='word_1_290' title='bbox 1866 2302 1934 2341; x_wconf 85' lang='lat' dir='ltr'>ex</span> <span class='ocrx_word' id='word_1_291' title='bbox 1964 2300 2031 2339; x_wconf 92' lang='lat' dir='ltr'>eo</span> 
     </span>
    </p>
   </div>
   <div class='ocr_carea' id='block_1_39' title="bbox 370 2374 2028 2437">
    <p class='ocr_par' dir='ltr' id='par_1_39' title="bbox 370 2374 2028 2437">
     <span class='ocr_line' id='line_1_39' title="bbox 370 2374 2028 2437; baseline -0.005 0"><span class='ocrx_word' id='word_1_292' title='bbox 370 2380 603 2437; x_wconf 90' lang='lat' dir='ltr'>mulier.</span> <span class='ocrx_word' id='word_1_293' title='bbox 629 2378 816 2434; x_wconf 87' lang='lat' dir='ltr'>Unam</span> <span class='ocrx_word' id='word_1_294' title='bbox 850 2376 1006 2432; x_wconf 90' lang='lat' dir='ltr'>enim</span> <span class='ocrx_word' id='word_1_295' title='bbox 1038 2380 1308 2432; x_wconf 88' lang='lat' dir='ltr'>naturam</span> <span class='ocrx_word' id='word_1_296' title='bbox 1336 2374 1537 2431; x_wconf 91' lang='lat' dir='ltr'>volens</span> <span class='ocrx_word' id='word_1_297' title='bbox 1568 2374 1875 2429; x_wconf 88' lang='lat' dir='ltr'>hominum</span> <span class='ocrx_word' id='word_1_298' title='bbox 1898 2391 2028 2429; x_wconf 90' lang='lat' dir='ltr'>con-</span> 
     </span>
    </p>
   </div>
   <div class='ocr_carea' id='block_1_40' title="bbox 376 2463 2027 2536">
    <p class='ocr_par' dir='ltr' id='par_1_40' title="bbox 376 2463 2027 2536">
     <span class='ocr_line' id='line_1_40' title="bbox 376 2463 2027 2536; baseline -0.004 -11"><span class='ocrx_word' id='word_1_299' title='bbox 376 2470 616 2527; x_wconf 89' lang='lat' dir='ltr'>stituere</span> <span class='ocrx_word' id='word_1_300' title='bbox 673 2468 849 2533; x_wconf 90' lang='lat' dir='ltr'>Deus,</span> <span class='ocrx_word' id='word_1_301' title='bbox 895 2467 967 2521; x_wconf 91' lang='lat' dir='ltr'>ab</span> <span class='ocrx_word' id='word_1_302' title='bbox 1022 2483 1138 2521; x_wconf 92' lang='lat' dir='ltr'>uno</span> <span class='ocrx_word' id='word_1_303' title='bbox 1192 2464 1476 2536; x_wconf 90' lang='lat' dir='ltr'>principio</span> <span class='ocrx_word' id='word_1_304' title='bbox 1519 2468 1797 2519; x_wconf 77' lang='lat' dir='ltr'>creatura:</span> <span class='ocrx_word' id='word_1_305' title='bbox 1847 2463 2027 2534; x_wconf 87' lang='lat' dir='ltr'>hujus</span> 
     </span>
    </p>
   </div>
   <div class='ocr_carea' id='block_1_41' title="bbox 375 2552 2024 2630">
    <p class='ocr_par' dir='ltr' id='par_1_41' title="bbox 375 2552 2024 2630">
     <span class='ocr_line' id='line_1_41' title="bbox 375 2552 2024 2630; baseline -0.004 -16"><span class='ocrx_word' id='word_1_306' title='bbox 375 2557 663 2630; x_wconf 89' lang='lat' dir='ltr'>incipiens</span> <span class='ocrx_word' id='word_1_307' title='bbox 694 2556 1011 2613; x_wconf 90' lang='lat' dir='ltr'>multarum</span> <span class='ocrx_word' id='word_1_308' title='bbox 1053 2560 1109 2610; x_wconf 90' lang='lat' dir='ltr'>et</span> <span class='ocrx_word' id='word_1_309' title='bbox 1150 2553 1471 2626; x_wconf 90' lang='lat' dir='ltr'>disparium</span> <span class='ocrx_word' id='word_1_310' title='bbox 1525 2557 1872 2608; x_wconf 87' lang='lat' dir='ltr'>naturarum</span> <span class='ocrx_word' id='word_1_311' title='bbox 1906 2552 2024 2608; x_wconf 84' lang='lat' dir='ltr'>eri-</span> 
     </span>
    </p>
   </div>
   <div class='ocr_carea' id='block_1_42' title="bbox 376 2642 2021 2719">
    <p class='ocr_par' dir='ltr' id='par_1_42' title="bbox 376 2642 2021 2719">
     <span class='ocr_line' id='line_1_42' title="bbox 376 2642 2021 2719; baseline -0.003 -17"><span class='ocrx_word' id='word_1_312' title='bbox 376 2646 504 2719; x_wconf 89' lang='lat' dir='ltr'>puit</span> <span class='ocrx_word' id='word_1_313' title='bbox 563 2645 917 2703; x_wconf 79' lang='lat' dir='ltr'>facultatem.</span> <span class='ocrx_word' id='word_1_314' title='bbox 965 2646 1272 2713; x_wconf 67' lang='lat' dir='ltr'>Faciamus,</span> <span class='ocrx_word' id='word_1_315' title='bbox 1326 2642 1537 2714; x_wconf 86' lang='lat' dir='ltr'>inquit,</span> <span class='ocrx_word' id='word_1_316' title='bbox 1576 2644 1629 2698; x_wconf 88' lang='lat' dir='ltr'>ei</span> <span class='ocrx_word' id='word_1_317' title='bbox 1681 2642 2021 2714; x_wconf 74' lang='lat' dir='ltr'>adiutorium</span> 
     </span>
    </p>
   </div>
   <div class='ocr_carea' id='block_1_43' title="bbox 369 2731 2020 2806">
    <p class='ocr_par' dir='ltr' id='par_1_43' title="bbox 369 2731 2020 2806">
     <span class='ocr_line' id='line_1_43' title="bbox 369 2731 2020 2806; baseline -0.004 -13"><span class='ocrx_word' id='word_1_318' title='bbox 369 2735 560 2794; x_wconf 87' lang='lat' dir='ltr'>simile</span> <span class='ocrx_word' id='word_1_319' title='bbox 605 2736 714 2791; x_wconf 88' lang='lat' dir='ltr'>sibi</span> <span class='ocrx_word' id='word_1_320' title='bbox 745 2734 897 2806; x_wconf 87' lang='lat' dir='ltr'>(Gen.</span> <span class='ocrx_word' id='word_1_321' title='bbox 925 2751 986 2803; x_wconf 89' lang='grc' dir='ltr'>ιι,</span> <span class='ocrx_word' id='word_1_322' title='bbox 1013 2734 1121 2803; x_wconf 88' lang='grc'>18).</span> <span class='ocrx_word' id='word_1_323' title='bbox 1153 2732 1523 2803; x_wconf 87' lang='lat' dir='ltr'>Adjutorium</span> <span class='ocrx_word' id='word_1_324' title='bbox 1576 2732 1648 2786; x_wconf 92' lang='lat' dir='ltr'>ad</span> <span class='ocrx_word' id='word_1_325' title='bbox 1699 2731 2020 2803; x_wconf 86' lang='lat' dir='ltr'>generatio-</span> 
     </span>
    </p>
   </div>
   <div class='ocr_carea' id='block_1_44' title="bbox 373 2818 2021 2892">
    <p class='ocr_par' dir='ltr' id='par_1_44' title="bbox 373 2818 2021 2892">
     <span class='ocr_line' id='line_1_44' title="bbox 373 2818 2021 2892; baseline -0.004 -11"><span class='ocrx_word' id='word_1_326' title='bbox 373 2842 507 2881; x_wconf 90' lang='lat' dir='ltr'>nem</span> <span class='ocrx_word' id='word_1_327' title='bbox 539 2822 972 2880; x_wconf 87' lang='lat' dir='ltr'>constitutionis</span> <span class='ocrx_word' id='word_1_328' title='bbox 1017 2822 1286 2876; x_wconf 73' lang='lat' dir='ltr'>humanze</span> <span class='ocrx_word' id='word_1_329' title='bbox 1335 2818 1741 2892; x_wconf 86' lang='lat' dir='ltr'>intelligimus.</span> <span class='ocrx_word' id='word_1_330' title='bbox 1775 2821 1844 2874; x_wconf 91' lang='lat' dir='ltr'>Et</span> <span class='ocrx_word' id='word_1_331' title='bbox 1891 2836 2021 2875; x_wconf 90' lang='lat' dir='ltr'>vere</span> 
     </span>
    </p>
   </div>
   <div class='ocr_carea' id='block_1_45' title="bbox 2148 1930 3761 2008">
    <p class='ocr_par' dir='ltr' id='par_1_45' title="bbox 2148 1930 3761 2008">
     <span class='ocr_line' id='line_1_45' title="bbox 2148 1930 3761 2008; baseline -0.004 -16"><span class='ocrx_word' id='word_1_332' title='bbox 2148 1953 2283 1993; x_wconf 90' lang='lat' dir='ltr'>mus</span> <span class='ocrx_word' id='word_1_333' title='bbox 2332 1937 2563 1992; x_wconf 90' lang='lat' dir='ltr'>videtur</span> <span class='ocrx_word' id='word_1_334' title='bbox 2616 1936 2884 2007; x_wconf 67' lang='lat' dir='ltr'>quaedam</span> <span class='ocrx_word' id='word_1_335' title='bbox 2943 1934 3116 2007; x_wconf 90' lang='lat' dir='ltr'>plena</span> <span class='ocrx_word' id='word_1_336' title='bbox 3170 1951 3299 1991; x_wconf 88' lang='lat' dir='ltr'>esse</span> <span class='ocrx_word' id='word_1_337' title='bbox 3355 1934 3646 2008; x_wconf 83' lang='lat' dir='ltr'>perfectio.</span> <span class='ocrx_word' id='word_1_338' title='bbox 3673 1930 3761 1996; x_wconf 88' lang='lat' dir='ltr'>Qui</span> 
     </span>
    </p>
   </div>
   <div class='ocr_carea' id='block_1_46' title="bbox 2144 2023 3761 2096">
    <p class='ocr_par' dir='ltr' id='par_1_46' title="bbox 2144 2023 3761 2096">
     <span class='ocr_line' id='line_1_46' title="bbox 2144 2023 3761 2096; baseline -0.005 -14"><span class='ocrx_word' id='word_1_339' title='bbox 2144 2026 2270 2083; x_wconf 90' lang='lat' dir='ltr'>sine</span> <span class='ocrx_word' id='word_1_340' title='bbox 2299 2042 2476 2081; x_wconf 83' lang='lat' dir='ltr'>uxore</span> <span class='ocrx_word' id='word_1_341' title='bbox 2518 2028 2628 2091; x_wconf 88' lang='lat' dir='ltr'>est,</span> <span class='ocrx_word' id='word_1_342' title='bbox 2660 2024 2831 2096; x_wconf 89' lang='lat' dir='ltr'>quasi</span> <span class='ocrx_word' id='word_1_343' title='bbox 2878 2023 3003 2080; x_wconf 90' lang='lat' dir='ltr'>sine</span> <span class='ocrx_word' id='word_1_344' title='bbox 3043 2024 3216 2080; x_wconf 92' lang='lat' dir='ltr'>domo</span> <span class='ocrx_word' id='word_1_345' title='bbox 3259 2024 3353 2092; x_wconf 85' lang='lat' dir='ltr'>sit,</span> <span class='ocrx_word' id='word_1_346' title='bbox 3386 2023 3474 2080; x_wconf 84' lang='lat' dir='ltr'>sic</span> <span class='ocrx_word' id='word_1_347' title='bbox 3523 2023 3761 2079; x_wconf 87' lang='lat' dir='ltr'>habetur.</span> 
     </span>
    </p>
   </div>
   <div class='ocr_carea' id='block_1_47' title="bbox 2144 2110 3764 2184">
    <p class='ocr_par' dir='ltr' id='par_1_47' title="bbox 2144 2110 3764 2184">
     <span class='ocr_line' id='line_1_47' title="bbox 2144 2110 3764 2184; baseline -0.005 -12"><span class='ocrx_word' id='word_1_348' title='bbox 2144 2114 2306 2172; x_wconf 90' lang='lat' dir='ltr'>Sicut</span> <span class='ocrx_word' id='word_1_349' title='bbox 2333 2114 2489 2170; x_wconf 88' lang='lat' dir='ltr'>enim</span> <span class='ocrx_word' id='word_1_350' title='bbox 2520 2113 2607 2168; x_wconf 91' lang='lat' dir='ltr'>vir</span> <span class='ocrx_word' id='word_1_351' title='bbox 2653 2112 2905 2184; x_wconf 89' lang='lat' dir='ltr'>publicis</span> <span class='ocrx_word' id='word_1_352' title='bbox 2943 2111 3174 2178; x_wconf 89' lang='lat' dir='ltr'>ofﬁciis,</span> <span class='ocrx_word' id='word_1_353' title='bbox 3206 2111 3288 2167; x_wconf 88' lang='lat' dir='ltr'>ita</span> <span class='ocrx_word' id='word_1_354' title='bbox 3317 2110 3533 2168; x_wconf 89' lang='lat' dir='ltr'>mulier</span> <span class='ocrx_word' id='word_1_355' title='bbox 3560 2111 3764 2166; x_wconf 85' lang='lat' dir='ltr'>domes-</span> 
     </span>
    </p>
   </div>
   <div class='ocr_carea' id='block_1_48' title="bbox 2142 2198 3770 2260">
    <p class='ocr_par' dir='ltr' id='par_1_48' title="bbox 2142 2198 3770 2260">
     <span class='ocr_line' id='line_1_48' title="bbox 2142 2198 3770 2260; baseline -0.006 -1"><span class='ocrx_word' id='word_1_356' title='bbox 2142 2202 2273 2260; x_wconf 90' lang='lat' dir='ltr'>ticis</span> <span class='ocrx_word' id='word_1_357' title='bbox 2338 2202 2682 2259; x_wconf 86' lang='lat' dir='ltr'>ministeriis</span> <span class='ocrx_word' id='word_1_358' title='bbox 2746 2200 2997 2257; x_wconf 86' lang='lat' dir='ltr'>habilior</span> <span class='ocrx_word' id='word_1_359' title='bbox 3062 2200 3414 2257; x_wconf 69' lang='lat' dir='ltr'>aestimatur.</span> <span class='ocrx_word' id='word_1_360' title='bbox 3476 2198 3770 2255; x_wconf 85' lang='lat' dir='ltr'>Considera</span> 
     </span>
    </p>
   </div>
   <div class='ocr_carea' id='block_1_49' title="bbox 2140 2285 3769 2364">
    <p class='ocr_par' dir='ltr' id='par_1_49' title="bbox 2140 2285 3769 2364">
     <span class='ocr_line' id='line_1_49' title="bbox 2140 2285 3769 2364; baseline -0.006 -17"><span class='ocrx_word' id='word_1_361' title='bbox 2140 2293 2280 2364; x_wconf 89' lang='lat' dir='ltr'>quia</span> <span class='ocrx_word' id='word_1_362' title='bbox 2308 2306 2668 2362; x_wconf 71' lang='lat' dir='ltr'>excerpere</span> <span class='ocrx_word' id='word_1_363' title='bbox 2724 2293 2948 2346; x_wconf 86' lang='lat' dir='ltr'>costam</span> <span class='ocrx_word' id='word_1_364' title='bbox 3001 2289 3278 2362; x_wconf 84' lang='lat' dir='ltr'>sumpsit,</span> <span class='ocrx_word' id='word_1_365' title='bbox 3310 2306 3426 2346; x_wconf 87' lang='lat' dir='ltr'>non</span> <span class='ocrx_word' id='word_1_366' title='bbox 3481 2305 3552 2345; x_wconf 80' lang='lat' dir='ltr'>ex</span> <span class='ocrx_word' id='word_1_367' title='bbox 3595 2285 3769 2343; x_wconf 85' lang='lat' dir='ltr'>anima</span> 
     </span>
    </p>
   </div>
   <div class='ocr_carea' id='block_1_50' title="bbox 2139 2373 3771 2454">
    <p class='ocr_par' dir='ltr' id='par_1_50' title="bbox 2139 2373 3771 2454">
     <span class='ocr_line' id='line_1_50' title="bbox 2139 2373 3771 2454; baseline -0.006 -17"><span class='ocrx_word' id='word_1_368' title='bbox 2139 2380 2465 2454; x_wconf 89' lang='lat' dir='ltr'>portionem</span> <span class='ocrx_word' id='word_1_369' title='bbox 2491 2398 2503 2435; x_wconf 88' lang='lat'><strong>:</strong></span> <span class='ocrx_word' id='word_1_370' title='bbox 2528 2379 2638 2435; x_wconf 86' lang='lat' dir='ltr'>hoc</span> <span class='ocrx_word' id='word_1_371' title='bbox 2668 2382 2780 2446; x_wconf 88' lang='lat' dir='ltr'>est,</span> <span class='ocrx_word' id='word_1_372' title='bbox 2803 2395 2916 2435; x_wconf 88' lang='lat' dir='ltr'>non</span> <span class='ocrx_word' id='word_1_373' title='bbox 2949 2378 3148 2435; x_wconf 90' lang='lat' dir='ltr'>anima</span> <span class='ocrx_word' id='word_1_374' title='bbox 3165 2395 3235 2434; x_wconf 85' lang='lat' dir='ltr'>ex</span> <span class='ocrx_word' id='word_1_375' title='bbox 3263 2379 3487 2444; x_wconf 87' lang='lat' dir='ltr'>anima,</span> <span class='ocrx_word' id='word_1_376' title='bbox 3507 2377 3605 2434; x_wconf 91' lang='lat' dir='ltr'>sed</span> <span class='ocrx_word' id='word_1_377' title='bbox 3635 2393 3696 2432; x_wconf 88' lang='lat' dir='ltr'>os</span> <span class='ocrx_word' id='word_1_378' title='bbox 3714 2373 3771 2428; x_wconf 88' lang='lat' dir='ltr'>de</span> 
     </span>
    </p>
   </div>
   <div class='ocr_carea' id='block_1_51' title="bbox 2136 2464 3765 2526">
    <p class='ocr_par' dir='ltr' id='par_1_51' title="bbox 2136 2464 3765 2526">
     <span class='ocr_line' id='line_1_51' title="bbox 2136 2464 3765 2526; baseline -0.004 -1"><span class='ocrx_word' id='word_1_379' title='bbox 2136 2469 2370 2526; x_wconf 88' lang='lat' dir='ltr'>ossibus</span> <span class='ocrx_word' id='word_1_380' title='bbox 2402 2467 2546 2524; x_wconf 92' lang='lat' dir='ltr'>meis</span> <span class='ocrx_word' id='word_1_381' title='bbox 2576 2472 2632 2524; x_wconf 91' lang='lat' dir='ltr'>et</span> <span class='ocrx_word' id='word_1_382' title='bbox 2661 2484 2794 2523; x_wconf 91' lang='lat' dir='ltr'>caro</span> <span class='ocrx_word' id='word_1_383' title='bbox 2843 2467 2913 2523; x_wconf 87' lang='lat' dir='ltr'>de</span> <span class='ocrx_word' id='word_1_384' title='bbox 2954 2482 3127 2523; x_wconf 89' lang='lat' dir='ltr'>carne</span> <span class='ocrx_word' id='word_1_385' title='bbox 3157 2483 3284 2523; x_wconf 89' lang='lat' dir='ltr'>mea</span> <span class='ocrx_word' id='word_1_386' title='bbox 3330 2466 3455 2522; x_wconf 63' lang='lat' dir='ltr'>hac</span> <span class='ocrx_word' id='word_1_387' title='bbox 3486 2464 3765 2522; x_wconf 85' lang='lat' dir='ltr'>vocabitur</span> 
     </span>
    </p>
   </div>
   <div class='ocr_carea' id='block_1_52' title="bbox 2136 2556 2509 2630">
    <p class='ocr_par' dir='ltr' id='par_1_52' title="bbox 2136 2556 2509 2630">
     <span class='ocr_line' id='line_1_52' title="bbox 2136 2556 2509 2630; baseline -0.005 -17"><span class='ocrx_word' id='word_1_388' title='bbox 2136 2556 2348 2614; x_wconf 83' lang='lat' dir='ltr'>mulier</span> <span class='ocrx_word' id='word_1_389' title='bbox 2376 2558 2509 2630; x_wconf 87' lang='grc'>(55).</span> 
     </span>
    </p>
   </div>
   <div class='ocr_carea' id='block_1_53' title="bbox 2201 2641 3766 2718">
    <p class='ocr_par' dir='ltr' id='par_1_53' title="bbox 2201 2641 3766 2718">
     <span class='ocr_line' id='line_1_53' title="bbox 2201 2641 3766 2718; baseline -0.005 -15"><span class='ocrx_word' id='word_1_390' title='bbox 2201 2648 2291 2703; x_wconf 90' lang='grc'>51.</span> <span class='ocrx_word' id='word_1_391' title='bbox 2325 2647 2474 2718; x_wconf 87' lang='lat' dir='ltr'>Ergo</span> <span class='ocrx_word' id='word_1_392' title='bbox 2514 2660 2751 2701; x_wconf 86' lang='lat' dir='ltr'>causam</span> <span class='ocrx_word' id='word_1_393' title='bbox 2796 2643 3067 2700; x_wconf 71' lang='lat' dir='ltr'>humanae</span> <span class='ocrx_word' id='word_1_394' title='bbox 3115 2644 3514 2717; x_wconf 86' lang='lat' dir='ltr'>generationis</span> <span class='ocrx_word' id='word_1_395' title='bbox 3543 2641 3766 2716; x_wconf 86' lang='lat' dir='ltr'>agnovi-</span> 
     </span>
    </p>
   </div>
   <div class='ocr_carea' id='block_1_54' title="bbox 2132 2722 3771 2807">
    <p class='ocr_par' dir='ltr' id='par_1_54' title="bbox 2132 2722 3771 2807">
     <span class='ocr_line' id='line_1_54' title="bbox 2132 2722 3771 2807; baseline -0.004 -16"><span class='ocrx_word' id='word_1_396' title='bbox 2132 2752 2285 2792; x_wconf 90' lang='lat' dir='ltr'>mus.</span> <span class='ocrx_word' id='word_1_397' title='bbox 2321 2735 2432 2793; x_wconf 91' lang='lat' dir='ltr'>Sed</span> <span class='ocrx_word' id='word_1_398' title='bbox 2492 2734 2632 2806; x_wconf 91' lang='lat' dir='ltr'>quia</span> <span class='ocrx_word' id='word_1_399' title='bbox 2687 2732 2996 2807; x_wconf 90' lang='lat' dir='ltr'>plerosque</span> <span class='ocrx_word' id='word_1_400' title='bbox 3056 2737 3246 2789; x_wconf 89' lang='lat' dir='ltr'>movet</span> <span class='ocrx_word' id='word_1_401' title='bbox 3292 2732 3395 2805; x_wconf 87' lang='lat' dir='ltr'>qui</span> <span class='ocrx_word' id='word_1_402' title='bbox 3442 2722 3771 2806; x_wconf 77' lang='lat' dir='ltr'>diligentius</span> 
     </span>
    </p>
   </div>
   <div class='ocr_carea' id='block_1_55' title="bbox 2128 2820 3772 2894">
    <p class='ocr_par' dir='ltr' id='par_1_55' title="bbox 2128 2820 3772 2894">
     <span class='ocr_line' id='line_1_55' title="bbox 2128 2820 3772 2894; baseline -0.005 -14"><span class='ocrx_word' id='word_1_403' title='bbox 2128 2825 2449 2890; x_wconf 87' lang='lat' dir='ltr'>intuentur,</span> <span class='ocrx_word' id='word_1_404' title='bbox 2483 2822 2773 2893; x_wconf 91' lang='lat' dir='ltr'>quomodo</span> <span class='ocrx_word' id='word_1_405' title='bbox 2804 2822 2854 2877; x_wconf 91' lang='lat' dir='ltr'>si</span> <span class='ocrx_word' id='word_1_406' title='bbox 2885 2820 2972 2878; x_wconf 86' lang='lat' dir='ltr'>vel</span> <span class='ocrx_word' id='word_1_407' title='bbox 3012 2820 3203 2893; x_wconf 91' lang='lat' dir='ltr'>primo</span> <span class='ocrx_word' id='word_1_408' title='bbox 3233 2837 3523 2894; x_wconf 87' lang='lat' dir='ltr'>magnum</span> <span class='ocrx_word' id='word_1_409' title='bbox 3570 2835 3772 2877; x_wconf 87' lang='lat' dir='ltr'>munus</span> 
     </span>
    </p>
   </div>
   <div class='ocr_carea' id='block_1_56' title="bbox 373 2907 3774 2982">
    <p class='ocr_par' dir='ltr' id='par_1_56' title="bbox 373 2907 3774 2982">
     <span class='ocr_line' id='line_1_56' title="bbox 373 2907 3774 2982; baseline -0.001 -16"><span class='ocrx_word' id='word_1_410' title='bbox 373 2915 594 2971; x_wconf 88' lang='lat' dir='ltr'>bonum</span> <span class='ocrx_word' id='word_1_411' title='bbox 635 2911 1016 2982; x_wconf 87' lang='lat' dir='ltr'>adjutorium.</span> <span class='ocrx_word' id='word_1_412' title='bbox 1067 2910 1212 2965; x_wconf 86' lang='lat' dir='ltr'>Nam</span> <span class='ocrx_word' id='word_1_413' title='bbox 1264 2908 1315 2963; x_wconf 94' lang='lat' dir='ltr'>si</span> <span class='ocrx_word' id='word_1_414' title='bbox 1364 2925 1468 2980; x_wconf 91' lang='lat' dir='ltr'>pro</span> <span class='ocrx_word' id='word_1_415' title='bbox 1517 2908 1753 2964; x_wconf 88' lang='lat' dir='ltr'>meliore</span> <span class='ocrx_word' id='word_1_416' title='bbox 1805 2907 2019 2980; x_wconf 89' lang='lat' dir='ltr'>accipis</span> <span class='ocrx_word' id='word_1_417' title='bbox 2128 2914 2229 2970; x_wconf 89' lang='lat' dir='ltr'>Dei</span> <span class='ocrx_word' id='word_1_418' title='bbox 2266 2913 2376 2968; x_wconf 90' lang='lat' dir='ltr'>fuit</span> <span class='ocrx_word' id='word_1_419' title='bbox 2425 2911 2579 2967; x_wconf 90' lang='lat' dir='ltr'>circa</span> <span class='ocrx_word' id='word_1_420' title='bbox 2624 2910 2915 2979; x_wconf 89' lang='lat' dir='ltr'>homines,</span> <span class='ocrx_word' id='word_1_421' title='bbox 2966 2914 3033 2966; x_wconf 91' lang='lat' dir='ltr'>ut</span> <span class='ocrx_word' id='word_1_422' title='bbox 3074 2910 3133 2965; x_wconf 90' lang='lat' dir='ltr'>in</span> <span class='ocrx_word' id='word_1_423' title='bbox 3184 2910 3460 2982; x_wconf 89' lang='lat' dir='ltr'>paradiso</span> <span class='ocrx_word' id='word_1_424' title='bbox 3519 2908 3774 2966; x_wconf 85' lang='lat' dir='ltr'>homines</span> 
     </span>
    </p>
   </div>
   <div class='ocr_carea' id='block_1_57' title="bbox 372 2997 3773 3072">
    <p class='ocr_par' dir='ltr' id='par_1_57' title="bbox 372 2997 3773 3072">
     <span class='ocr_line' id='line_1_57' title="bbox 372 2997 3773 3072; baseline -0.004 -11"><span class='ocrx_word' id='word_1_425' title='bbox 372 2999 749 3071; x_wconf 74' lang='lat' dir='ltr'>adiutorium.</span> <span class='ocrx_word' id='word_1_426' title='bbox 782 2998 968 3067; x_wconf 74' lang='lat' dir='ltr'>major</span> <span class='ocrx_word' id='word_1_427' title='bbox 998 2997 1267 3069; x_wconf 67' lang='lat' dir='ltr'>quaedam</span> <span class='ocrx_word' id='word_1_428' title='bbox 1302 2998 1359 3052; x_wconf 84' lang='lat' dir='ltr'>in</span> <span class='ocrx_word' id='word_1_429' title='bbox 1405 3013 1585 3052; x_wconf 72' lang='lat' dir='ltr'>causa</span> <span class='ocrx_word' id='word_1_430' title='bbox 1625 2997 2018 3069; x_wconf 76' lang='lat' dir='ltr'>generationis</span> <span class='ocrx_word' id='word_1_431' title='bbox 2127 3002 2567 3067; x_wconf 89' lang='lat' dir='ltr'>collocarentur,</span> <span class='ocrx_word' id='word_1_432' title='bbox 2601 3000 2687 3056; x_wconf 89' lang='lat' dir='ltr'>vel</span> <span class='ocrx_word' id='word_1_433' title='bbox 2738 3003 2940 3072; x_wconf 89' lang='lat' dir='ltr'>postea</span> <span class='ocrx_word' id='word_1_434' title='bbox 2986 3015 3338 3072; x_wconf 90' lang='lat' dir='ltr'>magnorum</span> <span class='ocrx_word' id='word_1_435' title='bbox 3390 2997 3773 3056; x_wconf 88' lang='lat' dir='ltr'>remuneratio</span> 
     </span>
    </p>
   </div>
   <div class='ocr_carea' id='block_1_58' title="bbox 370 3085 3775 3163">
    <p class='ocr_par' dir='ltr' id='par_1_58' title="bbox 370 3085 3775 3163">
     <span class='ocr_line' id='line_1_58' title="bbox 370 3085 3775 3163; baseline -0.001 -16"><span class='ocrx_word' id='word_1_436' title='bbox 370 3088 629 3163; x_wconf 88' lang='lat' dir='ltr'>operatio</span> <span class='ocrx_word' id='word_1_437' title='bbox 662 3086 927 3143; x_wconf 89' lang='lat' dir='ltr'>mulieris</span> <span class='ocrx_word' id='word_1_438' title='bbox 958 3085 1275 3158; x_wconf 85' lang='lat' dir='ltr'>reperitur;</span> <span class='ocrx_word' id='word_1_439' title='bbox 1310 3085 1460 3141; x_wconf 86' lang='lat' dir='ltr'>sicut</span> <span class='ocrx_word' id='word_1_440' title='bbox 1491 3085 1663 3141; x_wconf 91' lang='lat' dir='ltr'>istius</span> <span class='ocrx_word' id='word_1_441' title='bbox 1692 3090 1858 3140; x_wconf 71' lang='lat' dir='ltr'>terra:</span> <span class='ocrx_word' id='word_1_442' title='bbox 1889 3102 2015 3158; x_wconf 78' lang='lat' dir='ltr'>quae</span> <span class='ocrx_word' id='word_1_443' title='bbox 2124 3092 2422 3147; x_wconf 79' lang='lat' dir='ltr'>videretur</span> <span class='ocrx_word' id='word_1_444' title='bbox 2450 3105 2580 3145; x_wconf 88' lang='lat' dir='ltr'>esse</span> <span class='ocrx_word' id='word_1_445' title='bbox 2609 3088 2974 3157; x_wconf 89' lang='lat' dir='ltr'>meritorum,</span> <span class='ocrx_word' id='word_1_446' title='bbox 3007 3091 3072 3144; x_wconf 91' lang='lat' dir='ltr'>ut</span> <span class='ocrx_word' id='word_1_447' title='bbox 3102 3088 3173 3143; x_wconf 91' lang='lat' dir='ltr'>ad</span> <span class='ocrx_word' id='word_1_448' title='bbox 3212 3088 3564 3160; x_wconf 87' lang='lat' dir='ltr'>paradisum</span> <span class='ocrx_word' id='word_1_449' title='bbox 3586 3088 3775 3159; x_wconf 80' lang='lat' dir='ltr'>justus</span> 
     </span>
    </p>
   </div>
   <div class='ocr_carea' id='block_1_59' title="bbox 369 3173 3778 3251">
    <p class='ocr_par' dir='ltr' id='par_1_59' title="bbox 369 3173 3778 3251">
     <span class='ocr_line' id='line_1_59' title="bbox 369 3173 3778 3251; baseline -0.001 -16"><span class='ocrx_word' id='word_1_450' title='bbox 369 3178 596 3235; x_wconf 81' lang='lat' dir='ltr'>semina</span> <span class='ocrx_word' id='word_1_451' title='bbox 624 3176 813 3249; x_wconf 90' lang='lat' dir='ltr'>primo</span> <span class='ocrx_word' id='word_1_452' title='bbox 839 3180 1075 3246; x_wconf 88' lang='lat' dir='ltr'>accepta</span> <span class='ocrx_word' id='word_1_453' title='bbox 1099 3174 1420 3231; x_wconf 88' lang='lat' dir='ltr'>cobibendo</span> <span class='ocrx_word' id='word_1_454' title='bbox 1446 3173 1728 3246; x_wconf 86' lang='lat' dir='ltr'>paulatim</span> <span class='ocrx_word' id='word_1_455' title='bbox 1756 3174 1877 3230; x_wconf 90' lang='lat' dir='ltr'>fotu</span> <span class='ocrx_word' id='word_1_456' title='bbox 1909 3191 2016 3230; x_wconf 89' lang='lat' dir='ltr'>suo</span> <span class='ocrx_word' id='word_1_457' title='bbox 2052 3234 2088 3251; x_wconf 60' lang='grc' dir='ltr'>η</span> <span class='ocrx_word' id='word_1_458' title='bbox 2127 3178 2537 3251; x_wconf 88' lang='lat' dir='ltr'>unusquisque</span> <span class='ocrx_word' id='word_1_459' title='bbox 2592 3176 2873 3250; x_wconf 89' lang='lat' dir='ltr'>rapiatur,</span> <span class='ocrx_word' id='word_1_460' title='bbox 2926 3176 3202 3232; x_wconf 90' lang='lat' dir='ltr'>dicuntur</span> <span class='ocrx_word' id='word_1_461' title='bbox 3252 3177 3432 3233; x_wconf 90' lang='lat' dir='ltr'>etiam</span> <span class='ocrx_word' id='word_1_462' title='bbox 3486 3177 3685 3234; x_wconf 67' lang='lat' dir='ltr'>bestiae</span> <span class='ocrx_word' id='word_1_463' title='bbox 3728 3178 3778 3228; x_wconf 78' lang='lat' dir='ltr'>et</span> 
     </span>
    </p>
   </div>
   <div class='ocr_carea' id='block_1_60' title="bbox 368 3262 2019 3342">
    <p class='ocr_par' dir='ltr' id='par_1_60' title="bbox 368 3262 2016 3336">
     <span class='ocr_line' id='line_1_60' title="bbox 368 3262 2016 3336; baseline -0.004 -12"><span class='ocrx_word' id='word_1_464' title='bbox 368 3267 697 3324; x_wconf 89' lang='lat' dir='ltr'>adolescere</span> <span class='ocrx_word' id='word_1_465' title='bbox 735 3265 890 3332; x_wconf 84' lang='lat' dir='ltr'>facit,</span> <span class='ocrx_word' id='word_1_466' title='bbox 922 3269 979 3321; x_wconf 93' lang='lat' dir='ltr'>et</span> <span class='ocrx_word' id='word_1_467' title='bbox 1022 3264 1289 3336; x_wconf 90' lang='lat' dir='ltr'>producit</span> <span class='ocrx_word' id='word_1_468' title='bbox 1318 3263 1375 3319; x_wconf 91' lang='lat' dir='ltr'>in</span> <span class='ocrx_word' id='word_1_469' title='bbox 1409 3268 1684 3335; x_wconf 84' lang='lat' dir='ltr'>segetem.</span> <span class='ocrx_word' id='word_1_470' title='bbox 1718 3264 1778 3318; x_wconf 90' lang='lat' dir='ltr'>In</span> <span class='ocrx_word' id='word_1_471' title='bbox 1812 3280 1878 3318; x_wconf 92' lang='lat' dir='ltr'>eo</span> <span class='ocrx_word' id='word_1_472' title='bbox 1908 3262 2016 3335; x_wconf 87' lang='lat' dir='ltr'>igi-</span> 
     </span>
    </p>
   </div>
   <div class='ocr_carea' id='block_1_61' title="bbox 2149 3262 3773 3342">
    <p class='ocr_par' dir='ltr' id='par_1_61' title="bbox 2149 3263 3773 3339">
     <span class='ocr_line' id='line_1_61' title="bbox 2149 3263 3773 3339; baseline -0.006 -14"><span class='ocrx_word' id='word_1_473' title='bbox 2149 3284 2337 3325; x_wconf 78' lang='lat'>)8001‘8.</span> <span class='ocrx_word' id='word_1_474' title='bbox 2377 3267 2523 3339; x_wconf 90' lang='lat' dir='ltr'>agri,</span> <span class='ocrx_word' id='word_1_475' title='bbox 2556 3271 2615 3322; x_wconf 92' lang='lat' dir='ltr'>et</span> <span class='ocrx_word' id='word_1_476' title='bbox 2662 3264 2923 3321; x_wconf 85' lang='lat' dir='ltr'>volatilia</span> <span class='ocrx_word' id='word_1_477' title='bbox 2970 3263 3097 3320; x_wconf 75' lang='lat' dir='ltr'>cmli</span> <span class='ocrx_word' id='word_1_478' title='bbox 3147 3264 3206 3320; x_wconf 87' lang='lat' dir='ltr'>in</span> <span class='ocrx_word' id='word_1_479' title='bbox 3254 3266 3536 3336; x_wconf 84' lang='lat' dir='ltr'>paradiso</span> <span class='ocrx_word' id='word_1_480' title='bbox 3585 3264 3773 3320; x_wconf 83' lang='lat' dir='ltr'>fuisse.</span> 
     </span>
    </p>
   </div>
   <div class='ocr_carea' id='block_1_62' title="bbox 365 3351 3781 3429">
    <p class='ocr_par' dir='ltr' id='par_1_62' title="bbox 365 3351 3781 3429">
     <span class='ocr_line' id='line_1_62' title="bbox 365 3351 3781 3429; baseline -0.002 -17"><span class='ocrx_word' id='word_1_481' title='bbox 365 3363 463 3413; x_wconf 89' lang='lat' dir='ltr'>tur</span> <span class='ocrx_word' id='word_1_482' title='bbox 493 3354 847 3427; x_wconf 79' lang='lat' dir='ltr'>adjutorium</span> <span class='ocrx_word' id='word_1_483' title='bbox 892 3354 1110 3409; x_wconf 90' lang='lat' dir='ltr'>bonum</span> <span class='ocrx_word' id='word_1_484' title='bbox 1150 3352 1437 3420; x_wconf 89' lang='lat' dir='ltr'>mulieris,</span> <span class='ocrx_word' id='word_1_485' title='bbox 1471 3368 1809 3424; x_wconf 90' lang='lat' dir='ltr'>quanquam</span> <span class='ocrx_word' id='word_1_486' title='bbox 1839 3351 2015 3408; x_wconf 89' lang='lat' dir='ltr'>etiam</span> <span class='ocrx_word' id='word_1_487' title='bbox 2126 3358 2289 3413; x_wconf 88' lang='lat' dir='ltr'>Unde</span> <span class='ocrx_word' id='word_1_488' title='bbox 2319 3356 2580 3429; x_wconf 91' lang='lat' dir='ltr'>plerique</span> <span class='ocrx_word' id='word_1_489' title='bbox 2605 3354 2944 3427; x_wconf 90' lang='lat' dir='ltr'>paradisum</span> <span class='ocrx_word' id='word_1_490' title='bbox 2969 3353 3229 3409; x_wconf 89' lang='lat' dir='ltr'>animam</span> <span class='ocrx_word' id='word_1_491' title='bbox 3251 3353 3522 3411; x_wconf 89' lang='lat' dir='ltr'>hominis</span> <span class='ocrx_word' id='word_1_492' title='bbox 3542 3370 3674 3411; x_wconf 88' lang='lat' dir='ltr'>esse</span> <span class='ocrx_word' id='word_1_493' title='bbox 3698 3368 3781 3406; x_wconf 89' lang='lat' dir='ltr'>vo-</span> 
     </span>
    </p>
   </div>
   <div class='ocr_carea' id='block_1_63' title="bbox 367 3440 2015 3513">
    <p class='ocr_par' dir='ltr' id='par_1_63' title="bbox 367 3440 2015 3513">
     <span class='ocr_line' id='line_1_63' title="bbox 367 3440 2015 3513; baseline -0.002 -13"><span class='ocrx_word' id='word_1_494' title='bbox 367 3444 607 3500; x_wconf 86' lang='lat' dir='ltr'>inferior</span> <span class='ocrx_word' id='word_1_495' title='bbox 635 3443 865 3499; x_wconf 89' lang='lat' dir='ltr'>dicatur</span> <span class='ocrx_word' id='word_1_496' title='bbox 908 3443 1169 3513; x_wconf 82' lang='lat' dir='ltr'>adjutor;</span> <span class='ocrx_word' id='word_1_497' title='bbox 1206 3445 1266 3497; x_wconf 87' lang='lat' dir='ltr'>ut</span> <span class='ocrx_word' id='word_1_498' title='bbox 1315 3445 1372 3497; x_wconf 90' lang='lat' dir='ltr'>et</span> <span class='ocrx_word' id='word_1_499' title='bbox 1418 3440 1479 3497; x_wconf 92' lang='lat' dir='ltr'>in</span> <span class='ocrx_word' id='word_1_500' title='bbox 1528 3457 1641 3496; x_wconf 91' lang='lat' dir='ltr'>usu</span> <span class='ocrx_word' id='word_1_501' title='bbox 1691 3441 2015 3513; x_wconf 89' lang='lat' dir='ltr'>reperimus</span> 
     </span>
    </p>
   </div>
   <div class='ocr_carea' id='block_1_64' title="bbox 366 3529 2016 3603">
    <p class='ocr_par' dir='ltr' id='par_1_64' title="bbox 366 3529 2016 3603">
     <span class='ocr_line' id='line_1_64' title="bbox 366 3529 2016 3603; baseline -0.001 -15"><span class='ocrx_word' id='word_1_502' title='bbox 366 3534 647 3596; x_wconf 88' lang='lat' dir='ltr'>humano,</span> <span class='ocrx_word' id='word_1_503' title='bbox 670 3531 807 3603; x_wconf 91' lang='lat' dir='ltr'>quia</span> <span class='ocrx_word' id='word_1_504' title='bbox 854 3531 1136 3602; x_wconf 86' lang='lat' dir='ltr'>dignitate</span> <span class='ocrx_word' id='word_1_505' title='bbox 1179 3531 1434 3602; x_wconf 88' lang='lat' dir='ltr'>potiores</span> <span class='ocrx_word' id='word_1_506' title='bbox 1467 3531 1612 3586; x_wconf 73' lang='lat'>167</span> <span class='ocrx_word' id='word_1_507' title='bbox 1669 3529 2016 3603; x_wconf 88' lang='lat' dir='ltr'>plerumque</span> 
     </span>
    </p>
   </div>
   <div class='ocr_carea' id='block_1_65' title="bbox 368 3618 1630 3690">
    <p class='ocr_par' dir='ltr' id='par_1_65' title="bbox 368 3618 1630 3690">
     <span class='ocr_line' id='line_1_65' title="bbox 368 3618 1630 3690; baseline -0.002 -15"><span class='ocrx_word' id='word_1_508' title='bbox 368 3621 697 3690; x_wconf 85' lang='lat' dir='ltr'>adjutorem</span> <span class='ocrx_word' id='word_1_509' title='bbox 731 3618 922 3674; x_wconf 89' lang='lat' dir='ltr'>meriti</span> <span class='ocrx_word' id='word_1_510' title='bbox 951 3618 1246 3674; x_wconf 89' lang='lat' dir='ltr'>inferioris</span> <span class='ocrx_word' id='word_1_511' title='bbox 1275 3618 1630 3674; x_wconf 90' lang='lat' dir='ltr'>adsciscunt.</span> 
     </span>
    </p>
   </div>
   <div class='ocr_carea' id='block_1_66' title="bbox 1008 3750 1372 3806">
    <p class='ocr_par' dir='ltr' id='par_1_66' title="bbox 1008 3750 1372 3806">
     <span class='ocr_line' id='line_1_66' title="bbox 1008 3750 1372 3806; baseline 0.003 -1"><span class='ocrx_word' id='word_1_512' title='bbox 1008 3750 1243 3806; x_wconf 88' lang='lat' dir='ltr'>CAPUT</span> <span class='ocrx_word' id='word_1_513' title='bbox 1279 3751 1372 3806; x_wconf 89' lang='grc' dir='ltr'>ΧΙ.</span> 
     </span>
    </p>
   </div>
   <div class='ocr_carea' id='block_1_67' title="bbox 369 3849 2015 3922">
    <p class='ocr_par' dir='ltr' id='par_1_67' title="bbox 369 3849 2015 3922">
     <span class='ocr_line' id='line_1_67' title="bbox 369 3849 2015 3922; baseline 0 -16"><span class='ocrx_word' id='word_1_514' title='bbox 369 3850 637 3921; x_wconf 83' lang='lat' dir='ltr'>Quomodo</span> <span class='ocrx_word' id='word_1_515' title='bbox 666 3850 939 3905; x_wconf 81' lang='lat' dir='ltr'>animalia</span> <span class='ocrx_word' id='word_1_516' title='bbox 988 3849 1149 3904; x_wconf 83' lang='lat' dir='ltr'>ducta</span> <span class='ocrx_word' id='word_1_517' title='bbox 1176 3851 1387 3922; x_wconf 77' lang='lat' dir='ltr'>fuerint</span> <span class='ocrx_word' id='word_1_518' title='bbox 1417 3850 1487 3905; x_wconf 85' lang='lat' dir='ltr'>ad</span> <span class='ocrx_word' id='word_1_519' title='bbox 1536 3850 1740 3922; x_wconf 80' lang='lat' dir='ltr'>Adam,-</span> <span class='ocrx_word' id='word_1_520' title='bbox 1769 3851 1901 3922; x_wconf 88' lang='lat' dir='ltr'>quid</span> <span class='ocrx_word' id='word_1_521' title='bbox 1930 3868 2015 3907; x_wconf 90' lang='lat' dir='ltr'>so-</span> 
     </span>
    </p>
   </div>
   <div class='ocr_carea' id='block_1_68' title="bbox 432 3921 2017 3994">
    <p class='ocr_par' dir='ltr' id='par_1_68' title="bbox 432 3921 2017 3994">
     <span class='ocr_line' id='line_1_68' title="bbox 432 3921 2017 3994; baseline 0 -17"><span class='ocrx_word' id='word_1_522' title='bbox 432 3938 536 3994; x_wconf 90' lang='lat' dir='ltr'>por</span> <span class='ocrx_word' id='word_1_523' title='bbox 574 3922 816 3994; x_wconf 78' lang='lat' dir='ltr'>ejusdem</span> <span class='ocrx_word' id='word_1_524' title='bbox 863 3929 912 3975; x_wconf 85' lang='lat' dir='ltr'>et</span> <span class='ocrx_word' id='word_1_525' title='bbox 952 3924 1112 3975; x_wconf 73' lang='lat' dir='ltr'>costae</span> <span class='ocrx_word' id='word_1_526' title='bbox 1158 3921 1455 3994; x_wconf 72' lang='lat' dir='ltr'>aediﬁcatio</span> <span class='ocrx_word' id='word_1_527' title='bbox 1500 3938 1598 3994; x_wconf 76' lang='lat' dir='ltr'>nos</span> <span class='ocrx_word' id='word_1_528' title='bbox 1646 3921 1855 3985; x_wconf 77' lang='lat' dir='ltr'>doceat,</span> <span class='ocrx_word' id='word_1_529' title='bbox 1887 3922 2017 3993; x_wconf 85' lang='lat' dir='ltr'>quid</span> 
     </span>
    </p>
   </div>
   <div class='ocr_carea' id='block_1_69' title="bbox 433 3992 2017 4064">
    <p class='ocr_par' dir='ltr' id='par_1_69' title="bbox 433 3992 2017 4064">
     <span class='ocr_line' id='line_1_69' title="bbox 433 3992 2017 4064; baseline -0.001 -14"><span class='ocrx_word' id='word_1_530' title='bbox 433 3992 605 4050; x_wconf 79' lang='lat' dir='ltr'>etiam</span> <span class='ocrx_word' id='word_1_531' title='bbox 636 4002 936 4048; x_wconf 87' lang='lat' dir='ltr'>memorata</span> <span class='ocrx_word' id='word_1_532' title='bbox 981 3993 1252 4047; x_wconf 84' lang='lat' dir='ltr'>animalia</span> <span class='ocrx_word' id='word_1_533' title='bbox 1302 3994 1362 4046; x_wconf 89' lang='lat' dir='ltr'>in</span> <span class='ocrx_word' id='word_1_534' title='bbox 1405 3992 1729 4064; x_wconf 84' lang='lat' dir='ltr'>paradisum</span> <span class='ocrx_word' id='word_1_535' title='bbox 1780 3992 2017 4048; x_wconf 81' lang='lat' dir='ltr'>adducta</span> 
     </span>
    </p>
   </div>
   <div class='ocr_carea' id='block_1_70' title="bbox 433 4064 2011 4149">
    <p class='ocr_par' dir='ltr' id='par_1_70' title="bbox 433 4064 2011 4149">
     <span class='ocr_line' id='line_1_70' title="bbox 433 4064 2011 4149; baseline 0 -28"><span class='ocrx_word' id='word_1_536' title='bbox 433 4066 759 4149; x_wconf 73' lang='lat' dir='ltr'>signiﬁcent,</span> <span class='ocrx_word' id='word_1_537' title='bbox 808 4073 861 4120; x_wconf 88' lang='lat' dir='ltr'>et</span> <span class='ocrx_word' id='word_1_538' title='bbox 903 4080 1006 4135; x_wconf 87' lang='lat' dir='ltr'>quo</span> <span class='ocrx_word' id='word_1_539' title='bbox 1048 4068 1207 4138; x_wconf 86' lang='lat' dir='ltr'>pacto</span> <span class='ocrx_word' id='word_1_540' title='bbox 1249 4064 1392 4135; x_wconf 85' lang='lat' dir='ltr'>justi</span> <span class='ocrx_word' id='word_1_541' title='bbox 1438 4066 1499 4118; x_wconf 87' lang='lat' dir='ltr'>in</span> <span class='ocrx_word' id='word_1_542' title='bbox 1544 4064 1869 4137; x_wconf 81' lang='lat' dir='ltr'>paradisum</span> <span class='ocrx_word' id='word_1_543' title='bbox 1918 4082 2011 4121; x_wconf 88' lang='lat' dir='ltr'>ra-</span> 
     </span>
    </p>
   </div>
   <div class='ocr_carea' id='block_1_71' title="bbox 430 4141 681 4209">
    <p class='ocr_par' dir='ltr' id='par_1_71' title="bbox 430 4141 681 4209">
     <span class='ocr_line' id='line_1_71' title="bbox 430 4141 681 4209; baseline -0.004 -17"><span class='ocrx_word' id='word_1_544' title='bbox 430 4141 681 4209; x_wconf 79' lang='lat' dir='ltr'>piantur.</span> 
     </span>
    </p>
   </div>
   <div class='ocr_carea' id='block_1_72' title="bbox 436 4240 2019 4314">
    <p class='ocr_par' dir='ltr' id='par_1_72' title="bbox 436 4240 2019 4314">
     <span class='ocr_line' id='line_1_72' title="bbox 436 4240 2019 4314; baseline 0.001 -17"><span class='ocrx_word' id='word_1_545' title='bbox 436 4242 523 4297; x_wconf 75' lang='grc'>49.</span> <span class='ocrx_word' id='word_1_546' title='bbox 557 4243 765 4314; x_wconf 90' lang='lat' dir='ltr'>Specta</span> <span class='ocrx_word' id='word_1_547' title='bbox 788 4258 942 4297; x_wconf 88' lang='lat' dir='ltr'>nunc</span> <span class='ocrx_word' id='word_1_548' title='bbox 972 4257 1078 4297; x_wconf 91' lang='lat' dir='ltr'>cur</span> <span class='ocrx_word' id='word_1_549' title='bbox 1101 4241 1255 4296; x_wconf 88' lang='lat' dir='ltr'>Deus</span> <span class='ocrx_word' id='word_1_550' title='bbox 1277 4240 1470 4296; x_wconf 90' lang='lat' dir='ltr'>adhuc</span> <span class='ocrx_word' id='word_1_551' title='bbox 1501 4241 1732 4297; x_wconf 77' lang='lat' dir='ltr'>ﬁnxerit</span> <span class='ocrx_word' id='word_1_552' title='bbox 1761 4242 1831 4298; x_wconf 92' lang='lat' dir='ltr'>de</span> <span class='ocrx_word' id='word_1_553' title='bbox 1860 4246 2019 4300; x_wconf 90' lang='lat' dir='ltr'>terra</span> 
     </span>
    </p>
   </div>
   <div class='ocr_carea' id='block_1_73' title="bbox 365 4329 2015 4402">
    <p class='ocr_par' dir='ltr' id='par_1_73' title="bbox 365 4329 2015 4402">
     <span class='ocr_line' id='line_1_73' title="bbox 365 4329 2015 4402; baseline 0.001 -16"><span class='ocrx_word' id='word_1_554' title='bbox 365 4347 569 4387; x_wconf 88' lang='lat' dir='ltr'>omnes</span> <span class='ocrx_word' id='word_1_555' title='bbox 599 4330 816 4386; x_wconf 85' lang='lat' dir='ltr'>bestias</span> <span class='ocrx_word' id='word_1_556' title='bbox 845 4330 991 4402; x_wconf 86' lang='lat' dir='ltr'>agri,</span> <span class='ocrx_word' id='word_1_557' title='bbox 1023 4335 1081 4385; x_wconf 91' lang='lat' dir='ltr'>et</span> <span class='ocrx_word' id='word_1_558' title='bbox 1108 4329 1306 4385; x_wconf 87' lang='lat' dir='ltr'>omnia</span> <span class='ocrx_word' id='word_1_559' title='bbox 1343 4329 1602 4386; x_wconf 88' lang='lat' dir='ltr'>volatilia</span> <span class='ocrx_word' id='word_1_560' title='bbox 1647 4330 1795 4398; x_wconf 75' lang='lat' dir='ltr'>cmli,</span> <span class='ocrx_word' id='word_1_561' title='bbox 1828 4336 1885 4387; x_wconf 91' lang='lat' dir='ltr'>et</span> <span class='ocrx_word' id='word_1_562' title='bbox 1913 4332 2015 4388; x_wconf 90' lang='lat' dir='ltr'>ad-</span> 
     </span>
    </p>
   </div>
   <div class='ocr_carea' id='block_1_74' title="bbox 365 4417 2012 4489">
    <p class='ocr_par' dir='ltr' id='par_1_74' title="bbox 365 4417 2012 4489">
     <span class='ocr_line' id='line_1_74' title="bbox 365 4417 2012 4489; baseline 0.001 -15"><span class='ocrx_word' id='word_1_563' title='bbox 365 4418 596 4474; x_wconf 85' lang='lat' dir='ltr'>duxerit</span> <span class='ocrx_word' id='word_1_564' title='bbox 623 4434 692 4472; x_wconf 90' lang='lat' dir='ltr'>ea</span> <span class='ocrx_word' id='word_1_565' title='bbox 732 4418 801 4472; x_wconf 88' lang='lat' dir='ltr'>ad</span> <span class='ocrx_word' id='word_1_566' title='bbox 845 4418 1051 4484; x_wconf 87' lang='lat' dir='ltr'>Adam,</span> <span class='ocrx_word' id='word_1_567' title='bbox 1083 4424 1151 4474; x_wconf 90' lang='lat' dir='ltr'>ut</span> <span class='ocrx_word' id='word_1_568' title='bbox 1198 4417 1417 4473; x_wconf 88' lang='lat' dir='ltr'>videret</span> <span class='ocrx_word' id='word_1_569' title='bbox 1463 4418 1603 4489; x_wconf 91' lang='lat' dir='ltr'>quid</span> <span class='ocrx_word' id='word_1_570' title='bbox 1653 4424 1879 4475; x_wconf 90' lang='lat' dir='ltr'>vocaret</span> <span class='ocrx_word' id='word_1_571' title='bbox 1925 4437 2012 4476; x_wconf 88' lang='lat' dir='ltr'>ea.</span> 
     </span>
    </p>
   </div>
   <div class='ocr_carea' id='block_1_75' title="bbox 366 4506 2014 4573">
    <p class='ocr_par' dir='ltr' id='par_1_75' title="bbox 366 4506 2014 4573">
     <span class='ocr_line' id='line_1_75' title="bbox 366 4506 2014 4573; baseline 0.003 -13"><span class='ocrx_word' id='word_1_572' title='bbox 366 4507 487 4570; x_wconf 84' lang='lat' dir='ltr'>Qua</span> <span class='ocrx_word' id='word_1_573' title='bbox 543 4506 769 4561; x_wconf 89' lang='lat' dir='ltr'>ratione</span> <span class='ocrx_word' id='word_1_574' title='bbox 826 4506 934 4561; x_wconf 88' lang='lat' dir='ltr'>hoc</span> <span class='ocrx_word' id='word_1_575' title='bbox 991 4507 1210 4561; x_wconf 83' lang='lat' dir='ltr'>factum</span> <span class='ocrx_word' id='word_1_576' title='bbox 1267 4510 1376 4573; x_wconf 87' lang='lat' dir='ltr'>est,</span> <span class='ocrx_word' id='word_1_577' title='bbox 1414 4522 1548 4562; x_wconf 89' lang='lat' dir='ltr'>cum</span> <span class='ocrx_word' id='word_1_578' title='bbox 1604 4510 2014 4565; x_wconf 89' lang='lat' dir='ltr'>tantummodo</span> 
     </span>
    </p>
   </div>
   <div class='ocr_carea' id='block_1_76' title="bbox 2124 3439 3779 3516">
    <p class='ocr_par' dir='ltr' id='par_1_76' title="bbox 2124 3439 3779 3516">
     <span class='ocr_line' id='line_1_76' title="bbox 2124 3439 3779 3516; baseline -0.004 -15"><span class='ocrx_word' id='word_1_579' title='bbox 2124 3445 2380 3515; x_wconf 90' lang='lat' dir='ltr'>luerunt,</span> <span class='ocrx_word' id='word_1_580' title='bbox 2414 3445 2475 3500; x_wconf 91' lang='lat' dir='ltr'>in</span> <span class='ocrx_word' id='word_1_581' title='bbox 2507 3460 2625 3516; x_wconf 89' lang='lat' dir='ltr'>qua</span> <span class='ocrx_word' id='word_1_582' title='bbox 2664 3442 2951 3498; x_wconf 88' lang='lat' dir='ltr'>virtutum</span> <span class='ocrx_word' id='word_1_583' title='bbox 2990 3442 3259 3514; x_wconf 59' lang='lat' dir='ltr'>quaedam</span> <span class='ocrx_word' id='word_1_584' title='bbox 3292 3444 3569 3515; x_wconf 86' lang='lat' dir='ltr'>germina</span> <span class='ocrx_word' id='word_1_585' title='bbox 3598 3439 3779 3515; x_wconf 88' lang='lat' dir='ltr'>pullu-</span> 
     </span>
    </p>
   </div>
   <div class='ocr_carea' id='block_1_77' title="bbox 2123 3529 3779 3604">
    <p class='ocr_par' dir='ltr' id='par_1_77' title="bbox 2123 3529 3779 3604">
     <span class='ocr_line' id='line_1_77' title="bbox 2123 3529 3779 3604; baseline -0.004 -13"><span class='ocrx_word' id='word_1_586' title='bbox 2123 3533 2398 3602; x_wconf 87' lang='lat' dir='ltr'>laverint;</span> <span class='ocrx_word' id='word_1_587' title='bbox 2430 3532 2730 3588; x_wconf 90' lang='lat' dir='ltr'>hominem</span> <span class='ocrx_word' id='word_1_588' title='bbox 2762 3534 2957 3586; x_wconf 89' lang='lat' dir='ltr'>autem</span> <span class='ocrx_word' id='word_1_589' title='bbox 2997 3534 3055 3587; x_wconf 92' lang='lat' dir='ltr'>et</span> <span class='ocrx_word' id='word_1_590' title='bbox 3102 3531 3175 3586; x_wconf 88' lang='lat' dir='ltr'>ad</span> <span class='ocrx_word' id='word_1_591' title='bbox 3223 3533 3603 3604; x_wconf 89' lang='lat' dir='ltr'>operandum</span> <span class='ocrx_word' id='word_1_592' title='bbox 3633 3535 3690 3587; x_wconf 91' lang='lat' dir='ltr'>et</span> <span class='ocrx_word' id='word_1_593' title='bbox 3716 3529 3779 3585; x_wconf 88' lang='lat' dir='ltr'>ad</span> 
     </span>
    </p>
   </div>
   <div class='ocr_carea' id='block_1_78' title="bbox 2125 3607 3778 3692">
    <p class='ocr_par' dir='ltr' id='par_1_78' title="bbox 2125 3607 3778 3692">
     <span class='ocr_line' id='line_1_78' title="bbox 2125 3607 3778 3692; baseline -0.006 -12"><span class='ocrx_word' id='word_1_594' title='bbox 2125 3607 2575 3681; x_wconf 77' lang='lat' dir='ltr'>custodiendum</span> <span class='ocrx_word' id='word_1_595' title='bbox 2624 3618 2965 3692; x_wconf 89' lang='lat' dir='ltr'>paradisum</span> <span class='ocrx_word' id='word_1_596' title='bbox 3015 3635 3144 3676; x_wconf 90' lang='lat' dir='ltr'>esse</span> <span class='ocrx_word' id='word_1_597' title='bbox 3194 3620 3488 3691; x_wconf 88' lang='lat' dir='ltr'>positum,</span> <span class='ocrx_word' id='word_1_598' title='bbox 3522 3620 3636 3676; x_wconf 89' lang='lat' dir='ltr'>hoc</span> <span class='ocrx_word' id='word_1_599' title='bbox 3680 3622 3778 3681; x_wconf 89' lang='lat' dir='ltr'>est,</span> 
     </span>
    </p>
   </div>
   <div class='ocr_carea' id='block_1_79' title="bbox 2125 3708 3783 3779">
    <p class='ocr_par' dir='ltr' id='par_1_79' title="bbox 2125 3708 3783 3779">
     <span class='ocr_line' id='line_1_79' title="bbox 2125 3708 3783 3779; baseline -0.004 -11"><span class='ocrx_word' id='word_1_600' title='bbox 2125 3716 2383 3768; x_wconf 91' lang='lat' dir='ltr'>mentem</span> <span class='ocrx_word' id='word_1_601' title='bbox 2412 3708 2672 3765; x_wconf 89' lang='lat' dir='ltr'>hominis</span> <span class='ocrx_word' id='word_1_602' title='bbox 2702 3708 2874 3779; x_wconf 70' lang='lat' dir='ltr'>cuius</span> <span class='ocrx_word' id='word_1_603' title='bbox 2903 3708 3093 3764; x_wconf 89' lang='lat' dir='ltr'>virtus</span> <span class='ocrx_word' id='word_1_604' title='bbox 3134 3708 3395 3764; x_wconf 89' lang='lat' dir='ltr'>animam</span> <span class='ocrx_word' id='word_1_605' title='bbox 3427 3709 3670 3766; x_wconf 89' lang='lat' dir='ltr'>videtur</span> <span class='ocrx_word' id='word_1_606' title='bbox 3698 3723 3783 3763; x_wconf 78' lang='lat' dir='ltr'>ex—</span> 
     </span>
    </p>
   </div>
   <div class='ocr_carea' id='block_1_80' title="bbox 2125 3795 3781 3871">
    <p class='ocr_par' dir='ltr' id='par_1_80' title="bbox 2125 3795 3781 3871">
     <span class='ocr_line' id='line_1_80' title="bbox 2125 3795 3781 3871; baseline -0.004 -14"><span class='ocrx_word' id='word_1_607' title='bbox 2125 3800 2332 3871; x_wconf 87' lang='lat' dir='ltr'>colere,</span> <span class='ocrx_word' id='word_1_608' title='bbox 2365 3815 2471 3855; x_wconf 91' lang='lat' dir='ltr'>nec</span> <span class='ocrx_word' id='word_1_609' title='bbox 2510 3796 2706 3853; x_wconf 89' lang='lat' dir='ltr'>solum</span> <span class='ocrx_word' id='word_1_610' title='bbox 2754 3795 3035 3865; x_wconf 83' lang='lat' dir='ltr'>excolere,</span> <span class='ocrx_word' id='word_1_611' title='bbox 3066 3797 3167 3854; x_wconf 90' lang='lat' dir='ltr'>sed</span> <span class='ocrx_word' id='word_1_612' title='bbox 3200 3796 3398 3865; x_wconf 89' lang='lat' dir='ltr'>etiam,</span> <span class='ocrx_word' id='word_1_613' title='bbox 3438 3814 3583 3853; x_wconf 88' lang='lat' dir='ltr'>cum</span> <span class='ocrx_word' id='word_1_614' title='bbox 3629 3811 3781 3853; x_wconf 81' lang='lat' dir='ltr'>exco-</span> 
     </span>
    </p>
   </div>
   <div class='ocr_carea' id='block_1_81' title="bbox 2125 3885 3785 3960">
    <p class='ocr_par' dir='ltr' id='par_1_81' title="bbox 2125 3885 3785 3960">
     <span class='ocr_line' id='line_1_81' title="bbox 2125 3885 3785 3960; baseline -0.004 -16"><span class='ocrx_word' id='word_1_615' title='bbox 2125 3889 2331 3955; x_wconf 91' lang='lat' dir='ltr'>luerit,</span> <span class='ocrx_word' id='word_1_616' title='bbox 2392 3885 2704 3943; x_wconf 89' lang='lat' dir='ltr'>custodire.</span> <span class='ocrx_word' id='word_1_617' title='bbox 2763 3885 2916 3943; x_wconf 73' lang='lat'>108</span> <span class='ocrx_word' id='word_1_618' title='bbox 2976 3886 3180 3942; x_wconf 66' lang='lat' dir='ltr'>Bestiae</span> <span class='ocrx_word' id='word_1_619' title='bbox 3253 3888 3460 3943; x_wconf 89' lang='lat' dir='ltr'>autem</span> <span class='ocrx_word' id='word_1_620' title='bbox 3542 3886 3673 3960; x_wconf 83' lang='lat' dir='ltr'>agri</span> <span class='ocrx_word' id='word_1_621' title='bbox 3735 3887 3785 3939; x_wconf 86' lang='lat' dir='ltr'>et</span> 
     </span>
    </p>
   </div>
   <div class='ocr_carea' id='block_1_82' title="bbox 2123 3972 3784 4046">
    <p class='ocr_par' dir='ltr' id='par_1_82' title="bbox 2123 3972 3784 4046">
     <span class='ocr_line' id='line_1_82' title="bbox 2123 3972 3784 4046; baseline -0.004 -14"><span class='ocrx_word' id='word_1_622' title='bbox 2123 3975 2382 4033; x_wconf 85' lang='lat' dir='ltr'>volatilia</span> <span class='ocrx_word' id='word_1_623' title='bbox 2408 3973 2537 4031; x_wconf 79' lang='lat' dir='ltr'>coeli</span> <span class='ocrx_word' id='word_1_624' title='bbox 2568 3991 2695 4046; x_wconf 67' lang='lat' dir='ltr'>quas</span> <span class='ocrx_word' id='word_1_625' title='bbox 2725 3974 3099 4031; x_wconf 88' lang='lat' dir='ltr'>adducuntur</span> <span class='ocrx_word' id='word_1_626' title='bbox 3131 3974 3202 4029; x_wconf 90' lang='lat' dir='ltr'>ad</span> <span class='ocrx_word' id='word_1_627' title='bbox 3233 3974 3450 4043; x_wconf 88' lang='lat' dir='ltr'>Adam,</span> <span class='ocrx_word' id='word_1_628' title='bbox 3489 3974 3683 4031; x_wconf 89' lang='lat' dir='ltr'>nostri</span> <span class='ocrx_word' id='word_1_629' title='bbox 3710 3972 3784 4026; x_wconf 83' lang='lat' dir='ltr'>ir-</span> 
     </span>
    </p>
   </div>
   <div class='ocr_carea' id='block_1_83' title="bbox 2126 4062 3785 4135">
    <p class='ocr_par' dir='ltr' id='par_1_83' title="bbox 2126 4062 3785 4135">
     <span class='ocr_line' id='line_1_83' title="bbox 2126 4062 3785 4135; baseline -0.003 -14"><span class='ocrx_word' id='word_1_630' title='bbox 2126 4062 2501 4121; x_wconf 88' lang='lat' dir='ltr'>rationabiles</span> <span class='ocrx_word' id='word_1_631' title='bbox 2539 4066 2738 4118; x_wconf 89' lang='lat' dir='ltr'>motus</span> <span class='ocrx_word' id='word_1_632' title='bbox 2779 4065 2939 4128; x_wconf 89' lang='lat' dir='ltr'>sunt,</span> <span class='ocrx_word' id='word_1_633' title='bbox 2972 4078 3039 4118; x_wconf 91' lang='lat' dir='ltr'>eo</span> <span class='ocrx_word' id='word_1_634' title='bbox 3097 4062 3253 4134; x_wconf 90' lang='lat' dir='ltr'>quod</span> <span class='ocrx_word' id='word_1_635' title='bbox 3305 4062 3520 4120; x_wconf 63' lang='lat' dir='ltr'>bestia</span> <span class='ocrx_word' id='word_1_636' title='bbox 3551 4062 3644 4120; x_wconf 90' lang='lat' dir='ltr'>vel</span> <span class='ocrx_word' id='word_1_637' title='bbox 3697 4076 3785 4135; x_wconf 85' lang='lat' dir='ltr'>pe-</span> 
     </span>
    </p>
   </div>
   <div class='ocr_carea' id='block_1_84' title="bbox 2126 4148 3787 4225">
    <p class='ocr_par' dir='ltr' id='par_1_84' title="bbox 2126 4148 3787 4225">
     <span class='ocr_line' id='line_1_84' title="bbox 2126 4148 3787 4225; baseline -0.005 -15"><span class='ocrx_word' id='word_1_638' title='bbox 2126 4170 2280 4221; x_wconf 89' lang='lat' dir='ltr'>cora,</span> <span class='ocrx_word' id='word_1_639' title='bbox 2303 4152 2571 4225; x_wconf 65' lang='lat' dir='ltr'>quaedam</span> <span class='ocrx_word' id='word_1_640' title='bbox 2601 4150 2841 4208; x_wconf 72' lang='lat' dir='ltr'>diversae</span> <span class='ocrx_word' id='word_1_641' title='bbox 2885 4149 3004 4207; x_wconf 90' lang='lat' dir='ltr'>sint</span> <span class='ocrx_word' id='word_1_642' title='bbox 3044 4151 3302 4223; x_wconf 90' lang='lat' dir='ltr'>corporis</span> <span class='ocrx_word' id='word_1_643' title='bbox 3333 4153 3677 4223; x_wconf 88' lang='lat' dir='ltr'>passiones,</span> <span class='ocrx_word' id='word_1_644' title='bbox 3706 4148 3787 4204; x_wconf 84' lang='lat' dir='ltr'>vel</span> 
     </span>
    </p>
   </div>
   <div class='ocr_carea' id='block_1_85' title="bbox 2125 4237 3790 4312">
    <p class='ocr_par' dir='ltr' id='par_1_85' title="bbox 2125 4237 3790 4312">
     <span class='ocr_line' id='line_1_85' title="bbox 2125 4237 3790 4312; baseline -0.005 -13"><span class='ocrx_word' id='word_1_645' title='bbox 2125 4240 2611 4308; x_wconf 89' lang='lat' dir='ltr'>turbulentiores,</span> <span class='ocrx_word' id='word_1_646' title='bbox 2659 4238 2747 4295; x_wconf 89' lang='lat' dir='ltr'>vel</span> <span class='ocrx_word' id='word_1_647' title='bbox 2805 4239 2982 4295; x_wconf 90' lang='lat' dir='ltr'>etiam</span> <span class='ocrx_word' id='word_1_648' title='bbox 3043 4238 3471 4312; x_wconf 87' lang='lat' dir='ltr'>languidiores.</span> <span class='ocrx_word' id='word_1_649' title='bbox 3521 4237 3790 4297; x_wconf 81' lang='lat' dir='ltr'>Volatilia</span> 
     </span>
    </p>
   </div>
   <div class='ocr_carea' id='block_1_86' title="bbox 2125 4326 3789 4401">
    <p class='ocr_par' dir='ltr' id='par_1_86' title="bbox 2125 4326 3789 4401">
     <span class='ocr_line' id='line_1_86' title="bbox 2125 4326 3789 4401; baseline -0.004 -13"><span class='ocrx_word' id='word_1_650' title='bbox 2125 4336 2322 4389; x_wconf 91' lang='lat' dir='ltr'>autem</span> <span class='ocrx_word' id='word_1_651' title='bbox 2347 4329 2475 4386; x_wconf 67' lang='lat' dir='ltr'>caeli</span> <span class='ocrx_word' id='word_1_652' title='bbox 2506 4328 2648 4401; x_wconf 90' lang='lat' dir='ltr'>quid</span> <span class='ocrx_word' id='word_1_653' title='bbox 2679 4326 2839 4384; x_wconf 87' lang='lat' dir='ltr'>aliud</span> <span class='ocrx_word' id='word_1_654' title='bbox 2869 4327 3255 4394; x_wconf 77' lang='lat' dir='ltr'>aestimamus,</span> <span class='ocrx_word' id='word_1_655' title='bbox 3287 4327 3407 4384; x_wconf 90' lang='lat' dir='ltr'>nisi</span> <span class='ocrx_word' id='word_1_656' title='bbox 3452 4329 3672 4385; x_wconf 87' lang='lat' dir='ltr'>inanes</span> <span class='ocrx_word' id='word_1_657' title='bbox 3699 4342 3789 4382; x_wconf 90' lang='lat' dir='ltr'>co-</span> 
     </span>
    </p>
   </div>
   <div class='ocr_carea' id='block_1_87' title="bbox 2123 4414 3787 4493">
    <p class='ocr_par' dir='ltr' id='par_1_87' title="bbox 2123 4414 3787 4493">
     <span class='ocr_line' id='line_1_87' title="bbox 2123 4414 3787 4493; baseline -0.006 -17"><span class='ocrx_word' id='word_1_658' title='bbox 2123 4420 2437 4493; x_wconf 84' lang='lat' dir='ltr'>gitationes</span> <span class='ocrx_word' id='word_1_659' title='bbox 2465 4434 2595 4490; x_wconf 74' lang='lat' dir='ltr'>quis</span> <span class='ocrx_word' id='word_1_660' title='bbox 2637 4415 2798 4473; x_wconf 91' lang='lat' dir='ltr'>velut</span> <span class='ocrx_word' id='word_1_661' title='bbox 2824 4414 3151 4472; x_wconf 89' lang='lat' dir='ltr'>volatilium</span> <span class='ocrx_word' id='word_1_662' title='bbox 3183 4432 3343 4472; x_wconf 90' lang='lat' dir='ltr'>more</span> <span class='ocrx_word' id='word_1_663' title='bbox 3374 4422 3657 4473; x_wconf 84' lang='lat' dir='ltr'>nostram</span> <span class='ocrx_word' id='word_1_664' title='bbox 3686 4414 3787 4469; x_wconf 87' lang='lat' dir='ltr'>cir—</span> 
     </span>
    </p>
   </div>
   <div class='ocr_carea' id='block_1_88' title="bbox 2125 4503 3789 4575">
    <p class='ocr_par' dir='ltr' id='par_1_88' title="bbox 2125 4503 3789 4575">
     <span class='ocr_line' id='line_1_88' title="bbox 2125 4503 3789 4575; baseline -0.005 -10"><span class='ocrx_word' id='word_1_665' title='bbox 2125 4507 2459 4565; x_wconf 90' lang='lat' dir='ltr'>cumvolant</span> <span class='ocrx_word' id='word_1_666' title='bbox 2488 4506 2770 4572; x_wconf 89' lang='lat' dir='ltr'>animam,</span> <span class='ocrx_word' id='word_1_667' title='bbox 2804 4508 2862 4560; x_wconf 91' lang='lat' dir='ltr'>et</span> <span class='ocrx_word' id='word_1_668' title='bbox 2890 4503 3006 4560; x_wconf 91' lang='lat' dir='ltr'>huc</span> <span class='ocrx_word' id='word_1_669' title='bbox 3047 4507 3225 4575; x_wconf 89' lang='lat' dir='ltr'>atque</span> <span class='ocrx_word' id='word_1_670' title='bbox 3254 4503 3401 4560; x_wconf 89' lang='lat' dir='ltr'>illuc</span> <span class='ocrx_word' id='word_1_671' title='bbox 3427 4508 3601 4562; x_wconf 89' lang='lat' dir='ltr'>vario</span> <span class='ocrx_word' id='word_1_672' title='bbox 3633 4508 3789 4560; x_wconf 86' lang='lat' dir='ltr'>motu</span> 
     </span>
    </p>
   </div>
   <div class='ocr_carea' id='block_1_89' title="bbox 365 4591 3791 4670">
    <p class='ocr_par' dir='ltr' id='par_1_89' title="bbox 365 4591 3791 4670">
     <span class='ocr_line' id='line_1_89' title="bbox 365 4591 3791 4670; baseline -0.002 -20"><span class='ocrx_word' id='word_1_673' title='bbox 365 4595 587 4650; x_wconf 87' lang='lat' dir='ltr'>bestias</span> <span class='ocrx_word' id='word_1_674' title='bbox 613 4595 736 4665; x_wconf 89' lang='lat' dir='ltr'>agri</span> <span class='ocrx_word' id='word_1_675' title='bbox 775 4598 832 4649; x_wconf 91' lang='lat' dir='ltr'>et</span> <span class='ocrx_word' id='word_1_676' title='bbox 873 4594 1132 4649; x_wconf 87' lang='lat' dir='ltr'>volatilia</span> <span class='ocrx_word' id='word_1_677' title='bbox 1177 4593 1305 4649; x_wconf 64' lang='grc' dir='ltr'>θαιιὶ</span> <span class='ocrx_word' id='word_1_678' title='bbox 1355 4594 1428 4649; x_wconf 87' lang='lat' dir='ltr'>ad</span> <span class='ocrx_word' id='word_1_679' title='bbox 1474 4596 1660 4652; x_wconf 87' lang='lat' dir='ltr'>Adam</span> <span class='ocrx_word' id='word_1_680' title='bbox 1709 4596 2092 4664; x_wconf 67' lang='lat' dir='ltr'>adduxerit!)</span> <span class='ocrx_word' id='word_1_681' title='bbox 2123 4614 2276 4670; x_wconf 68' lang='lat' dir='ltr'>saepe</span> <span class='ocrx_word' id='word_1_682' title='bbox 2324 4593 2683 4653; x_wconf 87' lang='lat' dir='ltr'>traducunt?</span> <span class='ocrx_word' id='word_1_683' title='bbox 2739 4594 3052 4666; x_wconf 90' lang='lat' dir='ltr'>Propterea</span> <span class='ocrx_word' id='word_1_684' title='bbox 3105 4591 3305 4648; x_wconf 88' lang='lat' dir='ltr'>nullus</span> <span class='ocrx_word' id='word_1_685' title='bbox 3361 4593 3655 4651; x_wconf 84' lang='lat' dir='ltr'>inventus</span> <span class='ocrx_word' id='word_1_686' title='bbox 3707 4592 3791 4646; x_wconf 84' lang='lat' dir='ltr'>est</span> 
     </span>
    </p>
   </div>
   <div class='ocr_carea' id='block_1_90' title="bbox 367 4682 2009 4757">
    <p class='ocr_par' dir='ltr' id='par_1_90' title="bbox 367 4682 2009 4757">
     <span class='ocr_line' id='line_1_90' title="bbox 367 4682 2009 4757; baseline 0.002 -18"><span class='ocrx_word' id='word_1_687' title='bbox 367 4682 565 4739; x_wconf 84' lang='lat' dir='ltr'>Deus?</span> <span class='ocrx_word' id='word_1_688' title='bbox 594 4683 773 4738; x_wconf 86' lang='lat' dir='ltr'>Erant</span> <span class='ocrx_word' id='word_1_689' title='bbox 801 4682 957 4737; x_wconf 90' lang='lat' dir='ltr'>enim</span> <span class='ocrx_word' id='word_1_690' title='bbox 989 4699 1198 4753; x_wconf 91' lang='lat' dir='ltr'>pecora</span> <span class='ocrx_word' id='word_1_691' title='bbox 1240 4683 1565 4738; x_wconf 88' lang='lat' dir='ltr'>secundum</span> <span class='ocrx_word' id='word_1_692' title='bbox 1596 4701 1781 4757; x_wconf 87' lang='lat' dir='ltr'>genus</span> <span class='ocrx_word' id='word_1_693' title='bbox 1813 4703 2009 4743; x_wconf 89' lang='lat' dir='ltr'>suum.</span> 
     </span>
    </p>
   </div>
   <div class='ocr_carea' id='block_1_91' title="bbox 368 4756 2016 4842">
    <p class='ocr_par' dir='ltr' id='par_1_91' title="bbox 368 4756 2016 4842">
     <span class='ocr_line' id='line_1_91' title="bbox 368 4756 2016 4842; baseline 0.001 -13"><span class='ocrx_word' id='word_1_694' title='bbox 368 4772 629 4842; x_wconf 89' lang='lat' dir='ltr'>Denique</span> <span class='ocrx_word' id='word_1_695' title='bbox 672 4769 851 4826; x_wconf 88' lang='lat' dir='ltr'>habes</span> <span class='ocrx_word' id='word_1_696' title='bbox 881 4770 1034 4825; x_wconf 90' lang='lat' dir='ltr'>infra</span> <span class='ocrx_word' id='word_1_697' title='bbox 1067 4756 1093 4824; x_wconf 59' lang='grc' dir='ltr'><em>ἴ</em></span> <span class='ocrx_word' id='word_1_698' title='bbox 1112 4771 1257 4840; x_wconf 86' lang='lat' dir='ltr'>Quia</span> <span class='ocrx_word' id='word_1_699' title='bbox 1288 4772 1547 4842; x_wconf 79' lang='lat' dir='ltr'>imposuit</span> <span class='ocrx_word' id='word_1_700' title='bbox 1588 4756 1760 4829; x_wconf 74' lang='lat' dir='ltr'>Adam</span> <span class='ocrx_word' id='word_1_701' title='bbox 1786 4777 2016 4831; x_wconf 82' lang='lat' dir='ltr'>nomina</span> 
     </span>
    </p>
   </div>
   <div class='ocr_carea' id='block_1_92' title="bbox 366 4858 2011 4933">
    <p class='ocr_par' dir='ltr' id='par_1_92' title="bbox 366 4858 2011 4933">
     <span class='ocr_line' id='line_1_92' title="bbox 366 4858 2011 4933; baseline 0.001 -15"><span class='ocrx_word' id='word_1_702' title='bbox 366 4860 616 4918; x_wconf 86' lang='lat' dir='ltr'>omnibus</span> <span class='ocrx_word' id='word_1_703' title='bbox 663 4859 945 4931; x_wconf 83' lang='lat' dir='ltr'>pecoribus</span> <span class='ocrx_word' id='word_1_704' title='bbox 974 4863 1027 4914; x_wconf 85' lang='lat' dir='ltr'>et</span> <span class='ocrx_word' id='word_1_705' title='bbox 1053 4858 1305 4915; x_wconf 84' lang='lat' dir='ltr'>omnibus</span> <span class='ocrx_word' id='word_1_706' title='bbox 1354 4859 1537 4915; x_wconf 82' lang='lat' dir='ltr'>bestiis</span> <span class='ocrx_word' id='word_1_707' title='bbox 1580 4863 1722 4933; x_wconf 85' lang='lat' dir='ltr'>agri.</span> <span class='ocrx_word' id='word_1_708' title='bbox 1755 4863 1883 4919; x_wconf 62' lang='lat' dir='ltr'>Adae</span> <span class='ocrx_word' id='word_1_709' title='bbox 1912 4881 2011 4920; x_wconf 88' lang='lat' dir='ltr'>au-</span> 
     </span>
    </p>
   </div>
   <div class='ocr_carea' id='block_1_93' title="bbox 368 4948 2011 5022">
    <p class='ocr_par' dir='ltr' id='par_1_93' title="bbox 368 4948 2011 5022">
     <span class='ocr_line' id='line_1_93' title="bbox 368 4948 2011 5022; baseline 0.002 -16"><span class='ocrx_word' id='word_1_710' title='bbox 368 4960 473 5007; x_wconf 89' lang='lat' dir='ltr'>tem</span> <span class='ocrx_word' id='word_1_711' title='bbox 529 4965 641 5005; x_wconf 84' lang='lat' dir='ltr'>non</span> <span class='ocrx_word' id='word_1_712' title='bbox 688 4956 765 5004; x_wconf 81' lang='lat' dir='ltr'>est</span> <span class='ocrx_word' id='word_1_713' title='bbox 822 4950 1071 5003; x_wconf 82' lang='lat' dir='ltr'>inventus</span> <span class='ocrx_word' id='word_1_714' title='bbox 1126 4948 1363 5019; x_wconf 83' lang='lat' dir='ltr'>adjutor,</span> <span class='ocrx_word' id='word_1_715' title='bbox 1414 4950 1614 5004; x_wconf 86' lang='lat' dir='ltr'>similis</span> <span class='ocrx_word' id='word_1_716' title='bbox 1645 4950 1735 5006; x_wconf 88' lang='lat' dir='ltr'>illi</span> <span class='ocrx_word' id='word_1_717' title='bbox 1764 4952 1915 5022; x_wconf 88' lang='lat' dir='ltr'>(Gen.</span> <span class='ocrx_word' id='word_1_718' title='bbox 1950 4971 2011 5019; x_wconf 89' lang='grc' dir='ltr'>ιι,</span> 
     </span>
    </p>
   </div>
   <div class='ocr_carea' id='block_1_94' title="bbox 364 5036 2014 5111">
    <p class='ocr_par' dir='ltr' id='par_1_94' title="bbox 364 5036 2014 5111">
     <span class='ocr_line' id='line_1_94' title="bbox 364 5036 2014 5111; baseline 0.001 -16"><span class='ocrx_word' id='word_1_719' title='bbox 364 5041 476 5109; x_wconf 86' lang='lat'>29).</span> <span class='ocrx_word' id='word_1_720' title='bbox 500 5039 634 5103; x_wconf 67' lang='lat' dir='ltr'>Quae</span> <span class='ocrx_word' id='word_1_721' title='bbox 663 5038 843 5111; x_wconf 91' lang='lat' dir='ltr'>igitur</span> <span class='ocrx_word' id='word_1_722' title='bbox 890 5036 1179 5093; x_wconf 90' lang='lat' dir='ltr'>absolutio</span> <span class='ocrx_word' id='word_1_723' title='bbox 1228 5042 1336 5108; x_wconf 89' lang='lat' dir='ltr'>est,</span> <span class='ocrx_word' id='word_1_724' title='bbox 1370 5037 1482 5093; x_wconf 90' lang='lat' dir='ltr'>nisi</span> <span class='ocrx_word' id='word_1_725' title='bbox 1532 5039 1670 5110; x_wconf 90' lang='lat' dir='ltr'>quia</span> <span class='ocrx_word' id='word_1_726' title='bbox 1718 5040 2014 5097; x_wconf 71' lang='lat' dir='ltr'>indomitae</span> 
     </span>
    </p>
   </div>
   <div class='ocr_carea' id='block_1_95' title="bbox 368 5125 2013 5198">
    <p class='ocr_par' dir='ltr' id='par_1_95' title="bbox 368 5125 2013 5198">
     <span class='ocr_line' id='line_1_95' title="bbox 368 5125 2013 5198; baseline 0.002 -15"><span class='ocrx_word' id='word_1_727' title='bbox 368 5128 565 5185; x_wconf 67' lang='lat' dir='ltr'>bestiae</span> <span class='ocrx_word' id='word_1_728' title='bbox 595 5131 654 5184; x_wconf 91' lang='lat' dir='ltr'>et</span> <span class='ocrx_word' id='word_1_729' title='bbox 683 5126 938 5183; x_wconf 88' lang='lat' dir='ltr'>volatilia</span> <span class='ocrx_word' id='word_1_730' title='bbox 983 5125 1110 5182; x_wconf 79' lang='lat' dir='ltr'>cmli</span> <span class='ocrx_word' id='word_1_731' title='bbox 1140 5125 1333 5182; x_wconf 88' lang='lat' dir='ltr'>divina</span> <span class='ocrx_word' id='word_1_732' title='bbox 1376 5130 1662 5198; x_wconf 88' lang='lat' dir='ltr'>potestate</span> <span class='ocrx_word' id='word_1_733' title='bbox 1710 5130 1782 5185; x_wconf 91' lang='lat' dir='ltr'>ad</span> <span class='ocrx_word' id='word_1_734' title='bbox 1826 5130 2013 5187; x_wconf 87' lang='lat' dir='ltr'>homi-</span> 
     </span>
    </p>
   </div>
   <div class='ocr_carea' id='block_1_96' title="bbox 371 5215 2018 5289">
    <p class='ocr_par' dir='ltr' id='par_1_96' title="bbox 371 5215 2018 5289">
     <span class='ocr_line' id='line_1_96' title="bbox 371 5215 2018 5289; baseline 0.002 -17"><span class='ocrx_word' id='word_1_735' title='bbox 371 5233 504 5272; x_wconf 90' lang='lat' dir='ltr'>nem</span> <span class='ocrx_word' id='word_1_736' title='bbox 533 5216 945 5272; x_wconf 86' lang='lat' dir='ltr'>deducuntur?</span> <span class='ocrx_word' id='word_1_737' title='bbox 974 5216 1054 5271; x_wconf 92' lang='lat' dir='ltr'>De</span> <span class='ocrx_word' id='word_1_738' title='bbox 1077 5215 1381 5289; x_wconf 90' lang='lat' dir='ltr'>pecoribus</span> <span class='ocrx_word' id='word_1_739' title='bbox 1405 5219 1598 5272; x_wconf 88' lang='lat' dir='ltr'>autem</span> <span class='ocrx_word' id='word_1_740' title='bbox 1622 5217 1859 5274; x_wconf 87' lang='lat' dir='ltr'>domitis</span> <span class='ocrx_word' id='word_1_741' title='bbox 1884 5236 2018 5275; x_wconf 87' lang='lat' dir='ltr'>con-</span> 
     </span>
    </p>
   </div>
   <div class='ocr_carea' id='block_1_97' title="bbox 371 5305 2014 5379">
    <p class='ocr_par' dir='ltr' id='par_1_97' title="bbox 371 5305 2014 5379">
     <span class='ocr_line' id='line_1_97' title="bbox 371 5305 2014 5379; baseline 0.003 -21"><span class='ocrx_word' id='word_1_742' title='bbox 371 5305 682 5376; x_wconf 88' lang='lat' dir='ltr'>gregandis</span> <span class='ocrx_word' id='word_1_743' title='bbox 712 5310 770 5360; x_wconf 91' lang='lat' dir='ltr'>et</span> <span class='ocrx_word' id='word_1_744' title='bbox 799 5306 972 5361; x_wconf 90' lang='lat' dir='ltr'>homo</span> <span class='ocrx_word' id='word_1_745' title='bbox 1004 5305 1212 5361; x_wconf 83' lang='lat' dir='ltr'>habuit</span> <span class='ocrx_word' id='word_1_746' title='bbox 1241 5308 1611 5376; x_wconf 87' lang='lat' dir='ltr'>potestatem.</span> <span class='ocrx_word' id='word_1_747' title='bbox 1642 5307 1841 5379; x_wconf 90' lang='lat' dir='ltr'>Itaque</span> <span class='ocrx_word' id='word_1_748' title='bbox 1872 5308 2014 5364; x_wconf 90' lang='lat' dir='ltr'>illud</span> 
     </span>
    </p>
   </div>
   <div class='ocr_carea' id='block_1_98' title="bbox 372 5392 2012 5469">
    <p class='ocr_par' dir='ltr' id='par_1_98' title="bbox 372 5392 2012 5469">
     <span class='ocr_line' id='line_1_98' title="bbox 372 5392 2012 5469; baseline 0.005 -25"><span class='ocrx_word' id='word_1_749' title='bbox 372 5392 576 5447; x_wconf 65' lang='lat' dir='ltr'>divina;</span> <span class='ocrx_word' id='word_1_750' title='bbox 607 5394 960 5464; x_wconf 82' lang='lat' dir='ltr'>operationis</span> <span class='ocrx_word' id='word_1_751' title='bbox 1012 5392 1203 5459; x_wconf 79' lang='lat' dir='ltr'>fuerit,</span> <span class='ocrx_word' id='word_1_752' title='bbox 1237 5392 1345 5448; x_wconf 89' lang='lat' dir='ltr'>hoc</span> <span class='ocrx_word' id='word_1_753' title='bbox 1375 5392 1646 5450; x_wconf 66' lang='lat' dir='ltr'>humana:</span> <span class='ocrx_word' id='word_1_754' title='bbox 1678 5395 2012 5469; x_wconf 65' lang='lat' dir='ltr'>diligentias.</span> 
     </span>
    </p>
   </div>
   <div class='ocr_carea' id='block_1_99' title="bbox 371 5478 2014 5552">
    <p class='ocr_par' dir='ltr' id='par_1_99' title="bbox 371 5478 2014 5552">
     <span class='ocr_line' id='line_1_99' title="bbox 371 5478 2014 5552; baseline 0.007 -21"><span class='ocrx_word' id='word_1_755' title='bbox 371 5478 557 5532; x_wconf 85' lang='lat' dir='ltr'>Simul</span> <span class='ocrx_word' id='word_1_756' title='bbox 607 5480 803 5551; x_wconf 87' lang='lat' dir='ltr'>accipe</span> <span class='ocrx_word' id='word_1_757' title='bbox 851 5498 968 5552; x_wconf 86' lang='lat' dir='ltr'>qua</span> <span class='ocrx_word' id='word_1_758' title='bbox 998 5498 1177 5537; x_wconf 74' lang='lat' dir='ltr'>causa</span> <span class='ocrx_word' id='word_1_759' title='bbox 1214 5481 1416 5536; x_wconf 89' lang='lat' dir='ltr'>omnia</span> <span class='ocrx_word' id='word_1_760' title='bbox 1461 5481 1712 5539; x_wconf 88' lang='lat' dir='ltr'>deducta</span> <span class='ocrx_word' id='word_1_761' title='bbox 1769 5486 1888 5542; x_wconf 89' lang='lat' dir='ltr'>sint</span> <span class='ocrx_word' id='word_1_762' title='bbox 1942 5488 2014 5543; x_wconf 91' lang='lat' dir='ltr'>ad</span> 
     </span>
    </p>
   </div>
   <div class='ocr_carea' id='block_1_100' title="bbox 2124 4680 3794 4751">
    <p class='ocr_par' dir='ltr' id='par_1_100' title="bbox 2124 4680 3794 4751">
     <span class='ocr_line' id='line_1_100' title="bbox 2124 4680 3794 4751; baseline -0.006 -9"><span class='ocrx_word' id='word_1_763' title='bbox 2124 4685 2306 4742; x_wconf 91' lang='lat' dir='ltr'>menti</span> <span class='ocrx_word' id='word_1_764' title='bbox 2339 4689 2549 4741; x_wconf 68' lang='lat' dir='ltr'>nostrae</span> <span class='ocrx_word' id='word_1_765' title='bbox 2594 4681 2808 4739; x_wconf 91' lang='lat' dir='ltr'>similis</span> <span class='ocrx_word' id='word_1_766' title='bbox 2839 4681 3092 4751; x_wconf 75' lang='lat' dir='ltr'>adiutor,</span> <span class='ocrx_word' id='word_1_767' title='bbox 3126 4680 3241 4737; x_wconf 90' lang='lat' dir='ltr'>nisi</span> <span class='ocrx_word' id='word_1_768' title='bbox 3285 4697 3537 4749; x_wconf 88' lang='lat' dir='ltr'>sensus,</span> <span class='ocrx_word' id='word_1_769' title='bbox 3572 4682 3685 4738; x_wconf 86' lang='lat' dir='ltr'>hoc</span> <span class='ocrx_word' id='word_1_770' title='bbox 3711 4681 3794 4735; x_wconf 86' lang='lat' dir='ltr'>est</span> 
     </span>
    </p>
   </div>
   <div class='ocr_carea' id='block_1_101' title="bbox 2121 4769 3794 4843">
    <p class='ocr_par' dir='ltr' id='par_1_101' title="bbox 2121 4769 3794 4843">
     <span class='ocr_line' id='line_1_101' title="bbox 2121 4769 3794 4843; baseline -0.006 -11"><span class='ocrx_word' id='word_1_771' title='bbox 2121 4783 2358 4843; x_wconf 77' lang='grc' dir='ltr'>αἴσθησις.</span> <span class='ocrx_word' id='word_1_772' title='bbox 2390 4771 2656 4829; x_wconf 90' lang='lat' dir='ltr'>Similem</span> <span class='ocrx_word' id='word_1_773' title='bbox 2701 4770 2812 4827; x_wconf 88' lang='lat' dir='ltr'>sibi</span> <span class='ocrx_word' id='word_1_774' title='bbox 2856 4769 3042 4827; x_wconf 88' lang='lat' dir='ltr'>solam</span> <span class='ocrx_word' id='word_1_775' title='bbox 3073 4781 3184 4837; x_wconf 83' lang='grc' dir='ltr'>νοῦς</span> <span class='ocrx_word' id='word_1_776' title='bbox 3216 4774 3423 4826; x_wconf 86' lang='lat' dir='ltr'>noster</span> <span class='ocrx_word' id='word_1_777' title='bbox 3472 4770 3675 4843; x_wconf 89' lang='lat' dir='ltr'>potuit</span> <span class='ocrx_word' id='word_1_778' title='bbox 3704 4769 3794 4823; x_wconf 85' lang='lat' dir='ltr'>in-</span> 
     </span>
    </p>
   </div>
   <div class='ocr_carea' id='block_1_102' title="bbox 2122 4879 2337 4920">
    <p class='ocr_par' dir='ltr' id='par_1_102' title="bbox 2122 4879 2337 4920">
     <span class='ocr_line' id='line_1_102' title="bbox 2122 4879 2337 4920; baseline -0.005 -1"><span class='ocrx_word' id='word_1_779' title='bbox 2122 4879 2337 4920; x_wconf 82' lang='lat' dir='ltr'>venire.</span> 
     </span>
    </p>
   </div>
   <div class='ocr_carea' id='block_1_103' title="bbox 2180 4945 3795 5021">
    <p class='ocr_par' dir='ltr' id='par_1_103' title="bbox 2180 4945 3795 5021">
     <span class='ocr_line' id='line_1_103' title="bbox 2180 4945 3795 5021; baseline -0.006 -13"><span class='ocrx_word' id='word_1_780' title='bbox 2180 4955 2281 5008; x_wconf 79' lang='grc'>52.</span> <span class='ocrx_word' id='word_1_781' title='bbox 2316 4949 2427 5006; x_wconf 92' lang='lat' dir='ltr'>Sed</span> <span class='ocrx_word' id='word_1_782' title='bbox 2461 4949 2606 5004; x_wconf 81' lang='lat' dir='ltr'>forte</span> <span class='ocrx_word' id='word_1_783' title='bbox 2644 4964 2880 5021; x_wconf 88' lang='lat' dir='ltr'>arguas,</span> <span class='ocrx_word' id='word_1_784' title='bbox 2900 4948 3041 5021; x_wconf 88' lang='lat' dir='ltr'>quia</span> <span class='ocrx_word' id='word_1_785' title='bbox 3083 4947 3202 5004; x_wconf 85' lang='lat' dir='ltr'>haec</span> <span class='ocrx_word' id='word_1_786' title='bbox 3231 4963 3480 5020; x_wconf 89' lang='lat' dir='ltr'>quoque</span> <span class='ocrx_word' id='word_1_787' title='bbox 3532 4948 3695 5004; x_wconf 88' lang='lat' dir='ltr'>Deus</span> <span class='ocrx_word' id='word_1_788' title='bbox 3738 4945 3795 5000; x_wconf 89' lang='lat' dir='ltr'>in</span> 
     </span>
    </p>
   </div>
   <div class='ocr_carea' id='block_1_104' title="bbox 2122 5034 3796 5112">
    <p class='ocr_par' dir='ltr' id='par_1_104' title="bbox 2122 5034 3796 5112">
     <span class='ocr_line' id='line_1_104' title="bbox 2122 5034 3796 5112; baseline -0.005 -14"><span class='ocrx_word' id='word_1_789' title='bbox 2122 5040 2225 5098; x_wconf 87' lang='lat' dir='ltr'>tali</span> <span class='ocrx_word' id='word_1_790' title='bbox 2256 5036 2526 5112; x_wconf 88' lang='lat' dir='ltr'>paradiso</span> <span class='ocrx_word' id='word_1_791' title='bbox 2564 5036 2795 5102; x_wconf 88' lang='lat' dir='ltr'>locavit,</span> <span class='ocrx_word' id='word_1_792' title='bbox 2827 5037 2936 5092; x_wconf 90' lang='lat' dir='ltr'>hoc</span> <span class='ocrx_word' id='word_1_793' title='bbox 2988 5041 3078 5093; x_wconf 91' lang='lat' dir='ltr'>est</span> <span class='ocrx_word' id='word_1_794' title='bbox 3132 5037 3447 5109; x_wconf 87' lang='lat' dir='ltr'>passiones</span> <span class='ocrx_word' id='word_1_795' title='bbox 3510 5034 3796 5110; x_wconf 85' lang='lat' dir='ltr'>corporis,</span> 
     </span>
    </p>
   </div>
   <div class='ocr_carea' id='block_1_105' title="bbox 2123 5124 3797 5197">
    <p class='ocr_par' dir='ltr' id='par_1_105' title="bbox 2123 5124 3797 5197">
     <span class='ocr_line' id='line_1_105' title="bbox 2123 5124 3797 5197; baseline -0.005 -12"><span class='ocrx_word' id='word_1_796' title='bbox 2123 5134 2181 5186; x_wconf 91' lang='lat' dir='ltr'>et</span> <span class='ocrx_word' id='word_1_797' title='bbox 2207 5126 2522 5183; x_wconf 81' lang='lat' dir='ltr'>vanitatem</span> <span class='ocrx_word' id='word_1_798' title='bbox 2561 5125 2880 5197; x_wconf 86' lang='lat' dir='ltr'>quamdam</span> <span class='ocrx_word' id='word_1_799' title='bbox 2928 5124 3339 5180; x_wconf 86' lang='lat' dir='ltr'>ﬂuctuantium</span> <span class='ocrx_word' id='word_1_800' title='bbox 3370 5124 3474 5181; x_wconf 85' lang='lat' dir='ltr'>vel</span> <span class='ocrx_word' id='word_1_801' title='bbox 3528 5125 3797 5181; x_wconf 87' lang='lat' dir='ltr'>inanium</span> 
     </span>
    </p>
   </div>
   <div class='ocr_carea' id='block_1_106' title="bbox 2125 5212 3797 5291">
    <p class='ocr_par' dir='ltr' id='par_1_106' title="bbox 2125 5212 3797 5291">
     <span class='ocr_line' id='line_1_106' title="bbox 2125 5212 3797 5291; baseline -0.004 -17"><span class='ocrx_word' id='word_1_802' title='bbox 2125 5214 2567 5291; x_wconf 90' lang='lat' dir='ltr'>cogitationum,</span> <span class='ocrx_word' id='word_1_803' title='bbox 2598 5214 2752 5286; x_wconf 91' lang='lat' dir='ltr'>quod</span> <span class='ocrx_word' id='word_1_804' title='bbox 2791 5214 2917 5285; x_wconf 90' lang='lat' dir='ltr'>ipse</span> <span class='ocrx_word' id='word_1_805' title='bbox 2948 5213 3134 5270; x_wconf 90' lang='lat' dir='ltr'>nostri</span> <span class='ocrx_word' id='word_1_806' title='bbox 3184 5212 3356 5268; x_wconf 85' lang='lat' dir='ltr'>fuerit</span> <span class='ocrx_word' id='word_1_807' title='bbox 3389 5218 3616 5272; x_wconf 87' lang='lat' dir='ltr'>auctor</span> <span class='ocrx_word' id='word_1_808' title='bbox 3645 5227 3797 5271; x_wconf 84' lang='lat' dir='ltr'>erro-</span> 
     </span>
    </p>
   </div>
   <div class='ocr_carea' id='block_1_107' title="bbox 2124 5301 3800 5374">
    <p class='ocr_par' dir='ltr' id='par_1_107' title="bbox 2124 5301 3800 5374">
     <span class='ocr_line' id='line_1_107' title="bbox 2124 5301 3800 5374; baseline -0.004 -10"><span class='ocrx_word' id='word_1_809' title='bbox 2124 5309 2226 5364; x_wconf 91' lang='lat' dir='ltr'>ris.</span> <span class='ocrx_word' id='word_1_810' title='bbox 2259 5302 2575 5361; x_wconf 86' lang='lat' dir='ltr'>Considera</span> <span class='ocrx_word' id='word_1_811' title='bbox 2619 5302 2759 5374; x_wconf 90' lang='lat' dir='ltr'>quid</span> <span class='ocrx_word' id='word_1_812' title='bbox 2806 5302 2963 5359; x_wconf 89' lang='lat' dir='ltr'>dicat</span> <span class='ocrx_word' id='word_1_813' title='bbox 2997 5319 3010 5358; x_wconf 89' lang='lat'>:</span> <span class='ocrx_word' id='word_1_814' title='bbox 3043 5301 3260 5368; x_wconf 86' lang='lat' dir='ltr'>Habete,</span> <span class='ocrx_word' id='word_1_815' title='bbox 3294 5302 3533 5373; x_wconf 88' lang='lat' dir='ltr'>inquit,</span> <span class='ocrx_word' id='word_1_816' title='bbox 3564 5307 3800 5368; x_wconf 82' lang='lat' dir='ltr'>potesta-</span> 
     </span>
    </p>
   </div>
   <div class='ocr_carea' id='block_1_108' title="bbox 2122 5389 3802 5466">
    <p class='ocr_par' dir='ltr' id='par_1_108' title="bbox 2122 5389 3802 5466">
     <span class='ocr_line' id='line_1_108' title="bbox 2122 5389 3802 5466; baseline -0.005 -13"><span class='ocrx_word' id='word_1_817' title='bbox 2122 5402 2231 5454; x_wconf 84' lang='lat' dir='ltr'>tem</span> <span class='ocrx_word' id='word_1_818' title='bbox 2273 5394 2516 5466; x_wconf 86' lang='lat' dir='ltr'>piscium</span> <span class='ocrx_word' id='word_1_819' title='bbox 2569 5394 2762 5459; x_wconf 85' lang='lat' dir='ltr'>maris,</span> <span class='ocrx_word' id='word_1_820' title='bbox 2794 5396 2848 5448; x_wconf 82' lang='lat' dir='ltr'>et</span> <span class='ocrx_word' id='word_1_821' title='bbox 2888 5391 3198 5448; x_wconf 84' lang='lat' dir='ltr'>volatilium</span> <span class='ocrx_word' id='word_1_822' title='bbox 3252 5389 3401 5459; x_wconf 58' lang='grc' dir='ltr'>σωκ,</span> <span class='ocrx_word' id='word_1_823' title='bbox 3432 5395 3491 5447; x_wconf 82' lang='lat' dir='ltr'>et</span> <span class='ocrx_word' id='word_1_824' title='bbox 3553 5392 3802 5448; x_wconf 83' lang='lat' dir='ltr'>omnium</span> 
     </span>
    </p>
   </div>
   <div class='ocr_carea' id='block_1_109' title="bbox 2124 5478 3801 5557">
    <p class='ocr_par' dir='ltr' id='par_1_109' title="bbox 2124 5478 3801 5557">
     <span class='ocr_line' id='line_1_109' title="bbox 2124 5478 3801 5557; baseline -0.007 -13"><span class='ocrx_word' id='word_1_825' title='bbox 2124 5484 2433 5557; x_wconf 85' lang='lat' dir='ltr'>repentium</span> <span class='ocrx_word' id='word_1_826' title='bbox 2489 5494 2612 5554; x_wconf 74' lang='lat' dir='ltr'>quae</span> <span class='ocrx_word' id='word_1_827' title='bbox 2666 5488 2865 5553; x_wconf 82' lang='lat' dir='ltr'>repunt</span> <span class='ocrx_word' id='word_1_828' title='bbox 2918 5497 3081 5553; x_wconf 81' lang='lat' dir='ltr'>super</span> <span class='ocrx_word' id='word_1_829' title='bbox 3133 5482 3338 5536; x_wconf 87' lang='lat' dir='ltr'>terram</span> <span class='ocrx_word' id='word_1_830' title='bbox 3392 5479 3570 5550; x_wconf 75' lang='lat' dir='ltr'>(Gen.</span> <span class='ocrx_word' id='word_1_831' title='bbox 3605 5499 3649 5549; x_wconf 85' lang='grc' dir='ltr'>ι,</span> <span class='ocrx_word' id='word_1_832' title='bbox 3691 5478 3801 5549; x_wconf 68' lang='grc'>28).</span> 
     </span>
    </p>
   </div>
   <div class='ocr_carea' id='block_1_110' title="bbox 445 5609 3805 5694">
    <p class='ocr_par' dir='ltr' id='par_1_110' title="bbox 445 5609 3805 5694">
     <span class='ocr_line' id='line_1_110' title="bbox 445 5609 3805 5694; baseline 0.002 -31"><span class='ocrx_word' id='word_1_833' title='bbox 445 5610 557 5679; x_wconf 84' lang='grc'>(55)</span> <span class='ocrx_word' id='word_1_834' title='bbox 588 5609 844 5694; x_wconf 28' lang='lat' dir='ltr'>lta‘mss.</span> <span class='ocrx_word' id='word_1_835' title='bbox 877 5630 1080 5694; x_wconf 59' lang='lat' dir='ltr'>omnes</span> <span class='ocrx_word' id='word_1_836' title='bbox 1111 5618 1396 5694; x_wconf 69' lang='lat' dir='ltr'>cumant.</span> <span class='ocrx_word' id='word_1_837' title='bbox 1430 5615 1580 5694; x_wconf 60' lang='lat' dir='ltr'>edit.</span> <span class='ocrx_word' id='word_1_838' title='bbox 1602 5620 1676 5674; x_wconf 91' lang='lat' dir='ltr'>At</span> <span class='ocrx_word' id='word_1_839' title='bbox 1728 5622 1894 5679; x_wconf 81' lang='lat' dir='ltr'>Rom.</span> <span class='ocrx_word' id='word_1_840' title='bbox 1923 5624 2085 5694; x_wconf 90' lang='lat' dir='ltr'>edit.,</span> <span class='ocrx_word' id='word_1_841' title='bbox 2116 5623 2215 5680; x_wconf 82' lang='lat' dir='ltr'>hoc</span> <span class='ocrx_word' id='word_1_842' title='bbox 2253 5627 2351 5687; x_wconf 86' lang='lat' dir='ltr'>est,</span> <span class='ocrx_word' id='word_1_843' title='bbox 2382 5632 2496 5673; x_wconf 81' lang='lat' dir='ltr'>non</span> <span class='ocrx_word' id='word_1_844' title='bbox 2540 5617 2790 5672; x_wconf 82' lang='lat' dir='ltr'>animam</span> <span class='ocrx_word' id='word_1_845' title='bbox 2838 5630 2910 5672; x_wconf 70' lang='lat' dir='ltr'>ex</span> <span class='ocrx_word' id='word_1_846' title='bbox 2953 5616 3162 5683; x_wconf 86' lang='lat' dir='ltr'>anima,</span> <span class='ocrx_word' id='word_1_847' title='bbox 3191 5613 3285 5670; x_wconf 85' lang='lat' dir='ltr'>sed</span> <span class='ocrx_word' id='word_1_848' title='bbox 3338 5629 3408 5669; x_wconf 90' lang='lat' dir='ltr'>os</span> <span class='ocrx_word' id='word_1_849' title='bbox 3438 5615 3513 5673; x_wconf 82' lang='lat' dir='ltr'>de</span> <span class='ocrx_word' id='word_1_850' title='bbox 3573 5615 3805 5683; x_wconf 82' lang='lat' dir='ltr'>ossibus,</span> 
     </span>
    </p>
   </div>
   <div class='ocr_carea' id='block_1_111' title="bbox 374 5681 1690 5759">
    <p class='ocr_par' dir='ltr' id='par_1_111' title="bbox 374 5681 1690 5759">
     <span class='ocr_line' id='line_1_111' title="bbox 374 5681 1690 5759; baseline 0.007 -23"><span class='ocrx_word' id='word_1_851' title='bbox 374 5688 423 5736; x_wconf 85' lang='lat' dir='ltr'>et</span> <span class='ocrx_word' id='word_1_852' title='bbox 451 5696 676 5736; x_wconf 86' lang='lat' dir='ltr'>carnem</span> <span class='ocrx_word' id='word_1_853' title='bbox 701 5681 765 5737; x_wconf 86' lang='lat' dir='ltr'>de</span> <span class='ocrx_word' id='word_1_854' title='bbox 791 5698 974 5739; x_wconf 85' lang='lat' dir='ltr'>carne.</span> <span class='ocrx_word' id='word_1_855' title='bbox 1007 5687 1135 5742; x_wconf 64' lang='lat' dir='ltr'>Haac</span> <span class='ocrx_word' id='word_1_856' title='bbox 1161 5687 1365 5741; x_wconf 84' lang='lat' dir='ltr'>mulier</span> <span class='ocrx_word' id='word_1_857' title='bbox 1395 5686 1690 5759; x_wconf 81' lang='lat' dir='ltr'>vocabitur.</span> 
     </span>
    </p>
   </div>
  </div>
