  <div class='ocr_page' id='page_1' title='image "/cluster/home/n/w/nwhite01/storage/ocr_20150623/14/uva.x000826552/173.png"; bbox 0 0 3932 6212; ppageno 0'>
   <div class='ocr_carea' id='block_1_1' title="bbox 131 405 239 473">
    <p class='ocr_par' dir='ltr' id='par_1_1' title="bbox 131 405 239 473">
     <span class='ocr_line' id='line_1_1' title="bbox 131 405 239 473; baseline -0.056 0"><span class='ocrx_word' id='word_1_1' title='bbox 131 405 239 473; x_wconf 71' lang='grc'><strong>31⁸1</strong></span> 
     </span>
    </p>
   </div>
   <div class='ocr_carea' id='block_1_2' title="bbox 1427 408 2267 477">
    <p class='ocr_par' dir='ltr' id='par_1_2' title="bbox 1427 408 2267 477">
     <span class='ocr_line' id='line_1_2' title="bbox 1427 408 2267 477; baseline 0.002 -2"><span class='ocrx_word' id='word_1_2' title='bbox 1427 409 1663 475; x_wconf 74' lang='lat' dir='ltr'><strong>LIBER</strong></span> <span class='ocrx_word' id='word_1_3' title='bbox 1705 408 1809 474; x_wconf 82' lang='lat' dir='ltr'><strong>DE</strong></span> <span class='ocrx_word' id='word_1_4' title='bbox 1850 409 2267 477; x_wconf 75' lang='lat' dir='ltr'><strong>PARADISO.</strong></span> 
     </span>
    </p>
   </div>
   <div class='ocr_carea' id='block_1_3' title="bbox 3426 413 3552 485">
    <p class='ocr_par' dir='ltr' id='par_1_3' title="bbox 3426 413 3552 485">
     <span class='ocr_line' id='line_1_3' title="bbox 3426 413 3552 485; baseline -0.032 0"><span class='ocrx_word' id='word_1_5' title='bbox 3426 413 3552 485; x_wconf 72' lang='grc'><strong>318</strong></span> 
     </span>
    </p>
   </div>
   <div class='ocr_carea' id='block_1_4' title="bbox 136 541 3545 627">
    <p class='ocr_par' dir='ltr' id='par_1_4' title="bbox 136 541 3545 627">
     <span class='ocr_line' id='line_1_4' title="bbox 136 541 3545 627; baseline 0.004 -30"><span class='ocrx_word' id='word_1_6' title='bbox 136 542 305 598; x_wconf 79' lang='lat' dir='ltr'><strong>Vides</strong></span> <span class='ocrx_word' id='word_1_7' title='bbox 336 541 496 615; x_wconf 85' lang='lat' dir='ltr'><strong>quod</strong></span> <span class='ocrx_word' id='word_1_8' title='bbox 544 541 648 600; x_wconf 85' lang='lat' dir='ltr'><strong>ille</strong></span> <span class='ocrx_word' id='word_1_9' title='bbox 702 542 816 601; x_wconf 85' lang='lat' dir='ltr'><strong>tibi</strong></span> <span class='ocrx_word' id='word_1_10' title='bbox 863 543 1133 603; x_wconf 83' lang='lat' dir='ltr'><strong>tribuerit</strong></span> <span class='ocrx_word' id='word_1_11' title='bbox 1181 547 1558 619; x_wconf 82' lang='lat' dir='ltr'><strong>potestatem:</strong></span> <span class='ocrx_word' id='word_1_12' title='bbox 1607 552 1671 601; x_wconf 86' lang='lat' dir='ltr'><strong>ut</strong></span> <span class='ocrx_word' id='word_1_13' title='bbox 1718 548 1787 602; x_wconf 92' lang='lat' dir='ltr'><strong>de</strong></span> <span class='ocrx_word' id='word_1_14' title='bbox 1816 549 1871 615; x_wconf 80' lang='grc' dir='ltr'><strong>Α</strong></span> <span class='ocrx_word' id='word_1_15' title='bbox 1901 546 2246 603; x_wconf 84' lang='lat' dir='ltr'><strong>revertenti:</strong></span> <span class='ocrx_word' id='word_1_16' title='bbox 2308 547 2478 606; x_wconf 75' lang='lat' dir='ltr'><strong>Hodie</strong></span> <span class='ocrx_word' id='word_1_17' title='bbox 2541 563 2754 606; x_wconf 86' lang='lat' dir='ltr'><strong>mecum</strong></span> <span class='ocrx_word' id='word_1_18' title='bbox 2809 550 2920 608; x_wconf 78' lang='lat' dir='ltr'><strong>eris</strong></span> <span class='ocrx_word' id='word_1_19' title='bbox 2969 549 3029 607; x_wconf 81' lang='lat' dir='ltr'><strong>in</strong></span> <span class='ocrx_word' id='word_1_20' title='bbox 3081 550 3341 625; x_wconf 85' lang='lat' dir='ltr'><strong>paradiso</strong></span> <span class='ocrx_word' id='word_1_21' title='bbox 3395 555 3545 627; x_wconf 87' lang='lat' dir='ltr'><strong>(Luc.</strong></span> 
     </span>
    </p>
   </div>
   <div class='ocr_carea' id='block_1_5' title="bbox 134 631 1789 707">
    <p class='ocr_par' dir='ltr' id='par_1_5' title="bbox 134 631 1789 707">
     <span class='ocr_line' id='line_1_5' title="bbox 134 631 1789 707; baseline 0.002 -19"><span class='ocrx_word' id='word_1_22' title='bbox 134 631 408 688; x_wconf 89' lang='lat' dir='ltr'><strong>omnibus</strong></span> <span class='ocrx_word' id='word_1_23' title='bbox 448 632 719 703; x_wconf 83' lang='lat' dir='ltr'><strong>judicare</strong></span> <span class='ocrx_word' id='word_1_24' title='bbox 766 638 831 690; x_wconf 92' lang='lat' dir='ltr'><strong>tu</strong></span> <span class='ocrx_word' id='word_1_25' title='bbox 878 635 1111 703; x_wconf 81' lang='lat' dir='ltr'><strong>debeas,</strong></span> <span class='ocrx_word' id='word_1_26' title='bbox 1162 634 1527 707; x_wconf 89' lang='lat' dir='ltr'><strong>singulorum</strong></span> <span class='ocrx_word' id='word_1_27' title='bbox 1576 652 1789 707; x_wconf 87' lang='lat' dir='ltr'><strong>genera</strong></span> 
     </span>
    </p>
   </div>
   <div class='ocr_carea' id='block_1_6' title="bbox 125 720 1789 793">
    <p class='ocr_par' dir='ltr' id='par_1_6' title="bbox 125 720 1789 793">
     <span class='ocr_line' id='line_1_6' title="bbox 125 720 1789 793; baseline 0.002 -17"><span class='ocrx_word' id='word_1_28' title='bbox 125 720 329 793; x_wconf 87' lang='lat' dir='ltr'><strong>judicii</strong></span> <span class='ocrx_word' id='word_1_29' title='bbox 376 721 466 776; x_wconf 89' lang='lat' dir='ltr'><strong>tui</strong></span> <span class='ocrx_word' id='word_1_30' title='bbox 517 722 719 778; x_wconf 89' lang='lat' dir='ltr'><strong>sobria</strong></span> <span class='ocrx_word' id='word_1_31' title='bbox 766 724 1105 779; x_wconf 83' lang='lat' dir='ltr'><strong>deﬁnitione</strong></span> <span class='ocrx_word' id='word_1_32' title='bbox 1152 725 1501 780; x_wconf 80' lang='lat' dir='ltr'><strong>discernere.</strong></span> <span class='ocrx_word' id='word_1_33' title='bbox 1553 725 1789 781; x_wconf 86' lang='lat' dir='ltr'><strong>Vocavit</strong></span> 
     </span>
    </p>
   </div>
   <div class='ocr_carea' id='block_1_7' title="bbox 132 810 1786 885">
    <p class='ocr_par' dir='ltr' id='par_1_7' title="bbox 132 810 1786 885">
     <span class='ocr_line' id='line_1_7' title="bbox 132 810 1786 885; baseline 0.004 -20"><span class='ocrx_word' id='word_1_34' title='bbox 132 810 199 865; x_wconf 81' lang='lat' dir='ltr'><strong>ad</strong></span> <span class='ocrx_word' id='word_1_35' title='bbox 238 814 292 865; x_wconf 86' lang='lat' dir='ltr'><strong>te</strong></span> <span class='ocrx_word' id='word_1_36' title='bbox 323 810 532 866; x_wconf 84' lang='lat' dir='ltr'><strong>omnia</strong></span> <span class='ocrx_word' id='word_1_37' title='bbox 560 811 718 867; x_wconf 91' lang='lat' dir='ltr'><strong>Deus</strong></span> <span class='ocrx_word' id='word_1_38' title='bbox 744 831 757 880; x_wconf 93' lang='lat'><strong>;</strong></span> <span class='ocrx_word' id='word_1_39' title='bbox 792 817 854 867; x_wconf 89' lang='lat' dir='ltr'><strong>ut</strong></span> <span class='ocrx_word' id='word_1_40' title='bbox 882 830 1063 885; x_wconf 82' lang='lat' dir='ltr'><strong>supra</strong></span> <span class='ocrx_word' id='word_1_41' title='bbox 1092 814 1289 870; x_wconf 85' lang='lat' dir='ltr'><strong>omnia</strong></span> <span class='ocrx_word' id='word_1_42' title='bbox 1336 819 1591 869; x_wconf 84' lang='lat' dir='ltr'><strong>mentem</strong></span> <span class='ocrx_word' id='word_1_43' title='bbox 1622 820 1786 871; x_wconf 88' lang='lat' dir='ltr'><strong>tuam</strong></span> 
     </span>
    </p>
   </div>
   <div class='ocr_carea' id='block_1_8' title="bbox 127 902 1785 976">
    <p class='ocr_par' dir='ltr' id='par_1_8' title="bbox 127 902 1785 976">
     <span class='ocr_line' id='line_1_8' title="bbox 127 902 1785 976; baseline 0.002 -21"><span class='ocrx_word' id='word_1_44' title='bbox 127 916 536 972; x_wconf 79' lang='lat' dir='ltr'><strong>cognosceres.</strong></span> <span class='ocrx_word' id='word_1_45' title='bbox 566 902 683 957; x_wconf 88' lang='lat' dir='ltr'><strong>Cur</strong></span> <span class='ocrx_word' id='word_1_46' title='bbox 708 918 837 974; x_wconf 66' lang='lat' dir='ltr'><strong>quae</strong></span> <span class='ocrx_word' id='word_1_47' title='bbox 859 902 964 957; x_wconf 90' lang='lat' dir='ltr'><strong>tibi</strong></span> <span class='ocrx_word' id='word_1_48' title='bbox 988 902 1204 958; x_wconf 81' lang='lat' dir='ltr'><strong>similia</strong></span> <span class='ocrx_word' id='word_1_49' title='bbox 1232 903 1472 959; x_wconf 88' lang='lat' dir='ltr'><strong>minime</strong></span> <span class='ocrx_word' id='word_1_50' title='bbox 1496 905 1785 976; x_wconf 87' lang='lat' dir='ltr'><strong>reperisti,</strong></span> 
     </span>
    </p>
   </div>
   <div class='ocr_carea' id='block_1_9' title="bbox 127 988 1786 1063">
    <p class='ocr_par' dir='ltr' id='par_1_9' title="bbox 127 988 1786 1063">
     <span class='ocr_line' id='line_1_9' title="bbox 127 988 1786 1063; baseline 0.004 -20"><span class='ocrx_word' id='word_1_51' title='bbox 127 988 460 1045; x_wconf 80' lang='lat' dir='ltr'><strong>adsciscere</strong></span> <span class='ocrx_word' id='word_1_52' title='bbox 506 990 614 1044; x_wconf 85' lang='lat' dir='ltr'><strong>tibi</strong></span> <span class='ocrx_word' id='word_1_53' title='bbox 675 996 734 1045; x_wconf 90' lang='lat' dir='ltr'><strong>et</strong></span> <span class='ocrx_word' id='word_1_54' title='bbox 798 991 1071 1063; x_wconf 85' lang='lat' dir='ltr'><strong>cepulare</strong></span> <span class='ocrx_word' id='word_1_55' title='bbox 1133 992 1418 1047; x_wconf 87' lang='lat' dir='ltr'><strong>voluisti?</strong></span> <span class='ocrx_word' id='word_1_56' title='bbox 1466 993 1635 1049; x_wconf 85' lang='lat' dir='ltr'><strong>Dedit</strong></span> <span class='ocrx_word' id='word_1_57' title='bbox 1682 994 1786 1049; x_wconf 88' lang='lat' dir='ltr'><strong>tibi</strong></span> 
     </span>
    </p>
   </div>
   <div class='ocr_carea' id='block_1_10' title="bbox 125 1079 1784 1153">
    <p class='ocr_par' dir='ltr' id='par_1_10' title="bbox 125 1079 1784 1153">
     <span class='ocr_line' id='line_1_10' title="bbox 125 1079 1784 1153; baseline 0.004 -21"><span class='ocrx_word' id='word_1_58' title='bbox 125 1081 278 1132; x_wconf 85' lang='lat' dir='ltr'><strong>certe</strong></span> <span class='ocrx_word' id='word_1_59' title='bbox 308 1094 559 1133; x_wconf 86' lang='lat' dir='ltr'><strong>sensum</strong></span> <span class='ocrx_word' id='word_1_60' title='bbox 587 1096 702 1150; x_wconf 83' lang='lat' dir='ltr'><strong>quo</strong></span> <span class='ocrx_word' id='word_1_61' title='bbox 735 1079 1008 1135; x_wconf 87' lang='lat' dir='ltr'><strong>universa</strong></span> <span class='ocrx_word' id='word_1_62' title='bbox 1048 1097 1447 1153; x_wconf 82' lang='lat' dir='ltr'><strong>cognosceres,</strong></span> <span class='ocrx_word' id='word_1_63' title='bbox 1499 1086 1557 1137; x_wconf 91' lang='lat' dir='ltr'><strong>et</strong></span> <span class='ocrx_word' id='word_1_64' title='bbox 1586 1084 1656 1138; x_wconf 90' lang='lat' dir='ltr'><strong>de</strong></span> <span class='ocrx_word' id='word_1_65' title='bbox 1687 1100 1784 1138; x_wconf 82' lang='lat' dir='ltr'><strong>co-</strong></span> 
     </span>
    </p>
   </div>
   <div class='ocr_carea' id='block_1_11' title="bbox 128 1166 1786 1242">
    <p class='ocr_par' dir='ltr' id='par_1_11' title="bbox 128 1166 1786 1242">
     <span class='ocr_line' id='line_1_11' title="bbox 128 1166 1786 1242; baseline 0.005 -24"><span class='ocrx_word' id='word_1_66' title='bbox 128 1166 311 1238; x_wconf 90' lang='lat' dir='ltr'><strong>gnitis</strong></span> <span class='ocrx_word' id='word_1_67' title='bbox 342 1168 649 1237; x_wconf 87' lang='lat' dir='ltr'><strong>judicares</strong></span> <span class='ocrx_word' id='word_1_68' title='bbox 701 1169 835 1240; x_wconf 87' lang='lat'><strong>(56),</strong></span> <span class='ocrx_word' id='word_1_69' title='bbox 887 1170 1214 1242; x_wconf 91' lang='lat' dir='ltr'><strong>meritoque</strong></span> <span class='ocrx_word' id='word_1_70' title='bbox 1274 1170 1344 1225; x_wconf 91' lang='lat' dir='ltr'><strong>de</strong></span> <span class='ocrx_word' id='word_1_71' title='bbox 1391 1170 1489 1225; x_wconf 92' lang='lat' dir='ltr'><strong>illo</strong></span> <span class='ocrx_word' id='word_1_72' title='bbox 1537 1171 1786 1228; x_wconf 82' lang='lat' dir='ltr'><strong>fecundo</strong></span> 
     </span>
    </p>
   </div>
   <div class='ocr_carea' id='block_1_12' title="bbox 130 1255 1783 1331">
    <p class='ocr_par' dir='ltr' id='par_1_12' title="bbox 130 1255 1783 1331">
     <span class='ocr_line' id='line_1_12' title="bbox 130 1255 1783 1331; baseline 0.004 -22"><span class='ocrx_word' id='word_1_73' title='bbox 130 1255 391 1327; x_wconf 79' lang='lat' dir='ltr'><strong>paradisi</strong></span> <span class='ocrx_word' id='word_1_74' title='bbox 424 1273 565 1329; x_wconf 85' lang='lat' dir='ltr'><strong>agro</strong></span> <span class='ocrx_word' id='word_1_75' title='bbox 608 1258 831 1328; x_wconf 86' lang='lat' dir='ltr'><strong>ejectus</strong></span> <span class='ocrx_word' id='word_1_76' title='bbox 878 1272 962 1325; x_wconf 91' lang='lat' dir='ltr'><strong>es,</strong></span> <span class='ocrx_word' id='word_1_77' title='bbox 1014 1260 1155 1331; x_wconf 85' lang='lat' dir='ltr'><strong>quia</strong></span> <span class='ocrx_word' id='word_1_78' title='bbox 1203 1268 1317 1314; x_wconf 84' lang='lat' dir='ltr'><strong>non</strong></span> <span class='ocrx_word' id='word_1_79' title='bbox 1370 1260 1613 1331; x_wconf 87' lang='lat' dir='ltr'><strong>potuisti</strong></span> <span class='ocrx_word' id='word_1_80' title='bbox 1664 1278 1783 1316; x_wconf 80' lang='lat' dir='ltr'><strong>scr-</strong></span> 
     </span>
    </p>
   </div>
   <div class='ocr_carea' id='block_1_13' title="bbox 129 1346 1784 1422">
    <p class='ocr_par' dir='ltr' id='par_1_13' title="bbox 129 1346 1784 1422">
     <span class='ocr_line' id='line_1_13' title="bbox 129 1346 1784 1422; baseline 0.005 -27"><span class='ocrx_word' id='word_1_81' title='bbox 129 1360 263 1399; x_wconf 78' lang='lat' dir='ltr'><strong>vare</strong></span> <span class='ocrx_word' id='word_1_82' title='bbox 294 1346 666 1401; x_wconf 90' lang='lat' dir='ltr'><strong>mandatum.</strong></span> <span class='ocrx_word' id='word_1_83' title='bbox 691 1346 922 1401; x_wconf 81' lang='lat' dir='ltr'><strong>Sciebat</strong></span> <span class='ocrx_word' id='word_1_84' title='bbox 950 1348 1105 1404; x_wconf 90' lang='lat' dir='ltr'><strong>enim</strong></span> <span class='ocrx_word' id='word_1_85' title='bbox 1145 1348 1300 1403; x_wconf 87' lang='lat' dir='ltr'><strong>Deus</strong></span> <span class='ocrx_word' id='word_1_86' title='bbox 1346 1365 1475 1404; x_wconf 89' lang='lat' dir='ltr'><strong>esse</strong></span> <span class='ocrx_word' id='word_1_87' title='bbox 1504 1353 1561 1404; x_wconf 91' lang='lat' dir='ltr'><strong>te</strong></span> <span class='ocrx_word' id='word_1_88' title='bbox 1608 1350 1784 1422; x_wconf 86' lang='lat' dir='ltr'><strong>fragi-</strong></span> 
     </span>
    </p>
   </div>
   <div class='ocr_carea' id='block_1_14' title="bbox 130 1432 1781 1510">
    <p class='ocr_par' dir='ltr' id='par_1_14' title="bbox 130 1432 1781 1510">
     <span class='ocr_line' id='line_1_14' title="bbox 130 1432 1781 1510; baseline 0.004 -23"><span class='ocrx_word' id='word_1_89' title='bbox 130 1432 268 1499; x_wconf 87' lang='lat' dir='ltr'><strong>lem,</strong></span> <span class='ocrx_word' id='word_1_90' title='bbox 295 1433 525 1489; x_wconf 82' lang='lat' dir='ltr'><strong>sciebat</strong></span> <span class='ocrx_word' id='word_1_91' title='bbox 543 1434 814 1505; x_wconf 88' lang='lat' dir='ltr'><strong>judicare</strong></span> <span class='ocrx_word' id='word_1_92' title='bbox 845 1453 959 1491; x_wconf 91' lang='lat' dir='ltr'><strong>non</strong></span> <span class='ocrx_word' id='word_1_93' title='bbox 993 1453 1164 1508; x_wconf 89' lang='lat' dir='ltr'><strong>posse</strong></span> <span class='ocrx_word' id='word_1_94' title='bbox 1191 1444 1227 1502; x_wconf 80' lang='lat'><strong>;‘</strong></span> <span class='ocrx_word' id='word_1_95' title='bbox 1256 1436 1387 1492; x_wconf 89' lang='lat' dir='ltr'><strong>ideo</strong></span> <span class='ocrx_word' id='word_1_96' title='bbox 1438 1438 1584 1492; x_wconf 83' lang='lat' dir='ltr'><strong>dixit</strong></span> <span class='ocrx_word' id='word_1_97' title='bbox 1614 1440 1781 1510; x_wconf 87' lang='lat' dir='ltr'><strong>quasi</strong></span> 
     </span>
    </p>
   </div>
   <div class='ocr_carea' id='block_1_15' title="bbox 131 1520 1789 1596">
    <p class='ocr_par' dir='ltr' id='par_1_15' title="bbox 131 1520 1789 1596">
     <span class='ocr_line' id='line_1_15' title="bbox 131 1520 1789 1596; baseline 0.004 -20"><span class='ocrx_word' id='word_1_98' title='bbox 131 1520 573 1594; x_wconf 82' lang='lat' dir='ltr'><strong>fragilioribus:</strong></span> <span class='ocrx_word' id='word_1_99' title='bbox 625 1524 802 1579; x_wconf 78' lang='lat' dir='ltr'><strong>Nolite</strong></span> <span class='ocrx_word' id='word_1_100' title='bbox 848 1524 1120 1595; x_wconf 77' lang='lat' dir='ltr'><strong>judicare,</strong></span> <span class='ocrx_word' id='word_1_101' title='bbox 1184 1529 1244 1580; x_wconf 86' lang='lat' dir='ltr'><strong>ut</strong></span> <span class='ocrx_word' id='word_1_102' title='bbox 1295 1541 1403 1580; x_wconf 89' lang='lat' dir='ltr'><strong>non</strong></span> <span class='ocrx_word' id='word_1_103' title='bbox 1454 1526 1789 1596; x_wconf 85' lang='lat' dir='ltr'><strong>judicemini</strong></span> 
     </span>
    </p>
   </div>
   <div class='ocr_carea' id='block_1_16' title="bbox 131 1609 1783 1685">
    <p class='ocr_par' dir='ltr' id='par_1_16' title="bbox 131 1609 1783 1685">
     <span class='ocr_line' id='line_1_16' title="bbox 131 1609 1783 1685; baseline 0.004 -21"><span class='ocrx_word' id='word_1_104' title='bbox 131 1609 342 1680; x_wconf 64' lang='lat' dir='ltr'><strong>(Natta.</strong></span> <span class='ocrx_word' id='word_1_105' title='bbox 375 1628 475 1677; x_wconf 83' lang='lat' dir='ltr'><strong>vn,</strong></span> <span class='ocrx_word' id='word_1_106' title='bbox 510 1611 582 1683; x_wconf 86' lang='grc'><strong>1).</strong></span> <span class='ocrx_word' id='word_1_107' title='bbox 616 1615 763 1685; x_wconf 85' lang='lat' dir='ltr'><strong>Ergo</strong></span> <span class='ocrx_word' id='word_1_108' title='bbox 810 1613 947 1685; x_wconf 85' lang='lat' dir='ltr'><strong>quia</strong></span> <span class='ocrx_word' id='word_1_109' title='bbox 995 1613 1163 1669; x_wconf 81' lang='lat' dir='ltr'><strong>scivit</strong></span> <span class='ocrx_word' id='word_1_110' title='bbox 1210 1614 1513 1669; x_wconf 84' lang='lat' dir='ltr'><strong>inﬁrmum</strong></span> <span class='ocrx_word' id='word_1_111' title='bbox 1564 1619 1619 1670; x_wconf 92' lang='lat' dir='ltr'><strong>te</strong></span> <span class='ocrx_word' id='word_1_112' title='bbox 1650 1631 1783 1670; x_wconf 89' lang='lat' dir='ltr'><strong>esse</strong></span> 
     </span>
    </p>
   </div>
   <div class='ocr_carea' id='block_1_17' title="bbox 131 1699 1782 1773">
    <p class='ocr_par' dir='ltr' id='par_1_17' title="bbox 131 1699 1782 1773">
     <span class='ocr_line' id='line_1_17' title="bbox 131 1699 1782 1773; baseline 0.004 -20"><span class='ocrx_word' id='word_1_113' title='bbox 131 1699 200 1754; x_wconf 82' lang='lat' dir='ltr'><strong>ad</strong></span> <span class='ocrx_word' id='word_1_114' title='bbox 224 1700 646 1770; x_wconf 89' lang='lat' dir='ltr'><strong>judicandum,</strong></span> <span class='ocrx_word' id='word_1_115' title='bbox 678 1700 863 1757; x_wconf 89' lang='lat' dir='ltr'><strong>voluit</strong></span> <span class='ocrx_word' id='word_1_116' title='bbox 891 1702 1258 1757; x_wconf 88' lang='lat' dir='ltr'><strong>obedientem</strong></span> <span class='ocrx_word' id='word_1_117' title='bbox 1288 1719 1417 1759; x_wconf 91' lang='lat' dir='ltr'><strong>esse</strong></span> <span class='ocrx_word' id='word_1_118' title='bbox 1467 1705 1782 1773; x_wconf 90' lang='lat' dir='ltr'><strong>mandato;</strong></span> 
     </span>
    </p>
   </div>
   <div class='ocr_carea' id='block_1_18' title="bbox 132 1788 1784 1863">
    <p class='ocr_par' dir='ltr' id='par_1_18' title="bbox 132 1788 1784 1863">
     <span class='ocr_line' id='line_1_18' title="bbox 132 1788 1784 1863; baseline 0.003 -20"><span class='ocrx_word' id='word_1_119' title='bbox 132 1788 262 1844; x_wconf 90' lang='lat' dir='ltr'><strong>ideo</strong></span> <span class='ocrx_word' id='word_1_120' title='bbox 290 1793 646 1861; x_wconf 51' lang='lat' dir='ltr'><strong>praeceptum</strong></span> <span class='ocrx_word' id='word_1_121' title='bbox 675 1792 889 1862; x_wconf 81' lang='lat' dir='ltr'><strong>pos-iit.</strong></span> <span class='ocrx_word' id='word_1_122' title='bbox 925 1791 1085 1855; x_wconf 89' lang='lat' dir='ltr'><strong>Quod</strong></span> <span class='ocrx_word' id='word_1_123' title='bbox 1122 1792 1170 1846; x_wconf 90' lang='lat' dir='ltr'><strong>si</strong></span> <span class='ocrx_word' id='word_1_124' title='bbox 1204 1808 1317 1846; x_wconf 89' lang='lat' dir='ltr'><strong>non</strong></span> <span class='ocrx_word' id='word_1_125' title='bbox 1376 1794 1784 1863; x_wconf 72' lang='lat' dir='ltr'><strong>przevaricatus</strong></span> 
     </span>
    </p>
   </div>
   <div class='ocr_carea' id='block_1_19' title="bbox 135 1877 1782 1953">
    <p class='ocr_par' dir='ltr' id='par_1_19' title="bbox 135 1877 1782 1953">
     <span class='ocr_line' id='line_1_19' title="bbox 135 1877 1782 1953; baseline 0.002 -21"><span class='ocrx_word' id='word_1_126' title='bbox 135 1893 317 1942; x_wconf 86' lang='lat' dir='ltr'><strong>esses,</strong></span> <span class='ocrx_word' id='word_1_127' title='bbox 390 1877 718 1949; x_wconf 91' lang='lat' dir='ltr'><strong>periculum</strong></span> <span class='ocrx_word' id='word_1_128' title='bbox 768 1878 970 1934; x_wconf 85' lang='lat' dir='ltr'><strong>incerti</strong></span> <span class='ocrx_word' id='word_1_129' title='bbox 1013 1879 1222 1952; x_wconf 89' lang='lat' dir='ltr'><strong>judicii</strong></span> <span class='ocrx_word' id='word_1_130' title='bbox 1268 1881 1525 1936; x_wconf 82' lang='lat' dir='ltr'><strong>indicere</strong></span> <span class='ocrx_word' id='word_1_131' title='bbox 1579 1882 1782 1953; x_wconf 88' lang='lat' dir='ltr'><strong>ncqui-</strong></span> 
     </span>
    </p>
   </div>
   <div class='ocr_carea' id='block_1_20' title="bbox 131 1966 1784 2039">
    <p class='ocr_par' dir='ltr' id='par_1_20' title="bbox 131 1966 1784 2039">
     <span class='ocr_line' id='line_1_20' title="bbox 131 1966 1784 2039; baseline 0.004 -19"><span class='ocrx_word' id='word_1_132' title='bbox 131 1966 343 2022; x_wconf 84' lang='lat' dir='ltr'><strong>visses.</strong></span> <span class='ocrx_word' id='word_1_133' title='bbox 376 1966 581 2038; x_wconf 86' lang='lat' dir='ltr'><strong>Itaque</strong></span> <span class='ocrx_word' id='word_1_134' title='bbox 611 1966 886 2039; x_wconf 89' lang='lat' dir='ltr'><strong>quoniam</strong></span> <span class='ocrx_word' id='word_1_135' title='bbox 914 1968 1176 2038; x_wconf 83' lang='lat' dir='ltr'><strong>judicare</strong></span> <span class='ocrx_word' id='word_1_136' title='bbox 1208 1968 1461 2036; x_wconf 87' lang='lat' dir='ltr'><strong>voluisti,</strong></span> <span class='ocrx_word' id='word_1_137' title='bbox 1520 1970 1650 2025; x_wconf 90' lang='lat' dir='ltr'><strong>ideo</strong></span> <span class='ocrx_word' id='word_1_138' title='bbox 1681 1971 1784 2025; x_wconf 88' lang='lat' dir='ltr'><strong>ad-</strong></span> 
     </span>
    </p>
   </div>
   <div class='ocr_carea' id='block_1_21' title="bbox 138 2054 1784 2128">
    <p class='ocr_par' dir='ltr' id='par_1_21' title="bbox 138 2054 1784 2128">
     <span class='ocr_line' id='line_1_21' title="bbox 138 2054 1784 2128; baseline 0.003 -19"><span class='ocrx_word' id='word_1_139' title='bbox 138 2054 321 2110; x_wconf 89' lang='lat' dir='ltr'><strong>didit:</strong></span> <span class='ocrx_word' id='word_1_140' title='bbox 354 2057 489 2110; x_wconf 87' lang='lat' dir='ltr'><strong>Ecce</strong></span> <span class='ocrx_word' id='word_1_141' title='bbox 526 2055 695 2110; x_wconf 79' lang='lat' dir='ltr'><strong>Adam</strong></span> <span class='ocrx_word' id='word_1_142' title='bbox 741 2059 921 2127; x_wconf 79' lang='lat' dir='ltr'><strong>factus</strong></span> <span class='ocrx_word' id='word_1_143' title='bbox 967 2064 1046 2112; x_wconf 84' lang='lat' dir='ltr'><strong>est</strong></span> <span class='ocrx_word' id='word_1_144' title='bbox 1091 2066 1353 2128; x_wconf 85' lang='lat' dir='ltr'><strong>tanquam</strong></span> <span class='ocrx_word' id='word_1_145' title='bbox 1398 2074 1543 2113; x_wconf 85' lang='lat' dir='ltr'><strong>unus</strong></span> <span class='ocrx_word' id='word_1_146' title='bbox 1597 2074 1784 2114; x_wconf 66' lang='lat' dir='ltr'><strong>emno-</strong></span> 
     </span>
    </p>
   </div>
   <div class='ocr_carea' id='block_1_22' title="bbox 136 2142 1781 2217">
    <p class='ocr_par' dir='ltr' id='par_1_22' title="bbox 136 2142 1781 2217">
     <span class='ocr_line' id='line_1_22' title="bbox 136 2142 1781 2217; baseline 0.003 -19"><span class='ocrx_word' id='word_1_147' title='bbox 136 2142 233 2209; x_wconf 83' lang='lat' dir='ltr'><strong>bis,</strong></span> <span class='ocrx_word' id='word_1_148' title='bbox 282 2151 343 2198; x_wconf 87' lang='lat' dir='ltr'><strong>ut</strong></span> <span class='ocrx_word' id='word_1_149' title='bbox 382 2145 523 2198; x_wconf 82' lang='lat' dir='ltr'><strong>sciat</strong></span> <span class='ocrx_word' id='word_1_150' title='bbox 571 2144 773 2199; x_wconf 89' lang='lat' dir='ltr'><strong>bonum</strong></span> <span class='ocrx_word' id='word_1_151' title='bbox 817 2153 869 2200; x_wconf 85' lang='lat' dir='ltr'><strong>et</strong></span> <span class='ocrx_word' id='word_1_152' title='bbox 914 2146 1124 2200; x_wconf 88' lang='lat' dir='ltr'><strong>malum</strong></span> <span class='ocrx_word' id='word_1_153' title='bbox 1171 2146 1285 2212; x_wconf 87' lang='lat'><strong>(57)</strong></span> <span class='ocrx_word' id='word_1_154' title='bbox 1334 2146 1485 2217; x_wconf 82' lang='lat' dir='ltr'><strong>(Gen.</strong></span> <span class='ocrx_word' id='word_1_155' title='bbox 1541 2165 1618 2214; x_wconf 84' lang='grc' dir='ltr'><strong>ιη,</strong></span> <span class='ocrx_word' id='word_1_156' title='bbox 1668 2149 1781 2217; x_wconf 88' lang='grc'>22).</span> 
     </span>
    </p>
   </div>
   <div class='ocr_carea' id='block_1_23' title="bbox 136 2231 1785 2308">
    <p class='ocr_par' dir='ltr' id='par_1_23' title="bbox 136 2231 1785 2308">
     <span class='ocr_line' id='line_1_23' title="bbox 136 2231 1785 2308; baseline 0.004 -24"><span class='ocrx_word' id='word_1_157' title='bbox 136 2231 386 2288; x_wconf 79' lang='lat' dir='ltr'><strong>Voluisti</strong></span> <span class='ocrx_word' id='word_1_158' title='bbox 417 2231 524 2287; x_wconf 91' lang='lat' dir='ltr'><strong>tibi</strong></span> <span class='ocrx_word' id='word_1_159' title='bbox 551 2249 821 2305; x_wconf 88' lang='lat' dir='ltr'><strong>arrogarc</strong></span> <span class='ocrx_word' id='word_1_160' title='bbox 842 2234 1156 2305; x_wconf 87' lang='lat' dir='ltr'><strong>judicium,</strong></span> <span class='ocrx_word' id='word_1_161' title='bbox 1198 2234 1327 2289; x_wconf 91' lang='lat' dir='ltr'><strong>ideo</strong></span> <span class='ocrx_word' id='word_1_162' title='bbox 1360 2252 1591 2307; x_wconf 64' lang='lat' dir='ltr'><strong>passam</strong></span> <span class='ocrx_word' id='word_1_163' title='bbox 1626 2235 1785 2308; x_wconf 90' lang='lat' dir='ltr'><strong>pravi</strong></span> 
     </span>
    </p>
   </div>
   <div class='ocr_carea' id='block_1_24' title="bbox 126 2320 1786 2391">
    <p class='ocr_par' dir='ltr' id='par_1_24' title="bbox 126 2320 1786 2391">
     <span class='ocr_line' id='line_1_24' title="bbox 126 2320 1786 2391; baseline 0.003 -16"><span class='ocrx_word' id='word_1_164' title='bbox 126 2320 335 2391; x_wconf 91' lang='lat' dir='ltr'><strong>judicii</strong></span> <span class='ocrx_word' id='word_1_165' title='bbox 368 2320 620 2377; x_wconf 82' lang='lat' dir='ltr'><strong>refutare</strong></span> <span class='ocrx_word' id='word_1_166' title='bbox 650 2338 766 2377; x_wconf 90' lang='lat' dir='ltr'><strong>non</strong></span> <span class='ocrx_word' id='word_1_167' title='bbox 799 2322 995 2378; x_wconf 90' lang='lat' dir='ltr'><strong>debes.</strong></span> <span class='ocrx_word' id='word_1_168' title='bbox 1030 2323 1231 2379; x_wconf 88' lang='lat' dir='ltr'><strong>Posuit</strong></span> <span class='ocrx_word' id='word_1_169' title='bbox 1260 2328 1456 2379; x_wconf 87' lang='lat' dir='ltr'><strong>tamen</strong></span> <span class='ocrx_word' id='word_1_170' title='bbox 1496 2329 1553 2378; x_wconf 88' lang='lat' dir='ltr'><strong>te</strong></span> <span class='ocrx_word' id='word_1_171' title='bbox 1583 2330 1786 2380; x_wconf 87' lang='lat' dir='ltr'><strong>contra</strong></span> 
     </span>
    </p>
   </div>
   <div class='ocr_carea' id='block_1_25' title="bbox 133 2409 1638 2484">
    <p class='ocr_par' dir='ltr' id='par_1_25' title="bbox 133 2409 1638 2484">
     <span class='ocr_line' id='line_1_25' title="bbox 133 2409 1638 2484; baseline 0.003 -19"><span class='ocrx_word' id='word_1_172' title='bbox 133 2409 499 2481; x_wconf 82' lang='lat' dir='ltr'><strong>paradisum,</strong></span> <span class='ocrx_word' id='word_1_173' title='bbox 533 2427 604 2465; x_wconf 91' lang='lat' dir='ltr'><strong>ne</strong></span> <span class='ocrx_word' id='word_1_174' title='bbox 636 2412 979 2467; x_wconf 88' lang='lat' dir='ltr'><strong>memoriam</strong></span> <span class='ocrx_word' id='word_1_175' title='bbox 1012 2413 1140 2484; x_wconf 89' lang='lat' dir='ltr'><strong>ejus</strong></span> <span class='ocrx_word' id='word_1_176' title='bbox 1171 2411 1363 2484; x_wconf 79' lang='lat' dir='ltr'><strong>possis</strong></span> <span class='ocrx_word' id='word_1_177' title='bbox 1391 2412 1638 2469; x_wconf 91' lang='lat' dir='ltr'><strong>abolere.</strong></span> 
     </span>
    </p>
   </div>
   <div class='ocr_carea' id='block_1_26' title="bbox 199 2498 1782 2575">
    <p class='ocr_par' dir='ltr' id='par_1_26' title="bbox 199 2498 1782 2575">
     <span class='ocr_line' id='line_1_26' title="bbox 199 2498 1782 2575; baseline 0.003 -22"><span class='ocrx_word' id='word_1_178' title='bbox 199 2499 293 2553; x_wconf 85' lang='grc'><strong>53.</strong></span> <span class='ocrx_word' id='word_1_179' title='bbox 325 2498 589 2571; x_wconf 88' lang='lat' dir='ltr'><strong>Denique</strong></span> <span class='ocrx_word' id='word_1_180' title='bbox 621 2500 764 2570; x_wconf 87' lang='lat' dir='ltr'><strong>justi</strong></span> <span class='ocrx_word' id='word_1_181' title='bbox 806 2501 863 2554; x_wconf 91' lang='lat' dir='ltr'><strong>in</strong></span> <span class='ocrx_word' id='word_1_182' title='bbox 897 2502 1238 2573; x_wconf 85' lang='lat' dir='ltr'><strong>paradisum</strong></span> <span class='ocrx_word' id='word_1_183' title='bbox 1270 2519 1423 2574; x_wconf 70' lang='lat' dir='ltr'><strong>saape</strong></span> <span class='ocrx_word' id='word_1_184' title='bbox 1455 2502 1782 2575; x_wconf 89' lang='lat' dir='ltr'><strong>rapiuntur,</strong></span> 
     </span>
    </p>
   </div>
   <div class='ocr_carea' id='block_1_27' title="bbox 137 2585 1784 2663">
    <p class='ocr_par' dir='ltr' id='par_1_27' title="bbox 137 2585 1784 2663">
     <span class='ocr_line' id='line_1_27' title="bbox 137 2585 1784 2663; baseline 0.002 -21"><span class='ocrx_word' id='word_1_185' title='bbox 137 2585 289 2642; x_wconf 86' lang='lat' dir='ltr'><strong>sicut</strong></span> <span class='ocrx_word' id='word_1_186' title='bbox 315 2592 372 2643; x_wconf 91' lang='lat' dir='ltr'><strong>et</strong></span> <span class='ocrx_word' id='word_1_187' title='bbox 403 2587 619 2643; x_wconf 86' lang='lat' dir='ltr'><strong>Paulus</strong></span> <span class='ocrx_word' id='word_1_188' title='bbox 650 2593 856 2661; x_wconf 89' lang='lat' dir='ltr'><strong>raptus</strong></span> <span class='ocrx_word' id='word_1_189' title='bbox 886 2594 975 2644; x_wconf 89' lang='lat' dir='ltr'><strong>est</strong></span> <span class='ocrx_word' id='word_1_190' title='bbox 1022 2590 1079 2644; x_wconf 89' lang='lat' dir='ltr'><strong>in</strong></span> <span class='ocrx_word' id='word_1_191' title='bbox 1138 2590 1500 2663; x_wconf 87' lang='lat' dir='ltr'><strong>paradisum,</strong></span> <span class='ocrx_word' id='word_1_192' title='bbox 1534 2595 1590 2646; x_wconf 88' lang='lat' dir='ltr'><strong>et</strong></span> <span class='ocrx_word' id='word_1_193' title='bbox 1620 2591 1784 2647; x_wconf 91' lang='lat' dir='ltr'><strong>audi-</strong></span> 
     </span>
    </p>
   </div>
   <div class='ocr_carea' id='block_1_28' title="bbox 137 2675 1782 2750">
    <p class='ocr_par' dir='ltr' id='par_1_28' title="bbox 137 2675 1782 2750">
     <span class='ocr_line' id='line_1_28' title="bbox 137 2675 1782 2750; baseline 0.004 -22"><span class='ocrx_word' id='word_1_194' title='bbox 137 2676 218 2729; x_wconf 86' lang='lat' dir='ltr'><strong>vit</strong></span> <span class='ocrx_word' id='word_1_195' title='bbox 246 2676 427 2731; x_wconf 87' lang='lat' dir='ltr'><strong>verba</strong></span> <span class='ocrx_word' id='word_1_196' title='bbox 456 2675 793 2731; x_wconf 78' lang='lat' dir='ltr'><strong>ineffabilia.</strong></span> <span class='ocrx_word' id='word_1_197' title='bbox 836 2677 905 2731; x_wconf 86' lang='lat' dir='ltr'><strong>Et</strong></span> <span class='ocrx_word' id='word_1_198' title='bbox 952 2680 1013 2732; x_wconf 86' lang='lat' dir='ltr'><strong>tu</strong></span> <span class='ocrx_word' id='word_1_199' title='bbox 1074 2678 1123 2733; x_wconf 89' lang='lat' dir='ltr'><strong>si</strong></span> <span class='ocrx_word' id='word_1_200' title='bbox 1183 2695 1217 2733; x_wconf 92' lang='lat' dir='ltr'><strong>a</strong></span> <span class='ocrx_word' id='word_1_201' title='bbox 1269 2678 1458 2750; x_wconf 90' lang='lat' dir='ltr'><strong>primo</strong></span> <span class='ocrx_word' id='word_1_202' title='bbox 1516 2679 1658 2734; x_wconf 74' lang='lat' dir='ltr'><strong>cmlo</strong></span> <span class='ocrx_word' id='word_1_203' title='bbox 1712 2681 1782 2735; x_wconf 89' lang='lat' dir='ltr'><strong>ad</strong></span> 
     </span>
    </p>
   </div>
   <div class='ocr_carea' id='block_1_29' title="bbox 142 2764 1785 2841">
    <p class='ocr_par' dir='ltr' id='par_1_29' title="bbox 142 2764 1785 2841">
     <span class='ocr_line' id='line_1_29' title="bbox 142 2764 1785 2841; baseline 0.002 -22"><span class='ocrx_word' id='word_1_204' title='bbox 142 2764 488 2830; x_wconf 87' lang='lat' dir='ltr'><strong>secundum,</strong></span> <span class='ocrx_word' id='word_1_205' title='bbox 519 2782 553 2819; x_wconf 92' lang='lat' dir='ltr'><strong>a</strong></span> <span class='ocrx_word' id='word_1_206' title='bbox 580 2766 838 2821; x_wconf 90' lang='lat' dir='ltr'><strong>secundo</strong></span> <span class='ocrx_word' id='word_1_207' title='bbox 861 2765 931 2820; x_wconf 90' lang='lat' dir='ltr'><strong>ad</strong></span> <span class='ocrx_word' id='word_1_208' title='bbox 958 2766 1197 2821; x_wconf 88' lang='lat' dir='ltr'><strong>tertium</strong></span> <span class='ocrx_word' id='word_1_209' title='bbox 1217 2767 1430 2822; x_wconf 89' lang='lat' dir='ltr'><strong>mentis</strong></span> <span class='ocrx_word' id='word_1_210' title='bbox 1451 2770 1564 2822; x_wconf 60' lang='lat' dir='ltr'><strong>tua:</strong></span> <span class='ocrx_word' id='word_1_211' title='bbox 1589 2767 1785 2841; x_wconf 84' lang='lat' dir='ltr'><strong>vigore</strong></span> 
     </span>
    </p>
   </div>
   <div class='ocr_carea' id='block_1_30' title="bbox 144 2852 1784 2928">
    <p class='ocr_par' dir='ltr' id='par_1_30' title="bbox 144 2852 1784 2928">
     <span class='ocr_line' id='line_1_30' title="bbox 144 2852 1784 2928; baseline 0.004 -22"><span class='ocrx_word' id='word_1_212' title='bbox 144 2852 411 2925; x_wconf 88' lang='lat' dir='ltr'><strong>rapiaris,</strong></span> <span class='ocrx_word' id='word_1_213' title='bbox 442 2852 553 2908; x_wconf 91' lang='lat' dir='ltr'><strong>hoc</strong></span> <span class='ocrx_word' id='word_1_214' title='bbox 592 2858 701 2919; x_wconf 88' lang='lat' dir='ltr'><strong>est,</strong></span> <span class='ocrx_word' id='word_1_215' title='bbox 725 2855 877 2926; x_wconf 92' lang='lat' dir='ltr'><strong>quod</strong></span> <span class='ocrx_word' id='word_1_216' title='bbox 905 2855 1159 2927; x_wconf 88' lang='lat' dir='ltr'><strong>primum</strong></span> <span class='ocrx_word' id='word_1_217' title='bbox 1180 2854 1590 2928; x_wconf 82' lang='lat' dir='ltr'><strong>unusquisque</strong></span> <span class='ocrx_word' id='word_1_218' title='bbox 1611 2856 1784 2912; x_wconf 87' lang='lat' dir='ltr'><strong>homo</strong></span> 
     </span>
    </p>
   </div>
   <div class='ocr_carea' id='block_1_31' title="bbox 144 2940 1781 3016">
    <p class='ocr_par' dir='ltr' id='par_1_31' title="bbox 144 2940 1781 3016">
     <span class='ocr_line' id='line_1_31' title="bbox 144 2940 1781 3016; baseline 0.002 -20"><span class='ocrx_word' id='word_1_219' title='bbox 144 2944 228 2997; x_wconf 87' lang='lat' dir='ltr'><strong>est</strong></span> <span class='ocrx_word' id='word_1_220' title='bbox 257 2940 599 3013; x_wconf 88' lang='lat' dir='ltr'><strong>corporalis,</strong></span> <span class='ocrx_word' id='word_1_221' title='bbox 631 2943 886 2997; x_wconf 89' lang='lat' dir='ltr'><strong>secundo</strong></span> <span class='ocrx_word' id='word_1_222' title='bbox 923 2942 1216 3012; x_wconf 89' lang='lat' dir='ltr'><strong>animalis,</strong></span> <span class='ocrx_word' id='word_1_223' title='bbox 1250 2944 1418 2999; x_wconf 90' lang='lat' dir='ltr'><strong>tertio</strong></span> <span class='ocrx_word' id='word_1_224' title='bbox 1466 2944 1781 3016; x_wconf 87' lang='lat' dir='ltr'><strong>spiritalis:</strong></span> 
     </span>
    </p>
   </div>
   <div class='ocr_carea' id='block_1_32' title="bbox 147 3030 1781 3105">
    <p class='ocr_par' dir='ltr' id='par_1_32' title="bbox 147 3030 1781 3105">
     <span class='ocr_line' id='line_1_32' title="bbox 147 3030 1781 3105; baseline 0.004 -22"><span class='ocrx_word' id='word_1_225' title='bbox 147 3030 193 3083; x_wconf 90' lang='lat' dir='ltr'><strong>si</strong></span> <span class='ocrx_word' id='word_1_226' title='bbox 224 3030 305 3084; x_wconf 88' lang='lat' dir='ltr'><strong>ita</strong></span> <span class='ocrx_word' id='word_1_227' title='bbox 335 3030 585 3101; x_wconf 88' lang='lat' dir='ltr'><strong>rapiaris</strong></span> <span class='ocrx_word' id='word_1_228' title='bbox 615 3031 684 3086; x_wconf 90' lang='lat' dir='ltr'><strong>ad</strong></span> <span class='ocrx_word' id='word_1_229' title='bbox 713 3031 947 3087; x_wconf 89' lang='lat' dir='ltr'><strong>tertium</strong></span> <span class='ocrx_word' id='word_1_230' title='bbox 988 3032 1223 3099; x_wconf 75' lang='lat' dir='ltr'><strong>cmlum,</strong></span> <span class='ocrx_word' id='word_1_231' title='bbox 1273 3037 1338 3087; x_wconf 90' lang='lat' dir='ltr'><strong>ut</strong></span> <span class='ocrx_word' id='word_1_232' title='bbox 1365 3032 1562 3089; x_wconf 88' lang='lat' dir='ltr'><strong>videas</strong></span> <span class='ocrx_word' id='word_1_233' title='bbox 1594 3033 1781 3105; x_wconf 79' lang='lat' dir='ltr'><strong>fulgo-</strong></span> 
     </span>
    </p>
   </div>
   <div class='ocr_carea' id='block_1_33' title="bbox 146 3118 1783 3194">
    <p class='ocr_par' dir='ltr' id='par_1_33' title="bbox 146 3118 1783 3194">
     <span class='ocr_line' id='line_1_33' title="bbox 146 3118 1783 3194; baseline 0.002 -21"><span class='ocrx_word' id='word_1_234' title='bbox 146 3134 263 3173; x_wconf 87' lang='lat' dir='ltr'><strong>rem</strong></span> <span class='ocrx_word' id='word_1_235' title='bbox 307 3118 509 3190; x_wconf 63' lang='lat' dir='ltr'><strong>gratiaa</strong></span> <span class='ocrx_word' id='word_1_236' title='bbox 559 3119 842 3190; x_wconf 86' lang='lat' dir='ltr'><strong>spiritalis</strong></span> <span class='ocrx_word' id='word_1_237' title='bbox 887 3120 1179 3192; x_wconf 86' lang='lat' dir='ltr'><strong>(animalis</strong></span> <span class='ocrx_word' id='word_1_238' title='bbox 1225 3121 1381 3177; x_wconf 87' lang='lat' dir='ltr'><strong>enim</strong></span> <span class='ocrx_word' id='word_1_239' title='bbox 1430 3120 1606 3177; x_wconf 92' lang='lat' dir='ltr'><strong>homo</strong></span> <span class='ocrx_word' id='word_1_240' title='bbox 1653 3139 1783 3194; x_wconf 65' lang='lat' dir='ltr'><strong>qua:</strong></span> 
     </span>
    </p>
   </div>
   <div class='ocr_carea' id='block_1_34' title="bbox 144 3207 1782 3279">
    <p class='ocr_par' dir='ltr' id='par_1_34' title="bbox 144 3207 1782 3279">
     <span class='ocr_line' id='line_1_34' title="bbox 144 3207 1782 3279; baseline 0.004 -18"><span class='ocrx_word' id='word_1_241' title='bbox 144 3210 280 3262; x_wconf 88' lang='lat' dir='ltr'><strong>sunt</strong></span> <span class='ocrx_word' id='word_1_242' title='bbox 306 3207 549 3278; x_wconf 83' lang='lat' dir='ltr'><strong>spiritus</strong></span> <span class='ocrx_word' id='word_1_243' title='bbox 579 3207 680 3263; x_wconf 89' lang='lat' dir='ltr'><strong>Dei</strong></span> <span class='ocrx_word' id='word_1_244' title='bbox 711 3208 941 3279; x_wconf 80' lang='lat' dir='ltr'><strong>nescit).</strong></span> <span class='ocrx_word' id='word_1_245' title='bbox 972 3213 1029 3264; x_wconf 86' lang='lat' dir='ltr'><strong>et</strong></span> <span class='ocrx_word' id='word_1_246' title='bbox 1055 3208 1184 3264; x_wconf 89' lang='lat' dir='ltr'><strong>ideo</strong></span> <span class='ocrx_word' id='word_1_247' title='bbox 1216 3209 1368 3265; x_wconf 89' lang='lat' dir='ltr'><strong>tertii</strong></span> <span class='ocrx_word' id='word_1_248' title='bbox 1420 3210 1546 3266; x_wconf 76' lang='lat' dir='ltr'><strong>caeli</strong></span> <span class='ocrx_word' id='word_1_249' title='bbox 1578 3227 1782 3267; x_wconf 87' lang='lat' dir='ltr'><strong>ascen-</strong></span> 
     </span>
    </p>
   </div>
   <div class='ocr_carea' id='block_1_35' title="bbox 1896 639 2204 709">
    <p class='ocr_par' dir='ltr' id='par_1_35' title="bbox 1896 639 2204 709">
     <span class='ocr_line' id='line_1_35' title="bbox 1896 639 2204 709; baseline 0.006 -19"><span class='ocrx_word' id='word_1_250' title='bbox 1896 653 2058 705; x_wconf 80' lang='lat' dir='ltr'><strong>xxm,</strong></span> <span class='ocrx_word' id='word_1_251' title='bbox 2094 639 2204 709; x_wconf 76' lang='grc'>43).</span> 
     </span>
    </p>
   </div>
   <div class='ocr_carea' id='block_1_36' title="bbox 2526 754 2917 813">
    <p class='ocr_par' dir='ltr' id='par_1_36' title="bbox 2526 754 2917 813">
     <span class='ocr_line' id='line_1_36' title="bbox 2526 754 2917 813; baseline 0.005 -3"><span class='ocrx_word' id='word_1_252' title='bbox 2526 754 2758 812; x_wconf 89' lang='lat' dir='ltr'><strong>CAPUT</strong></span> <span class='ocrx_word' id='word_1_253' title='bbox 2797 757 2917 813; x_wconf 81' lang='lat' dir='ltr'><strong>XII.</strong></span> 
     </span>
    </p>
   </div>
   <div class='ocr_carea' id='block_1_37' title="bbox 1898 839 3550 919">
    <p class='ocr_par' dir='ltr' id='par_1_37' title="bbox 1898 839 3550 919">
     <span class='ocr_line' id='line_1_37' title="bbox 1898 839 3550 919; baseline 0.006 -25"><span class='ocrx_word' id='word_1_254' title='bbox 1898 839 2176 912; x_wconf 77' lang='lat' dir='ltr'><strong>Serpentis</strong></span> <span class='ocrx_word' id='word_1_255' title='bbox 2205 844 2385 919; x_wconf 86' lang='lat' dir='ltr'><strong>qualis</strong></span> <span class='ocrx_word' id='word_1_256' title='bbox 2408 845 2926 919; x_wconf 80' lang='lat' dir='ltr'><strong>fueritsapientia:</strong></span> <span class='ocrx_word' id='word_1_257' title='bbox 2956 847 3217 919; x_wconf 80' lang='lat' dir='ltr'><strong>quomodo</strong></span> <span class='ocrx_word' id='word_1_258' title='bbox 3260 848 3550 904; x_wconf 78' lang='lat' dir='ltr'><strong>mulierem</strong></span> 
     </span>
    </p>
   </div>
   <div class='ocr_carea' id='block_1_38' title="bbox 1968 917 3550 990">
    <p class='ocr_par' dir='ltr' id='par_1_38' title="bbox 1968 917 3550 990">
     <span class='ocr_line' id='line_1_38' title="bbox 1968 917 3550 990; baseline 0.006 -25"><span class='ocrx_word' id='word_1_259' title='bbox 1968 928 2229 990; x_wconf 76' lang='lat' dir='ltr'><strong>agressus</strong></span> <span class='ocrx_word' id='word_1_260' title='bbox 2304 917 2419 990; x_wconf 81' lang='lat' dir='ltr'><strong>sit;</strong></span> <span class='ocrx_word' id='word_1_261' title='bbox 2475 918 2720 990; x_wconf 71' lang='lat' dir='ltr'><strong>qualisoe</strong></span> <span class='ocrx_word' id='word_1_262' title='bbox 2793 917 2979 988; x_wconf 46' lang='lat' dir='ltr'><strong>hujus‘</strong></span> <span class='ocrx_word' id='word_1_263' title='bbox 3030 920 3320 990; x_wconf 75' lang='lat' dir='ltr'><strong>responsio,</strong></span> <span class='ocrx_word' id='word_1_264' title='bbox 3382 937 3550 990; x_wconf 85' lang='lat' dir='ltr'><strong>quam</strong></span> 
     </span>
    </p>
   </div>
   <div class='ocr_carea' id='block_1_39' title="bbox 1972 983 3546 1068">
    <p class='ocr_par' dir='ltr' id='par_1_39' title="bbox 1972 983 3546 1068">
     <span class='ocr_line' id='line_1_39' title="bbox 1972 983 3546 1068; baseline 0.006 -32"><span class='ocrx_word' id='word_1_265' title='bbox 1972 983 2134 1068; x_wconf 70' lang='lat' dir='ltr'><strong>longa</strong></span> <span class='ocrx_word' id='word_1_266' title='bbox 2161 985 2424 1068; x_wconf 73' lang='lat' dir='ltr'><strong>digressio</strong></span> <span class='ocrx_word' id='word_1_267' title='bbox 2453 983 2518 1041; x_wconf 74' lang='lat' dir='ltr'><strong>de</strong></span> <span class='ocrx_word' id='word_1_268' title='bbox 2546 988 2782 1058; x_wconf 85' lang='lat' dir='ltr'><strong>quadam</strong></span> <span class='ocrx_word' id='word_1_269' title='bbox 2811 983 2963 1045; x_wconf 71' lang='lat' dir='ltr'><strong>circa</strong></span> <span class='ocrx_word' id='word_1_270' title='bbox 3013 983 3135 1044; x_wconf 72' lang='lat' dir='ltr'><strong>eain</strong></span> <span class='ocrx_word' id='word_1_271' title='bbox 3182 983 3546 1046; x_wconf 27' lang='lat' dir='ltr'><strong>rem&#39;dubita-</strong></span> 
     </span>
    </p>
   </div>
   <div class='ocr_carea' id='block_1_40' title="bbox 1973 1062 2514 1127">
    <p class='ocr_par' dir='ltr' id='par_1_40' title="bbox 1973 1062 2514 1127">
     <span class='ocr_line' id='line_1_40' title="bbox 1973 1062 2514 1127; baseline 0.002 -18"><span class='ocrx_word' id='word_1_272' title='bbox 1973 1062 2121 1110; x_wconf 78' lang='lat' dir='ltr'><strong>tione</strong></span> <span class='ocrx_word' id='word_1_273' title='bbox 2142 1062 2514 1127; x_wconf 75' lang='lat' dir='ltr'><strong>consequitur.</strong></span> 
     </span>
    </p>
   </div>
   <div class='ocr_carea' id='block_1_41' title="bbox 1967 1168 3547 1245">
    <p class='ocr_par' dir='ltr' id='par_1_41' title="bbox 1967 1168 3547 1245">
     <span class='ocr_line' id='line_1_41' title="bbox 1967 1168 3547 1245; baseline 0.007 -24"><span class='ocrx_word' id='word_1_274' title='bbox 1967 1169 2056 1223; x_wconf 71' lang='lat' dir='ltr'><strong>5L</strong></span> <span class='ocrx_word' id='word_1_275' title='bbox 2085 1168 2317 1241; x_wconf 83' lang='lat' dir='ltr'><strong>Serpens</strong></span> <span class='ocrx_word' id='word_1_276' title='bbox 2345 1174 2530 1227; x_wconf 77' lang='lat' dir='ltr'><strong>autem</strong></span> <span class='ocrx_word' id='word_1_277' title='bbox 2558 1183 2677 1228; x_wconf 87' lang='lat' dir='ltr'><strong>erat</strong></span> <span class='ocrx_word' id='word_1_278' title='bbox 2714 1177 3016 1245; x_wconf 82' lang='lat' dir='ltr'><strong>sapientior</strong></span> <span class='ocrx_word' id='word_1_279' title='bbox 3062 1178 3305 1231; x_wconf 85' lang='lat' dir='ltr'><strong>omnium</strong></span> <span class='ocrx_word' id='word_1_280' title='bbox 3352 1177 3547 1232; x_wconf 80' lang='lat' dir='ltr'><strong>bestia-</strong></span> 
     </span>
    </p>
   </div>
   <div class='ocr_carea' id='block_1_42' title="bbox 1896 1263 3548 1335">
    <p class='ocr_par' dir='ltr' id='par_1_42' title="bbox 1896 1263 3548 1335">
     <span class='ocr_line' id='line_1_42' title="bbox 1896 1263 3548 1335; baseline 0.007 -27"><span class='ocrx_word' id='word_1_281' title='bbox 1896 1271 2019 1309; x_wconf 89' lang='lat' dir='ltr'><strong>rum</strong></span> <span class='ocrx_word' id='word_1_282' title='bbox 2052 1274 2171 1327; x_wconf 75' lang='lat' dir='ltr'><strong>qme</strong></span> <span class='ocrx_word' id='word_1_283' title='bbox 2200 1264 2361 1313; x_wconf 87' lang='lat' dir='ltr'><strong>erant</strong></span> <span class='ocrx_word' id='word_1_284' title='bbox 2399 1277 2567 1331; x_wconf 77' lang='lat' dir='ltr'><strong>super</strong></span> <span class='ocrx_word' id='word_1_285' title='bbox 2604 1270 2807 1317; x_wconf 88' lang='lat' dir='ltr'><strong>terram</strong></span> <span class='ocrx_word' id='word_1_286' title='bbox 2857 1263 2991 1334; x_wconf 80' lang='lat'><strong>(6|),</strong></span> <span class='ocrx_word' id='word_1_287' title='bbox 3041 1280 3175 1334; x_wconf 87' lang='lat' dir='ltr'><strong>quas</strong></span> <span class='ocrx_word' id='word_1_288' title='bbox 3214 1266 3340 1335; x_wconf 84' lang='lat' dir='ltr'><strong>fecit</strong></span> <span class='ocrx_word' id='word_1_289' title='bbox 3369 1267 3548 1321; x_wconf 86' lang='lat' dir='ltr'><strong>Domi-</strong></span> 
     </span>
    </p>
   </div>
   <div class='ocr_carea' id='block_1_43' title="bbox 1896 1347 3542 1425">
    <p class='ocr_par' dir='ltr' id='par_1_43' title="bbox 1896 1347 3542 1425">
     <span class='ocr_line' id='line_1_43' title="bbox 1896 1347 3542 1425; baseline 0.007 -28"><span class='ocrx_word' id='word_1_290' title='bbox 1896 1361 1997 1398; x_wconf 89' lang='lat' dir='ltr'><strong>nus</strong></span> <span class='ocrx_word' id='word_1_291' title='bbox 2048 1347 2207 1412; x_wconf 74' lang='lat' dir='ltr'><strong>Deus,</strong></span> <span class='ocrx_word' id='word_1_292' title='bbox 2262 1351 2312 1402; x_wconf 86' lang='lat' dir='ltr'><strong>et</strong></span> <span class='ocrx_word' id='word_1_293' title='bbox 2368 1349 2513 1403; x_wconf 74' lang='lat' dir='ltr'><strong>dicit</strong></span> <span class='ocrx_word' id='word_1_294' title='bbox 2561 1366 2781 1421; x_wconf 81' lang='lat' dir='ltr'><strong>serpens</strong></span> <span class='ocrx_word' id='word_1_295' title='bbox 2836 1352 3062 1407; x_wconf 85' lang='lat' dir='ltr'><strong>mulieri</strong></span> <span class='ocrx_word' id='word_1_296' title='bbox 3104 1369 3116 1407; x_wconf 92' lang='lat'><strong>:</strong></span> <span class='ocrx_word' id='word_1_297' title='bbox 3153 1352 3295 1421; x_wconf 82' lang='lat' dir='ltr'><strong>Quid</strong></span> <span class='ocrx_word' id='word_1_298' title='bbox 3353 1356 3542 1425; x_wconf 84' lang='lat' dir='ltr'><strong>utique</strong></span> 
     </span>
    </p>
   </div>
   <div class='ocr_carea' id='block_1_44' title="bbox 1893 1432 3547 1514">
    <p class='ocr_par' dir='ltr' id='par_1_44' title="bbox 1893 1432 3547 1514">
     <span class='ocr_line' id='line_1_44' title="bbox 1893 1432 3547 1514; baseline 0.008 -28"><span class='ocrx_word' id='word_1_299' title='bbox 1893 1432 2038 1488; x_wconf 69' lang='lat' dir='ltr'><strong>dixit</strong></span> <span class='ocrx_word' id='word_1_300' title='bbox 2064 1435 2224 1502; x_wconf 85' lang='lat' dir='ltr'><strong>Deus,</strong></span> <span class='ocrx_word' id='word_1_301' title='bbox 2254 1453 2326 1491; x_wconf 89' lang='lat' dir='ltr'><strong>ne</strong></span> <span class='ocrx_word' id='word_1_302' title='bbox 2352 1437 2524 1492; x_wconf 78' lang='lat' dir='ltr'><strong>edulis</strong></span> <span class='ocrx_word' id='word_1_303' title='bbox 2563 1438 2630 1493; x_wconf 88' lang='lat' dir='ltr'><strong>ab</strong></span> <span class='ocrx_word' id='word_1_304' title='bbox 2678 1441 2829 1495; x_wconf 87' lang='lat' dir='ltr'><strong>omni</strong></span> <span class='ocrx_word' id='word_1_305' title='bbox 2871 1441 3023 1509; x_wconf 86' lang='lat' dir='ltr'><strong>ligno</strong></span> <span class='ocrx_word' id='word_1_306' title='bbox 3067 1440 3207 1511; x_wconf 82' lang='lat' dir='ltr'><strong>quod</strong></span> <span class='ocrx_word' id='word_1_307' title='bbox 3252 1444 3421 1498; x_wconf 84' lang='lat' dir='ltr'><strong>estin</strong></span> <span class='ocrx_word' id='word_1_308' title='bbox 3447 1460 3547 1514; x_wconf 85' lang='lat' dir='ltr'><strong>pa-</strong></span> 
     </span>
    </p>
   </div>
   <div class='ocr_carea' id='block_1_45' title="bbox 1894 1521 3547 1597">
    <p class='ocr_par' dir='ltr' id='par_1_45' title="bbox 1894 1521 3547 1597">
     <span class='ocr_line' id='line_1_45' title="bbox 1894 1521 3547 1597; baseline 0.006 -22"><span class='ocrx_word' id='word_1_309' title='bbox 1894 1521 2074 1577; x_wconf 82' lang='lat' dir='ltr'><strong>radiso</strong></span> <span class='ocrx_word' id='word_1_310' title='bbox 2105 1523 2257 1593; x_wconf 85' lang='lat' dir='ltr'><strong>(Gen.</strong></span> <span class='ocrx_word' id='word_1_311' title='bbox 2309 1525 2534 1597; x_wconf 67' lang='lat'><strong>111,1)?</strong></span> <span class='ocrx_word' id='word_1_312' title='bbox 2585 1527 2729 1582; x_wconf 86' lang='lat' dir='ltr'><strong>Cum</strong></span> <span class='ocrx_word' id='word_1_313' title='bbox 2776 1528 2917 1582; x_wconf 90' lang='lat' dir='ltr'><strong>dicit</strong></span> <span class='ocrx_word' id='word_1_314' title='bbox 2965 1528 3376 1597; x_wconf 71' lang='lat' dir='ltr'><strong>sapientiorem</strong></span> <span class='ocrx_word' id='word_1_315' title='bbox 3426 1546 3547 1585; x_wconf 89' lang='lat' dir='ltr'><strong>ser-</strong></span> 
     </span>
    </p>
   </div>
   <div class='ocr_carea' id='block_1_46' title="bbox 1894 1612 3549 1688">
    <p class='ocr_par' dir='ltr' id='par_1_46' title="bbox 1894 1612 3549 1688">
     <span class='ocr_line' id='line_1_46' title="bbox 1894 1612 3549 1688; baseline 0.007 -25"><span class='ocrx_word' id='word_1_316' title='bbox 1894 1616 2150 1682; x_wconf 89' lang='lat' dir='ltr'><strong>pentem,</strong></span> <span class='ocrx_word' id='word_1_317' title='bbox 2183 1612 2461 1685; x_wconf 85' lang='lat' dir='ltr'><strong>intelligis</strong></span> <span class='ocrx_word' id='word_1_318' title='bbox 2494 1632 2669 1687; x_wconf 87' lang='lat' dir='ltr'><strong>quem</strong></span> <span class='ocrx_word' id='word_1_319' title='bbox 2703 1615 2997 1688; x_wconf 88' lang='lat' dir='ltr'><strong>loquatur,</strong></span> <span class='ocrx_word' id='word_1_320' title='bbox 3032 1618 3088 1672; x_wconf 80' lang='lat' dir='ltr'><strong>id</strong></span> <span class='ocrx_word' id='word_1_321' title='bbox 3120 1622 3228 1686; x_wconf 87' lang='lat' dir='ltr'><strong>est,</strong></span> <span class='ocrx_word' id='word_1_322' title='bbox 3255 1616 3419 1673; x_wconf 89' lang='lat' dir='ltr'><strong>illum</strong></span> <span class='ocrx_word' id='word_1_323' title='bbox 3453 1619 3549 1673; x_wconf 80' lang='lat' dir='ltr'><strong>ad-</strong></span> 
     </span>
    </p>
   </div>
   <div class='ocr_carea' id='block_1_47' title="bbox 1890 1699 3549 1779">
    <p class='ocr_par' dir='ltr' id='par_1_47' title="bbox 1890 1699 3549 1779">
     <span class='ocr_line' id='line_1_47' title="bbox 1890 1699 3549 1779; baseline 0.006 -27"><span class='ocrx_word' id='word_1_324' title='bbox 1890 1699 2217 1755; x_wconf 90' lang='lat' dir='ltr'><strong>versarium</strong></span> <span class='ocrx_word' id='word_1_325' title='bbox 2251 1706 2512 1758; x_wconf 89' lang='lat' dir='ltr'><strong>nostrum</strong></span> <span class='ocrx_word' id='word_1_326' title='bbox 2541 1704 2640 1775; x_wconf 90' lang='lat' dir='ltr'><strong>qui</strong></span> <span class='ocrx_word' id='word_1_327' title='bbox 2665 1708 2896 1760; x_wconf 87' lang='lat' dir='ltr'><strong>tantum</strong></span> <span class='ocrx_word' id='word_1_328' title='bbox 2920 1704 3097 1761; x_wconf 87' lang='lat' dir='ltr'><strong>habet</strong></span> <span class='ocrx_word' id='word_1_329' title='bbox 3119 1705 3301 1777; x_wconf 88' lang='lat' dir='ltr'><strong>hujus</strong></span> <span class='ocrx_word' id='word_1_330' title='bbox 3323 1706 3549 1779; x_wconf 84' lang='lat' dir='ltr'><strong>sapien-</strong></span> 
     </span>
    </p>
   </div>
   <div class='ocr_carea' id='block_1_48' title="bbox 1891 1785 3544 1861">
    <p class='ocr_par' dir='ltr' id='par_1_48' title="bbox 1891 1785 3544 1861">
     <span class='ocr_line' id='line_1_48' title="bbox 1891 1785 3544 1861; baseline 0.007 -22"><span class='ocrx_word' id='word_1_331' title='bbox 1891 1785 2033 1841; x_wconf 88' lang='lat' dir='ltr'><strong>tiam</strong></span> <span class='ocrx_word' id='word_1_332' title='bbox 2068 1789 2269 1843; x_wconf 89' lang='lat' dir='ltr'><strong>mundi</strong></span> <span class='ocrx_word' id='word_1_333' title='bbox 2306 1790 2445 1859; x_wconf 75' lang='lat' dir='ltr'><strong>(Viti.</strong></span> <span class='ocrx_word' id='word_1_334' title='bbox 2480 1791 2540 1846; x_wconf 91' lang='lat' dir='ltr'><strong>S.</strong></span> <span class='ocrx_word' id='word_1_335' title='bbox 2590 1794 2738 1861; x_wconf 83' lang='lat' dir='ltr'><strong>Aug.</strong></span> <span class='ocrx_word' id='word_1_336' title='bbox 2784 1792 2883 1848; x_wconf 91' lang='lat' dir='ltr'><strong>lib.</strong></span> <span class='ocrx_word' id='word_1_337' title='bbox 2938 1810 2975 1847; x_wconf 90' lang='lat' dir='ltr'><strong>Il</strong></span> <span class='ocrx_word' id='word_1_338' title='bbox 3032 1793 3229 1849; x_wconf 81' lang='lat' dir='ltr'><strong>Contra</strong></span> <span class='ocrx_word' id='word_1_339' title='bbox 3274 1796 3373 1851; x_wconf 86' lang='lat' dir='ltr'><strong>Jul</strong></span> <span class='ocrx_word' id='word_1_340' title='bbox 3426 1797 3544 1851; x_wconf 86' lang='lat' dir='ltr'><strong>Pel.</strong></span> 
     </span>
    </p>
   </div>
   <div class='ocr_carea' id='block_1_49' title="bbox 1892 1877 3548 1953">
    <p class='ocr_par' dir='ltr' id='par_1_49' title="bbox 1892 1877 3548 1953">
     <span class='ocr_line' id='line_1_49' title="bbox 1892 1877 3548 1953; baseline 0.007 -25"><span class='ocrx_word' id='word_1_341' title='bbox 1892 1890 1941 1928; x_wconf 84' lang='grc' dir='ltr'>ο.</span> <span class='ocrx_word' id='word_1_342' title='bbox 1972 1877 2026 1941; x_wconf 88' lang='grc'><strong>5,</strong></span> <span class='ocrx_word' id='word_1_343' title='bbox 2064 1893 2121 1930; x_wconf 92' lang='lat' dir='ltr'><strong>n.</strong></span> <span class='ocrx_word' id='word_1_344' title='bbox 2168 1878 2278 1948; x_wconf 83' lang='grc'>13).</span> <span class='ocrx_word' id='word_1_345' title='bbox 2333 1879 2444 1933; x_wconf 86' lang='lat' dir='ltr'><strong>Sed</strong></span> <span class='ocrx_word' id='word_1_346' title='bbox 2500 1879 2769 1952; x_wconf 86' lang='lat' dir='ltr'><strong>voluptas</strong></span> <span class='ocrx_word' id='word_1_347' title='bbox 2818 1885 2995 1953; x_wconf 89' lang='lat' dir='ltr'><strong>atque</strong></span> <span class='ocrx_word' id='word_1_348' title='bbox 3048 1881 3353 1939; x_wconf 87' lang='lat' dir='ltr'><strong>delectatio</strong></span> <span class='ocrx_word' id='word_1_349' title='bbox 3402 1884 3548 1940; x_wconf 88' lang='lat' dir='ltr'><strong>bene</strong></span> 
     </span>
    </p>
   </div>
   <div class='ocr_carea' id='block_1_50' title="bbox 1895 1962 3547 2044">
    <p class='ocr_par' dir='ltr' id='par_1_50' title="bbox 1895 1962 3547 2044">
     <span class='ocr_line' id='line_1_50' title="bbox 1895 1962 3547 2044; baseline 0.007 -27"><span class='ocrx_word' id='word_1_350' title='bbox 1895 1962 2130 2035; x_wconf 85' lang='lat' dir='ltr'><strong>sapiens</strong></span> <span class='ocrx_word' id='word_1_351' title='bbox 2158 1964 2393 2033; x_wconf 88' lang='lat' dir='ltr'><strong>dicitur,</strong></span> <span class='ocrx_word' id='word_1_352' title='bbox 2426 1968 2566 2039; x_wconf 89' lang='lat' dir='ltr'><strong>quia</strong></span> <span class='ocrx_word' id='word_1_353' title='bbox 2594 1974 2653 2024; x_wconf 87' lang='lat' dir='ltr'><strong>et</strong></span> <span class='ocrx_word' id='word_1_354' title='bbox 2685 1968 2971 2040; x_wconf 88' lang='lat' dir='ltr'><strong>sapientia</strong></span> <span class='ocrx_word' id='word_1_355' title='bbox 3002 1971 3194 2026; x_wconf 90' lang='lat' dir='ltr'><strong>carnis</strong></span> <span class='ocrx_word' id='word_1_356' title='bbox 3215 1971 3547 2044; x_wconf 87' lang='lat' dir='ltr'><strong>appellatur</strong></span> 
     </span>
    </p>
   </div>
   <div class='ocr_carea' id='block_1_51' title="bbox 1895 2050 3549 2127">
    <p class='ocr_par' dir='ltr' id='par_1_51' title="bbox 1895 2050 3549 2127">
     <span class='ocr_line' id='line_1_51' title="bbox 1895 2050 3549 2127; baseline 0.006 -23"><span class='ocrx_word' id='word_1_357' title='bbox 1895 2050 2182 2122; x_wconf 88' lang='lat' dir='ltr'><strong>sapientia</strong></span> <span class='ocrx_word' id='word_1_358' title='bbox 2211 2052 2346 2125; x_wconf 85' lang='lat'><strong>(62),</strong></span> <span class='ocrx_word' id='word_1_359' title='bbox 2393 2053 2545 2109; x_wconf 89' lang='lat' dir='ltr'><strong>sicut</strong></span> <span class='ocrx_word' id='word_1_360' title='bbox 2590 2054 2801 2111; x_wconf 90' lang='lat' dir='ltr'><strong>habes:</strong></span> <span class='ocrx_word' id='word_1_361' title='bbox 2855 2056 3002 2122; x_wconf 87' lang='lat' dir='ltr'><strong>Quia</strong></span> <span class='ocrx_word' id='word_1_362' title='bbox 3063 2058 3335 2127; x_wconf 80' lang='lat' dir='ltr'><strong>sapientia</strong></span> <span class='ocrx_word' id='word_1_363' title='bbox 3363 2060 3549 2114; x_wconf 88' lang='lat' dir='ltr'><strong>carnis</strong></span> 
     </span>
    </p>
   </div>
   <div class='ocr_carea' id='block_1_52' title="bbox 1889 2139 3550 2218">
    <p class='ocr_par' dir='ltr' id='par_1_52' title="bbox 1889 2139 3550 2218">
     <span class='ocr_line' id='line_1_52' title="bbox 1889 2139 3550 2218; baseline 0.007 -25"><span class='ocrx_word' id='word_1_364' title='bbox 1889 2139 2118 2195; x_wconf 84' lang='lat' dir='ltr'><strong>inimica</strong></span> <span class='ocrx_word' id='word_1_365' title='bbox 2141 2144 2218 2196; x_wconf 87' lang='lat' dir='ltr'><strong>est</strong></span> <span class='ocrx_word' id='word_1_366' title='bbox 2268 2147 2375 2197; x_wconf 88' lang='lat' dir='ltr'><strong>Deo</strong></span> <span class='ocrx_word' id='word_1_367' title='bbox 2423 2144 2742 2214; x_wconf 81' lang='lat' dir='ltr'><strong>(Rom.vm,</strong></span> <span class='ocrx_word' id='word_1_368' title='bbox 2791 2144 2867 2216; x_wconf 82' lang='lat'><strong>&#39;7).</strong></span> <span class='ocrx_word' id='word_1_369' title='bbox 2918 2145 2986 2200; x_wconf 88' lang='lat' dir='ltr'><strong>Et</strong></span> <span class='ocrx_word' id='word_1_370' title='bbox 3040 2146 3112 2200; x_wconf 92' lang='lat' dir='ltr'><strong>ad</strong></span> <span class='ocrx_word' id='word_1_371' title='bbox 3189 2146 3550 2218; x_wconf 81' lang='lat' dir='ltr'><strong>exquirenda</strong></span> 
     </span>
    </p>
   </div>
   <div class='ocr_carea' id='block_1_53' title="bbox 1894 2228 3547 2306">
    <p class='ocr_par' dir='ltr' id='par_1_53' title="bbox 1894 2228 3547 2306">
     <span class='ocr_line' id='line_1_53' title="bbox 1894 2228 3547 2306; baseline 0.006 -24"><span class='ocrx_word' id='word_1_372' title='bbox 1894 2228 2347 2286; x_wconf 86' lang='lat' dir='ltr'><strong>delectationum</strong></span> <span class='ocrx_word' id='word_1_373' title='bbox 2376 2247 2590 2303; x_wconf 89' lang='lat' dir='ltr'><strong>genera</strong></span> <span class='ocrx_word' id='word_1_374' title='bbox 2619 2233 2795 2288; x_wconf 88' lang='lat' dir='ltr'><strong>astuti</strong></span> <span class='ocrx_word' id='word_1_375' title='bbox 2828 2237 2987 2301; x_wconf 90' lang='lat' dir='ltr'><strong>sunt,</strong></span> <span class='ocrx_word' id='word_1_376' title='bbox 3039 2234 3179 2305; x_wconf 91' lang='lat' dir='ltr'><strong>quia</strong></span> <span class='ocrx_word' id='word_1_377' title='bbox 3209 2240 3547 2306; x_wconf 81' lang='lat' dir='ltr'><strong>appetentes</strong></span> 
     </span>
    </p>
   </div>
   <div class='ocr_carea' id='block_1_54' title="bbox 1897 2317 3546 2394">
    <p class='ocr_par' dir='ltr' id='par_1_54' title="bbox 1897 2317 3546 2394">
     <span class='ocr_line' id='line_1_54' title="bbox 1897 2317 3546 2394; baseline 0.005 -23"><span class='ocrx_word' id='word_1_378' title='bbox 1897 2320 2036 2371; x_wconf 90' lang='lat' dir='ltr'><strong>sunt</strong></span> <span class='ocrx_word' id='word_1_379' title='bbox 2063 2317 2453 2390; x_wconf 81' lang='lat' dir='ltr'><strong>voluptatum.</strong></span> <span class='ocrx_word' id='word_1_380' title='bbox 2490 2321 2620 2376; x_wconf 88' lang='lat' dir='ltr'><strong>Sive</strong></span> <span class='ocrx_word' id='word_1_381' title='bbox 2650 2337 2787 2394; x_wconf 89' lang='lat' dir='ltr'><strong>ergo</strong></span> <span class='ocrx_word' id='word_1_382' title='bbox 2833 2321 3279 2378; x_wconf 87' lang='lat' dir='ltr'><strong>delectationem</strong></span> <span class='ocrx_word' id='word_1_383' title='bbox 3330 2323 3546 2380; x_wconf 88' lang='lat' dir='ltr'><strong>intelli-</strong></span> 
     </span>
    </p>
   </div>
   <div class='ocr_carea' id='block_1_55' title="bbox 1896 2408 3548 2480">
    <p class='ocr_par' dir='ltr' id='par_1_55' title="bbox 1896 2408 3548 2480">
     <span class='ocr_line' id='line_1_55' title="bbox 1896 2408 3548 2480; baseline 0.005 -21"><span class='ocrx_word' id='word_1_384' title='bbox 1896 2421 2021 2478; x_wconf 85' lang='lat' dir='ltr'><strong>gas,</strong></span> <span class='ocrx_word' id='word_1_385' title='bbox 2051 2408 2320 2477; x_wconf 68' lang='lat' dir='ltr'><strong>quaadam</strong></span> <span class='ocrx_word' id='word_1_386' title='bbox 2356 2414 2444 2463; x_wconf 91' lang='lat' dir='ltr'><strong>est</strong></span> <span class='ocrx_word' id='word_1_387' title='bbox 2473 2410 2670 2465; x_wconf 86' lang='lat' dir='ltr'><strong>divino</strong></span> <span class='ocrx_word' id='word_1_388' title='bbox 2700 2411 2941 2466; x_wconf 84' lang='lat' dir='ltr'><strong>adversa</strong></span> <span class='ocrx_word' id='word_1_389' title='bbox 2992 2411 3288 2480; x_wconf 88' lang='lat' dir='ltr'><strong>mandato,</strong></span> <span class='ocrx_word' id='word_1_390' title='bbox 3344 2417 3401 2467; x_wconf 91' lang='lat' dir='ltr'><strong>et</strong></span> <span class='ocrx_word' id='word_1_391' title='bbox 3432 2412 3548 2468; x_wconf 89' lang='lat' dir='ltr'><strong>ini-</strong></span> 
     </span>
    </p>
   </div>
   <div class='ocr_carea' id='block_1_56' title="bbox 1896 2494 3544 2557">
    <p class='ocr_par' dir='ltr' id='par_1_56' title="bbox 1896 2494 3544 2557">
     <span class='ocr_line' id='line_1_56' title="bbox 1896 2494 3544 2557; baseline 0.006 -10"><span class='ocrx_word' id='word_1_392' title='bbox 1896 2494 2049 2548; x_wconf 88' lang='lat' dir='ltr'><strong>mica</strong></span> <span class='ocrx_word' id='word_1_393' title='bbox 2078 2496 2353 2550; x_wconf 89' lang='lat' dir='ltr'><strong>sensibus</strong></span> <span class='ocrx_word' id='word_1_394' title='bbox 2396 2499 2631 2553; x_wconf 89' lang='lat' dir='ltr'><strong>nostris.</strong></span> <span class='ocrx_word' id='word_1_395' title='bbox 2688 2498 2850 2554; x_wconf 90' lang='lat' dir='ltr'><strong>Unde</strong></span> <span class='ocrx_word' id='word_1_396' title='bbox 2895 2505 3135 2556; x_wconf 88' lang='lat' dir='ltr'><strong>sanctus</strong></span> <span class='ocrx_word' id='word_1_397' title='bbox 3184 2500 3400 2556; x_wconf 89' lang='lat' dir='ltr'><strong>Paulus</strong></span> <span class='ocrx_word' id='word_1_398' title='bbox 3427 2501 3544 2557; x_wconf 90' lang='lat' dir='ltr'><strong>ait:</strong></span> 
     </span>
    </p>
   </div>
   <div class='ocr_carea' id='block_1_57' title="bbox 1904 2582 3544 2659">
    <p class='ocr_par' dir='ltr' id='par_1_57' title="bbox 1904 2582 3544 2659">
     <span class='ocr_line' id='line_1_57' title="bbox 1904 2582 3544 2659; baseline 0.005 -23"><span class='ocrx_word' id='word_1_399' title='bbox 1904 2582 2068 2637; x_wconf 81' lang='lat' dir='ltr'><strong>Video</strong></span> <span class='ocrx_word' id='word_1_400' title='bbox 2099 2584 2273 2638; x_wconf 87' lang='lat' dir='ltr'><strong>aliam</strong></span> <span class='ocrx_word' id='word_1_401' title='bbox 2324 2585 2492 2655; x_wconf 85' lang='lat' dir='ltr'><strong>legem</strong></span> <span class='ocrx_word' id='word_1_402' title='bbox 2540 2587 2602 2640; x_wconf 88' lang='lat' dir='ltr'><strong>in</strong></span> <span class='ocrx_word' id='word_1_403' title='bbox 2654 2588 2921 2641; x_wconf 80' lang='lat' dir='ltr'><strong>membris</strong></span> <span class='ocrx_word' id='word_1_404' title='bbox 2972 2589 3105 2642; x_wconf 87' lang='lat' dir='ltr'><strong>meis</strong></span> <span class='ocrx_word' id='word_1_405' title='bbox 3150 2593 3544 2659; x_wconf 81' lang='lat' dir='ltr'><strong>repugnantem</strong></span> 
     </span>
    </p>
   </div>
   <div class='ocr_carea' id='block_1_58' title="bbox 1894 2672 3549 2749">
    <p class='ocr_par' dir='ltr' id='par_1_58' title="bbox 1894 2672 3549 2749">
     <span class='ocr_line' id='line_1_58' title="bbox 1894 2672 3549 2749; baseline 0.005 -24"><span class='ocrx_word' id='word_1_406' title='bbox 1894 2672 2005 2740; x_wconf 88' lang='lat' dir='ltr'><strong>legi</strong></span> <span class='ocrx_word' id='word_1_407' title='bbox 2031 2674 2235 2726; x_wconf 85' lang='lat' dir='ltr'><strong>mentis</strong></span> <span class='ocrx_word' id='word_1_408' title='bbox 2261 2688 2401 2729; x_wconf 66' lang='lat' dir='ltr'><strong>mese</strong></span> <span class='ocrx_word' id='word_1_409' title='bbox 2439 2676 2488 2728; x_wconf 82' lang='lat' dir='ltr'><strong>et</strong></span> <span class='ocrx_word' id='word_1_410' title='bbox 2542 2676 2906 2746; x_wconf 83' lang='lat' dir='ltr'><strong>captivantem</strong></span> <span class='ocrx_word' id='word_1_411' title='bbox 2951 2692 3039 2731; x_wconf 87' lang='lat' dir='ltr'><strong>me</strong></span> <span class='ocrx_word' id='word_1_412' title='bbox 3087 2677 3150 2731; x_wconf 85' lang='lat' dir='ltr'><strong>in</strong></span> <span class='ocrx_word' id='word_1_413' title='bbox 3192 2678 3306 2747; x_wconf 87' lang='lat' dir='ltr'><strong>lege</strong></span> <span class='ocrx_word' id='word_1_414' title='bbox 3341 2679 3549 2749; x_wconf 87' lang='lat' dir='ltr'><strong>peccati</strong></span> 
     </span>
    </p>
   </div>
   <div class='ocr_carea' id='block_1_59' title="bbox 1893 2760 3539 2834">
    <p class='ocr_par' dir='ltr' id='par_1_59' title="bbox 1893 2760 3539 2834">
     <span class='ocr_line' id='line_1_59' title="bbox 1893 2760 3539 2834; baseline 0.002 -17"><span class='ocrx_word' id='word_1_415' title='bbox 1893 2760 2065 2832; x_wconf 83' lang='lat' dir='ltr'><strong>(Rom.</strong></span> <span class='ocrx_word' id='word_1_416' title='bbox 2097 2776 2199 2830; x_wconf 86' lang='lat' dir='ltr'><strong>vu,</strong></span> <span class='ocrx_word' id='word_1_417' title='bbox 2229 2763 2341 2833; x_wconf 87' lang='lat'><strong>23).</strong></span> <span class='ocrx_word' id='word_1_418' title='bbox 2381 2762 2439 2817; x_wconf 92' lang='lat' dir='ltr'><strong>Si</strong></span> <span class='ocrx_word' id='word_1_419' title='bbox 2473 2767 2666 2818; x_wconf 87' lang='lat' dir='ltr'><strong>autem</strong></span> <span class='ocrx_word' id='word_1_420' title='bbox 2700 2764 2772 2818; x_wconf 87' lang='lat' dir='ltr'><strong>ad</strong></span> <span class='ocrx_word' id='word_1_421' title='bbox 2826 2762 3127 2819; x_wconf 90' lang='lat' dir='ltr'><strong>diabolum</strong></span> <span class='ocrx_word' id='word_1_422' title='bbox 3173 2766 3415 2834; x_wconf 84' lang='lat' dir='ltr'><strong>referas,</strong></span> <span class='ocrx_word' id='word_1_423' title='bbox 3446 2782 3539 2822; x_wconf 86' lang='lat' dir='ltr'><strong>ve-</strong></span> 
     </span>
    </p>
   </div>
   <div class='ocr_carea' id='block_1_60' title="bbox 1895 2848 3547 2922">
    <p class='ocr_par' dir='ltr' id='par_1_60' title="bbox 1895 2848 3547 2922">
     <span class='ocr_line' id='line_1_60' title="bbox 1895 2848 3547 2922; baseline 0.004 -20"><span class='ocrx_word' id='word_1_424' title='bbox 1895 2864 1997 2902; x_wconf 92' lang='lat' dir='ltr'><strong>rus</strong></span> <span class='ocrx_word' id='word_1_425' title='bbox 2028 2848 2306 2905; x_wconf 90' lang='lat' dir='ltr'><strong>inimicus</strong></span> <span class='ocrx_word' id='word_1_426' title='bbox 2328 2854 2417 2905; x_wconf 88' lang='lat' dir='ltr'><strong>est</strong></span> <span class='ocrx_word' id='word_1_427' title='bbox 2436 2852 2667 2922; x_wconf 89' lang='lat' dir='ltr'><strong>generis</strong></span> <span class='ocrx_word' id='word_1_428' title='bbox 2699 2851 2967 2906; x_wconf 81' lang='lat' dir='ltr'><strong>humani.</strong></span> <span class='ocrx_word' id='word_1_429' title='bbox 2990 2854 3126 2917; x_wconf 72' lang='lat' dir='ltr'><strong>Quae</strong></span> <span class='ocrx_word' id='word_1_430' title='bbox 3148 2856 3341 2908; x_wconf 91' lang='lat' dir='ltr'><strong>autem</strong></span> <span class='ocrx_word' id='word_1_431' title='bbox 3370 2870 3547 2910; x_wconf 86' lang='lat' dir='ltr'><strong>causa</strong></span> 
     </span>
    </p>
   </div>
   <div class='ocr_carea' id='block_1_61' title="bbox 1894 2936 3542 2999">
    <p class='ocr_par' dir='ltr' id='par_1_61' title="bbox 1894 2936 3542 2999">
     <span class='ocr_line' id='line_1_61' title="bbox 1894 2936 3542 2999; baseline 0.005 -9"><span class='ocrx_word' id='word_1_432' title='bbox 1894 2936 2339 2994; x_wconf 87' lang='lat' dir='ltr'><strong>inimicitiarum</strong></span> <span class='ocrx_word' id='word_1_433' title='bbox 2395 2940 2511 2996; x_wconf 91' lang='lat' dir='ltr'><strong>nisi</strong></span> <span class='ocrx_word' id='word_1_434' title='bbox 2569 2940 2838 2995; x_wconf 83' lang='lat' dir='ltr'><strong>invidia?</strong></span> <span class='ocrx_word' id='word_1_435' title='bbox 2891 2943 3050 2995; x_wconf 91' lang='lat' dir='ltr'><strong>Sicut</strong></span> <span class='ocrx_word' id='word_1_436' title='bbox 3105 2941 3377 2997; x_wconf 89' lang='lat' dir='ltr'><strong>Salomon</strong></span> <span class='ocrx_word' id='word_1_437' title='bbox 3429 2942 3542 2999; x_wconf 88' lang='lat' dir='ltr'><strong>ait:</strong></span> 
     </span>
    </p>
   </div>
   <div class='ocr_carea' id='block_1_62' title="bbox 1893 3025 3544 3088">
    <p class='ocr_par' dir='ltr' id='par_1_62' title="bbox 1893 3025 3544 3088">
     <span class='ocr_line' id='line_1_62' title="bbox 1893 3025 3544 3088; baseline 0.004 -9"><span class='ocrx_word' id='word_1_438' title='bbox 1893 3025 2041 3088; x_wconf 87' lang='lat' dir='ltr'><strong>Quia</strong></span> <span class='ocrx_word' id='word_1_439' title='bbox 2069 3027 2285 3082; x_wconf 88' lang='lat' dir='ltr'><strong>invidia</strong></span> <span class='ocrx_word' id='word_1_440' title='bbox 2349 3028 2557 3084; x_wconf 85' lang='lat' dir='ltr'><strong>diaboli</strong></span> <span class='ocrx_word' id='word_1_441' title='bbox 2610 3045 2755 3085; x_wconf 87' lang='lat' dir='ltr'><strong>mors</strong></span> <span class='ocrx_word' id='word_1_442' title='bbox 2812 3030 3064 3085; x_wconf 78' lang='lat' dir='ltr'><strong>introivit</strong></span> <span class='ocrx_word' id='word_1_443' title='bbox 3117 3033 3177 3085; x_wconf 89' lang='lat' dir='ltr'><strong>in</strong></span> <span class='ocrx_word' id='word_1_444' title='bbox 3208 3032 3393 3086; x_wconf 83' lang='lat' dir='ltr'><strong>orbem</strong></span> <span class='ocrx_word' id='word_1_445' title='bbox 3435 3034 3544 3086; x_wconf 90' lang='lat' dir='ltr'><strong>ter-</strong></span> 
     </span>
    </p>
   </div>
   <div class='ocr_carea' id='block_1_63' title="bbox 1889 3115 3544 3187">
    <p class='ocr_par' dir='ltr' id='par_1_63' title="bbox 1889 3115 3544 3187">
     <span class='ocr_line' id='line_1_63' title="bbox 1889 3115 3544 3187; baseline 0.004 -19"><span class='ocrx_word' id='word_1_446' title='bbox 1889 3115 2252 3187; x_wconf 86' lang='lat' dir='ltr'><strong>rarum(Sap.</strong></span> <span class='ocrx_word' id='word_1_447' title='bbox 2285 3134 2344 3183; x_wconf 87' lang='lat' dir='ltr'><strong>ll,</strong></span> <span class='ocrx_word' id='word_1_448' title='bbox 2376 3118 2488 3187; x_wconf 72' lang='lat' dir='ltr'><strong>2i).</strong></span> <span class='ocrx_word' id='word_1_449' title='bbox 2524 3118 2756 3174; x_wconf 61' lang='lat' dir='ltr'><strong>Invidiae</strong></span> <span class='ocrx_word' id='word_1_450' title='bbox 2796 3123 2991 3173; x_wconf 90' lang='lat' dir='ltr'><strong>autem</strong></span> <span class='ocrx_word' id='word_1_451' title='bbox 3035 3135 3214 3174; x_wconf 87' lang='lat' dir='ltr'><strong>causa</strong></span> <span class='ocrx_word' id='word_1_452' title='bbox 3245 3120 3544 3176; x_wconf 89' lang='lat' dir='ltr'><strong>beatitudo</strong></span> 
     </span>
    </p>
   </div>
   <div class='ocr_carea' id='block_1_64' title="bbox 1890 3202 3540 3280">
    <p class='ocr_par' dir='ltr' id='par_1_64' title="bbox 1890 3202 3540 3280">
     <span class='ocr_line' id='line_1_64' title="bbox 1890 3202 3540 3280; baseline 0.005 -23"><span class='ocrx_word' id='word_1_453' title='bbox 1890 3202 2148 3258; x_wconf 88' lang='lat' dir='ltr'><strong>hominis</strong></span> <span class='ocrx_word' id='word_1_454' title='bbox 2173 3205 2230 3258; x_wconf 91' lang='lat' dir='ltr'><strong>in</strong></span> <span class='ocrx_word' id='word_1_455' title='bbox 2274 3205 2546 3276; x_wconf 87' lang='lat' dir='ltr'><strong>paradiso</strong></span> <span class='ocrx_word' id='word_1_456' title='bbox 2591 3206 2784 3277; x_wconf 88' lang='lat' dir='ltr'><strong>positi,</strong></span> <span class='ocrx_word' id='word_1_457' title='bbox 2818 3210 2874 3261; x_wconf 87' lang='lat' dir='ltr'><strong>et</strong></span> <span class='ocrx_word' id='word_1_458' title='bbox 2920 3206 3049 3261; x_wconf 90' lang='lat' dir='ltr'><strong>ideo</strong></span> <span class='ocrx_word' id='word_1_459' title='bbox 3100 3208 3380 3271; x_wconf 84' lang='lat' dir='ltr'><strong>quoniam</strong></span> <span class='ocrx_word' id='word_1_460' title='bbox 3413 3208 3540 3280; x_wconf 89' lang='lat' dir='ltr'><strong>ipse</strong></span> 
     </span>
    </p>
   </div>
   <div class='ocr_carea' id='block_1_65' title="bbox 138 3284 3540 3371">
    <p class='ocr_par' dir='ltr' id='par_1_65' title="bbox 138 3284 3540 3371">
     <span class='ocr_line' id='line_1_65' title="bbox 138 3284 3540 3371; baseline 0 -21"><span class='ocrx_word' id='word_1_461' title='bbox 138 3294 224 3350; x_wconf 85' lang='lat' dir='ltr'><strong>sio</strong></span> <span class='ocrx_word' id='word_1_462' title='bbox 252 3295 357 3350; x_wconf 87' lang='lat' dir='ltr'><strong>tibi</strong></span> <span class='ocrx_word' id='word_1_463' title='bbox 391 3299 482 3351; x_wconf 84' lang='lat' dir='ltr'><strong>est</strong></span> <span class='ocrx_word' id='word_1_464' title='bbox 512 3297 843 3351; x_wconf 89' lang='lat' dir='ltr'><strong>necessaria</strong></span> <span class='ocrx_word' id='word_1_465' title='bbox 872 3297 1004 3368; x_wconf 91' lang='grc'><strong>(58),</strong></span> <span class='ocrx_word' id='word_1_466' title='bbox 1040 3301 1102 3352; x_wconf 90' lang='lat' dir='ltr'><strong>ut</strong></span> <span class='ocrx_word' id='word_1_467' title='bbox 1144 3298 1389 3370; x_wconf 89' lang='lat' dir='ltr'><strong>rapiaris</strong></span> <span class='ocrx_word' id='word_1_468' title='bbox 1436 3299 1496 3354; x_wconf 90' lang='lat' dir='ltr'><strong>in</strong></span> <span class='ocrx_word' id='word_1_469' title='bbox 1547 3301 1778 3371; x_wconf 87' lang='lat' dir='ltr'><strong>paradi-</strong></span> <span class='ocrx_word' id='word_1_470' title='bbox 1811 3284 1852 3351; x_wconf 86' lang='lat' dir='ltr'>C</span> <span class='ocrx_word' id='word_1_471' title='bbox 1891 3290 2159 3347; x_wconf 81' lang='lat' dir='ltr'><strong>diabolus</strong></span> <span class='ocrx_word' id='word_1_472' title='bbox 2192 3296 2489 3363; x_wconf 87' lang='lat' dir='ltr'><strong>acceptam</strong></span> <span class='ocrx_word' id='word_1_473' title='bbox 2521 3293 2771 3365; x_wconf 87' lang='lat' dir='ltr'><strong>gratiam</strong></span> <span class='ocrx_word' id='word_1_474' title='bbox 2805 3298 3000 3349; x_wconf 87' lang='lat' dir='ltr'><strong>tenere</strong></span> <span class='ocrx_word' id='word_1_475' title='bbox 3049 3310 3161 3349; x_wconf 90' lang='lat' dir='ltr'><strong>non</strong></span> <span class='ocrx_word' id='word_1_476' title='bbox 3215 3294 3422 3365; x_wconf 91' lang='lat' dir='ltr'><strong>potuit,</strong></span> <span class='ocrx_word' id='word_1_477' title='bbox 3451 3296 3540 3351; x_wconf 85' lang='lat' dir='ltr'><strong>in-</strong></span> 
     </span>
    </p>
   </div>
   <div class='ocr_carea' id='block_1_66' title="bbox 136 3383 1780 3460">
    <p class='ocr_par' dir='ltr' id='par_1_66' title="bbox 136 3383 1780 3460">
     <span class='ocr_line' id='line_1_66' title="bbox 136 3383 1780 3460; baseline 0.004 -23"><span class='ocrx_word' id='word_1_478' title='bbox 136 3400 307 3438; x_wconf 89' lang='lat' dir='ltr'><strong>sum:</strong></span> <span class='ocrx_word' id='word_1_479' title='bbox 331 3383 576 3455; x_wconf 86' lang='lat' dir='ltr'><strong>rapieris</strong></span> <span class='ocrx_word' id='word_1_480' title='bbox 600 3386 725 3455; x_wconf 89' lang='lat' dir='ltr'><strong>jam</strong></span> <span class='ocrx_word' id='word_1_481' title='bbox 755 3385 880 3441; x_wconf 91' lang='lat' dir='ltr'><strong>sine</strong></span> <span class='ocrx_word' id='word_1_482' title='bbox 910 3385 1186 3457; x_wconf 91' lang='lat' dir='ltr'><strong>periculo,</strong></span> <span class='ocrx_word' id='word_1_483' title='bbox 1222 3391 1286 3442; x_wconf 90' lang='lat' dir='ltr'><strong>ut</strong></span> <span class='ocrx_word' id='word_1_484' title='bbox 1337 3388 1532 3460; x_wconf 90' lang='lat' dir='ltr'><strong>possis</strong></span> <span class='ocrx_word' id='word_1_485' title='bbox 1562 3388 1780 3460; x_wconf 87' lang='lat' dir='ltr'><strong>dijudi-</strong></span> 
     </span>
    </p>
   </div>
   <div class='ocr_carea' id='block_1_67' title="bbox 133 3472 1781 3550">
    <p class='ocr_par' dir='ltr' id='par_1_67' title="bbox 133 3472 1781 3550">
     <span class='ocr_line' id='line_1_67' title="bbox 133 3472 1781 3550; baseline 0.005 -24"><span class='ocrx_word' id='word_1_486' title='bbox 133 3488 265 3527; x_wconf 85' lang='lat' dir='ltr'><strong>care</strong></span> <span class='ocrx_word' id='word_1_487' title='bbox 294 3472 513 3538; x_wconf 88' lang='lat' dir='ltr'><strong>omnia,</strong></span> <span class='ocrx_word' id='word_1_488' title='bbox 546 3474 686 3545; x_wconf 88' lang='lat' dir='ltr'><strong>quia</strong></span> <span class='ocrx_word' id='word_1_489' title='bbox 724 3473 1005 3546; x_wconf 88' lang='lat' dir='ltr'><strong>spiritalis</strong></span> <span class='ocrx_word' id='word_1_490' title='bbox 1052 3476 1339 3547; x_wconf 87' lang='lat' dir='ltr'><strong>dijudicat</strong></span> <span class='ocrx_word' id='word_1_491' title='bbox 1386 3479 1604 3546; x_wconf 88' lang='lat' dir='ltr'><strong>omnia,</strong></span> <span class='ocrx_word' id='word_1_492' title='bbox 1655 3478 1781 3550; x_wconf 90' lang='lat' dir='ltr'><strong>ipse</strong></span> 
     </span>
    </p>
   </div>
   <div class='ocr_carea' id='block_1_68' title="bbox 131 3561 1779 3638">
    <p class='ocr_par' dir='ltr' id='par_1_68' title="bbox 131 3561 1779 3638">
     <span class='ocr_line' id='line_1_68' title="bbox 131 3561 1779 3638; baseline 0.004 -23"><span class='ocrx_word' id='word_1_493' title='bbox 131 3563 329 3615; x_wconf 87' lang='lat' dir='ltr'><strong>autem</strong></span> <span class='ocrx_word' id='word_1_494' title='bbox 380 3576 415 3615; x_wconf 88' lang='lat' dir='ltr'><strong>a</strong></span> <span class='ocrx_word' id='word_1_495' title='bbox 473 3561 707 3616; x_wconf 89' lang='lat' dir='ltr'><strong>nemine</strong></span> <span class='ocrx_word' id='word_1_496' title='bbox 774 3561 1147 3633; x_wconf 89' lang='lat' dir='ltr'><strong>dijudicatur.</strong></span> <span class='ocrx_word' id='word_1_497' title='bbox 1201 3568 1265 3619; x_wconf 82' lang='lat' dir='ltr'><strong>Et</strong></span> <span class='ocrx_word' id='word_1_498' title='bbox 1315 3565 1563 3621; x_wconf 86' lang='lat' dir='ltr'><strong>fortasse</strong></span> <span class='ocrx_word' id='word_1_499' title='bbox 1610 3566 1779 3638; x_wconf 90' lang='lat' dir='ltr'><strong>quasi</strong></span> 
     </span>
    </p>
   </div>
   <div class='ocr_carea' id='block_1_69' title="bbox 129 3647 1778 3725">
    <p class='ocr_par' dir='ltr' id='par_1_69' title="bbox 129 3647 1778 3725">
     <span class='ocr_line' id='line_1_69' title="bbox 129 3647 1778 3725; baseline 0.007 -24"><span class='ocrx_word' id='word_1_500' title='bbox 129 3647 324 3703; x_wconf 85' lang='lat' dir='ltr'><strong>adhuc</strong></span> <span class='ocrx_word' id='word_1_501' title='bbox 363 3647 609 3721; x_wconf 84' lang='lat' dir='ltr'><strong>fragilis,</strong></span> <span class='ocrx_word' id='word_1_502' title='bbox 659 3650 863 3706; x_wconf 88' lang='lat' dir='ltr'><strong>audies</strong></span> <span class='ocrx_word' id='word_1_503' title='bbox 910 3652 1089 3707; x_wconf 89' lang='lat' dir='ltr'><strong>verba</strong></span> <span class='ocrx_word' id='word_1_504' title='bbox 1140 3651 1459 3708; x_wconf 87' lang='lat' dir='ltr'><strong>ineffabilia</strong></span> <span class='ocrx_word' id='word_1_505' title='bbox 1508 3671 1634 3725; x_wconf 62' lang='lat' dir='ltr'><strong>qua</strong></span> <span class='ocrx_word' id='word_1_506' title='bbox 1664 3672 1778 3712; x_wconf 90' lang='lat' dir='ltr'><strong>non</strong></span> 
     </span>
    </p>
   </div>
   <div class='ocr_carea' id='block_1_70' title="bbox 128 3734 1778 3814">
    <p class='ocr_par' dir='ltr' id='par_1_70' title="bbox 128 3734 1778 3814">
     <span class='ocr_line' id='line_1_70' title="bbox 128 3734 1778 3814; baseline 0.005 -24"><span class='ocrx_word' id='word_1_507' title='bbox 128 3734 305 3792; x_wconf 86' lang='lat' dir='ltr'><strong>liceat</strong></span> <span class='ocrx_word' id='word_1_508' title='bbox 331 3735 557 3792; x_wconf 89' lang='lat' dir='ltr'><strong>homini</strong></span> <span class='ocrx_word' id='word_1_509' title='bbox 592 3736 781 3811; x_wconf 90' lang='lat' dir='ltr'><strong>loqui:</strong></span> <span class='ocrx_word' id='word_1_510' title='bbox 817 3743 874 3795; x_wconf 91' lang='lat' dir='ltr'><strong>et</strong></span> <span class='ocrx_word' id='word_1_511' title='bbox 901 3744 1042 3796; x_wconf 87' lang='lat' dir='ltr'><strong>tunc</strong></span> <span class='ocrx_word' id='word_1_512' title='bbox 1073 3742 1226 3813; x_wconf 92' lang='lat' dir='ltr'><strong>quod</strong></span> <span class='ocrx_word' id='word_1_513' title='bbox 1270 3743 1561 3814; x_wconf 89' lang='lat' dir='ltr'><strong>acceperis</strong></span> <span class='ocrx_word' id='word_1_514' title='bbox 1593 3761 1778 3800; x_wconf 89' lang='lat' dir='ltr'><strong>reser-</strong></span> 
     </span>
    </p>
   </div>
   <div class='ocr_carea' id='block_1_71' title="bbox 124 3826 1779 3903">
    <p class='ocr_par' dir='ltr' id='par_1_71' title="bbox 124 3826 1779 3903">
     <span class='ocr_line' id='line_1_71' title="bbox 124 3826 1779 3903; baseline 0.005 -25"><span class='ocrx_word' id='word_1_515' title='bbox 124 3829 282 3891; x_wconf 84' lang='lat' dir='ltr'><strong>vato,</strong></span> <span class='ocrx_word' id='word_1_516' title='bbox 316 3829 374 3880; x_wconf 90' lang='lat' dir='ltr'><strong>et</strong></span> <span class='ocrx_word' id='word_1_517' title='bbox 401 3826 556 3896; x_wconf 90' lang='lat' dir='ltr'><strong>quod</strong></span> <span class='ocrx_word' id='word_1_518' title='bbox 588 3826 843 3883; x_wconf 89' lang='lat' dir='ltr'><strong>audieris</strong></span> <span class='ocrx_word' id='word_1_519' title='bbox 877 3829 1187 3892; x_wconf 88' lang='lat' dir='ltr'><strong>custodito.</strong></span> <span class='ocrx_word' id='word_1_520' title='bbox 1219 3829 1436 3887; x_wconf 90' lang='lat' dir='ltr'><strong>Paulus</strong></span> <span class='ocrx_word' id='word_1_521' title='bbox 1478 3831 1779 3903; x_wconf 87' lang='lat' dir='ltr'><strong>apostolus</strong></span> 
     </span>
    </p>
   </div>
   <div class='ocr_carea' id='block_1_72' title="bbox 127 3912 1780 3985">
    <p class='ocr_par' dir='ltr' id='par_1_72' title="bbox 127 3912 1780 3985">
     <span class='ocr_line' id='line_1_72' title="bbox 127 3912 1780 3985; baseline 0.004 -17"><span class='ocrx_word' id='word_1_522' title='bbox 127 3912 499 3969; x_wconf 82' lang='lat' dir='ltr'><strong>custodiebat</strong></span> <span class='ocrx_word' id='word_1_523' title='bbox 542 3931 616 3970; x_wconf 90' lang='lat' dir='ltr'><strong>ne</strong></span> <span class='ocrx_word' id='word_1_524' title='bbox 667 3914 977 3985; x_wconf 90' lang='lat' dir='ltr'><strong>laberetur,</strong></span> <span class='ocrx_word' id='word_1_525' title='bbox 1034 3917 1121 3972; x_wconf 89' lang='lat' dir='ltr'><strong>vel</strong></span> <span class='ocrx_word' id='word_1_526' title='bbox 1172 3917 1317 3975; x_wconf 87' lang='lat' dir='ltr'><strong>alios</strong></span> <span class='ocrx_word' id='word_1_527' title='bbox 1365 3923 1520 3975; x_wconf 90' lang='lat' dir='ltr'><strong>certe</strong></span> <span class='ocrx_word' id='word_1_528' title='bbox 1568 3920 1780 3976; x_wconf 86' lang='lat' dir='ltr'><strong>faceret</strong></span> 
     </span>
    </p>
   </div>
   <div class='ocr_carea' id='block_1_73' title="bbox 125 4003 1778 4079">
    <p class='ocr_par' dir='ltr' id='par_1_73' title="bbox 125 4003 1778 4079">
     <span class='ocr_line' id='line_1_73' title="bbox 125 4003 1778 4079; baseline 0.007 -25"><span class='ocrx_word' id='word_1_529' title='bbox 125 4015 341 4056; x_wconf 85' lang='lat' dir='ltr'><strong>errare.</strong></span> <span class='ocrx_word' id='word_1_530' title='bbox 394 4003 509 4056; x_wconf 86' lang='lat' dir='ltr'><strong>Aut</strong></span> <span class='ocrx_word' id='word_1_531' title='bbox 552 4003 796 4058; x_wconf 88' lang='lat' dir='ltr'><strong>fortasse</strong></span> <span class='ocrx_word' id='word_1_532' title='bbox 842 4003 971 4060; x_wconf 91' lang='lat' dir='ltr'><strong>ideo</strong></span> <span class='ocrx_word' id='word_1_533' title='bbox 1029 4005 1168 4060; x_wconf 90' lang='lat' dir='ltr'><strong>dicit</strong></span> <span class='ocrx_word' id='word_1_534' title='bbox 1216 4006 1455 4075; x_wconf 91' lang='lat' dir='ltr'><strong>Paulus,</strong></span> <span class='ocrx_word' id='word_1_535' title='bbox 1503 4023 1629 4079; x_wconf 68' lang='lat' dir='ltr'><strong>qua?</strong></span> <span class='ocrx_word' id='word_1_536' title='bbox 1668 4026 1778 4064; x_wconf 88' lang='lat' dir='ltr'><strong>non</strong></span> 
     </span>
    </p>
   </div>
   <div class='ocr_carea' id='block_1_74' title="bbox 126 4087 1778 4167">
    <p class='ocr_par' dir='ltr' id='par_1_74' title="bbox 126 4087 1778 4167">
     <span class='ocr_line' id='line_1_74' title="bbox 126 4087 1778 4167; baseline 0.006 -24"><span class='ocrx_word' id='word_1_537' title='bbox 126 4088 289 4167; x_wconf 78' lang='lat' dir='ltr'><strong>liceat</strong></span> <span class='ocrx_word' id='word_1_538' title='bbox 318 4087 535 4145; x_wconf 81' lang='lat' dir='ltr'><strong>homini</strong></span> <span class='ocrx_word' id='word_1_539' title='bbox 564 4091 716 4162; x_wconf 87' lang='lat' dir='ltr'><strong>loqui</strong></span> <span class='ocrx_word' id='word_1_540' title='bbox 743 4091 817 4161; x_wconf 86' lang='lat' dir='ltr'><strong>(II</strong></span> <span class='ocrx_word' id='word_1_541' title='bbox 840 4091 958 4147; x_wconf 87' lang='lat' dir='ltr'><strong>Cor.</strong></span> <span class='ocrx_word' id='word_1_542' title='bbox 991 4109 1091 4159; x_wconf 79' lang='lat' dir='ltr'><strong>xu,</strong></span> <span class='ocrx_word' id='word_1_543' title='bbox 1140 4095 1215 4163; x_wconf 76' lang='grc'><strong>4),</strong></span> <span class='ocrx_word' id='word_1_544' title='bbox 1249 4094 1387 4167; x_wconf 86' lang='lat' dir='ltr'><strong>quia</strong></span> <span class='ocrx_word' id='word_1_545' title='bbox 1435 4100 1559 4151; x_wconf 89' lang='lat' dir='ltr'><strong>erat</strong></span> <span class='ocrx_word' id='word_1_546' title='bbox 1588 4097 1778 4153; x_wconf 89' lang='lat' dir='ltr'><strong>adhuc</strong></span> 
     </span>
    </p>
   </div>
   <div class='ocr_carea' id='block_1_75' title="bbox 124 4166 1776 4250">
    <p class='ocr_par' dir='ltr' id='par_1_75' title="bbox 124 4166 1776 4250">
     <span class='ocr_line' id='line_1_75' title="bbox 124 4166 1776 4250; baseline 0.006 -19"><span class='ocrx_word' id='word_1_547' title='bbox 124 4174 183 4231; x_wconf 91' lang='lat' dir='ltr'><strong>in</strong></span> <span class='ocrx_word' id='word_1_548' title='bbox 225 4166 490 4250; x_wconf 54' lang='lat' dir='ltr'><strong>&#39;corpore</strong></span> <span class='ocrx_word' id='word_1_549' title='bbox 544 4179 919 4247; x_wconf 88' lang='lat' dir='ltr'><strong>constitutus,</strong></span> <span class='ocrx_word' id='word_1_550' title='bbox 976 4181 1086 4237; x_wconf 90' lang='lat' dir='ltr'><strong>hoc</strong></span> <span class='ocrx_word' id='word_1_551' title='bbox 1147 4166 1283 4245; x_wconf 32' lang='lat' dir='ltr'><strong>ests</strong></span> <span class='ocrx_word' id='word_1_552' title='bbox 1318 4183 1548 4240; x_wconf 86' lang='lat' dir='ltr'><strong>videbat</strong></span> <span class='ocrx_word' id='word_1_553' title='bbox 1603 4185 1776 4242; x_wconf 89' lang='lat' dir='ltr'><strong>istius</strong></span> 
     </span>
    </p>
   </div>
   <div class='ocr_carea' id='block_1_76' title="bbox 124 4266 1775 4341">
    <p class='ocr_par' dir='ltr' id='par_1_76' title="bbox 124 4266 1775 4341">
     <span class='ocr_line' id='line_1_76' title="bbox 124 4266 1775 4341; baseline 0.006 -22"><span class='ocrx_word' id='word_1_554' title='bbox 124 4266 387 4337; x_wconf 85' lang='lat' dir='ltr'><strong>corporis</strong></span> <span class='ocrx_word' id='word_1_555' title='bbox 464 4268 790 4338; x_wconf 88' lang='lat' dir='ltr'><strong>passiones,</strong></span> <span class='ocrx_word' id='word_1_556' title='bbox 864 4269 1101 4326; x_wconf 89' lang='lat' dir='ltr'><strong>videbat</strong></span> <span class='ocrx_word' id='word_1_557' title='bbox 1160 4269 1348 4341; x_wconf 81' lang='lat' dir='ltr'><strong>legem</strong></span> <span class='ocrx_word' id='word_1_558' title='bbox 1405 4272 1600 4328; x_wconf 88' lang='lat' dir='ltr'><strong>carnis</strong></span> <span class='ocrx_word' id='word_1_559' title='bbox 1658 4290 1775 4329; x_wconf 68' lang='lat' dir='ltr'><strong>sum</strong></span> 
     </span>
    </p>
   </div>
   <div class='ocr_carea' id='block_1_77' title="bbox 123 4354 1775 4432">
    <p class='ocr_par' dir='ltr' id='par_1_77' title="bbox 123 4354 1775 4432">
     <span class='ocr_line' id='line_1_77' title="bbox 123 4354 1775 4432; baseline 0.006 -25"><span class='ocrx_word' id='word_1_560' title='bbox 123 4357 555 4426; x_wconf 85' lang='lat' dir='ltr'><strong>repugnantem</strong></span> <span class='ocrx_word' id='word_1_561' title='bbox 588 4354 699 4429; x_wconf 89' lang='lat' dir='ltr'><strong>legi</strong></span> <span class='ocrx_word' id='word_1_562' title='bbox 731 4357 944 4413; x_wconf 89' lang='lat' dir='ltr'><strong>mentis</strong></span> <span class='ocrx_word' id='word_1_563' title='bbox 986 4374 1104 4413; x_wconf 67' lang='lat' dir='ltr'><strong>sum</strong></span> <span class='ocrx_word' id='word_1_564' title='bbox 1148 4359 1289 4429; x_wconf 77' lang='lat' dir='ltr'><strong>(Viri.</strong></span> <span class='ocrx_word' id='word_1_565' title='bbox 1340 4360 1399 4415; x_wconf 91' lang='lat' dir='ltr'><strong>S.</strong></span> <span class='ocrx_word' id='word_1_566' title='bbox 1446 4363 1595 4432; x_wconf 84' lang='lat' dir='ltr'><strong>Aug.</strong></span> <span class='ocrx_word' id='word_1_567' title='bbox 1647 4360 1686 4416; x_wconf 92' lang='lat' dir='ltr'><strong>l.</strong></span> <span class='ocrx_word' id='word_1_568' title='bbox 1736 4379 1775 4417; x_wconf 80' lang='lat' dir='ltr'><strong>Il</strong></span> 
     </span>
    </p>
   </div>
   <div class='ocr_carea' id='block_1_78' title="bbox 125 4439 1774 4518">
    <p class='ocr_par' dir='ltr' id='par_1_78' title="bbox 125 4439 1774 4518">
     <span class='ocr_line' id='line_1_78' title="bbox 125 4439 1774 4518; baseline 0.007 -24"><span class='ocrx_word' id='word_1_569' title='bbox 125 4439 328 4496; x_wconf 82' lang='lat' dir='ltr'><strong>Contra</strong></span> <span class='ocrx_word' id='word_1_570' title='bbox 352 4443 567 4499; x_wconf 82' lang='lat' dir='ltr'><strong>Julian.</strong></span> <span class='ocrx_word' id='word_1_571' title='bbox 601 4444 741 4510; x_wconf 87' lang='lat' dir='ltr'><strong>Pel.,</strong></span> <span class='ocrx_word' id='word_1_572' title='bbox 774 4461 823 4500; x_wconf 94' lang='lat' dir='ltr'><strong>c.</strong></span> <span class='ocrx_word' id='word_1_573' title='bbox 865 4446 919 4513; x_wconf 89' lang='lat'><strong>5,</strong></span> <span class='ocrx_word' id='word_1_574' title='bbox 973 4463 1029 4500; x_wconf 93' lang='lat' dir='ltr'><strong>n.</strong></span> <span class='ocrx_word' id='word_1_575' title='bbox 1085 4448 1194 4518; x_wconf 78' lang='grc'>13).</span> <span class='ocrx_word' id='word_1_576' title='bbox 1243 4447 1363 4503; x_wconf 91' lang='lat' dir='ltr'><strong>Hoc</strong></span> <span class='ocrx_word' id='word_1_577' title='bbox 1413 4448 1570 4504; x_wconf 88' lang='lat' dir='ltr'><strong>enim</strong></span> <span class='ocrx_word' id='word_1_578' title='bbox 1622 4449 1774 4506; x_wconf 89' lang='lat' dir='ltr'><strong>malo</strong></span> 
     </span>
    </p>
   </div>
   <div class='ocr_carea' id='block_1_79' title="bbox 122 4527 1775 4604">
    <p class='ocr_par' dir='ltr' id='par_1_79' title="bbox 122 4527 1775 4604">
     <span class='ocr_line' id='line_1_79' title="bbox 122 4527 1775 4604; baseline 0.006 -22"><span class='ocrx_word' id='word_1_579' title='bbox 122 4527 392 4602; x_wconf 86' lang='lat' dir='ltr'><strong>intelligi,</strong></span> <span class='ocrx_word' id='word_1_580' title='bbox 428 4546 502 4585; x_wconf 92' lang='lat' dir='ltr'><strong>ne</strong></span> <span class='ocrx_word' id='word_1_581' title='bbox 535 4531 839 4587; x_wconf 88' lang='lat' dir='ltr'><strong>videamur</strong></span> <span class='ocrx_word' id='word_1_582' title='bbox 867 4534 1180 4604; x_wconf 89' lang='lat' dir='ltr'><strong>quemdam</strong></span> <span class='ocrx_word' id='word_1_583' title='bbox 1208 4536 1357 4591; x_wconf 73' lang='lat' dir='ltr'><strong>I69</strong></span> <span class='ocrx_word' id='word_1_584' title='bbox 1379 4534 1572 4591; x_wconf 88' lang='lat' dir='ltr'><strong>adhuc</strong></span> <span class='ocrx_word' id='word_1_585' title='bbox 1592 4536 1775 4593; x_wconf 90' lang='lat' dir='ltr'><strong>futuri</strong></span> 
     </span>
    </p>
   </div>
   <div class='ocr_carea' id='block_1_80' title="bbox 1889 3378 3538 3452">
    <p class='ocr_par' dir='ltr' id='par_1_80' title="bbox 1889 3378 3538 3452">
     <span class='ocr_line' id='line_1_80' title="bbox 1889 3378 3538 3452; baseline 0.002 -19"><span class='ocrx_word' id='word_1_586' title='bbox 1889 3378 2036 3433; x_wconf 88' lang='lat' dir='ltr'><strong>vidit</strong></span> <span class='ocrx_word' id='word_1_587' title='bbox 2066 3380 2312 3447; x_wconf 90' lang='lat' dir='ltr'><strong>homini,</strong></span> <span class='ocrx_word' id='word_1_588' title='bbox 2342 3397 2409 3436; x_wconf 90' lang='lat' dir='ltr'><strong>eo</strong></span> <span class='ocrx_word' id='word_1_589' title='bbox 2441 3381 2595 3452; x_wconf 90' lang='lat' dir='ltr'><strong>quod</strong></span> <span class='ocrx_word' id='word_1_590' title='bbox 2628 3381 2916 3452; x_wconf 83' lang='lat' dir='ltr'><strong>ﬁguratus</strong></span> <span class='ocrx_word' id='word_1_591' title='bbox 2962 3395 2995 3437; x_wconf 82' lang='grc' dir='ltr'>θ</span> <span class='ocrx_word' id='word_1_592' title='bbox 3041 3380 3203 3447; x_wconf 88' lang='lat' dir='ltr'><strong>limo,</strong></span> <span class='ocrx_word' id='word_1_593' title='bbox 3254 3386 3319 3437; x_wconf 93' lang='lat' dir='ltr'><strong>ut</strong></span> <span class='ocrx_word' id='word_1_594' title='bbox 3346 3382 3538 3439; x_wconf 87' lang='lat' dir='ltr'><strong>incola</strong></span> 
     </span>
    </p>
   </div>
   <div class='ocr_carea' id='block_1_81' title="bbox 1889 3466 3539 3537">
    <p class='ocr_par' dir='ltr' id='par_1_81' title="bbox 1889 3466 3539 3537">
     <span class='ocr_line' id='line_1_81' title="bbox 1889 3466 3539 3537; baseline 0.005 -18"><span class='ocrx_word' id='word_1_595' title='bbox 1889 3466 2145 3537; x_wconf 87' lang='lat' dir='ltr'><strong>paradisi</strong></span> <span class='ocrx_word' id='word_1_596' title='bbox 2177 3473 2353 3535; x_wconf 88' lang='lat' dir='ltr'><strong>esset,</strong></span> <span class='ocrx_word' id='word_1_597' title='bbox 2387 3466 2609 3523; x_wconf 89' lang='lat' dir='ltr'><strong>electus</strong></span> <span class='ocrx_word' id='word_1_598' title='bbox 2639 3473 2747 3523; x_wconf 90' lang='lat' dir='ltr'><strong>est.</strong></span> <span class='ocrx_word' id='word_1_599' title='bbox 2780 3468 3203 3524; x_wconf 87' lang='lat' dir='ltr'><strong>Considerabat</strong></span> <span class='ocrx_word' id='word_1_600' title='bbox 3230 3469 3386 3526; x_wconf 91' lang='lat' dir='ltr'><strong>enim</strong></span> <span class='ocrx_word' id='word_1_601' title='bbox 3420 3472 3539 3527; x_wconf 87' lang='lat' dir='ltr'><strong>dia-</strong></span> 
     </span>
    </p>
   </div>
   <div class='ocr_carea' id='block_1_82' title="bbox 1889 3553 3534 3630">
    <p class='ocr_par' dir='ltr' id='par_1_82' title="bbox 1889 3553 3534 3630">
     <span class='ocr_line' id='line_1_82' title="bbox 1889 3553 3534 3630; baseline 0.006 -23"><span class='ocrx_word' id='word_1_602' title='bbox 1889 3553 2060 3609; x_wconf 90' lang='lat' dir='ltr'><strong>bolus</strong></span> <span class='ocrx_word' id='word_1_603' title='bbox 2089 3556 2242 3626; x_wconf 91' lang='lat' dir='ltr'><strong>quod</strong></span> <span class='ocrx_word' id='word_1_604' title='bbox 2277 3556 2402 3627; x_wconf 91' lang='lat' dir='ltr'><strong>ipse</strong></span> <span class='ocrx_word' id='word_1_605' title='bbox 2432 3556 2533 3628; x_wconf 91' lang='lat' dir='ltr'><strong>qui</strong></span> <span class='ocrx_word' id='word_1_606' title='bbox 2574 3557 2784 3613; x_wconf 86' lang='lat' dir='ltr'><strong>fuisset</strong></span> <span class='ocrx_word' id='word_1_607' title='bbox 2835 3557 3154 3630; x_wconf 89' lang='lat' dir='ltr'><strong>superioris</strong></span> <span class='ocrx_word' id='word_1_608' title='bbox 3200 3564 3444 3628; x_wconf 63' lang='lat' dir='ltr'><strong>naturae,</strong></span> <span class='ocrx_word' id='word_1_609' title='bbox 3476 3562 3534 3617; x_wconf 91' lang='lat' dir='ltr'><strong>in</strong></span> 
     </span>
    </p>
   </div>
   <div class='ocr_carea' id='block_1_83' title="bbox 1888 3641 3534 3706">
    <p class='ocr_par' dir='ltr' id='par_1_83' title="bbox 1888 3641 3534 3706">
     <span class='ocr_line' id='line_1_83' title="bbox 1888 3641 3534 3706; baseline 0.005 -9"><span class='ocrx_word' id='word_1_610' title='bbox 1888 3641 2010 3697; x_wconf 69' lang='lat' dir='ltr'><strong>haec</strong></span> <span class='ocrx_word' id='word_1_611' title='bbox 2041 3643 2344 3700; x_wconf 69' lang='lat' dir='ltr'><strong>saecularia</strong></span> <span class='ocrx_word' id='word_1_612' title='bbox 2373 3649 2432 3700; x_wconf 90' lang='lat' dir='ltr'><strong>et</strong></span> <span class='ocrx_word' id='word_1_613' title='bbox 2461 3646 2761 3701; x_wconf 88' lang='lat' dir='ltr'><strong>mundana</strong></span> <span class='ocrx_word' id='word_1_614' title='bbox 2780 3646 3111 3701; x_wconf 89' lang='lat' dir='ltr'><strong>deciderat:</strong></span> <span class='ocrx_word' id='word_1_615' title='bbox 3140 3646 3316 3705; x_wconf 89' lang='lat' dir='ltr'><strong>homo</strong></span> <span class='ocrx_word' id='word_1_616' title='bbox 3339 3654 3534 3706; x_wconf 89' lang='lat' dir='ltr'><strong>autem</strong></span> 
     </span>
    </p>
   </div>
   <div class='ocr_carea' id='block_1_84' title="bbox 1887 3730 3537 3812">
    <p class='ocr_par' dir='ltr' id='par_1_84' title="bbox 1887 3730 3537 3812">
     <span class='ocr_line' id='line_1_84' title="bbox 1887 3730 3537 3812; baseline 0.007 -28"><span class='ocrx_word' id='word_1_617' title='bbox 1887 3730 2181 3788; x_wconf 90' lang='lat' dir='ltr'><strong>inferioris</strong></span> <span class='ocrx_word' id='word_1_618' title='bbox 2228 3737 2449 3789; x_wconf 78' lang='lat' dir='ltr'><strong>naturae</strong></span> <span class='ocrx_word' id='word_1_619' title='bbox 2497 3735 2771 3807; x_wconf 86' lang='lat' dir='ltr'><strong>sperabat</strong></span> <span class='ocrx_word' id='word_1_620' title='bbox 2818 3741 3052 3790; x_wconf 65' lang='lat' dir='ltr'><strong>aeterna.</strong></span> <span class='ocrx_word' id='word_1_621' title='bbox 3104 3736 3222 3792; x_wconf 90' lang='lat' dir='ltr'><strong>Hoc</strong></span> <span class='ocrx_word' id='word_1_622' title='bbox 3274 3743 3364 3793; x_wconf 88' lang='lat' dir='ltr'><strong>est</strong></span> <span class='ocrx_word' id='word_1_623' title='bbox 3402 3754 3537 3812; x_wconf 85' lang='lat' dir='ltr'><strong>ergo</strong></span> 
     </span>
    </p>
   </div>
   <div class='ocr_carea' id='block_1_85' title="bbox 1888 3821 3535 3899">
    <p class='ocr_par' dir='ltr' id='par_1_85' title="bbox 1888 3821 3535 3899">
     <span class='ocr_line' id='line_1_85' title="bbox 1888 3821 3535 3899; baseline 0.006 -25"><span class='ocrx_word' id='word_1_624' title='bbox 1888 3822 2043 3891; x_wconf 90' lang='lat' dir='ltr'><strong>quod</strong></span> <span class='ocrx_word' id='word_1_625' title='bbox 2074 3821 2295 3877; x_wconf 89' lang='lat' dir='ltr'><strong>invidet</strong></span> <span class='ocrx_word' id='word_1_626' title='bbox 2322 3823 2558 3879; x_wconf 81' lang='lat' dir='ltr'><strong>dicens:</strong></span> <span class='ocrx_word' id='word_1_627' title='bbox 2593 3824 2705 3879; x_wconf 90' lang='lat' dir='ltr'><strong>Iste</strong></span> <span class='ocrx_word' id='word_1_628' title='bbox 2730 3823 2972 3880; x_wconf 89' lang='lat' dir='ltr'><strong>inferior</strong></span> <span class='ocrx_word' id='word_1_629' title='bbox 3001 3824 3355 3897; x_wconf 84' lang='lat' dir='ltr'><strong>adipiscitur</strong></span> <span class='ocrx_word' id='word_1_630' title='bbox 3380 3829 3535 3899; x_wconf 91' lang='lat' dir='ltr'><strong>quod</strong></span> 
     </span>
    </p>
   </div>
   <div class='ocr_carea' id='block_1_86' title="bbox 1887 3911 3534 3986">
    <p class='ocr_par' dir='ltr' id='par_1_86' title="bbox 1887 3911 3534 3986">
     <span class='ocr_line' id='line_1_86' title="bbox 1887 3911 3534 3986; baseline 0.005 -23"><span class='ocrx_word' id='word_1_631' title='bbox 1887 3924 1993 3982; x_wconf 89' lang='lat' dir='ltr'><strong>ego</strong></span> <span class='ocrx_word' id='word_1_632' title='bbox 2024 3927 2254 3966; x_wconf 82' lang='lat' dir='ltr'><strong>servare</strong></span> <span class='ocrx_word' id='word_1_633' title='bbox 2287 3929 2403 3967; x_wconf 89' lang='lat' dir='ltr'><strong>non</strong></span> <span class='ocrx_word' id='word_1_634' title='bbox 2433 3911 2639 3984; x_wconf 84' lang='lat' dir='ltr'><strong>potui?</strong></span> <span class='ocrx_word' id='word_1_635' title='bbox 2666 3914 2777 3969; x_wconf 87' lang='lat' dir='ltr'><strong>Iste</strong></span> <span class='ocrx_word' id='word_1_636' title='bbox 2821 3914 2892 3969; x_wconf 90' lang='lat' dir='ltr'><strong>de</strong></span> <span class='ocrx_word' id='word_1_637' title='bbox 2939 3913 3111 3969; x_wconf 89' lang='lat' dir='ltr'><strong>terris</strong></span> <span class='ocrx_word' id='word_1_638' title='bbox 3158 3914 3435 3986; x_wconf 84' lang='lat' dir='ltr'><strong>migrabit</strong></span> <span class='ocrx_word' id='word_1_639' title='bbox 3463 3917 3534 3971; x_wconf 88' lang='lat' dir='ltr'><strong>ad</strong></span> 
     </span>
    </p>
   </div>
   <div class='ocr_carea' id='block_1_87' title="bbox 1886 3998 3537 4073">
    <p class='ocr_par' dir='ltr' id='par_1_87' title="bbox 1886 3998 3537 4073">
     <span class='ocr_line' id='line_1_87' title="bbox 1886 3998 3537 4073; baseline 0.005 -21"><span class='ocrx_word' id='word_1_640' title='bbox 1886 3998 2284 4068; x_wconf 64' lang='lat' dir='ltr'><strong>caalum,cum</strong></span> <span class='ocrx_word' id='word_1_641' title='bbox 2330 4016 2435 4072; x_wconf 89' lang='lat' dir='ltr'><strong>ego</strong></span> <span class='ocrx_word' id='word_1_642' title='bbox 2494 4002 2565 4055; x_wconf 93' lang='lat' dir='ltr'><strong>de</strong></span> <span class='ocrx_word' id='word_1_643' title='bbox 2622 4001 2764 4056; x_wconf 61' lang='lat' dir='ltr'><strong>coelo</strong></span> <span class='ocrx_word' id='word_1_644' title='bbox 2822 4001 3023 4073; x_wconf 90' lang='lat' dir='ltr'><strong>lapsus</strong></span> <span class='ocrx_word' id='word_1_645' title='bbox 3080 4002 3136 4056; x_wconf 89' lang='lat' dir='ltr'><strong>in</strong></span> <span class='ocrx_word' id='word_1_646' title='bbox 3196 4010 3349 4058; x_wconf 86' lang='lat' dir='ltr'><strong>terra</strong></span> <span class='ocrx_word' id='word_1_647' title='bbox 3379 4004 3537 4060; x_wconf 87' lang='lat' dir='ltr'><strong>sim?</strong></span> 
     </span>
    </p>
   </div>
   <div class='ocr_carea' id='block_1_88' title="bbox 1886 4085 3534 4164">
    <p class='ocr_par' dir='ltr' id='par_1_88' title="bbox 1886 4085 3534 4164">
     <span class='ocr_line' id='line_1_88' title="bbox 1886 4085 3534 4164; baseline 0.004 -23"><span class='ocrx_word' id='word_1_648' title='bbox 1886 4085 2098 4143; x_wconf 87' lang='lat' dir='ltr'><strong>Multas</strong></span> <span class='ocrx_word' id='word_1_649' title='bbox 2124 4088 2248 4142; x_wconf 87' lang='lat' dir='ltr'><strong>vias</strong></span> <span class='ocrx_word' id='word_1_650' title='bbox 2281 4088 2465 4144; x_wconf 89' lang='lat' dir='ltr'><strong>habeo</strong></span> <span class='ocrx_word' id='word_1_651' title='bbox 2496 4090 2713 4160; x_wconf 89' lang='lat' dir='ltr'><strong>quibus</strong></span> <span class='ocrx_word' id='word_1_652' title='bbox 2755 4090 3055 4146; x_wconf 92' lang='lat' dir='ltr'><strong>hominem</strong></span> <span class='ocrx_word' id='word_1_653' title='bbox 3108 4091 3370 4162; x_wconf 88' lang='lat' dir='ltr'><strong>decipere</strong></span> <span class='ocrx_word' id='word_1_654' title='bbox 3400 4108 3534 4164; x_wconf 92' lang='lat' dir='ltr'><strong>pos-</strong></span> 
     </span>
    </p>
   </div>
   <div class='ocr_carea' id='block_1_89' title="bbox 1885 4174 3533 4247">
    <p class='ocr_par' dir='ltr' id='par_1_89' title="bbox 1885 4174 3533 4247">
     <span class='ocr_line' id='line_1_89' title="bbox 1885 4174 3533 4247; baseline 0.004 -17"><span class='ocrx_word' id='word_1_655' title='bbox 1885 4174 2018 4231; x_wconf 89' lang='lat' dir='ltr'><strong>sim.</strong></span> <span class='ocrx_word' id='word_1_656' title='bbox 2049 4176 2130 4231; x_wconf 90' lang='lat' dir='ltr'><strong>De</strong></span> <span class='ocrx_word' id='word_1_657' title='bbox 2168 4175 2308 4231; x_wconf 89' lang='lat' dir='ltr'><strong>limo</strong></span> <span class='ocrx_word' id='word_1_658' title='bbox 2364 4177 2550 4233; x_wconf 90' lang='lat' dir='ltr'><strong>factus</strong></span> <span class='ocrx_word' id='word_1_659' title='bbox 2600 4182 2872 4246; x_wconf 90' lang='lat' dir='ltr'><strong>est,terra</strong></span> <span class='ocrx_word' id='word_1_660' title='bbox 2909 4178 2959 4234; x_wconf 89' lang='lat' dir='ltr'><strong>ei</strong></span> <span class='ocrx_word' id='word_1_661' title='bbox 3022 4182 3206 4234; x_wconf 89' lang='lat' dir='ltr'><strong>mater</strong></span> <span class='ocrx_word' id='word_1_662' title='bbox 3250 4186 3355 4247; x_wconf 84' lang='lat' dir='ltr'><strong>est,</strong></span> <span class='ocrx_word' id='word_1_663' title='bbox 3408 4197 3533 4236; x_wconf 83' lang='lat' dir='ltr'><strong>cor-</strong></span> 
     </span>
    </p>
   </div>
   <div class='ocr_carea' id='block_1_90' title="bbox 1884 4262 3533 4341">
    <p class='ocr_par' dir='ltr' id='par_1_90' title="bbox 1884 4262 3533 4341">
     <span class='ocr_line' id='line_1_90' title="bbox 1884 4262 3533 4341; baseline 0.006 -24"><span class='ocrx_word' id='word_1_664' title='bbox 1884 4262 2263 4335; x_wconf 91' lang='lat' dir='ltr'><strong>ruptibilibus</strong></span> <span class='ocrx_word' id='word_1_665' title='bbox 2294 4264 2590 4321; x_wconf 90' lang='lat' dir='ltr'><strong>involutus</strong></span> <span class='ocrx_word' id='word_1_666' title='bbox 2620 4270 2727 4322; x_wconf 91' lang='lat' dir='ltr'><strong>est.</strong></span> <span class='ocrx_word' id='word_1_667' title='bbox 2763 4266 2830 4322; x_wconf 86' lang='lat' dir='ltr'><strong>Et</strong></span> <span class='ocrx_word' id='word_1_668' title='bbox 2861 4267 2910 4322; x_wconf 90' lang='lat' dir='ltr'><strong>si</strong></span> <span class='ocrx_word' id='word_1_669' title='bbox 2963 4268 3162 4323; x_wconf 89' lang='lat' dir='ltr'><strong>anima</strong></span> <span class='ocrx_word' id='word_1_670' title='bbox 3213 4269 3533 4341; x_wconf 85' lang='lat' dir='ltr'><strong>superioris</strong></span> 
     </span>
    </p>
   </div>
   <div class='ocr_carea' id='block_1_91' title="bbox 1883 4354 3530 4428">
    <p class='ocr_par' dir='ltr' id='par_1_91' title="bbox 1883 4354 3530 4428">
     <span class='ocr_line' id='line_1_91' title="bbox 1883 4354 3530 4428; baseline 0.005 -22"><span class='ocrx_word' id='word_1_671' title='bbox 1883 4356 2126 4422; x_wconf 65' lang='lat' dir='ltr'><strong>naturai,</strong></span> <span class='ocrx_word' id='word_1_672' title='bbox 2156 4357 2353 4409; x_wconf 90' lang='lat' dir='ltr'><strong>tamen</strong></span> <span class='ocrx_word' id='word_1_673' title='bbox 2385 4358 2442 4409; x_wconf 91' lang='lat' dir='ltr'><strong>et</strong></span> <span class='ocrx_word' id='word_1_674' title='bbox 2470 4354 2598 4427; x_wconf 89' lang='lat' dir='ltr'><strong>ipsa</strong></span> <span class='ocrx_word' id='word_1_675' title='bbox 2636 4354 2829 4428; x_wconf 91' lang='lat' dir='ltr'><strong>lapsui</strong></span> <span class='ocrx_word' id='word_1_676' title='bbox 2881 4359 3075 4428; x_wconf 89' lang='lat' dir='ltr'><strong>potest</strong></span> <span class='ocrx_word' id='word_1_677' title='bbox 3102 4373 3230 4412; x_wconf 87' lang='lat' dir='ltr'><strong>esse</strong></span> <span class='ocrx_word' id='word_1_678' title='bbox 3260 4357 3530 4428; x_wconf 89' lang='lat' dir='ltr'><strong>obnoxia,</strong></span> 
     </span>
    </p>
   </div>
   <div class='ocr_carea' id='block_1_92' title="bbox 1883 4439 3532 4519">
    <p class='ocr_par' dir='ltr' id='par_1_92' title="bbox 1883 4439 3532 4519">
     <span class='ocr_line' id='line_1_92' title="bbox 1883 4439 3532 4519; baseline 0.007 -26"><span class='ocrx_word' id='word_1_679' title='bbox 1883 4439 1944 4494; x_wconf 92' lang='lat' dir='ltr'><strong>in</strong></span> <span class='ocrx_word' id='word_1_680' title='bbox 1975 4441 2234 4513; x_wconf 90' lang='lat' dir='ltr'><strong>corporis</strong></span> <span class='ocrx_word' id='word_1_681' title='bbox 2258 4458 2487 4499; x_wconf 89' lang='lat' dir='ltr'><strong>carcere</strong></span> <span class='ocrx_word' id='word_1_682' title='bbox 2516 4443 2835 4500; x_wconf 88' lang='lat' dir='ltr'><strong>constituta</strong></span> <span class='ocrx_word' id='word_1_683' title='bbox 2859 4462 2873 4512; x_wconf 89' lang='lat'><strong>;</strong></span> <span class='ocrx_word' id='word_1_684' title='bbox 2906 4445 3139 4516; x_wconf 85' lang='lat' dir='ltr'><strong>quando</strong></span> <span class='ocrx_word' id='word_1_685' title='bbox 3161 4462 3266 4518; x_wconf 80' lang='lat' dir='ltr'><strong>ego</strong></span> <span class='ocrx_word' id='word_1_686' title='bbox 3297 4444 3532 4519; x_wconf 88' lang='lat' dir='ltr'><strong>lapsum</strong></span> 
     </span>
    </p>
   </div>
   <div class='ocr_carea' id='block_1_93' title="bbox 1880 4529 3533 4609">
    <p class='ocr_par' dir='ltr' id='par_1_93' title="bbox 1880 4529 3533 4609">
     <span class='ocr_line' id='line_1_93' title="bbox 1880 4529 3533 4609; baseline 0.005 -26"><span class='ocrx_word' id='word_1_687' title='bbox 1880 4529 2062 4584; x_wconf 88' lang='lat' dir='ltr'><strong>vitare</strong></span> <span class='ocrx_word' id='word_1_688' title='bbox 2092 4546 2207 4585; x_wconf 92' lang='lat' dir='ltr'><strong>non</strong></span> <span class='ocrx_word' id='word_1_689' title='bbox 2239 4532 2421 4602; x_wconf 89' lang='lat' dir='ltr'><strong>potui.</strong></span> <span class='ocrx_word' id='word_1_690' title='bbox 2457 4536 2558 4588; x_wconf 85' lang='lat' dir='ltr'><strong>Est</strong></span> <span class='ocrx_word' id='word_1_691' title='bbox 2588 4531 2766 4606; x_wconf 87' lang='lat' dir='ltr'><strong>igitur</strong></span> <span class='ocrx_word' id='word_1_692' title='bbox 2793 4534 2887 4588; x_wconf 91' lang='lat' dir='ltr'><strong>via</strong></span> <span class='ocrx_word' id='word_1_693' title='bbox 2917 4532 3128 4605; x_wconf 89' lang='lat' dir='ltr'><strong>prima,</strong></span> <span class='ocrx_word' id='word_1_694' title='bbox 3174 4543 3240 4590; x_wconf 88' lang='lat' dir='ltr'><strong>ut</strong></span> <span class='ocrx_word' id='word_1_695' title='bbox 3283 4535 3533 4609; x_wconf 87' lang='lat' dir='ltr'><strong>dceipia-</strong></span> 
     </span>
    </p>
   </div>
   <div class='ocr_carea' id='block_1_94' title="bbox 118 4615 3534 4717">
    <p class='ocr_par' dir='ltr' id='par_1_94' title="bbox 118 4615 3534 4717">
     <span class='ocr_line' id='line_1_94' title="bbox 118 4615 3534 4717; baseline 0.004 -50"><span class='ocrx_word' id='word_1_696' title='bbox 118 4615 364 4685; x_wconf 84' lang='lat' dir='ltr'><strong>periculi</strong></span> <span class='ocrx_word' id='word_1_697' title='bbox 408 4618 637 4689; x_wconf 78' lang='lat' dir='ltr'><strong>jactare</strong></span> <span class='ocrx_word' id='word_1_698' title='bbox 683 4622 964 4677; x_wconf 76' lang='lat' dir='ltr'><strong>terrorem</strong></span> <span class='ocrx_word' id='word_1_699' title='bbox 1016 4622 1150 4694; x_wconf 87' lang='grc'>(59),</span> <span class='ocrx_word' id='word_1_700' title='bbox 1203 4622 1263 4678; x_wconf 86' lang='lat' dir='ltr'><strong>Si</strong></span> <span class='ocrx_word' id='word_1_701' title='bbox 1309 4623 1464 4679; x_wconf 81' lang='lat' dir='ltr'><strong>enim</strong></span> <span class='ocrx_word' id='word_1_702' title='bbox 1515 4624 1605 4680; x_wconf 82' lang='lat' dir='ltr'><strong>vel</strong></span> <span class='ocrx_word' id='word_1_703' title='bbox 1645 4642 1775 4697; x_wconf 72' lang='lat' dir='ltr'><strong>pro-</strong></span> <span class='ocrx_word' id='word_1_704' title='bbox 1804 4653 1851 4717; x_wconf 70' lang='grc' dir='ltr'><strong>Β</strong></span> <span class='ocrx_word' id='word_1_705' title='bbox 1880 4621 1998 4716; x_wconf 79' lang='lat' dir='ltr'><strong>tur,</strong></span> <span class='ocrx_word' id='word_1_706' title='bbox 2057 4619 2209 4717; x_wconf 36' lang='lat' dir='ltr'><strong>dum‘</strong></span> <span class='ocrx_word' id='word_1_707' title='bbox 2252 4620 2587 4677; x_wconf 89' lang='lat' dir='ltr'><strong>conditione</strong></span> <span class='ocrx_word' id='word_1_708' title='bbox 2655 4638 2764 4717; x_wconf 79' lang='lat' dir='ltr'><strong>sua</strong></span> <span class='ocrx_word' id='word_1_709' title='bbox 2812 4623 3035 4693; x_wconf 85' lang='lat' dir='ltr'><strong>majora</strong></span> <span class='ocrx_word' id='word_1_710' title='bbox 3086 4623 3397 4717; x_wconf 44' lang='lat' dir='ltr'><strong>desiderat.</strong></span> <span class='ocrx_word' id='word_1_711' title='bbox 3435 4627 3534 4683; x_wconf 86' lang='lat' dir='ltr'><strong>Hic</strong></span> 
     </span>
    </p>
   </div>
   <div class='ocr_carea' id='block_1_95' title="bbox 117 4704 1771 4784">
    <p class='ocr_par' dir='ltr' id='par_1_95' title="bbox 117 4704 1771 4784">
     <span class='ocr_line' id='line_1_95' title="bbox 117 4704 1771 4784; baseline 0.007 -26"><span class='ocrx_word' id='word_1_712' title='bbox 117 4708 247 4774; x_wconf 86' lang='lat' dir='ltr'><strong>pter</strong></span> <span class='ocrx_word' id='word_1_713' title='bbox 272 4704 434 4761; x_wconf 89' lang='lat' dir='ltr'><strong>hanc</strong></span> <span class='ocrx_word' id='word_1_714' title='bbox 476 4704 652 4762; x_wconf 85' lang='lat' dir='ltr'><strong>vitam</strong></span> <span class='ocrx_word' id='word_1_715' title='bbox 712 4709 1017 4778; x_wconf 89' lang='lat' dir='ltr'><strong>securitas,</strong></span> <span class='ocrx_word' id='word_1_716' title='bbox 1069 4714 1133 4765; x_wconf 91' lang='lat' dir='ltr'><strong>ut</strong></span> <span class='ocrx_word' id='word_1_717' title='bbox 1188 4710 1381 4767; x_wconf 90' lang='lat' dir='ltr'><strong>nullos</strong></span> <span class='ocrx_word' id='word_1_718' title='bbox 1431 4714 1771 4784; x_wconf 68' lang='lat' dir='ltr'><strong>praevarica-</strong></span> 
     </span>
    </p>
   </div>
   <div class='ocr_carea' id='block_1_96' title="bbox 118 4790 1773 4877">
    <p class='ocr_par' dir='ltr' id='par_1_96' title="bbox 118 4790 1773 4877">
     <span class='ocr_line' id='line_1_96' title="bbox 118 4790 1773 4877; baseline 0.008 -32"><span class='ocrx_word' id='word_1_719' title='bbox 118 4790 296 4849; x_wconf 88' lang='lat' dir='ltr'><strong>tionis</strong></span> <span class='ocrx_word' id='word_1_720' title='bbox 328 4798 466 4866; x_wconf 88' lang='lat' dir='ltr'><strong>post</strong></span> <span class='ocrx_word' id='word_1_721' title='bbox 490 4793 641 4851; x_wconf 89' lang='lat' dir='ltr'><strong>hanc</strong></span> <span class='ocrx_word' id='word_1_722' title='bbox 673 4797 880 4853; x_wconf 65' lang='lat' dir='ltr'><strong>futurae</strong></span> <span class='ocrx_word' id='word_1_723' title='bbox 910 4797 1150 4871; x_wconf 90' lang='lat' dir='ltr'><strong>laqueos</strong></span> <span class='ocrx_word' id='word_1_724' title='bbox 1180 4800 1602 4857; x_wconf 87' lang='lat' dir='ltr'><strong>formidemus:</strong></span> <span class='ocrx_word' id='word_1_725' title='bbox 1637 4818 1773 4877; x_wconf 90' lang='lat' dir='ltr'><strong>ergo</strong></span> 
     </span>
    </p>
   </div>
   <div class='ocr_carea' id='block_1_97' title="bbox 121 4880 1771 4957">
    <p class='ocr_par' dir='ltr' id='par_1_97' title="bbox 121 4880 1771 4957">
     <span class='ocr_line' id='line_1_97' title="bbox 121 4880 1771 4957; baseline 0.007 -22"><span class='ocrx_word' id='word_1_726' title='bbox 121 4880 464 4956; x_wconf 85' lang='lat' dir='ltr'><strong>quicunque</strong></span> <span class='ocrx_word' id='word_1_727' title='bbox 493 4883 669 4940; x_wconf 84' lang='lat' dir='ltr'><strong>fuerit</strong></span> <span class='ocrx_word' id='word_1_728' title='bbox 719 4885 777 4941; x_wconf 91' lang='lat' dir='ltr'><strong>in</strong></span> <span class='ocrx_word' id='word_1_729' title='bbox 836 4887 1104 4957; x_wconf 89' lang='lat' dir='ltr'><strong>paradiso</strong></span> <span class='ocrx_word' id='word_1_730' title='bbox 1150 4889 1494 4946; x_wconf 88' lang='lat' dir='ltr'><strong>ascensione</strong></span> <span class='ocrx_word' id='word_1_731' title='bbox 1537 4890 1771 4947; x_wconf 89' lang='lat' dir='ltr'><strong>virtutis</strong></span> 
     </span>
    </p>
   </div>
   <div class='ocr_carea' id='block_1_98' title="bbox 119 4968 1770 5047">
    <p class='ocr_par' dir='ltr' id='par_1_98' title="bbox 119 4968 1770 5047">
     <span class='ocr_line' id='line_1_98' title="bbox 119 4968 1770 5047; baseline 0.008 -25"><span class='ocrx_word' id='word_1_732' title='bbox 119 4968 319 5025; x_wconf 86' lang='lat' dir='ltr'><strong>audiet</strong></span> <span class='ocrx_word' id='word_1_733' title='bbox 348 4971 630 5043; x_wconf 78' lang='lat' dir='ltr'><strong>mysteria</strong></span> <span class='ocrx_word' id='word_1_734' title='bbox 657 4972 755 5027; x_wconf 89' lang='lat' dir='ltr'><strong>Dei</strong></span> <span class='ocrx_word' id='word_1_735' title='bbox 784 4989 995 5031; x_wconf 88' lang='lat' dir='ltr'><strong>arcana</strong></span> <span class='ocrx_word' id='word_1_736' title='bbox 1021 4974 1122 5030; x_wconf 89' lang='lat' dir='ltr'><strong>illa</strong></span> <span class='ocrx_word' id='word_1_737' title='bbox 1151 4981 1327 5047; x_wconf 87' lang='lat' dir='ltr'><strong>atque</strong></span> <span class='ocrx_word' id='word_1_738' title='bbox 1376 4981 1598 5034; x_wconf 88' lang='lat' dir='ltr'><strong>secreta</strong></span> <span class='ocrx_word' id='word_1_739' title='bbox 1622 4996 1635 5034; x_wconf 93' lang='lat'><strong>:</strong></span> <span class='ocrx_word' id='word_1_740' title='bbox 1668 4996 1770 5034; x_wconf 90' lang='lat' dir='ltr'><strong>au-</strong></span> 
     </span>
    </p>
   </div>
   <div class='ocr_carea' id='block_1_99' title="bbox 122 5053 1772 5135">
    <p class='ocr_par' dir='ltr' id='par_1_99' title="bbox 122 5053 1772 5135">
     <span class='ocr_line' id='line_1_99' title="bbox 122 5053 1772 5135; baseline 0.009 -27"><span class='ocrx_word' id='word_1_741' title='bbox 122 5053 238 5111; x_wconf 87' lang='lat' dir='ltr'><strong>diet</strong></span> <span class='ocrx_word' id='word_1_742' title='bbox 264 5056 559 5116; x_wconf 88' lang='lat' dir='ltr'><strong>dicentem</strong></span> <span class='ocrx_word' id='word_1_743' title='bbox 590 5060 907 5117; x_wconf 88' lang='lat' dir='ltr'><strong>Dominum</strong></span> <span class='ocrx_word' id='word_1_744' title='bbox 928 5067 1211 5135; x_wconf 84' lang='lat' dir='ltr'><strong>tanquam</strong></span> <span class='ocrx_word' id='word_1_745' title='bbox 1245 5064 1455 5120; x_wconf 88' lang='lat' dir='ltr'><strong>latroni</strong></span> <span class='ocrx_word' id='word_1_746' title='bbox 1487 5065 1569 5121; x_wconf 90' lang='lat' dir='ltr'><strong>illi</strong></span> <span class='ocrx_word' id='word_1_747' title='bbox 1599 5084 1632 5122; x_wconf 91' lang='lat' dir='ltr'><strong>a</strong></span> <span class='ocrx_word' id='word_1_748' title='bbox 1653 5084 1772 5124; x_wconf 88' lang='lat' dir='ltr'><strong>sce-</strong></span> 
     </span>
    </p>
   </div>
   <div class='ocr_carea' id='block_1_100' title="bbox 123 5139 1766 5228">
    <p class='ocr_par' dir='ltr' id='par_1_100' title="bbox 123 5139 1766 5228">
     <span class='ocr_line' id='line_1_100' title="bbox 123 5139 1766 5228; baseline 0.01 -33"><span class='ocrx_word' id='word_1_749' title='bbox 123 5139 235 5199; x_wconf 86' lang='lat' dir='ltr'><strong>lere</strong></span> <span class='ocrx_word' id='word_1_750' title='bbox 263 5147 336 5202; x_wconf 87' lang='lat' dir='ltr'><strong>ad</strong></span> <span class='ocrx_word' id='word_1_751' title='bbox 367 5148 828 5218; x_wconf 89' lang='lat' dir='ltr'><strong>confessionem,</strong></span> <span class='ocrx_word' id='word_1_752' title='bbox 860 5154 917 5206; x_wconf 89' lang='lat' dir='ltr'><strong>et</strong></span> <span class='ocrx_word' id='word_1_753' title='bbox 946 5151 1017 5206; x_wconf 91' lang='lat' dir='ltr'><strong>ad</strong></span> <span class='ocrx_word' id='word_1_754' title='bbox 1050 5152 1224 5207; x_wconf 88' lang='lat' dir='ltr'><strong>ﬁdem</strong></span> <span class='ocrx_word' id='word_1_755' title='bbox 1256 5169 1291 5208; x_wconf 91' lang='lat' dir='ltr'><strong>a</strong></span> <span class='ocrx_word' id='word_1_756' title='bbox 1319 5151 1623 5210; x_wconf 86' lang='lat' dir='ltr'><strong>latrocinio</strong></span> <span class='ocrx_word' id='word_1_757' title='bbox 1653 5156 1766 5228; x_wconf 87' lang='lat'><strong>(60)</strong></span> 
     </span>
    </p>
   </div>
   <div class='ocr_carea' id='block_1_101' title="bbox 195 5302 1764 5443">
    <p class='ocr_par' dir='ltr' id='par_1_101' title="bbox 195 5302 1764 5443">
     <span class='ocr_line' id='line_1_101' title="bbox 195 5302 1764 5380; baseline 0.006 -21"><span class='ocrx_word' id='word_1_758' title='bbox 195 5302 284 5372; x_wconf 86' lang='lat'><strong>(56</strong></span> <span class='ocrx_word' id='word_1_759' title='bbox 331 5305 472 5363; x_wconf 82' lang='lat' dir='ltr'><strong>Mss.</strong></span> <span class='ocrx_word' id='word_1_760' title='bbox 508 5307 676 5363; x_wconf 83' lang='lat' dir='ltr'><strong>Rem.</strong></span> <span class='ocrx_word' id='word_1_761' title='bbox 714 5312 771 5362; x_wconf 88' lang='lat' dir='ltr'><strong>et</strong></span> <span class='ocrx_word' id='word_1_762' title='bbox 818 5307 963 5375; x_wconf 92' lang='lat' dir='ltr'><strong>Div.,</strong></span> <span class='ocrx_word' id='word_1_763' title='bbox 1013 5310 1078 5365; x_wconf 86' lang='lat' dir='ltr'><strong>de</strong></span> <span class='ocrx_word' id='word_1_764' title='bbox 1124 5312 1447 5380; x_wconf 79' lang='lat' dir='ltr'><strong>coqitatibus</strong></span> <span class='ocrx_word' id='word_1_765' title='bbox 1514 5313 1764 5372; x_wconf 84' lang='lat' dir='ltr'><strong>&#39;udicare.</strong></span> 
     </span>
     <span class='ocr_line' id='line_1_102' title="bbox 195 5304 1764 5443; baseline 0.009 -15"><span class='ocrx_word' id='word_1_766' title='bbox 195 5304 303 5443; x_wconf 53' lang='lat' dir='ltr'><strong>(57g</strong></span> <span class='ocrx_word' id='word_1_767' title='bbox 330 5376 469 5434; x_wconf 86' lang='lat' dir='ltr'><strong>Mss.</strong></span> <span class='ocrx_word' id='word_1_768' title='bbox 530 5378 698 5435; x_wconf 89' lang='lat' dir='ltr'><strong>Gem.</strong></span> <span class='ocrx_word' id='word_1_769' title='bbox 757 5382 815 5432; x_wconf 87' lang='lat' dir='ltr'><strong>S.</strong></span> <span class='ocrx_word' id='word_1_770' title='bbox 875 5380 982 5435; x_wconf 88' lang='lat' dir='ltr'><strong>Th.</strong></span> <span class='ocrx_word' id='word_1_771' title='bbox 1039 5384 1097 5437; x_wconf 88' lang='lat' dir='ltr'><strong>et</strong></span> <span class='ocrx_word' id='word_1_772' title='bbox 1128 5382 1186 5437; x_wconf 89' lang='lat' dir='ltr'><strong>S.</strong></span> <span class='ocrx_word' id='word_1_773' title='bbox 1247 5331 1656 5443; x_wconf 50' lang='lat' dir='ltr'><strong>Mich.,/{lctus</strong></span> <span class='ocrx_word' id='word_1_774' title='bbox 1711 5403 1764 5442; x_wconf 89' lang='lat' dir='ltr'><strong>es</strong></span> 
     </span>
    </p>
   </div>
   <div class='ocr_carea' id='block_1_102' title="bbox 134 5450 1407 5519">
    <p class='ocr_par' dir='ltr' id='par_1_102' title="bbox 134 5450 1407 5519">
     <span class='ocr_line' id='line_1_103' title="bbox 134 5450 1407 5519; baseline 0.008 -21"><span class='ocrx_word' id='word_1_775' title='bbox 134 5458 351 5519; x_wconf 63' lang='lat' dir='ltr'><strong>unuse:</strong></span> <span class='ocrx_word' id='word_1_776' title='bbox 377 5450 557 5519; x_wconf 82' lang='lat' dir='ltr'><strong>nobis,</strong></span> <span class='ocrx_word' id='word_1_777' title='bbox 594 5454 654 5506; x_wconf 85' lang='lat' dir='ltr'><strong>ut</strong></span> <span class='ocrx_word' id='word_1_778' title='bbox 684 5450 827 5504; x_wconf 87' lang='lat' dir='ltr'><strong>scias</strong></span> <span class='ocrx_word' id='word_1_779' title='bbox 859 5450 1058 5506; x_wconf 86' lang='lat' dir='ltr'><strong>bonum</strong></span> <span class='ocrx_word' id='word_1_780' title='bbox 1087 5457 1137 5507; x_wconf 88' lang='lat' dir='ltr'><strong>et</strong></span> <span class='ocrx_word' id='word_1_781' title='bbox 1176 5453 1407 5508; x_wconf 87' lang='lat' dir='ltr'><strong>malum.</strong></span> 
     </span>
    </p>
   </div>
   <div class='ocr_carea' id='block_1_103' title="bbox 192 5515 1765 5596">
    <p class='ocr_par' dir='ltr' id='par_1_103' title="bbox 192 5515 1765 5596">
     <span class='ocr_line' id='line_1_104' title="bbox 192 5515 1765 5596; baseline 0.004 -20"><span class='ocrx_word' id='word_1_782' title='bbox 192 5515 294 5596; x_wconf 61' lang='grc'>(58)</span> <span class='ocrx_word' id='word_1_783' title='bbox 319 5520 458 5578; x_wconf 86' lang='lat' dir='ltr'><strong>Mss.</strong></span> <span class='ocrx_word' id='word_1_784' title='bbox 495 5515 698 5596; x_wconf 38' lang='lat' dir='ltr'><strong>Gem”</strong></span> <span class='ocrx_word' id='word_1_785' title='bbox 733 5520 966 5596; x_wconf 85' lang='lat' dir='ltr'><strong>Big._,_S.</strong></span> <span class='ocrx_word' id='word_1_786' title='bbox 1000 5523 1108 5578; x_wconf 90' lang='lat' dir='ltr'><strong>Th.</strong></span> <span class='ocrx_word' id='word_1_787' title='bbox 1151 5528 1209 5579; x_wconf 89' lang='lat' dir='ltr'><strong>et</strong></span> <span class='ocrx_word' id='word_1_788' title='bbox 1256 5524 1314 5580; x_wconf 91' lang='lat' dir='ltr'><strong>S.</strong></span> <span class='ocrx_word' id='word_1_789' title='bbox 1350 5524 1548 5596; x_wconf 89' lang='lat' dir='ltr'><strong>Mich.,</strong></span> <span class='ocrx_word' id='word_1_790' title='bbox 1581 5543 1765 5583; x_wconf 85' lang='lat' dir='ltr'><strong>neces-</strong></span> 
     </span>
    </p>
   </div>
   <div class='ocr_carea' id='block_1_104' title="bbox 137 5590 1487 5668">
    <p class='ocr_par' dir='ltr' id='par_1_104' title="bbox 137 5590 1487 5668">
     <span class='ocr_line' id='line_1_105' title="bbox 137 5590 1487 5668; baseline 0.009 -29"><span class='ocrx_word' id='word_1_791' title='bbox 137 5590 276 5668; x_wconf 51' lang='lat' dir='ltr'><strong>sariq,</strong></span> <span class='ocrx_word' id='word_1_792' title='bbox 302 5597 564 5668; x_wconf 61' lang='lat' dir='ltr'><strong>[rapierch</strong></span> <span class='ocrx_word' id='word_1_793' title='bbox 590 5595 656 5649; x_wconf 83' lang='lat' dir='ltr'><strong>in</strong></span> <span class='ocrx_word' id='word_1_794' title='bbox 682 5590 1029 5668; x_wconf 69' lang='lat' dir='ltr'><strong>paradisum,</strong></span> <span class='ocrx_word' id='word_1_795' title='bbox 1080 5597 1337 5668; x_wconf 74' lang='lat' dir='ltr'><strong>rapiaris,</strong></span> <span class='ocrx_word' id='word_1_796' title='bbox 1379 5600 1487 5651; x_wconf 90' lang='lat' dir='ltr'><strong>etc.</strong></span> 
     </span>
    </p>
   </div>
   <div class='ocr_carea' id='block_1_105' title="bbox 126 5659 1765 5797">
    <p class='ocr_par' dir='ltr' id='par_1_105' title="bbox 126 5659 1765 5797">
     <span class='ocr_line' id='line_1_106' title="bbox 126 5659 1765 5794; baseline 0.001 -72"><span class='ocrx_word' id='word_1_797' title='bbox 126 5659 392 5794; x_wconf 55' lang='grc' dir='ltr'><strong>ωςῗξμιὰ</strong></span> <span class='ocrx_word' id='word_1_798' title='bbox 423 5684 580 5725; x_wconf 88' lang='lat' dir='ltr'><strong>mss.</strong></span> <span class='ocrx_word' id='word_1_799' title='bbox 614 5659 775 5721; x_wconf 62' lang='lat' dir='ltr'><strong>oc&#39;to.</strong></span> <span class='ocrx_word' id='word_1_800' title='bbox 825 5661 957 5733; x_wconf 88' lang='lat' dir='ltr'><strong>Alii,</strong></span> <span class='ocrx_word' id='word_1_801' title='bbox 1007 5659 1064 5720; x_wconf 86' lang='lat' dir='ltr'><strong>et</strong></span> <span class='ocrx_word' id='word_1_802' title='bbox 1121 5659 1240 5722; x_wconf 73' lang='lat' dir='ltr'><strong>edit</strong></span> <span class='ocrx_word' id='word_1_803' title='bbox 1286 5659 1510 5736; x_wconf 82' lang='lat' dir='ltr'><strong>omnes,</strong></span> <span class='ocrx_word' id='word_1_804' title='bbox 1555 5668 1765 5740; x_wconf 86' lang='lat' dir='ltr'><strong>jactare</strong></span> 
     </span>
     <span class='ocr_line' id='line_1_107' title="bbox 246 5756 348 5797; baseline 0 -1"><span class='ocrx_word' id='word_1_805' title='bbox 246 5756 348 5797; x_wconf 85' lang='lat' dir='ltr'><strong>em.</strong></span> 
     </span>
    </p>
   </div>
   <div class='ocr_carea' id='block_1_106' title="bbox 1883 4706 3531 4776">
    <p class='ocr_par' dir='ltr' id='par_1_106' title="bbox 1883 4706 3531 4776">
     <span class='ocr_line' id='line_1_108' title="bbox 1883 4706 3531 4776; baseline 0.007 -16"><span class='ocrx_word' id='word_1_806' title='bbox 1883 4706 2038 4761; x_wconf 89' lang='lat' dir='ltr'><strong>enim</strong></span> <span class='ocrx_word' id='word_1_807' title='bbox 2071 4706 2310 4776; x_wconf 89' lang='lat' dir='ltr'><strong>quidam</strong></span> <span class='ocrx_word' id='word_1_808' title='bbox 2343 4713 2587 4766; x_wconf 90' lang='lat' dir='ltr'><strong>conatus</strong></span> <span class='ocrx_word' id='word_1_809' title='bbox 2616 4714 2707 4765; x_wconf 89' lang='lat' dir='ltr'><strong>est</strong></span> <span class='ocrx_word' id='word_1_810' title='bbox 2732 4710 3056 4766; x_wconf 68' lang='lat' dir='ltr'><strong>industriae.</strong></span> <span class='ocrx_word' id='word_1_811' title='bbox 3084 4711 3303 4768; x_wconf 90' lang='lat' dir='ltr'><strong>Deinde</strong></span> <span class='ocrx_word' id='word_1_812' title='bbox 3334 4716 3531 4772; x_wconf 89' lang='lat' dir='ltr'><strong>carnis</strong></span> 
     </span>
    </p>
   </div>
   <div class='ocr_carea' id='block_1_107' title="bbox 1882 4796 3526 4867">
    <p class='ocr_par' dir='ltr' id='par_1_107' title="bbox 1882 4796 3526 4867">
     <span class='ocr_line' id='line_1_109' title="bbox 1882 4796 3526 4867; baseline 0.005 -17"><span class='ocrx_word' id='word_1_813' title='bbox 1882 4800 1990 4863; x_wconf 89' lang='lat' dir='ltr'><strong>est,</strong></span> <span class='ocrx_word' id='word_1_814' title='bbox 2042 4796 2196 4867; x_wconf 91' lang='lat' dir='ltr'><strong>quod</strong></span> <span class='ocrx_word' id='word_1_815' title='bbox 2245 4813 2363 4852; x_wconf 92' lang='lat' dir='ltr'><strong>non</strong></span> <span class='ocrx_word' id='word_1_816' title='bbox 2412 4797 2644 4866; x_wconf 88' lang='lat' dir='ltr'><strong>habeat,</strong></span> <span class='ocrx_word' id='word_1_817' title='bbox 2715 4800 3063 4855; x_wconf 71' lang='lat' dir='ltr'><strong>desiderare.</strong></span> <span class='ocrx_word' id='word_1_818' title='bbox 3118 4800 3418 4858; x_wconf 87' lang='lat' dir='ltr'><strong>Postremo</strong></span> <span class='ocrx_word' id='word_1_819' title='bbox 3468 4803 3526 4859; x_wconf 93' lang='lat' dir='ltr'><strong>in</strong></span> 
     </span>
    </p>
   </div>
   <div class='ocr_carea' id='block_1_108' title="bbox 1881 4884 3532 4959">
    <p class='ocr_par' dir='ltr' id='par_1_108' title="bbox 1881 4884 3532 4959">
     <span class='ocr_line' id='line_1_110' title="bbox 1881 4884 3532 4959; baseline 0.005 -21"><span class='ocrx_word' id='word_1_820' title='bbox 1881 4899 1998 4954; x_wconf 89' lang='lat' dir='ltr'><strong>quo</strong></span> <span class='ocrx_word' id='word_1_821' title='bbox 2029 4884 2226 4939; x_wconf 89' lang='lat' dir='ltr'><strong>videor</strong></span> <span class='ocrx_word' id='word_1_822' title='bbox 2254 4900 2361 4956; x_wconf 81' lang='lat' dir='ltr'><strong>ego</strong></span> <span class='ocrx_word' id='word_1_823' title='bbox 2393 4887 2668 4943; x_wconf 88' lang='lat' dir='ltr'><strong>omnibus</strong></span> <span class='ocrx_word' id='word_1_824' title='bbox 2708 4904 2837 4944; x_wconf 89' lang='lat' dir='ltr'><strong>esse</strong></span> <span class='ocrx_word' id='word_1_825' title='bbox 2884 4888 3225 4959; x_wconf 89' lang='lat' dir='ltr'><strong>sapientior,</strong></span> <span class='ocrx_word' id='word_1_826' title='bbox 3279 4890 3393 4945; x_wconf 90' lang='lat' dir='ltr'><strong>nisi</strong></span> <span class='ocrx_word' id='word_1_827' title='bbox 3420 4891 3532 4946; x_wconf 89' lang='lat' dir='ltr'><strong>cir-</strong></span> 
     </span>
    </p>
   </div>
   <div class='ocr_carea' id='block_1_109' title="bbox 1881 4973 3528 5042">
    <p class='ocr_par' dir='ltr' id='par_1_109' title="bbox 1881 4973 3528 5042">
     <span class='ocr_line' id='line_1_111' title="bbox 1881 4973 3528 5042; baseline 0.005 -16"><span class='ocrx_word' id='word_1_828' title='bbox 1881 4973 2270 5028; x_wconf 88' lang='lat' dir='ltr'><strong>cumscribam</strong></span> <span class='ocrx_word' id='word_1_829' title='bbox 2303 4973 2622 5042; x_wconf 87' lang='lat' dir='ltr'><strong>hominem,</strong></span> <span class='ocrx_word' id='word_1_830' title='bbox 2672 4981 2730 5030; x_wconf 88' lang='lat' dir='ltr'><strong>et</strong></span> <span class='ocrx_word' id='word_1_831' title='bbox 2777 4976 3037 5032; x_wconf 88' lang='lat' dir='ltr'><strong>versutia</strong></span> <span class='ocrx_word' id='word_1_832' title='bbox 3065 4980 3121 5031; x_wconf 91' lang='lat' dir='ltr'><strong>et</strong></span> <span class='ocrx_word' id='word_1_833' title='bbox 3163 4976 3361 5032; x_wconf 89' lang='lat' dir='ltr'><strong>fraude</strong></span> <span class='ocrx_word' id='word_1_834' title='bbox 3391 4994 3528 5034; x_wconf 91' lang='lat' dir='ltr'><strong>con-</strong></span> 
     </span>
    </p>
   </div>
   <div class='ocr_carea' id='block_1_110' title="bbox 1880 5062 3529 5137">
    <p class='ocr_par' dir='ltr' id='par_1_110' title="bbox 1880 5062 3529 5137">
     <span class='ocr_line' id='line_1_112' title="bbox 1880 5062 3529 5137; baseline 0.003 -20"><span class='ocrx_word' id='word_1_835' title='bbox 1880 5063 2163 5118; x_wconf 84' lang='lat' dir='ltr'><strong>tendam?</strong></span> <span class='ocrx_word' id='word_1_836' title='bbox 2211 5063 2413 5134; x_wconf 89' lang='lat' dir='ltr'><strong>Itaque</strong></span> <span class='ocrx_word' id='word_1_837' title='bbox 2455 5062 2825 5119; x_wconf 80' lang='lat' dir='ltr'><strong>machinatus</strong></span> <span class='ocrx_word' id='word_1_838' title='bbox 2880 5069 2996 5132; x_wconf 89' lang='lat' dir='ltr'><strong>est,</strong></span> <span class='ocrx_word' id='word_1_839' title='bbox 3061 5070 3128 5119; x_wconf 90' lang='lat' dir='ltr'><strong>ut</strong></span> <span class='ocrx_word' id='word_1_840' title='bbox 3175 5071 3289 5120; x_wconf 81' lang='lat' dir='ltr'><strong>neu</strong></span> <span class='ocrx_word' id='word_1_841' title='bbox 3339 5066 3529 5137; x_wconf 90' lang='lat' dir='ltr'><strong>primo</strong></span> 
     </span>
    </p>
   </div>
   <div class='ocr_carea' id='block_1_111' title="bbox 1879 5151 3530 5223">
    <p class='ocr_par' dir='ltr' id='par_1_111' title="bbox 1879 5151 3530 5223">
     <span class='ocr_line' id='line_1_113' title="bbox 1879 5151 3530 5223; baseline 0.005 -20"><span class='ocrx_word' id='word_1_842' title='bbox 1879 5151 2063 5205; x_wconf 84' lang='lat' dir='ltr'><strong>Adam</strong></span> <span class='ocrx_word' id='word_1_843' title='bbox 2097 5151 2442 5220; x_wconf 79' lang='lat' dir='ltr'><strong>adoriretur,</strong></span> <span class='ocrx_word' id='word_1_844' title='bbox 2477 5152 2577 5208; x_wconf 88' lang='lat' dir='ltr'><strong>sed</strong></span> <span class='ocrx_word' id='word_1_845' title='bbox 2604 5152 2792 5207; x_wconf 85' lang='lat' dir='ltr'><strong>Adam</strong></span> <span class='ocrx_word' id='word_1_846' title='bbox 2823 5169 2926 5223; x_wconf 91' lang='lat' dir='ltr'><strong>per</strong></span> <span class='ocrx_word' id='word_1_847' title='bbox 2955 5151 3259 5208; x_wconf 90' lang='lat' dir='ltr'><strong>mulierem</strong></span> <span class='ocrx_word' id='word_1_848' title='bbox 3284 5154 3530 5211; x_wconf 88' lang='lat' dir='ltr'><strong>circum-</strong></span> 
     </span>
    </p>
   </div>
   <div class='ocr_carea' id='block_1_112' title="bbox 1949 5308 3528 5381">
    <p class='ocr_par' dir='ltr' id='par_1_112' title="bbox 1949 5308 3528 5381">
     <span class='ocr_line' id='line_1_114' title="bbox 1949 5308 3528 5381; baseline 0.005 -18"><span class='ocrx_word' id='word_1_849' title='bbox 1949 5311 2061 5381; x_wconf 83' lang='grc'>(60)</span> <span class='ocrx_word' id='word_1_850' title='bbox 2095 5310 2235 5365; x_wconf 88' lang='lat' dir='ltr'><strong>Mss.</strong></span> <span class='ocrx_word' id='word_1_851' title='bbox 2271 5308 2467 5364; x_wconf 88' lang='lat' dir='ltr'><strong>decem</strong></span> <span class='ocrx_word' id='word_1_852' title='bbox 2502 5308 2734 5381; x_wconf 76' lang='lat' dir='ltr'><strong>Optimae</strong></span> <span class='ocrx_word' id='word_1_853' title='bbox 2788 5315 2959 5375; x_wconf 64' lang='lat' dir='ltr'><strong>notae,</strong></span> <span class='ocrx_word' id='word_1_854' title='bbox 3009 5328 3074 5366; x_wconf 90' lang='lat' dir='ltr'><strong>ac</strong></span> <span class='ocrx_word' id='word_1_855' title='bbox 3115 5316 3228 5367; x_wconf 87' lang='lat' dir='ltr'><strong>vet.</strong></span> <span class='ocrx_word' id='word_1_856' title='bbox 3263 5312 3424 5381; x_wconf 90' lang='lat' dir='ltr'><strong>edit.,</strong></span> <span class='ocrx_word' id='word_1_857' title='bbox 3457 5317 3528 5371; x_wconf 85' lang='lat' dir='ltr'><strong>ad</strong></span> 
     </span>
    </p>
   </div>
   <div class='ocr_carea' id='block_1_113' title="bbox 330 5376 3527 5455">
    <p class='ocr_par' dir='ltr' id='par_1_113' title="bbox 330 5376 3527 5455">
     <span class='ocr_line' id='line_1_115' title="bbox 330 5376 3527 5455; baseline 0.003 -24"><span class='ocrx_word' id='word_1_858' title='bbox 330 5376 473 5455; x_wconf 62' lang='lat' dir='ltr'><strong>Mss.</strong></span> <span class='ocrx_word' id='word_1_859' title='bbox 504 5378 698 5455; x_wconf 22' lang='lat' dir='ltr'><strong>AGem.</strong></span> <span class='ocrx_word' id='word_1_860' title='bbox 756 5382 815 5455; x_wconf 67' lang='grc' dir='ltr'>β.</span> <span class='ocrx_word' id='word_1_861' title='bbox 866 5380 982 5455; x_wconf 87' lang='lat' dir='ltr'><strong>_Th.</strong></span> <span class='ocrx_word' id='word_1_862' title='bbox 1039 5384 1097 5437; x_wconf 88' lang='lat' dir='ltr'><strong>et</strong></span> <span class='ocrx_word' id='word_1_863' title='bbox 1128 5376 1206 5437; x_wconf 51' lang='lat' dir='ltr'><strong>Sf</strong></span> <span class='ocrx_word' id='word_1_864' title='bbox 1247 5382 1445 5455; x_wconf 84' lang='lat' dir='ltr'><strong>Mich.,</strong></span> <span class='ocrx_word' id='word_1_865' title='bbox 1476 5376 1656 5455; x_wconf 73' lang='lat' dir='ltr'><strong>factus</strong></span> <span class='ocrx_word' id='word_1_866' title='bbox 1711 5403 1767 5442; x_wconf 73' lang='lat' dir='ltr'><strong>es</strong></span> <span class='ocrx_word' id='word_1_867' title='bbox 1875 5376 2009 5453; x_wconf 77' lang='lat' dir='ltr'><strong>ﬁdei</strong></span> <span class='ocrx_word' id='word_1_868' title='bbox 2037 5381 2410 5455; x_wconf 81' lang='lat' dir='ltr'><strong>latrocinium.</strong></span> <span class='ocrx_word' id='word_1_869' title='bbox 2443 5376 2704 5444; x_wconf 75' lang='lat' dir='ltr'><strong>Quatuor</strong></span> <span class='ocrx_word' id='word_1_870' title='bbox 2732 5397 2867 5435; x_wconf 90' lang='lat' dir='ltr'><strong>cum</strong></span> <span class='ocrx_word' id='word_1_871' title='bbox 2890 5380 3026 5437; x_wconf 87' lang='lat' dir='ltr'><strong>edit.</strong></span> <span class='ocrx_word' id='word_1_872' title='bbox 3054 5384 3250 5450; x_wconf 81' lang='lat' dir='ltr'><strong>Rom.,</strong></span> <span class='ocrx_word' id='word_1_873' title='bbox 3273 5384 3343 5439; x_wconf 87' lang='lat' dir='ltr'><strong>ad</strong></span> <span class='ocrx_word' id='word_1_874' title='bbox 3366 5376 3527 5455; x_wconf 74' lang='lat' dir='ltr'><strong>ﬁdem</strong></span> 
     </span>
    </p>
   </div>
   <div class='ocr_carea' id='block_1_114' title="bbox 1876 5453 2247 5509">
    <p class='ocr_par' dir='ltr' id='par_1_114' title="bbox 1876 5453 2247 5509">
     <span class='ocr_line' id='line_1_116' title="bbox 1876 5453 2247 5509; baseline -0.005 -1"><span class='ocrx_word' id='word_1_875' title='bbox 1876 5470 1907 5508; x_wconf 92' lang='lat' dir='ltr'><strong>a</strong></span> <span class='ocrx_word' id='word_1_876' title='bbox 1940 5453 2247 5509; x_wconf 84' lang='lat' dir='ltr'><strong>latrocinio.</strong></span> 
     </span>
    </p>
   </div>
   <div class='ocr_carea' id='block_1_115' title="bbox 1947 5522 3529 5604">
    <p class='ocr_par' dir='ltr' id='par_1_115' title="bbox 1947 5522 3529 5604">
     <span class='ocr_line' id='line_1_117' title="bbox 1947 5522 3529 5604; baseline 0.007 -27"><span class='ocrx_word' id='word_1_877' title='bbox 1947 5524 2059 5595; x_wconf 87' lang='grc'><strong>(61)</strong></span> <span class='ocrx_word' id='word_1_878' title='bbox 2115 5522 2354 5595; x_wconf 87' lang='lat' dir='ltr'><strong>Antiqui</strong></span> <span class='ocrx_word' id='word_1_879' title='bbox 2413 5522 2631 5594; x_wconf 82' lang='lat' dir='ltr'><strong>aliquot</strong></span> <span class='ocrx_word' id='word_1_880' title='bbox 2689 5541 2856 5592; x_wconf 88' lang='lat' dir='ltr'><strong>mss.,</strong></span> <span class='ocrx_word' id='word_1_881' title='bbox 2931 5540 3049 5596; x_wconf 60' lang='lat' dir='ltr'><strong>quae</strong></span> <span class='ocrx_word' id='word_1_882' title='bbox 3106 5535 3306 5597; x_wconf 88' lang='lat' dir='ltr'><strong>repunt</strong></span> <span class='ocrx_word' id='word_1_883' title='bbox 3359 5546 3529 5604; x_wconf 85' lang='lat' dir='ltr'><strong>super</strong></span> 
     </span>
    </p>
   </div>
   <div class='ocr_carea' id='block_1_116' title="bbox 1873 5598 2098 5652">
    <p class='ocr_par' dir='ltr' id='par_1_116' title="bbox 1873 5598 2098 5652">
     <span class='ocr_line' id='line_1_118' title="bbox 1873 5598 2098 5652; baseline -0.004 -2"><span class='ocrx_word' id='word_1_884' title='bbox 1873 5598 2098 5652; x_wconf 85' lang='lat' dir='ltr'><strong>terram.</strong></span> 
     </span>
    </p>
   </div>
   <div class='ocr_carea' id='block_1_117' title="bbox 1948 5665 3525 5741">
    <p class='ocr_par' dir='ltr' id='par_1_117' title="bbox 1948 5665 3525 5741">
     <span class='ocr_line' id='line_1_119' title="bbox 1948 5665 3525 5741; baseline 0.003 -20"><span class='ocrx_word' id='word_1_885' title='bbox 1948 5667 2061 5739; x_wconf 84' lang='lat'><strong>(62)</strong></span> <span class='ocrx_word' id='word_1_886' title='bbox 2096 5666 2205 5741; x_wconf 79' lang='lat' dir='ltr'><strong>Ms.</strong></span> <span class='ocrx_word' id='word_1_887' title='bbox 2238 5665 2387 5741; x_wconf 85' lang='lat' dir='ltr'><strong>Div.,</strong></span> <span class='ocrx_word' id='word_1_888' title='bbox 2437 5668 2751 5738; x_wconf 78' lang='lat' dir='ltr'><strong>appellatur</strong></span> <span class='ocrx_word' id='word_1_889' title='bbox 2804 5668 3099 5741; x_wconf 82' lang='lat' dir='ltr'><strong>sapientia,</strong></span> <span class='ocrx_word' id='word_1_890' title='bbox 3157 5684 3283 5741; x_wconf 67' lang='lat' dir='ltr'><strong>qua?</strong></span> <span class='ocrx_word' id='word_1_891' title='bbox 3337 5679 3415 5728; x_wconf 84' lang='lat' dir='ltr'><strong>est</strong></span> <span class='ocrx_word' id='word_1_892' title='bbox 3444 5672 3525 5726; x_wconf 85' lang='lat' dir='ltr'><strong>di-</strong></span> 
     </span>
    </p>
   </div>
   <div class='ocr_carea' id='block_1_118' title="bbox 1876 5738 2561 5796">
    <p class='ocr_par' dir='ltr' id='par_1_118' title="bbox 1876 5738 2561 5796">
     <span class='ocr_line' id='line_1_120' title="bbox 1876 5738 2561 5796; baseline -0.001 -2"><span class='ocrx_word' id='word_1_893' title='bbox 1876 5738 1999 5795; x_wconf 85' lang='lat' dir='ltr'><strong>vino</strong></span> <span class='ocrx_word' id='word_1_894' title='bbox 2030 5738 2286 5796; x_wconf 85' lang='lat' dir='ltr'><strong>mandato</strong></span> <span class='ocrx_word' id='word_1_895' title='bbox 2314 5738 2561 5796; x_wconf 83' lang='lat' dir='ltr'><strong>adversa.</strong></span> 
     </span>
    </p>
   </div>
  </div>
