3910 6210
454 332 574 413 819

1908 342 1974 409 S.
2021 342 2399 417 AMBROSH

3692 362 3784 451 Ἀρ

451 477 706 539 scribere
735 487 1060 541 conaretur.
1088 480 1214 543 Non
1238 478 1486 539 adorsus
1532 485 1622 540 est
1667 499 1803 541 eum
1851 483 1952 556 qui
1997 499 2089 537 co-
2124 482 2179 548 Α
2209 484 2357 555 ligno
2387 504 2495 545 non
2524 487 2691 547 edetis
2711 506 2730 545 :
2764 504 2911 549 cum
2944 489 3017 553 de
3047 506 3162 550 uno
3190 492 3422 555 tantum
3471 491 3610 571 ligno
3635 497 3778 554 scien~

451 587 578 663 ram
607 576 907 645 acceperat
948 572 1174 629 cccleste
1218 574 1594 630 mandatum:
1647 573 1746 631 sed
1777 590 1906 631 eam
1938 576 2094 632 170
2203 577 2296 631 tiae
2327 577 2478 634 boni‘
2500 582 2556 635 et
2589 578 2727 636 mali
2768 581 3107 654 praeceperit
3125 586 3279 640 Deus
3299 599 3415 641 non
3447 599 3561 642 esse
3586 591 3781 663 gustan-

450 661 698 717 adorsus
727 667 816 718 est
846 680 973 735 quas
1004 680 1037 719 a
1067 663 1186 720 viro
1219 663 1521 731 didicerat,
1562 680 1677 719 non
1723 682 1758 719 a
1804 664 1918 719 Deo
1950 662 2089 735 quid
2201 668 2365 725 dum.
2400 670 2526 738 Qua
2571 670 2797 741 ratione
2845 675 3042 728 autem
3088 671 3380 737 fefellerit,
3427 672 3560 730 nihil
3586 657 3780 746 mirum,

448 749 796 818 observaret,
858 758 1173 823 acceperat.
1234 752 1433 826 Neque
1506 752 1660 809 enim
1718 752 1900 808 habes
1951 752 2089 824 quia
2199 757 2337 829 quia
2384 758 2455 814 iis
2502 759 2601 830 qui
2657 759 2913 832 aliquem
2976 760 3453 818 circumscribere
3524 769 3777 831 conantur,

447 838 676 895 mulieri
729 839 873 895 dixit
924 842 1090 908 Deus,
1143 842 1242 897 sed
1291 842 1431 913 quia
1474 843 1610 897 Adze
1658 841 1836 908 dixit;
1868 844 1924 896 et
1955 841 2082 896 ideo

444 944 548 999 per
578 929 765 985 Adam
794 932 1134 1002 cognovisse
1166 931 1378 987 mulier
1409 931 1755 987 aestimanda
1785 935 1898 987 est.
1962 926 1969 931 ’

511 1018 599 1071 55.
634 1017 1000 1090 Cognoscens
1031 1019 1211 1092 igitur
1239 1019 1491 1075 hocloco
1512 1019 1851 1075 tentamenti
1876 1035 2084 1091 genus,

442 1103 698 1176 plurima
726 1106 901 1163 etiam
936 1106 1066 1164 aliis
1100 1109 1239 1164 locis
1268 1109 1613 1164 tentamenti
1662 1125 1875 1181 genera
1921 1125 2081 1180 repe-

442 1194 576 1250 ries.
612 1194 741 1250 Alia
770 1201 908 1252 sunt
930 1213 1031 1269 per
1051 1198 1372 1269 principem
1394 1197 1564 1254 istius
1589 1199 1788 1253 mundi
1810 1199 1908 1270 qui
1932 1213 2085 1269 qua:-

441 1283 577 1339 dam
607 1301 828 1349 venena
858 1285 1156 1358 sapientia:
1187 1288 1243 1340 in
1278 1287 1430 1342 hunc
1474 1289 1758 1342 mundum
1789 1285 2078 1352 evomuit;

440 1375 505 1426 ut
533 1389 667 1429 vera
724 1379 995 1446 putarent
1049 1376 1317 1431 homines
1373 1393 1500 1431 esse
1557 1393 1685 1448 quae
1743 1376 1889 1432 falsa
1919 1380 2078 1443 sunt,

437 1466 493 1519 et
510 1464 700 1535 specie
718 1465 970 1536 quadam
996 1465 1303 1520 hominum
1338 1470 1641 1537 caperetur
1670 1466 2078 1521 atfectus.Non

435 1554 592 1608 enim
624 1571 855 1626 semper
883 1553 1051 1626 quasi
1078 1559 1314 1626 apertus
1362 1554 1550 1610 hostis
1580 1555 1942 1628 ingreditur:
1977 1556 2079 1611 sed

434 1646 573 1699 sunt
614 1644 881 1714 quasdam
927 1647 1243 1715 potestates
1288 1660 1415 1715 quae
1465 1660 1724 1699 amorem
1773 1643 2075 1709 simulent,

433 1734 799 1806 gratiamque
842 1735 1237 1805 praetendant;
1284 1738 1351 1788 ut
1397 1732 1678 1805 paulatim
1711 1732 2076 1805 cogitationi-

2198 849 2557 904 consuetudo
2589 853 2678 904 est
2714 849 2933 906 fallere.
2963 850 3090 907 Non
3132 854 3223 906 est
3251 850 3430 923 igitur
3456 851 3780 925 interrogatio

2197 936 2384 993 otiosa
2413 938 2723 1010 serpentis.
2771 939 2881 995 Sed
2914 942 2980 995 ut
3010 938 3162 995 scias
3191 939 3251 995 in
3297 940 3561 1013 mandato
3596 941 3778 997 nullum

2194 1024 2402 1081 vitium
2433 1043 2563 1083 esse
2605 1027 2885 1100 potuisse,
2917 1028 3220 1101 respondit
3251 1028 3481 1094 mulier,
3513 1032 3571 1084 ut
3599 1028 3781 1084 habes:

2193 1115 2274 1170 Ea:
2302 1118 2453 1171 omni
2502 1117 2653 1186 ligno
2692 1117 2950 1189 paradisi
2997 1117 3492 1174 manducabimus:
3533 1117 3595 1172 de
3636 1120 3783 1187 fructu

2190 1208 2375 1259 autem
2404 1206 2544 1275 ligni
2570 1207 2711 1278 quod
2750 1211 2830 1263 est
2860 1209 2920 1263 in
2948 1206 3124 1263 medio
3168 1206 3451 1279 paradiso,
3480 1206 3615 1261 dixit
3638 1207 3783 1261 Deus:

2189 1292 2307 1349 Non
2335 1295 2740 1363 mamlztcabitis
2768 1312 2837 1352 ex
2863 1312 2943 1360 eo,
2975 1311 3145 1368 neque
3170 1297 3405 1366 tangrtis
3456 1297 3593 1351 171
3639 1310 3699 1349 ea:
3719 1310 3783 1363 eo,

2186 1399 2257 1439 ne
2285 1388 2456 1439 morte
2499 1386 2823 1440 moriamini
2867 1383 3027 1456 (Ibid.-
3072 1386 3127 1451 2,
3161 1385 3236 1456 3).
3281 1384 3344 1439 In
3391 1383 3650 1439 mandato
3678 1380 3788 1453 qui-

2188 1477 2323 1533 dem
2371 1473 2602 1530 nullum
2634 1474 2839 1530 vitium
2868 1477 2978 1540 est,
3010 1473 3108 1529 sed
3143 1473 3202 1527 in
3234 1470 3511 1528 relatione
3538 1469 3783 1527 mandati.

2188 1564 2413 1621 Etenim
2445 1567 2734 1635 quantum
2785 1578 3040 1635 praesens
3092 1560 3263 1617 lectio
3308 1561 3494 1625 docet,
3540 1559 3781 1615 discimus

2187 1653 2335 1710 nihil
2356 1652 2443 1709 vel
2465 1651 2754 1709 cautionis
2801 1651 2991 1724 gratia
3011 1652 3259 1725 jungere
3284 1665 3392 1727 nos
3424 1649 3617 1706 debere
3645 1662 3779 1703 man-

2186 1743 2341 1799 dato.
2374 1741 2435 1797 Si
2465 1741 2605 1813 quid
2636 1740 2793 1798 enim
2823 1739 2912 1796 vel
2943 1739 3126 1796 addas
3153 1738 3244 1795 vel
3283 1737 3573 1814 detrahas,
3602 1752 3781 1809 preva-

433 1821 544 1878 bus
601 1822 820 1878 nostris
873 1839 1156 1877 venenum
1217 1840 1335 1878 31183
1384 1821 1711 1894 iniquitatis
1762 1821 2073 1889 Dfundant,
2105 1853 2154 1918 B
2185 1831 2385 1887 ricalio
2428 1830 2697 1903 quaedam
2744 1830 2977 1887 videtur
3019 1845 3147 1884 esse
3178 1828 3465 1885 mandati.
3496 1827 3636 1883 Pura
3661 1824 3787 1881 enim

432 1927 466 1967 a
521 1911 738 1983 quibus
791 1912 1060 1967 oriuntur
1116 1911 1217 1967 illa
1258 1916 1497 1983 peccata
1546 1928 1675 1983 qua:
1722 1911 1810 1966 vel
1859 1928 1929 1967 ex
1971 1911 2071 1967 de-

429 1998 758 2068 lectatione,
787 2000 877 2057 vel
932 2018 1001 2056 ex
1057 2001 1311 2072 quadam
1366 2000 1581 2055 mentis
1632 2000 1908 2056 facilitate
1966 2017 2073 2055 na-

428 2094 692 2146 scuntur.
755 2090 906 2146 Sunt
948 2090 1122 2146 etiam
1172 2089 1298 2145 alia;
1348 2092 1660 2161 potestates
1718 2105 1844 2160 qua:
1893 2089 2072 2145 veluti

426 2178 819 2235 colluctantur
864 2179 1194 2235 nobiscum.
1256 2178 1419 2233 Unde
1471 2182 1527 2233 et
1584 2178 1892 2250 Apostolus
1947 2179 2068 2234 ait:

429 2267 569 2336 Quia
612 2284 720 2323 non
770 2276 848 2324 est
891 2269 1046 2325 nobis
1095 2268 1402 2323 colluctatio
1447 2267 1703 2322 adversus
1755 2284 1975 2323 carnem
2019 2272 2070 2323 et

422 2360 770 2428 sanguinem,
821 2358 913 2413 sed
967 2357 1224 2413 adversus
1291 2358 1663 2428 principatus,
1720 2360 1771 2413 et
1830 2365 2067 2427 potesta-

422 2449 520 2518 tes,
560 2451 610 2503 et
658 2455 890 2503 rectores
948 2447 1113 2517 hujus
1164 2446 1377 2514 mundi,
1435 2446 1789 2501 tenebrarum
1846 2446 2066 2511 harum,

421 2537 679 2593 adversus
726 2537 1034 2609 nequitiam
1094 2536 1436 2606 spiritalium
1491 2550 1617 2607 qua:
1676 2542 1804 2590 sunt
1847 2538 1909 2590 in
1964 2551 2066 2590 cte-

422 2625 646 2682 lestibus
701 2626 914 2698 (Ephes,
980 2643 1055 2680 v1.
1114 2624 1223 2694 l2).
1280 2623 1498 2679 Volunt
1555 2622 1711 2678 enim
1786 2622 1896 2678 hac
1952 2640 2069 2695 qua

422 2715 557 2771 dam
605 2715 977 2771 contentione
1032 2730 1141 2769 nos
1190 2714 1475 2784 frangere,
1525 2715 1584 2766 et
1639 2711 1817 2767 veluti
1875 2712 2066 2784 quod-

421 2801 556 2857 dam
589 2804 798 2858 animte
828 2806 1037 2858 nostris
1070 2816 1282 2872 corpus
1313 2798 1546 2854 elidere.
1574 2799 1735 2854 Unde
1762 2803 1819 2855 et
1851 2799 2066 2855 Paulus

421 2890 588 2960 quasi
610 2891 799 2945 bonus
830 2889 1050 2945 athleta
1078 2905 1194 2942 non
1223 2885 1416 2943 solum
1448 2887 1600 2942 ictus
1630 2888 2065 2943 adversantium

421 2981 776 3050 potestatum
828 2977 1009 3032 vitare
1055 2980 1420 3048 cognoverat,
1470 2992 1673 3031 verum
1732 2976 1908 3032 etiam
1956 2977 2058 3033 ad-

419 3069 721 3122 versantes
754 3064 942 3121 ferire.
972 3064 1136 3120 Unde
1164 3067 1221 3120 et
1246 3064 1361 3120 ait:
1398 3066 1650 3120 Percutio
1697 3067 1920 3136 pugnis,
1953 3082 2062 3122 non

421 3158 479 3210 ut
502 3171 632 3211 aera
660 3155 866 3210 credens
893 3156 941 3225 (Ι
968 3153 1092 3209 Cor.
1125 3170 1201 3222 1x,
1244 3153 1356 3224 26).
1408 3154 1476 3209 Et
1506 3153 1633 3209 ideo
1664 3154 1832 3225 quasi
1872 3155 2063 3210 bonus

2184 1921 2240 1994 (3
2269 1938 2357 1993 qu.
2390 1938 2467 1987 1x,
2502 1936 2557 1975 ο.
2591 1920 2763 1991 Pura)
2810 1923 2869 1975 et
2914 1917 3167 1991 simplex
3196 1917 3461 1973 mandati
3493 1916 3669 1973 forma
3693 1929 3785 1968 ser-

2179 2012 2387 2078 vanda,
2432 2008 2521 2066 vel
2567 2007 2887 2066 testimonii
2936 2007 3116 2064 series
3164 2006 3498 2062 intimanda
3543 2008 3643 2061 est.
3689 2000 3787 2056 Ple-

2181 2115 2431 2170 rumque
2461 2097 2629 2153 testis
2660 2096 2803 2153 dum
2835 2094 3059 2167 aliquid
3092 2095 3165 2150 ad
3196 2093 3412 2151 seriem
3440 2096 3711 2167 gestorum
3736 2104 3789 2143 ex

2180 2204 2286 2245 suo
2317 2184 2537 2257 adjicit,
2560 2187 2743 2241 totam
2764 2180 3087 2239 testimonii
3110 2182 3283 2238 ﬁdem
3309 2180 3502 2253 partis
3530 2173 3790 2235 mendacio

2178 2274 2489 2331 decolorat.
2539 2271 2696 2329 Nihil
2744 2271 2927 2344 igitur
2968 2270 3058 2327 vel
3105 2270 3263 2343 quod
3311 2270 3535 2327 bonum
3578 2265 3787 2327 videtur.

2178 2363 2511 2420 addendum
2542 2365 2649 2418 est.
2682 2360 2951 2432 Namque
2978 2358 3074 2415 hic
3106 2357 3246 2432 quid
3277 2354 3619 2414 offensionis
3644 2350 3792 2408 habet

2176 2451 2366 2524 prima
2396 2450 2587 2523 specie
2615 2449 2771 2520 quod
2824 2447 3051 2504 addidit
3107 2445 3353 2505 mulier:
3410 2447 3589 2517 Neque
3631 2446 3788 2508 tange-

2176 2542 2246 2596 tis
2297 2556 2368 2597 ex
2422 2554 2481 2596 eo
2533 2537 2831 2610 quidquam
2867 2539 2893 2589 .9
2952 2537 3198 2607 Tangetis
3255 2534 3418 2592 enim
3484 2533 3634 2590 Deus
3694 2542 3791 2582 non

2176 2628 2418 2697 dixerat,
2457 2627 2560 2683 sed
2612 2640 2725 2682 non
2754 2624 2943 2682 edetis.
2994 2623 3105 2680 Sed
3136 2627 3333 2701 tamen
3391 2623 3595 2695 lapsus
3624 2613 3798 2687 incipit

2174 2734 2302 2775 esse
2359 2715 2732 2789 principium.
2794 2713 2940 2771 Nam
2983 2728 3112 2784 quae
3171 2710 3423 2778 addidit,
3465 2705 3798 2782 superﬂuum

2175 2805 2422 2873 addidit,
2450 2802 2538 2860 vel
2568 2802 2835 2860 addendo
2866 2802 2938 2858 de
2968 2800 3203 2873 proprio
3235 2799 3628 2871 semiplenam
3658 2789 3800 2851 intel-

2174 2893 2314 2949 lexit
2349 2893 2451 2950 Dei
2489 2908 2619 2949 esse
2659 2890 3027 2961 mandatum.
3081 2888 3262 2946 Docet
3300 2887 3486 2969 igitur
3541 2901 3643 2943 nos
3681 2896 3799 2969 praef

2174 2984 2358 3040 sentis
2419 2981 2602 3045 series
2652 2978 2922 3039 lectionis
2982 2992 3174 3050 neque
3230 2977 3543 3053 detrahere
3609 2967 3803 3043 aliquid

2173 3071 2386 3129 divinis
2423 3071 2635 3129 debere
2696 3067 3013 3133 mandatis,
3071 3082 3262 3138 neque
3312 3066 3553 3125 addere.
3596 3061 3730 3120 Nam
3763 3054 3801 3110 si

2172 3162 2427 3218 Joannes
2464 3159 2574 3215 hoc
2622 3156 2911 3229 judicavit
2966 3156 3037 3212 de
3090 3154 3216 3212 suis
3274 3155 3561 3233 scriptis:
3604 3152 3662 3208 Si
3705 3147 3807 3221 quis

419 3244 634 3301 athleta
664 3245 734 3300 ad
768 3222 1042 3300 coronam
1093 3222 1325 3299 meruit
1352 3222 1699 3314 pervenire:
1715 3243 1862 3315 Ergo
1907 3242 2063 3298 mul-
2094 3222 2138 3289 (ἶ
2174 3251 2504 3322 appos-uarii,
2545 3222 2759 3319 inquit,
2808 3244 2881 3303 ad
2927 3244 3042 3319 hoe,
3084 3243 3327 3316 adjiciet
3370 3222 3435 3298 in
3485 3243 3648 3298 illum
3689 3239 3805 3293 Deus

417 3334 639 3407 tiplieia
670 3337 1031 3389 tentamenta
1062 3337 1201 3389 sunt
1229 3331 1467 3386 diaboli.
1509 3332 1577 3386 Et
1610 3331 1745 3387 ideo
1785 3331 2064 3403 bilinguis

417 3439 660 3495 serpens
697 3422 946 3477 habetur
991 3426 1166 3494 atque
1216 3419 1472 3487 lethalis,
1515 3435 1581 3475 eo
1650 3419 1803 3492 quod
1847 3419 2063 3476 diaboli

421 3511 691 3567 minister
719 3510 878 3566 aliud
912 3510 1114 3583 lingua
1142 3510 1436 3582 loquatur,
1471 3507 1628 3563 aliud
1680 3509 1851 3564 corde
1882 3508 2063 3564 medi-

422 3603 594 3656 tetur.
628 3600 777 3655 Sunt
812 3604 869 3655 et
898 3599 993 3671 alii
1027 3598 1279 3654 ministri
1329 3598 1430 3670 qui
1477 3601 1536 3653 et
1580 3598 1771 3653 cordis
1825 3601 1882 3652 et
1909 3598 2065 3654 vocis

422 3705 542 3743 sum
571 3688 814 3744 infectas
856 3703 1076 3744 veneno
1118 3685 1297 3742 veluti
1349 3687 1655 3741 verborum
1706 3702 1945 3741 suorum
1972 3687 2065 3757 ja-

420 3780 581 3832 ctant
653 3776 917 3849 sagittas,
985 3775 1200 3847 quibus
1271 3774 1553 3830 Dominus
1608 3774 1726 3830 ait:
1784 3774 2067 3830 Generatio

419 3868 752 3938 viperarum,
795 3864 1055 3937 quomodo
1103 3866 1324 3930 potestis
1374 3863 1513 3918 bona
1569 3864 1739 3933 loqui,
1793 3880 1917 3919 cum
1946 3865 2067 3920 sitis

418 3957 558 4011 mali
587 3956 804 4028 (Matth.
838 3972 936 4023 xu,
959 3955 1050 4026 34)
1070 3958 1096 4006 .9

489 4047 579 4101 56.
612 4047 679 4101 Et
721 4046 871 4100 dixit
925 4057 1146 4114 serpens
1200 4041 1461 4097 mulieri:
1517 4040 1658 4108 Quid
1712 4042 1897 4111 utique
1923 4040 2070 4097 dixit

418 4136 579 4204 Deus,
609 4150 679 4190 ne
707 4134 883 4190 edulis
912 4149 982 4189 ex
1006 4133 1157 4188 omni
1199 4132 1348 4201 ligno
1378 4129 1518 4200 quod
1547 4132 1624 4184 est
1671 4131 1731 4184 in
1765 4130 2025 4201 paradiso
2044 4133 2071 4184 ?

419 4227 481 4280 Et
511 4225 657 4281 dixit
685 4226 887 4279 mulier
940 4222 1221 4294 serpenti:
1276 4221 1359 4274 Ea:
1409 4220 1561 4274 omni
1616 4219 1765 4289 ligno
1817 4219 2073 4291 paradisi

417 4313 910 4369 manducabimus:
956 4311 1021 4366 de
1068 4313 1256 4381 fructu
1296 4312 1479 4363 autem
1522 4308 1664 4378 ligni
1717 4309 1864 4379 quod
1893 4311 1971 4364 est
2008 4309 2069 4364 in

416 4402 596 4457 medio
639 4402 909 4472 paradisi,
962 4400 1105 4456 dixit
1163 4400 1337 4459 Deus;
1386 4398 1502 4452 Non
1548 4396 1949 4452 mandacabitis
1998 4412 2072 4452 ea:

421 4505 501 4553 eo,
533 4506 705 4560 neque
751 4490 981 4559 tangetis
1039 4505 1109 4543 ex
1164 4503 1245 4554 eo,
1290 4501 1361 4540 ne
1409 4485 1734 4540 moriemini
1760 4484 2004 4555 (Genui,
2034 4488 2071 4540 2

2169 3340 2381 3411 plagas,
2436 3353 2556 3408 qua
2610 3335 2831 3406 scripta:
2881 3341 3012 3389 sunt
3070 3333 3133 3388 in
3185 3332 3327 3389 libro
3389 3333 3499 3390 isto
3539 3350 3560 3386 :
3631 3332 3681 3385 et
3730 3322 3808 3398 qui

2172 3427 2463 3499 dempserit
2515 3424 2584 3481 de
2636 3423 2820 3479 verbis
2874 3421 2961 3479 his
3014 3420 3319 3494 prophetia:
3375 3421 3571 3499 hujus,
3627 3413 3845 3491 delebit

2172 3498 2319 3572 Deus
2351 3521 2569 3586 partem
2623 3511 2779 3569 illius
2833 3508 2900 3569 de
2937 3510 3078 3566 libro
3115 3511 3249 3566 vita?
3308 3498 3502 3581 (Apoc.
3562 3522 3699 3585 xxxi,
3738 3502 3807 3567 l8,

2174 3604 2311 3675 19):
2372 3605 2590 3674 quanto
2652 3597 2798 3656 nihil
2855 3598 3069 3657 divinis
3131 3598 3437 3654 mandatis
3497 3602 3590 3654 est
3642 3595 3807 3650 detra-

2172 3689 2466 3748 hendum!
2505 3688 2648 3747 Hinc
2677 3702 2814 3760 ergo
2844 3685 3018 3759 cmpit
3043 3686 3456 3759 praevaricatio
3489 3684 3683 3759 prima
3705 3691 3810 3737 esse

2174 3778 2458 3837 mandati.
2493 3778 2563 3833 Et
2600 3775 2865 3850 plerique
2901 3778 3112 3848 putant
3148 3774 3258 3830 hoc
3288 3776 3521 3853 ‘viti'um
3556 3790 3670 3839 non
3705 3781 3812 3824 esse

2175 3867 2460 3935 mulieris,
2501 3866 2605 3923 sed
2640 3865 2775 3923 Adae
2814 3863 2996 3920 fuisse
3035 3880 3049 3919 :
3092 3862 3175 3918 ita
3209 3863 3404 3921 Adam
3446 3861 3669 3925 dixisse
3704 3870 3811 3911 mu-

2175 3957 2326 4026 lieri,
2368 3956 2511 4012 dum
2568 3970 2697 4011 eam
2753 3951 2926 4009 vellet
2982 3951 3168 4009 facere
3214 3951 3576 4018 cautiorem,
3621 3953 3683 4004 ut
3720 3943 3810 4001 ad-

2178 4047 2341 4103 deret
2379 4043 2694 4100 mandasse
2721 4046 2904 4099 Deum
2939 4059 2953 4097 :
2993 4041 3175 4115 Neque
3210 4042 3461 4110 tangetis
3501 4055 3573 4099 ea:
3600 4052 3659 4094 eo
3686 4029 3818 4107 quiti-

2176 4152 2360 4208 quam.
2401 4131 2698 4189 Habemus
2737 4129 2893 4187 enim
2932 4128 3073 4203 quia
3109 4129 3323 4195 Adam,
3369 4145 3497 4185 non
3538 4128 3653 4187 Eva
3683 4137 3820 4181 man-

2176 4225 2382 4281 datum
2446 4220 2734 4293 acceperit
2772 4235 2807 4275 a
2842 4219 2979 4275 Deo.
3045 4218 3321 4285 Nondum
3395 4218 3563 4275 enim
3631 4210 3820 4277 mulier

2176 4314 2426 4371 formata
2468 4310 2682 4365 fuerat.
2743 4308 2877 4380 Ipsa
2931 4306 3171 4380 quidem
3218 4305 3405 4369 verba
3444 4307 3592 4363 Ada
3631 4301 3823 4376 quibus

2177 4400 2409 4458 mulieri
2464 4398 2611 4459 dixit
2667 4397 2916 4453 formam
2975 4394 3306 4469 seriemque
3372 4390 3674 4469 mandati,
3723 4402 3821 4443 non

2178 4490 2372 4563 prodit
2408 4486 2620 4544 lectio:
2655 4485 2756 4542 sed
2796 4483 3181 4556 intelligimus
3220 4500 3326 4555 per
3365 4484 3574 4541 virum
3606 4481 3678 4537 ad
3718 4492 3829 4534 mu-

421 4582 474 4634 et
500 4579 574 4649 3).
609 4578 755 4632 Cum
788 4576 1042 4632 audieris
1076 4573 1510 4647 sapientiorem,
1548 4572 1753 4628 bestiis
1791 4574 2066 4631 omnibus
2096 4595 2146 4662 D
2176 4577 2380 4635 liorem
2421 4574 2631 4631 seriem
2668 4572 2954 4639 transisse
2994 4571 3274 4628 mandati.
3327 4571 3615 4628 Viderint
3650 4573 3826 4627 tamen

422 4682 551 4722 esse
581 4669 931 4737 serpentem,
965 4664 1059 4719 hic
1118 4664 1245 4734 ejus
1297 4663 1420 4732 jam
1477 4676 1671 4732 quaere
1724 4662 2062 4718 versutiam.

422 4754 679 4812 Simulat
707 4769 768 4809 se
808 4753 981 4808 verba
1027 4750 1125 4807 Dei
1181 4750 1394 4815 dicere,
1456 4752 1512 4804 et
1567 4750 1833 4821 proprios
1859 4750 2067 4806 intexit

424 4844 589 4900 dolos
645 4842 780 4916 (63).
846 4841 991 4897 Cum
1046 4840 1205 4896 enim
1258 4838 1501 4894 dixisset
1557 4837 1743 4893 Deus:
1776 4841 1859 4894 Ex
1914 4841 2068 4895 omni

424 4934 573 5003 tigno
602 4931 744 5006 quod
782 4935 859 4987 est
890 4933 944 4986 in
976 4930 1232 5002 paradiso
1273 4928 1438 4985 edetis
1466 4926 1538 4982 ad
1580 4940 1791 4984 escam:
1824 4927 1889 4984 de
1917 4929 2065 4999 ligno

422 5032 601 5079 autem
637 5022 776 5093 quod
804 5025 884 5077 est
907 5021 1184 5083 sciencziae
1214 5019 1342 5074 boni
1355 5026 1406 5073 et
1433 5019 1572 5074 mali
1598 5035 1706 5075 non
1739 5017 1927 5083 edetis,
1960 5032 2068 5086 qua

421 5113 511 5167 die
565 5114 749 5167 autem
804 5109 1208 5166 manducabitis
1264 5124 1334 5163 ea:
1388 5123 1468 5173 eo,
1524 5115 1696 5163 morte
1751 5103 2070 5160 moriemini

424 5200 589 5271 (Ibid.
653 5218 711 5257 ιι.
766 5200 834 5255 l6
888 5205 940 5254 et
996 5198 1124 5269 l7),-
1181 5213 1421 5268 serpens
1476 5196 1645 5267 quasi
1699 5195 2067 5265 interrogans

423 5288 727 5349 mulierem
774 5305 907 5342 cum
954 5287 1197 5342 dixisset
1239 5286 1428 5341 Deus:
1459 5286 1543 5339 Ea:
1575 5285 1727 5339 omni
1754 5285 1903 5354 ligno
1927 5281 2068 5352 quod

424 5377 586 5428 estin
631 5374 889 5444 paradiso
946 5374 1148 5428 cdetis:
1207 5374 1279 5429 de
1332 5372 1490 5444 ligno
1547 5377 1744 5427 autem
1804 5386 1919 5435 uno
1952 5385 2067 5424 non

423 5460 626 5527 edetis,
657 5463 906 5517 inseruit
960 5461 1352 5527 mendacium,
1408 5466 1475 5517 ut
1530 5461 1776 5517 diceret:
1810 5460 1887 5516 Ab
1917 5460 2070 5515 omni

498 5669 606 5742 (63)
631 5668 821 5738 Rom.,
852 5678 903 5726 et
928 5673 1153 5742 propius
1184 5671 1383 5728 intexit
1408 5671 1574 5728 dolos.

2174 4667 2274 4724 alii
2305 4664 2445 4738 quid
2486 4662 2781 4731 sentiant;
2817 4660 2962 4719 mihi
2999 4663 3197 4717 tamen
3234 4660 3489 4717 videtur
3530 4678 3567 4718 a
3604 4654 3831 4717 muliere

2172 4753 2418 4828 ccepisse
2456 4752 2686 4820 vitium,
2726 4751 3035 4808 inchoasse
3080 4749 3496 4807 mendacium.
3549 4753 3699 4805 Nam
3735 4740 3831 4800 etsi

2175 4845 2247 4901 de
2275 4842 2508 4899 duobus
2536 4841 2805 4898 videatur
2834 4840 3145 4906 incertum,
3183 4842 3396 4895 tamen
3440 4854 3625 4897 sexus
3656 4830 3833 4909 prodit

2175 4932 2277 5005 qui
2310 4931 2474 5004 prius
2502 4928 2757 5002 potuerit
2776 4943 2987 4987 errare.
3007 4927 3170 4984 Adde
3193 4926 3342 4999 quia
3361 4928 3514 5001 praij
3524 4925 3717 4989 udicio
3745 4919 3835 4993 illa

2174 5018 2616 5091 constringitur,
2657 5019 2831 5090 cujus
2852 5021 2912 5073 et
2941 5019 3145 5088 postea
3171 5015 3339 5088 prior
3370 5031 3548 5075 error
3577 5014 3834 5083 inventus

2172 5112 2281 5164 est.
2321 5106 2458 5167 Viro
2512 5107 2671 5169 enim
2724 5105 2953 5173 mulier,
3008 5122 3126 5163 non
3195 5102 3447 5161 mulieri
3488 5105 3584 5160 vir
3630 5103 3837 5175 auctor

2174 5195 2388 5252 erroris
2426 5198 2534 5252 est.
2576 5195 2741 5251 Unde
2795 5197 2853 5250 et
2910 5192 3127 5249 Paulus
3166 5192 3248 5248 ait
3290 5208 3306 5247 :
3360 5193 3580 5263 Adam,
3635 5184 3835 5262 inquit.

2172 5299 2285 5339 non
2313 5292 2391 5339 est
2419 5283 2705 5355 deceptus:
2742 5283 2945 5339 mulier
2980 5285 3165 5339 autem
3198 5280 3435 5339 seducta
3474 5284 3540 5339 in
3576 5279 3836 5354 prmeri-

2174 5373 2388 5428 catione
2415 5373 2526 5443 fuit
2555 5372 2605 5444 (Ι
2631 5371 2766 5428 Tim.
2794 5386 2857 5439 ιι,
2889 5370 3001 5443 44).

2243 5461 2335 5516 57.
2375 5461 2542 5516 Nunc
2578 5459 2882 5543 videamus
2920 5463 3121 5543 utrum
3178 5461 3406 5531 praeter
3447 5457 3833 5533 abjectionem
