3910 6210
149 366 247 446 tsi

1406 372 1642 441 LIBER
1682 372 1788 442 DE
1828 370 2248 444 PAHADISO.

3407 382 3523 447 322

148 514 258 584 'quze
294 510 571 567 mandato
624 512 714 567 est
769 502 1078 582 applicata,
1138 508 1291 580 quod
1350 508 1618 566 additum
1675 514 1766 567 est
1795 512 1850 579 Α
1881 511 2215 583 Scripturas
2248 514 2518 585 accipiat,
2543 514 2717 586 legit:
2753 515 2982 571 Oculum
3023 532 3125 588 pro
3174 517 3346 582 oculo,
3395 516 3526 571 den.-

148 599 382 657 obfuisse
423 599 712 655 videatur.
767 598 916 653 Nam
967 612 1028 653 re
1072 613 1209 652 vera
1256 596 1306 652 si
1366 598 1585 654 bonum
1645 605 1766 655 est:

146 689 304 761 Neque
337 690 571 758 tangatis
603 704 672 743 ea:
695 703 777 753 eo,
810 692 868 741 et
913 686 985 740 ad
1035 686 1366 742 cautionem
1414 687 1771 759 proﬁciebat,

149 793 239 832 cur
265 776 415 832 Deus
444 775 552 832 hoc
584 776 834 831 minime
866 774 1249 839 interdixerit,
1278 774 1398 831 imo
1429 791 1544 831 non
1594 776 1773 832 inter-

149 864 372 920 dicendo
436 864 778 938 permisisse
837 861 1152 919 videatur?
1204 862 1407 934 Itaque
1458 868 1777 937 utrumque

146 953 527 1025 quaerendum,
563 970 679 1025 qua
711 953 937 1008 ratione
958 967 1063 1007 nec
1085 951 1438 1024 permiserit,
1468 969 1574 1009 nec
1601 954 1777 1009 inter-

143 1041 359 1098 dixerit.
386 1045 537 1097 Sunt
566 1041 722 1097 enim
769 1040 871 1112 qui
915 1040 1135 1105 dicant,
1179 1039 1303 1104 Qua
1358 1041 1581 1097 ratione
1620 1042 1775 1113 quod

145 1128 263 1185 fecit
282 1129 467 1187 videri
501 1131 634 1201 (64),
668 1145 785 1185 non
812 1128 996 1200 jussit
1023 1132 1081 1184 et
1121 1127 1282 1200 tangi
1303 1128 1331 1183 ?
1375 1118 1592 1185 Verum
1642 1147 1777 1186 cum

140 1217 190 1273 in
218 1235 281 1274 eo
312 1218 475 1291 ligno
508 1219 766 1275 audieris
816 1221 1088 1273 naturam
1116 1216 1298 1273 fuisse
1340 1217 1593 1274 scientiae
1639 1220 1777 1275 boni

140 1311 191 1363 et
215 1307 377 1377 mali,
408 1311 604 1380 potest
626 1305 901 1362 aestimari
932 1306 1073 1379 quia
1098 1305 1288 1361 noluit
1316 1311 1375 1362 te
1400 1305 1623 1363 malum
1655 1312 1781 1363 tan-

139 1412 275 1467 gere.
313 1396 478 1453 Satis
517 1400 600 1452 est
648 1395 804 1451 enim
855 1395 1026 1451 nobis
1066 1394 1258 1451 videre
1300 1395 1577 1452 Satanam
1628 1396 1782 1453 sicut

142 1484 327 1557 fulgur
360 1485 435 1540 de
489 1483 633 1540 cmlo
682 1484 1009 1550 cadentem,
1059 1484 1381 1539 secundum
1422 1501 1620 1540 vocem
1668 1485 1781 1541 Do-

140 1572 271 1630 mini
306 1573 468 1645 (Luc.
498 1590 553 1640 v,
588 1571 699 1643 48),
733 1576 788 1628 et
831 1572 1064 1627 dantem
1119 1585 1313 1627 escam
1369 1572 1481 1645 (65)
1531 1589 1648 1629 non
1696 1573 1782 1628 lu-

143 1661 330 1733 minis,
364 1662 469 1717 sed
502 1661 690 1716 noctis
723 1665 776 1716 et
808 1660 1184 1716 tenebrarum
1217 1658 1353 1715 ﬁliis
1380 1679 1394 1728 ;
1449 1662 1589 1733 quia
1638 1662 1779 1716 scri-

140 1755 296 1824 ptum
328 1754 464 1806 est:
499 1749 655 1805 Dedit
693 1765 819 1805 eum
864 1750 925 1804 in
967 1764 1141 1805 escam
1190 1750 1408 1820 populis
1465 1751 1782 1822 Afthiopum

130 1838 299 1911 (Psal.
338 1856 538 1907 Lxxm,
579 1838 689 1906 Μ).
748 1837 865 1894 Hoc
932 1837 1113 1915 igitur
1159 1838 1229 1893 de
1283 1853 1350 1894 eo
1395 1838 1616 1895 dictum
1664 1845 1774 1910 est,

141 1929 285 2002 quod
338 1946 462 1986 non
512 1927 879 1984 mandaverit
925 1928 1081 1984 172
1138 1927 1320 2001 tangi.
1373 1928 1536 1992 Quod
1584 1934 1778 1986 autem

142 2036 245 2074 non
302 2016 709 2092 prohibuerit,
766 2016 907 2088 quid
973 2015 1301 2090 intelligam
1356 2017 1570 2090 accipe.
1630 2018 1782 2075 Sunt

143 2105 317 2162 multa
348 2122 480 2180 qua:
518 2108 786 2173 noceant,
834 2105 883 2160 si
931 2108 1067 2162 ante
1114 2105 1486 2162 voluerimus
1524 2107 1779 2177 haurire,

145 2210 311 2266 quam
341 2212 474 2267 quae
507 2194 628 2251 sint
657 2193 759 2250 illa
806 2210 1177 2267 cognoscere.
1223 2194 1371 2250 Nam
1420 2199 1477 2251 et
1519 2197 1589 2252 de
1637 2197 1783 2253 cibis

145 2287 195 2339 et
223 2287 356 2356 potu
388 2282 738 2355 plerumque
762 2299 875 2338 usu
904 2282 1083 2338 venit.
1132 2281 1356 2355 Quippe
1413 2284 1462 2339 si
1519 2284 1576 2339 id
1627 2286 1782 2357 quod

144 2388 401 2429 amarum
438 2376 551 2443 est,
590 2376 725 2428 ante
774 2386 1113 2444 cognoscas,
1155 2371 1353 2427 induis
1400 2372 1781 2445 patientiam;

151 2465 202 2516 et
226 2461 274 2517 si
304 2458 606 2533 intelligas
635 2459 737 2518 illa
764 2477 893 2533 quae
926 2464 1067 2516 sunt
1113 2476 1314 2516 amara
1352 2462 1656 2533 prodesse,
1696 2463 1787 2519 in-

153 2549 275 2606 duis
307 2548 703 2617 tolerantiam,
734 2565 807 2605 ne
828 2549 1082 2604 offendat
1112 2548 1442 2606 amaritudo
1488 2555 1545 2606 te
1592 2569 1787 2624 repen-

148 2638 277 2705 tina,
310 2642 368 2695 et
414 2637 669 2711 incipias
715 2638 954 2710 rejicere
991 2637 1315 2710 profutura.
1377 2639 1618 2695 Prodest
1649 2631 1786 2714 ergo

148 2731 269 2783 ante
291 2740 683 2801 cognoscere;
735 2731 801 2782 ut
847 2743 915 2781 ex
964 2742 1030 2781 eo
1076 2726 1230 2798 quod
1278 2728 1615 2800 cognoveris
1663 2745 1790 2800 pro-

150 2814 423 2882 futurum,
479 2832 585 2871 nec
625 2831 827 2871 amara
873 2814 1159 2871 fastidias.
1226 2815 1337 2871 Sed
1403 2814 1524 2871 haec
1591 2817 1788 2873 minus

154 2919 343 2960 nocere
375 2908 668 2976 possunt:
704 2902 850 2959 illud
882 2903 1038 2976 quod
1078 2904 1293 2976 magis,
1324 2903 1437 2960 nisi
1486 2906 1787 2977 providea-

149 2996 249 3060 tur,
281 3010 497 3053 nocere
528 2994 735 3066 possit,
762 2994 1016 3051 adverte.

209 3083 291 3137 58.
322 3082 574 3140 Gentilis
605 3082 847 3155 quidam
880 3087 990 3148 est,
1030 3082 1102 3138 ad
1156 3082 1332 3139 ﬁdem
1379 3085 1604 3141 tendit:
1637 3090 1788 3142 cate-

151 3170 464 3230 chumenus
494 3176 607 3240 est,
640 3172 922 3242 majorem
947 3169 1074 3226 vult
1121 3172 1384 3244 accipere
1430 3173 1706 3230 doctrinae
1733 3178 1791 3230 et

1881 603 1987 654 tem
2043 617 2143 671 pro
2186 602 2344 656 dente
2386 604 2575 671 (Levit.
2618 620 2771 669 xxnv,
2822 606 2935 675 20).
2985 605 3151 675 Legit
3199 605 3411 660 etiam:
3469 605 3530 659 Si

1880 688 2337 743 scandatimverit
2393 697 2443 745 te
2514 691 2737 746 decutere
2822 696 2955 755 tua,
3042 693 3294 748 abscinde
3369 693 3529 747 illam

1884 778 2088 847 (Matth,
2114 794 2167 845 v,
2199 779 2284 849 30)
2313 796 2326 845 ;
2361 796 2476 834 non
2508 778 2782 852 intelligit
2812 797 3073 845 sensum,
3117 799 3232 835 non
3282 780 3526 837 advertit

1883 864 2065 919 divini
2091 882 2301 921 arcana
2332 868 2641 933 sermonis,
2674 869 2843 939 pejus
2868 868 3102 935 labitur,
3128 885 3300 939 quam
3336 869 3383 925 si
3411 886 3525 925 non

1881 952 2138 1026 legisset.
2174 956 2244 1009 Et
2287 955 2415 1011 ideo
2461 957 2662 1011 docuit
2711 956 3208 1028 quemadmodum
3258 958 3353 1011 Dei
3397 975 3528 1011 ver-

1883 1041 2024 1096 bum
2056 1041 2406 1116 invcstigare
2444 1046 2742 1112 deberent,
2796 1062 2908 1099 non
2962 1045 3375 1116 perfunctorie,
3415 1063 3529 1100 non

1884 1130 2225 1202 improvide,
2287 1134 2388 1188 sed
2445 1133 2755 1204 diligenter
2811 1142 2985 1205 atque
3038 1132 3327 1189 sollicite:
3381 1134 3532 1202 Quod

1886 1229 2020 1289 erat,
2053 1220 2264 1291 inquit,
2297 1222 2364 1276 ab
2395 1222 2575 1287 initio,
2608 1222 2747 1292 quod
2776 1223 3106 1290 audiuimus,
3157 1231 3211 1277 et
3259 1223 3399 1293 quod
3449 1224 3531 1278 vi-

1886 1307 2090 1375 dimus,
2119 1310 2287 1363 oculis
2316 1312 2517 1365 nostris
2536 1313 2939 1382 pn-spe.eiriius,
2989 1321 3039 1366 et
3076 1328 3275 1366 manus
3323 1314 3529 1368 nostra:

1885 1400 2235 1468 perscrutataa
2263 1402 2390 1452 sunt
2418 1398 2483 1452 de
2512 1399 2667 1453 verbo
2699 1401 2828 1455 vitae
2852 1416 2865 1452 :
2894 1404 2942 1453 el
2983 1400 3219 1454 vidimus
3260 1408 3311 1455 et
3362 1403 3529 1456 testa-

1887 1500 2031 1549 mur,
2064 1488 2116 1539 et
2145 1487 2541 1541 annuntiamus
2572 1487 2718 1542 vobis
2746 1487 2791 1557 (1
2817 1489 2973 1542 .loan.
3009 1504 3047 1552 ι,
3081 1487 3103 1541 l
3143 1496 3194 1542 et
3228 1487 3303 1558 2).
3354 1488 3531 1544 Vides

1889 1573 2043 1643 quod
2077 1577 2211 1628 ante
2240 1573 2395 1628 velut
2425 1575 2698 1630 manibus
2731 1574 3087 1646 quibusdam
3130 1580 3533 1647 perscrutatus

1890 1660 1966 1715 sit
1995 1661 2093 1716 Dei
2128 1662 2390 1730 verbum,
2438 1668 2496 1718 et
2540 1667 2743 1735 postea
2789 1663 3252 1719 annuntiaVerit:
3301 1669 3358 1720 et
3403 1663 3532 1720 ideo

1890 1748 2036 1802 nihil
2072 1750 2209 1804 Adae
2258 1756 2315 1805 et
2362 1751 2486 1806 Even
2517 1751 2776 1807 fortasse
2822 1751 3118 1808 nocuisset
3163 1753 3430 1823 verbum,
3480 1751 3531 1808 si

1892 1838 2384 1908 pertractantibus
2415 1838 2726 1913 diligenter
2756 1840 2970 1896 mentis
3003 1840 3358 1913 quibusdam
3409 1856 3532 1896 ma-

1888 1926 2065 1982 nibus
2095 1931 2229 1984 ante
2260 1929 2609 2001 tetigissent.
2642 1930 2863 1984 Infirmi
2903 1930 3059 1986 enim
3102 1931 3533 2003 pertractando,

1889 2018 1946 2070 et
1970 2014 2313 2088 diligentius
2336 2017 2707 2089 requirendo,
2732 2019 3200 2090 uniuscujusque
3218 2035 3394 2090 quam
3417 2034 3533 2074 non

1889 2102 2244 2176 intelligunt,
2277 2110 2524 2176 possunt
2555 2106 2902 2179 investigare
2933 2110 3223 2162 naturam.
3260 2108 3420 2162 Certe
3450 2106 3537 2161 illi
3636 2142 3639 2147 ›

1891 2192 2445 2266 infirmiid'lignum
2478 2193 2539 2249 in
2573 2212 2687 2266 quo
2727 2195 3033 2250 scientiam
3078 2194 3213 2249 mali
3258 2211 3385 2250 esse
3441 2211 3536 2251 co-

1892 2285 2228 2353 gnoverant,
2252 2288 2385 2338 ante
2415 2284 2912 2355 quemadmodum
2943 2287 3268 2355 tangerent,
3322 2284 3535 2339 debue-

1895 2375 2027 2425 rant
2056 2372 2429 2443 perscrutari.
2464 2372 2608 2428 Nam
2642 2378 2699 2427 et
2738 2373 2876 2427 mali
2922 2389 3072 2444 saepe
3129 2372 3296 2427 nobis
3347 2375 3539 2444 potest

1896 2461 2166 2530 prodesse
2197 2460 2472 2533 cognitio.
2524 2462 2593 2516 Et
2627 2460 2753 2516 ideo
2803 2460 3017 2516 diaboli
3063 2460 3297 2516 fraudes
3339 2459 3427 2515 vel
3476 2460 3537 2515 in

1894 2549 2004 2603 hac
2078 2548 2330 2621 legimus
2412 2550 2678 2614 lectione,
2752 2549 2839 2603 vel
2926 2549 3231 2620 prophetia
3313 2549 3533 2620 (Ezech.

1894 2654 2091 2701 xxvm,
2161 2639 2248 2708 18)
2307 2642 2371 2692 ut
2436 2637 2734 2693 discamus
2811 2638 3307 2708 quemadmodum
3386 2641 3539 2692 artes

1896 2726 2024 2796 ejus
2056 2742 2253 2781 cavere
2308 2726 2625 2798 possimus.
2701 2726 3114 2799 Cognoscenda
3180 2730 3319 2781 sunt
3381 2725 3537 2781 enim

1897 2818 2256 2870 tentamenta
2277 2816 2425 2887 ejus,
2467 2832 2581 2870 non
2628 2820 2691 2869 ut
2735 2832 3073 2887 sequamur,
3124 2815 3224 2871 sed
3273 2818 3337 2869 ut
3383 2813 3536 2870 docti

1898 2902 2284 2974 instructique
2316 2919 2648 2959 caveamus.

1966 2994 2121 3047 173
2168 2992 2257 3046 59.
2306 2992 2455 3047 Sunt
2501 2993 2609 3048 hoc
2655 2991 2779 3048 loco
2823 2993 2922 3065 qui
2973 2992 3395 3048 dubitationem
3434 2988 3541 3047 ha-

1898 3081 2073 3136 beant
2104 3086 2301 3135 utrum
2333 3096 2401 3135 ex
2425 3080 2585 3136 omni
2624 3080 2781 3152 ligno
2830 3081 2911 3136 ita
2953 3082 3162 3136 dixerit
3210 3080 3364 3136 Deus
3410 3095 3538 3135 esse

1898 3169 2259 3241 gustandum
2308 3170 2443 3239 (67),
2492 3174 2559 3224 ut
2605 3186 2738 3223 cum
2785 3170 2855 3224 de
2902 3170 3061 3224 omni
3112 3168 3291 3239 ligno,
3341 3168 3423 3223 ita
3471 3168 3542 3221 de

154 3257 271 3314 ﬁdei
300 3259 768 3332 plenitudinem;
810 3264 1010 3315 caveat
1055 3272 1129 3315 ne
1175 3260 1317 3315 dum
1365 3260 1491 3316 vult
1538 3261 1779 3333 discere,
1814 3244 1857 3312 C
1894 3258 2147 3313 scientia:
2177 3258 2315 3314 boni
2359 3262 2416 3313 et
2455 3257 2593 3312 mali
2643 3256 2804 3329 ligno
2858 3261 3232 3329 gustaretur;
3283 3273 3357 3311 an
3410 3271 3543 3310 vero

153 3347 289 3404 male
319 3348 531 3417 discat,
564 3355 618 3403 et
649 3347 836 3403 discat
877 3365 909 3403 a
956 3347 1222 3417 Pbotino,
1274 3348 1463 3404 discat
1511 3350 1581 3406 ab
1629 3352 1784 3419 Ario,

154 3435 325 3492 discat
353 3454 388 3493 a
414 3435 707 3494 Sabellio:
750 3437 944 3493 tradat
990 3453 1053 3493 se
1090 3436 1435 3515 hujusmodi
1487 3440 1788 3511 magistris

156 3541 390 3597 quorum
420 3525 693 3599 quaadam
727 3542 862 3582 eum
894 3525 1088 3582 teneat
1118 3520 1470 3582 auctoritas:
1509 3531 1566 3583 et
1611 3528 1788 3584 indu-

157 3616 272 3670 ctus
296 3615 555 3687 quadam
583 3614 999 3687 magistrorum
1043 3608 1523 3687 praesumptiOne,
1572 3615 1788 3673 teneris

154 3702 407 3759 sensibus
442 3704 733 3776 impressa
763 3702 1086 3774 dijudicare
1146 3720 1262 3759 non
1310 3704 1562 3759 novorit.
1620 3705 1788 3763 Prius

151 3786 313 3859 igitur
341 3791 532 3847 oculis
566 3791 780 3847 mentis
802 3790 1118 3864 perspiciat
1148 3791 1289 3864 quid
1318 3798 1602 3865 sequatur
1631 3795 1746 3867 (66)
1771 3812 1784 3850 :

154 3876 327 3935 videat
353 3880 457 3937 ubi
483 3880 604 3936 vita
633 3881 733 3936 sit:
780 3884 985 3954 tangat
1021 3879 1273 3953 denique
1321 3880 1651 3938 divinarum
1711 3884 1790 3939 vi-

152 3966 274 4022 talia
296 3968 643 4037 lectionum,
680 3973 743 4024 ut
787 3966 949 4024 nullo
998 3986 1174 4042 pravo
1221 3970 1558 4026 offendatur
1606 3972 1787 4029 inter-

153 4060 317 4125 prete.
351 4056 522 4130 Legit
549 4056 635 4112 illi
666 4052 994 4113 Sabellius:
1042 4059 1151 4128 Ego
1206 4060 1268 4115 iu
1297 4063 1480 4127 Patre,
1529 4069 1583 4116 ct
1623 4062 1790 4117 Pater

153 4142 311 4200 inme
341 4147 526 4217 (Joan.
580 4164 691 4215 xuv,
738 4145 847 4216 10),
899 4149 957 4201 et
1006 4146 1145 4203 dicit
1189 4164 1369 4204 unam
1418 4164 1546 4205 esse
1588 4167 1788 4224 perso-

159 4248 299 4290 nam.
330 4236 500 4309 Legit
528 4234 826 4292 Photinus
853 4253 864 4292 :
903 4236 1044 4305 Quia
1066 4235 1334 4294 mediator
1378 4240 1479 4295 Dei
1519 4248 1572 4295 et
1605 4241 1786 4297 homi-

142 4338 269 4400 pnum
298 4323 457 4382 homo
495 4325 741 4382 Christus
782 4326 937 4382 Iesus
986 4326 1035 4399 (I
1082 4326 1211 4382 Tim.
1261 4344 1319 4395 ιι,
1366 4328 1444 4400 5).
1490 4328 1559 4384 Et
1602 4328 1783 4387 alibi:

156 4410 280 4476 Quid
307 4430 395 4468 me
425 4414 597 4470 vultis
640 4414 879 4471 occidere
932 4415 1209 4472 hominem
1253 4416 1428 4489 (Joan.
1482 4435 1603 4486 vm,
1653 4419 1788 4490 40)?

155 4494 297 4570 Legit
361 4503 542 4559 etiam
612 4502 781 4560 Arius
846 4501 986 4576 quia
1047 4503 1228 4560 dixit:
1297 4504 1568 4573 Quoniam
1623 4509 1790 4564 Pater

156 4589 417 4681 majorme
446 4599 526 4649 est
550 4592 728 4664 (Joau.
763 4610 878 4660 xw,
930 4593 1044 4665 28).
1094 4592 1331 4667 Legitur
1375 4595 1614 4667 quidem
1663 4614 1787 4654 ma-
1816 4616 1864 4681 Ι)

157 4674 413 4736 nifestum
443 4698 457 4736 :
497 4682 597 4737 sed
627 4698 744 4755 qua
774 4681 997 4738 ratione
1029 4682 1253 4738 dictum
1294 4681 1389 4751 sit,
1434 4684 1607 4740 debet
1651 4688 1787 4741 ante

156 4768 493 4832 pertractare
533 4787 756 4840 secum,
804 4775 869 4826 ut
916 4771 1202 4827 rationem
1264 4770 1554 4828 dictorum
1603 4773 1788 4846 possit

158 4850 458 4915 advertere.
494 4858 743 4916 Ducitur
772 4860 1027 4932 quadam
1076 4858 1491 4933 magistrorum
1542 4862 1785 4918 auctori-

153 4938 292 5011 tate;
321 4950 378 5001 et
408 4947 726 5019 profuisset
766 4948 818 5004 ei
863 4964 977 5003 non
1028 4948 1327 5019 quaesisse,
1384 4966 1559 5020 quam
1609 4948 1784 5007 talem

158 5024 430 5091 invenisse
473 5036 792 5092 doctorem.
862 5036 975 5092 Sed
1037 5035 1215 5092 etiam
1281 5036 1515 5108 gentilis
1553 5039 1601 5094 si
1650 5038 1784 5112 quis

216 5187 496 5281 (QDNMss.
530 5195 681 5281 Βὶε2
713 5196 772 5252 S.
799 5195 934 5262 Th.,
975 5196 1182 5281 Tura,
1231 5194 1415 5281 Galba,
1464 5197 1784 5281 'quodfecit

156 5254 819 5339 Maemretcgudem:
872 5254 1010 5339 quod
1058 5254 1185 5338 fecit
1232 5254 1555 5334 edendum;
1584 5254 1781 5335 Mich.,

158 5330 485 5410 (Ιιιςξίλὲῑςὶιμ
479 5330 635 5410 edere
662 5354 771 5392 non
788 5330 973 5410 jussit,
1005 5330 1240 5410 et'tangi
1265 5355 1377 5394 non
1401 5330 1701 5410 prohibuit.

215 5400 317 5525 (Si)
347 5406 405 5461 S.
436 5400 550 5462 Th.
583 5413 641 5464 et
670 5400 806 5464 edit:
858 5400 1007 5476 Era.,
1053 5400 1245 5465 datum
1294 5411 1351 5464 in
1401 5400 1571 5466 escam
1600 5430 1620 5467 :
1668 5429 1784 5467 non

157 5483 306 5528 male.

341 5542 497 5634 Ades.“
526 5549 629 5605 SS.
668 5548 783 5634 Th,
807 5553 864 5604 et
892 5550 1141 5624 Remig.,
1163 5567 1339 5634 ‘quem
1366 5559 1641 5634 sequatur.

227 5612 313 5693 67)
341 5615 433 5693 Ita
458 5628 608 5677 mss.
641 5624 884 5693 septem
931 5612 1096 5679 cumv
1112 5612 1253 5679 edit.
1296 5612 1480 5693 antiq.
1534 5621 1593 5677 in
1621 5636 1782 5685 ,mss.

154 5682 267 5745 vero
291 5689 544 5750 totidem
582 5682 777 5762 deest,
818 5691 882 5753 de
910 5693 1029 5761 ‘adlo
1081 5693 1231 5771 ligno
1277 5682 1522 5755 tcieuiiae
1567 5682 1698 5753 boui
1738 5682 1789 5753 et

1895 3346 1966 3400 de
1993 3346 2150 3400 omni
2184 3346 2339 3419 ligno
2370 3346 2755 3417 gustandum,
2787 3345 2859 3399 de
2907 3344 3030 3399 solo
3079 3343 3235 3415 ligno
3285 3341 3542 3398 scientiae

1893 3434 2033 3489 boni
2057 3439 2114 3489 et
2137 3433 2272 3489 mali
2305 3434 2515 3489 dixerit
2539 3450 2653 3488 non
2687 3449 2815 3488 esse
2862 3430 3268 3505 gustandum?
3317 3430 3425 3497 Qui
3474 3447 3546 3486 ne

1896 3522 1955 3578 id
1982 3522 2218 3593 quidem
2251 3527 2459 3595 putant
2482 3521 2710 3577 inutilis
2732 3538 2861 3577 esse
2888 3520 3146 3588 rationis,
3172 3520 3538 3592 quod,quam

1896 3610 1983 3667 vis
2018 3611 2187 3667 noxia
2217 3627 2350 3666 esca
2388 3610 2569 3682 hujus
2622 3610 2764 3683 ligni
2815 3610 3023 3679 fuerit;
3070 3615 3265 3665 tamen
3315 3608 3364 3664 si
3404 3625 3541 3664 cum

1909 3700 2130 3756 cazteris
2176 3700 2463 3770 ederetur,
2496 3698 2667 3754 noxia
2694 3716 2821 3755 esse
2864 3716 2979 3755 non
3024 3697 3244 3771 possit:
3278 3697 3543 3770 quando-

1897 3787 2132 3860 quidem
2184 3788 2358 3843 etiam
2424 3787 2752 3843 antidotum
2806 3787 3132 3842 theriacum
3182 3787 3253 3841 de
3299 3801 3538 3858 corpore

1896 3877 2184 3948 serpentis
2217 3876 2424 3932 conﬁci
2457 3876 2641 3933 solere
2671 3876 2920 3943 dicatur,
2954 3876 3111 3947 quod
3144 3875 3346 3946 utique
3374 3872 3537 3928 virus

1898 3982 2228 4037 corpusque
2251 3965 2559 4037 serpentis,
2594 3981 2726 4019 cum
2768 3964 2959 4020 solum
3008 3962 3285 4025 sumitur,
3339 3964 3540 4029 nocet;

1896 4071 2030 4110 cum
2053 4054 2413 4109 admiscetur
2433 4053 2583 4117 aliis,
2608 4053 2842 4108 sanitati
2870 4060 2958 4108 est
2989 4055 3045 4107 et
3077 4050 3271 4106 saluti.
3289 4048 3544 4105 Scientia

1896 4159 2129 4215 quoque
2160 4143 2295 4198 boni
2328 4146 2385 4197 et
2410 4141 2571 4208 mali,
2606 4141 2652 4195 si
2677 4141 2816 4211 quid
2870 4137 3169 4211 sapientia:
3218 4136 3452 4201 habeat,
3490 4137 3541 4192 si

1896 4232 2030 4305 quis
2060 4230 2190 4286 vitae
2221 4245 2453 4300 semper
2482 4228 2766 4296 intendat,
2792 4227 2839 4283 si
2862 4226 2996 4299 quis
3023 4229 3227 4281 caetera
3257 4223 3543 4280 virtutum

1897 4337 2108 4394 genera
2137 4322 2928 4389 consequatur,nequaquam
2949 4312 3174 4370 inutilis
3196 4313 3541 4369 aestimatur.

1895 4409 2013 4465 Hac
2044 4406 2223 4481 igitur
2252 4407 2477 4462 ratione
2509 4404 2771 4478 plerique
2800 4409 3154 4477 putaverunt
3177 4418 3346 4476 posse
3368 4400 3546 4456 etiam

1894 4497 2036 4553 illud
2068 4494 2354 4568 intelligi;
2387 4499 2453 4550 ut
2478 4495 2746 4550 videatur
2777 4494 2930 4550 Deus
2961 4493 3018 4548 id
3074 4491 3422 4557 inhibuisse,
3473 4502 3545 4546 ne

1895 4588 2121 4659 absque
2147 4585 2373 4643 cmteris
2396 4583 2585 4641 solum
2611 4582 2837 4655 lignum
2866 4582 3122 4639 scientiae
3154 4580 3289 4637 boni
3320 4585 3376 4636 et
3406 4578 3545 4634 mali

1894 4680 2248 4750 gustaretur,
2282 4691 2397 4730 non
2428 4673 2795 4746 prohibuisse
2846 4689 2980 4729 cum
3021 4671 3267 4727 caeteris.
3318 4669 3390 4724 Et
3435 4668 3545 4724 hoc

1892 4765 2022 4820 ideo
2048 4766 2256 4836 putant
2284 4763 2526 4828 dictum,
2561 4762 2701 4834 quia
2732 4761 2813 4817 ait
2842 4761 2997 4816 Deus
3027 4761 3097 4815 ad
3136 4760 3317 4814 Adam
3343 4774 3356 4813 :
3408 4756 3539 4824 Quis

1896 4854 1998 4910 tibi
2024 4853 2292 4909 indicavit
2319 4853 2578 4922 quoniam
2612 4850 2790 4905 nudus
2824 4866 2901 4917 es,
2935 4850 3050 4904 nisi
3093 4847 3157 4902 de
3205 4848 3353 4916 ligno
3380 4862 3414 4898 a
3436 4859 3545 4914 quo

1891 4958 2260 5016 praeceperant
2290 4941 2412 5005 tibi,
2445 4941 2512 4994 ab
2542 4940 2640 4993 hoc
2689 4939 2802 4993 solo
2844 4954 2915 4992 ne
2956 4935 3337 4993 manducares,
3384 4948 3542 4986 mau-

1892 5033 2106 5089 ducasti
2142 5031 2294 5102 (Gen.
2330 5046 2414 5095 ιιι,
2456 5027 2592 5099 tl)?
2626 5026 2786 5092 Quod
2805 5025 3097 5081 videretur
3120 5023 3257 5077 dare
3288 5018 3540 5090 aliquem

1904 5188 2042 5248 mali
2062 5189 2266 5245 dixerit
2294 5202 2403 5261 unus
2425 5202 2536 5261 esse
2550 5185 2896 5261 gustandum.
2920 5186 2989 5239 At
3018 5184 3183 5238 Rom.
3208 5178 3539 5261 edit.tot_um

1901 5264 2091 5319 locum
2124 5261 2201 5316 sit
2229 5251 2569 5314 exhibebat?
2603 5259 2864 5321 Habeant,
2916 5272 3040 5311 cum
3085 5269 3156 5308 ea:
3193 5252 3343 5306 omni
3392 5251 3541 5318 ligno

1893 5336 2099 5391 dixerit
2132 5331 2396 5404 Dominus
2423 5329 2597 5404 Adae:
2651 5327 2902 5404 Comrdes
2944 5342 3013 5404 ei:
3056 5341 3151 5404 ro;
3192 5331 3542 5404 aminneum

1894 5406 2044 5461 omni
2064 5406 2210 5473 ligno
2236 5403 2401 5473 etiam
2418 5401 2634 5470 lignum
2662 5401 2909 5473 scientia:
2940 5398 3072 5473 boni
3093 5394 3301 5473 etmali
3338 5392 3546 5473 dixerit

1895 5492 2007 5532 esse
2029 5463 2501 5529 mdnducauduni:
2549 5486 2621 5523 an
2658 5485 2782 5524 vero
2826 5468 2892 5523 de
2923 5468 3072 5522 omni
3116 5466 3283 5538 tigno,
3320 5463 3386 5518 de
3429 5464 3541 5518 solo

1894 5550 2077 5603 autem
2122 5543 2370 5601 scientiae
2413 5541 2537 5600 boni
2583 5542 2635 5598 et
2675 5541 2813 5597 mali
2844 5538 3049 5596 dixerit
3101 5550 3214 5595 non
3257 5550 3369 5593 esse
3415 5549 3540 5606 gus-

1893 5616 2140 5676 tandum.
