3910 6210
186 368 284 452 sas

1440 354 1677 417 LIBER
1719 353 1822 414 DE
1862 348 2282 412 PABADISO.

3456 342 3615 405 31D

187 503 285 558 ries
304 497 618 556 lectionum
638 484 660 564 ’ς
705 490 1182 567 quandoquidem
1237 491 1471 545 sanctos
1521 502 1650 543 esse
1708 483 1810 557 qui
1838 484 1895 550 Α
1927 487 1991 537 ut
2024 479 2310 535 coleretur
2339 478 2621 551 permisit.
2658 479 2727 534 Et
2755 478 2883 535 ideo
2907 479 3033 550 jam
3098 496 3212 535 non
3264 478 3438 549 foliis,
3471 481 3574 534 sed

186 591 281 646 sub
308 588 422 643 vite
451 590 511 643 et
538 585 650 641 ﬁcu
691 581 1066 654 requiescunt
1121 578 1420 650 Scriptura
1474 573 1817 631 memoravit
1924 571 2118 626 divino
2151 584 2417 624 sermone
2449 567 2880 639 succingimur:
2941 569 3081 640 quia
3110 569 3235 640 ipse
3288 568 3573 624 Dominus

156 679 350 748 .(llich.
379 694 458 743 xv,
501 675 576 746 4),
611 677 669 729 et
718 669 993 727 Salomon
1050 667 1295 724 dixerit:
1331 666 1460 734 Quis
1482 665 1702 737 plantat
1749 663 1815 733 ﬁ-

187 785 316 835 cum,
348 770 401 823 et
429 766 493 821 de
527 767 722 837 [ructu
749 760 864 831 ejus
894 775 1005 815 non
1030 756 1327 813 manducet
1376 755 1557 826 (Prov.
1644 769 1816 816 xxvu,

184 858 287 928 l8),
315 859 374 912 et
400 852 687 911 Dominus
731 848 804 905 ad
860 848 1038 903 ﬁcum
1095 845 1349 913 venerit;
1400 844 1501 900 sed
1561 842 1690 897 ideo
1742 842 1822 898 sit

187 945 454 1011 offensus,
487 941 627 1014 quia
680 954 799 994 non
854 934 1143 991 invenerit
1197 934 1479 1002 fructum,
1532 932 1633 987 sed
1683 929 1823 985 folia

184 1037 428 1090 tantum.
460 1031 635 1086 Docet
665 1043 802 1100 ergo
834 1041 927 1081 me
956 1024 1144 1080 Adam
1176 1023 1316 1096 quid
1348 1022 1468 1079 sint
1503 1020 1660 1089 folia,
1720 1019 1823 1092 qui

190 1125 569 1195 posteaquam
602 1116 880 1190 peccavit,
925 1114 998 1170 de
1040 1111 1195 1169 foliis
1252 1111 1399 1168 ﬁcus
1455 1110 1655 1167 fecerit
1710 1108 1823 1165 sibi

186 1208 660 1271 succinctorium,
694 1203 796 1277 qui
826 1203 898 1259 de
929 1202 1214 1258 fructibus
1235 1199 1424 1273 magis
1440 1201 1566 1272 ejus
1591 1203 1827 1273 gustare

187 1298 471 1356 debuerit.
510 1296 720 1352 Justus
796 1291 1048 1347 fructum
1104 1289 1286 1362 eligit,
1345 1288 1483 1345 folia
1539 1292 1825 1362 peccator.

186 1388 329 1453 Quis
378 1390 470 1442 est
507 1385 730 1439 fructus
753 1380 781 1435 ?
808 1382 1033 1435 Fructus
1089 1378 1299 1450 inquit,
1331 1380 1559 1450 spiritus
1597 1381 1674 1434 est
1700 1377 1832 1432 cha-

188 1480 351 1543 ritas,
384 1473 820 1546 gaudium,pa.c,
852 1469 1137 1541 patientia,
1171 1467 1501 1537 benignitas,
1545 1467 1830 1535 modestia,

1882 847 1905 867 ⁸
1928 835 2146 892 nostris
2176 839 2406 906 portare
2440 832 2710 906 prohibet
2749 834 2962 905 (Matth.
2996 852 3050 900 x,
3082 835 3137 905 9)

1926 660 2007 715 ait
2035 676 2048 713 :
2098 659 2219 714 Sint
2248 657 2422 711 lumbi
2446 658 2609 711 vestri
2629 659 2911 721 succincti,
2943 666 2993 712 et
3027 659 3082 712 lu
3097 672 3283 714 cernae
3311 659 3575 713 ardentes

1928 748 2077 819 (Luc.
2132 763 2232 814 xu,
2282 745 2391 816 33).
2447 745 2609 801 Unde
2654 745 2827 800 etiam
2883 747 3189 817 pecuniam
3268 747 3327 801 in
3413 746 3575 802 zonis

3240 853 3354 890 DOD
3419 853 3577 891 enim

1930 923 2250 991 saecularia,
2305 923 2405 978 sed
2468 927 2682 977 acterna
2737 922 2908 978 debet
2972 939 3116 978 zona
3186 930 3384 979 nostra
3456 943 3576 982 ser-

1928 1030 2084 1070 vare.
2117 1081 2140 1105 ⁸

2532 1101 2768 1156 CAPUT
2798 1101 2942 1156 XIV.

1935 1195 2008 1248 De
2034 1207 2156 1247 voce
2186 1191 2406 1263 Domini
2434 1190 2845 1263 deambulantis
2869 1191 2939 1245 ad
2980 1208 3276 1263 υιιςρέννατη,
3317 1197 3369 1247 et
3417 1195 3589 1249 incre-

2004 1264 2226 1335 patione
2257 1261 2446 1335 Adam,
2478 1261 2584 1316 Ubi
2616 1260 2727 1316 es?
2761 1263 2868 1315 Cur
2904 1260 3173 1335 praeterea
3226 1268 3441 1335 primus
3501 1267 3590 1319 in-

2007 1333 2263 1404 crepatur
2289 1333 2487 1395 Adam,
2520 1349 2641 1385 eum
2665 1336 2822 1403 prior
2878 1334 3085 1388 mulier
3140 1333 3480 1403 gustaverit:
3542 1339 3594 1391 et

2011 1406 2075 1460 de
2099 1405 2350 1486 mulieris
2384 1405 2749 1469 excusatione,
2778 1419 2842 1457 ac
2869 1406 3146 1475 mysteriis
3173 1421 3276 1476 per
3302 1406 3404 1461 illa
3456 1406 3593 1462 desi-

2010 1485 2212 1545 gnatis.

184 1565 548 1626 continentia,
579 1560 792 1616 dilectio
824 1557 934 1630 (71)
965 1556 1163 1630 (Galat.
1197 1572 1251 1623 v,
1284 1557 1396 1628 22).
1430 1557 1555 1611 Non
1585 1556 1838 1612 habebat
2012 1565 2103 1622 68,
2181 1565 2247 1618 Et
2301 1562 2617 1628 audierunt,
2682 1563 2892 1635 inquit,
2945 1580 3127 1618 υορετη
3197 1565 3418 1620 Domini
3497 1568 3599 1622 Dei

194 1654 477 1717 ἷιύθίιιων
508 1649 610 1722 qni
639 1648 921 1721 εευάίιιω
952 1662 1067 1701 non
1099 1644 1368 1700 habebat-
1400 1644 1526 1700 N011
1584 1644 1837 1700 habebat
1943 1654 2348 1711 deambulantis
2378 1654 2439 1707 in
2464 1652 2723 1723 paradiso
2751 1651 2823 1706 ad
2852 1667 3130 1722 vesperam
3161 1652 3311 1725 (Gen.
3372 1671 3457 1722 ιιι,
3515 1655 3592 1726 8).

190 1743 392 1807 ﬁdem,
426 1739 527 1812 qui
557 1735 970 1810 praevaricatus
997 1737 1122 1790 erat
1150 1734 1493 1789 mandatum
1526 1733 1649 1789 Dei.
1710 1733 1835 1789 Non
1947 1746 2081 1809 Qua
2112 1746 2203 1797 est,
2244 1740 2641 1796 deambulatio
2690 1740 2788 1795 Dei
2820 1740 2919 1812 qui
2955 1740 3173 1812 ubique
3204 1758 3437 1815 semper
3465 1742 3600 1799 est?

191 1829 449 1887 habebat
477 1825 917 1919 continentiam,
949 1822 1051 1895 qui
1080 1823 1153 1879 de
1202 1823 1510 1878 interdicto
1568 1822 1680 1878 sibi
1729 1838 1836 1895 gu-
1867 1854 1916 1919 B
1946 1832 2056 1888 sed
2089 1835 2228 1903 puto
2276 1828 2807 1885 deambulationem
2861 1830 3178 1901 quamdam
3205 1846 3334 1886 esse
3361 1831 3461 1887 Dei
3499 1848 3603 1903 per

195 1922 450 1976 staverat
476 1915 655 1989 ligno.
1867 1915 1907 1919 —
1954 1920 2285 1976 divinarum
2340 1917 2549 1973 seriem
2601 1918 3059 1989 Scriptururam,
3118 1918 3177 1973 in
3237 1919 3452 1990 quibus
3500 1920 3600 1975 Dei

261 2009 351 2064 65.
416 2005 565 2079 Ergo
621 2002 957 2076 quicunque
1024 2000 1434 2075 Ρτωνᾶΐίοειῐυι*
1500 2001 1846 2057 mandatum
1956 2009 2223 2082 quaedam
2260 2012 2525 2063 versatur
2566 2007 2906 2078 praesentia;
2944 2023 3077 2062 cum
3128 2008 3404 2063 audimus
3462 2010 3604 2079 quia

194 2097 315 2165 Dei,
348 2094 641 2168 spoliatur
669 2096 844 2165 atque
873 2091 1152 2159 nudatur,
1185 2095 1245 2146 et
1277 2091 1343 2147 ﬁt
1371 2090 1496 2162 ipse
1551 2089 1666 2145 cibi
1724 2094 1847 2144 tur-
1958 2100 2082 2171 ipse
2113 2096 2323 2169 aspicit,
2350 2094 2568 2161 omnia,
2601 2100 2657 2150 ct
2712 2094 2863 2149 oculi
2933 2095 3161 2150 Domini
3194 2112 3371 2168 super
3409 2098 3606 2167 justas

197 2187 285 2260 pis
318 2204 331 2241 :
364 2183 495 2240 vult
524 2199 584 2239 se
606 2181 831 2254 operire
852 2180 1208 2252 quibusdam
1236 2179 1386 2235 ﬁcus
1406 2178 1579 2248 foliis,
1603 2178 1850 2234 fortasse
1960 2188 2133 2256 (psaL
2166 2201 2365 2253 χχχιιι,
2398 2184 2487 2255 46)
2514 2201 2527 2238 :
2561 2200 2693 2238 cum
2730 2183 2980 2255 legimus
3009 2184 3148 2256 quia
3177 2184 3346 2240 Jesus
3378 2186 3602 2241 sciebat

201 2273 556 2349 quibusdam
580 2270 874 2335 inanibus,
908 2267 994 2325 vel
1012 2266 1428 2324 umbratilibus
1448 2267 1848 2333 sermonibus,
1962 2274 2343 2347 cogitationes
2372 2288 2574 2328 corum
2634 2273 2783 2344 (Luc.
2841 2289 2917 2338 vn,
2947 2274 3002 2343 8)
3036 2290 3048 2329 :
3112 2289 3245 2328 cum
3304 2273 3558 2347 legimus
3591 2292 3603 2329 :

201 2380 346 2436 quos
378 2359 725 2434 οοωροείιίε
755 2356 1077 2413 ωθῑὶἀαοίίε
1105 2372 1376 2426 88808119.
1403 2361 1460 2412 et
1486 2356 1727 2413 Verbum
1783 2354 1855 2411 de
1966 2364 2105 2433 Quid
2134 2364 2380 2434 cogitatis
2412 2362 2559 2417 mala
2613 2363 2675 2416 in
2726 2360 2981 2416 cordibus
3038 2363 3227 2417 vestris
3279 2364 3496 2435 (Matth.
3532 2380 3610 2427 Ix.

202 2453 376 2510 verbo
407 2455 665 2517 struens,
712 2447 785 2504 ad
844 2444 1219 2518 operiendam
1260 2444 1680 2500 conscientiam
1738 2460 1856 2499 suae
1965 2454 2020 2526 4)
2043 2453 2071 2508 ?
2100 2453 2250 2525 Ergo
2279 2452 2420 2505 dum
2452 2449 2572 2505 haec
2604 2466 2994 2511 recensemog,
3028 2452 3193 2522 quasi
3227 2451 3611 2507 deambula“-

204 2542 440 2608 mentis,
477 2537 728 2609 factique
757 2534 1021 2592 velamen
1053 2537 1321 2606 peccator
1349 2532 1572 2601 intexit,
1632 2537 1700 2588 ut
1755 2549 1860 2604 pu-
1967 2550 2081 2598 tem
2113 2539 2522 2614 cognoscimus
2566 2538 2772 2593 Deum.
2835 2539 3084 2609 Fugerat
3136 2556 3273 2612 ergo
3322 2545 3613 2612 peccator,

207 2631 394 2687 denda
414 2644 527 2685 sua
550 2629 840 2698 contegat.
872 2623 1024 2679 Jacit
1063 2622 1218 2702 enim
1251 2639 1432 2694 supra
1469 2639 1531 2678 se
1569 2621 1723 2690 folia,
1758 2620 1858 2694 qui
1971 2648 2088 2687 non
2120 2646 2234 2702 quo
2267 2627 2367 2684 Dei
2398 2630 2597 2700 posset
2626 2626 2804 2682 latere
2834 2631 3247 2698 conspectum;
3304 2630 3405 2684 sed
3462 2629 3617 2685 intra

208 2719 440 2792 cnlpam
475 2715 666 2773 V818“?
695 2713 1034 2770 deSidel‘anS
1065 2715 1166 2767 θυι
1190 2709 1491 2766 ἀίᾶδοιιιω
1521 2710 1715 2766 delicti
1745 2727 1862 2767 m0-
1969 2717 2386 2777 conscientiam
2406 2733 2572 2772 suam
2595 2713 2775 2770 latere
2792 2717 3080 2786 cupiebat,
3102 2732 3278 2788 opera
3299 2717 3618 2773 sualucere

209 2812 397 2865 morat
425 2809 747 2871 auctorem,
783 2805 886 2857 aut
941 2800 1133 2855 οᾶτηίδ
1180 2800 1487 2872 Ρτωδθηάίῐ
1532 2799 1859 2867 illecebras.
1970 2806 2222 2864 nolebat.
2272 2805 2425 2861 Justi
2476 2804 2630 2861 enim
2686 2809 2774 2859 est
2822 2805 2966 2858 facie
3010 2805 3081 2858 ad
3124 2806 3329 2861 faciem
3390 2806 3616 2876 videre;

211 2902 309 2953 aut
338 2896 529 2953 alium
562 2891 899 2966 quempiam
928 2904 1336 2962 persuasorem
1375 2888 1571 2961 prodit
1624 2888 1858 2944 erroris.
1971 2898 2106 2970 quia
2128 2895 2278 2966 justi
2311 2910 2475 2949 mens
2509 2910 2622 2948 non
2651 2892 2839 2948 solum
2883 2892 2999 2948 Deo
3049 2910 3304 2964 praesens
3352 2900 3460 2962 est,
3515 2894 3617 2950 sed

217 2987 284 3042 Et
312 2987 386 3042 de
410 2981 736 3055 Soripturis
766 2978 980 3035 divinis
1025 2978 1359 3051 frequenter
1403 2978 1620 3050 promit
1667 2993 1860 3033 exem-
1970 2986 2143 3043 etiam
2176 3001 2310 3040 cum
2342 2984 2456 3038 Deo
2488 2983 2769 3054 disputat,
2803 2982 2955 3037 sicut
2984 2984 3269 3054 scriptum
3301 2989 3425 3039 cst:
3458 2984 3616 3040 ludi-

215 3075 328 3148 Plﬂ,
360 3073 584 3147 quibus
608 3072 806 3143 iustos
838 3068 897 3123 ίη
956 3065 1190 3139 culpam
1242 3066 1509 3139 Perhibet
1562 3066 1860 3133 ίηοίάίεεθν
1971 3084 2088 3132 cate
2114 3074 2345 3146 pupillo,
2379 3076 2429 3126 et
2450 3073 2745 3142 justi/icate
2774 3070 3016 3137 viduam,
3061 3080 3111 3126 et
3160 3074 3340 3126 venite
3386 3074 3622 3144 dispule-

216 3164 418 3221 dicens
449 3162 505 3218 si
534 3160 683 3216 forte
719 3157 779 3213 in
812 3156 1033 3229 stupris
1090 3155 1266 3210 fuerit
1319 3153 1763 3226 deprehensus:
1796 3154 1867 3209 Et
1907 3218 1944 3232 η
1972 3182 2117 3230 mus,
2162 3163 2297 3218 dicit
2368 3161 2627 3215 Dominus
2674 3161 2809 3228 (Isa.
2840 3177 2857 3212 1
2909 3161 2973 3213 t7
3018 3164 3074 3213 et
3113 3160 3219 3229 l8).
3293 3161 3440 3232 Ergo
3489 3176 3622 3216 cum

218 3252 522 3309 Abraham
553 3264 687 3305 cum
704 3244 915 3301 ancilla
945 3243 1263 3300 concubuit
1300 3246 1458 3311 (Gen.
1514 3260 1630 3310 xv1,
1690 3243 1766 3314 4),
1817 3247 1873 3299 et

216 3341 399 3397 David
457 3338 712 3395 alienam
768 3333 1063 3390 adamavit
1090 3337 1149 3388 et
1198 3331 1311 3388 sibi
1340 3330 1586 3387 adscivit
1632 3348 1871 3387 uxorem

221 3431 292 3498 (11
317 3431 451 3499 Reg.
487 3445 567 3495 x1,
602 3428 637 3482 4
686 3432 737 3481 et
780 3423 894 3495 27).
959 3421 1158 3478 Assuit
1215 3420 1372 3477 enim
1432 3419 1546 3475 sibi
1604 3421 1872 3492 quaedam

216 3516 374 3584 folia,
411 3515 688 3589 quaedam
703 3510 967 3585 exempla
989 3511 1057 3566 de
1078 3508 1551 3583 propheticarum
1574 3509 1720 3565 serie
1738 3507 1877 3565 scri-

215 3609 556 3677 pturarum,
580 3603 833 3659 fructum
855 3616 1057 3657 earum
1091 3615 1204 3655 non
1237 3603 1405 3670 putat
1434 3598 1872 3670 requirendum.

279 3696 366 3751 66.
406 3695 575 3751 None
622 3691 728 3747 tibi
784 3690 1054 3745 videntur
1110 3687 1285 3743 etiam
1343 3686 1530 3742 Judaei
1588 3684 1726 3742 folia
1781 3702 1875 3740 as-

214 3800 407 3850 suere,
432 3783 580 3838 dum
613 3779 757 3852 legis
783 3777 1065 3851 spiritalis
1091 3776 1267 3832 verba
1295 3773 1674 3847 corporaliter
1702 3774 1878 3830 inter-

221 3876 540 3944 pretantur
559 3869 588 3925 ?
617 3868 874 3933 Quorum
906 3863 1307 3937 interpretatio
1336 3864 1591 3919 fructum
1642 3878 1874 3919 omnem
1916 3938 1921 3941 ι

212 3961 543 4017 viriditatis
599 3957 836 4022 amittit,
888 3956 1166 4011 damnata
1222 3951 1532 4009 maledicto
1589 3951 1880 4007 ariditatis

215 4054 470 4106 aeternas.
503 4049 665 4104 Bona
693 4046 876 4119 igitur
905 4041 1327 4116 interpretatio,
1351 4040 1460 4097 hoc
1481 4039 1880 4113 est,spiritalis

226 4139 375 4195 ﬁcus
407 4143 504 4195 est
534 4137 854 4202 fructuosa,
904 4133 1015 4189 sub
1049 4149 1170 4204 qua
1217 4130 1366 4201 justi
1425 4130 1730 4202 sanctique
1790 4145 1880 4185 re-

216 4226 568 4299 quiescunt.
593 4226 777 4290 Quam
809 4222 909 4294 qui
942 4219 1291 4294 plantaverit
1342 4218 1403 4273 in
1435 4218 1651 4274 animis
1682 4218 1883 4290 singu-

211 4315 433 4383 lorum,
494 4316 651 4372 sicut
681 4311 894 4368 Paulus
925 4310 1043 4366 ait:
1091 4311 1200 4380 Ego
1245 4308 1515 4380 plantavi,
1561 4307 1754 4379 Apollo
1800 4309 1882 4362 ri-

217 4408 367 4472 gavit
397 4406 450 4477 (1
489 4405 615 4460 Cor.
649 4419 734 4471 ιιι,
792 4402 870 4471 6),
930 4398 1312 4455 manducabit
1367 4414 1436 4452 ex
1481 4413 1551 4453 ea
1604 4397 1881 4453 fructum.

221 4491 374 4549 Mala
403 4498 615 4551 autem
632 4488 1033 4563 interpretatio
1046 4488 1299 4543 fructum
1326 4486 1494 4555 ferre,
1521 4485 1883 4544 veriditatem

219 4596 452 4639 servare
484 4597 606 4637 non
638 4570 872 4652 poterit.

292 4670 384 4727 67.
453 4670 627 4736 Quod
682 4667 864 4741 igitur
921 4665 1159 4739 gravius
1213 4669 1302 4721 est
1325 4664 1463 4738 (Vid.
1526 4665 1584 4721 S.
1644 4669 1795 4740 Aug.
1849 4685 1889 4726 ιι

226 4755 410 4815 Contr.
447 4759 569 4816 Jul.
601 4757 793 4827 Pelag.
827 4773 877 4812 c.
907 4756 965 4824 6,
997 4771 1056 4810 n.
1092 4754 1203 4826 16),
1233 4753 1343 4810 hac
1374 4771 1437 4811 se
1475 4754 1662 4811 Adam
1712 4757 1891 4813 inter-

222 4849 563 4919 pretatione
592 4845 882 4903 succinxit
939 4860 1006 4900 eo
1037 4842 1185 4911 loco,
1218 4843 1319 4899 ubi
1351 4844 1544 4899 fructu
1577 4845 1768 4917 magis
1797 4863 1892 4904 ca-

228 4937 451 4993 stitatis
484 4952 556 4993 se
586 4934 931 5007 succingere
957 4932 1277 4988 debuisset.
1341 4932 1402 4986 In
1460 4930 1681 4989 lumbis
1737 4935 1892 4990 enim

222 5025 443 5096 quibus
478 5023 919 5099 praecingimur,
952 5020 1218 5094 quaedam
1249 5021 1477 5076 semina
1505 5022 1896 5093 generationis

223 5128 350 5170 esse
381 5115 675 5171 dicuntur
698 5130 712 5182 ;
735 5117 794 5168 et
823 5112 951 5167 ideo
983 5108 1135 5166 male
1151 5108 1231 5164 ibi
1255 5108 1587 5165 succinctus
1607 5112 1895 5167 ostAdam

225 5200 380 5260 foliis
409 5202 756 5267 inutilibus,
787 5200 891 5256 ubi
922 5200 1131 5255 futurae
1161 5197 1556 5271 generationis
1583 5200 1736 5255 176
1781 5217 1897 5256 non

224 5290 491 5348 fructum
543 5292 834 5356 futurum,
871 5289 971 5344 sed
1029 5287 1297 5359 quaedam
1350 5291 1587 5359 peccata
1616 5289 1896 5361 signaret,

228 5392 355 5452 qua:
386 5382 751 5437 manserunt
779 5392 962 5447 usque
993 5376 1051 5431 in
1085 5375 1393 5431 adventum
1426 5375 1656 5430 Domini
1699 5375 1900 5431 Salva-

226 5469 388 5525 toris.
421 5469 722 5525 Caeterum
741 5470 1123 5538 posteaquam
1145 5463 1425 5518 Dominus
1447 5464 1517 5517 ad
1528 5463 1703 5531 venit,
1726 5463 1900 5518 ﬁcum

230 5554 778 5614 invenitincultam
813 5572 826 5609 :
859 5557 1097 5626 rogatus
1127 5568 1200 5608 ne
1226 5567 1356 5607 eam
1405 5551 1640 5623 juberet
1694 5551 1901 5620 excidi,

299 5683 418 5763 (71)
453 5682 635 5742 Rom.
668 5679 831 5755 edit.,
863 5674 1476 5748 continentia,castitas.

1978 3254 2119 3327 legit
2152 3254 2419 3324 peccator
2448 3249 2553 3303 has
2585 3247 2916 3319 Scripturas
2948 3247 3199 3312 divinas,
3232 3249 3394 3302 audit
3421 3264 3620 3303 vocem

1982 3342 2081 3399 Dei
2113 3342 2280 3413 quasi
2337 3336 2695 3393 ambulantis
2753 3336 2824 3389 ad
2866 3352 3187 3407 vesperam.
3222 3335 3368 3400 Quid
3413 3344 3504 3391 est
3554 3337 3626 3392 ad

1979 3445 2303 3501 vesperam,
2337 3427 2451 3481 nisi
2482 3424 2629 3496 quia
2675 3423 2909 3495 culpam
2947 3440 3116 3479 suam
3147 3441 3275 3479 sero
3308 3424 3627 3496 cognoscit,

1982 3524 2041 3574 et
2070 3533 2197 3573 sero
2229 3514 2387 3571 venit
2418 3514 2685 3585 quaedam
2710 3512 2923 3568 erroris
2954 3512 3228 3584 praeteriti
3258 3513 3633 3581 verecundia,

1983 3623 2109 3679 quae
2140 3619 2394 3661 errorem
2430 3599 2742 3673 praevenire
2764 3601 3090 3655 debuerat?
3117 3600 3260 3656 Nam
3284 3602 3424 3656 dum
3456 3600 3631 3673 culpa

1984 3696 2163 3750 fervet
2192 3692 2252 3746 in
2308 3706 2565 3763 corpore,
2624 3695 2683 3744 et
2738 3688 2935 3744 anima
2991 3689 3305 3761 exigitatur
3372 3690 3633 3761 corporis

1986 3781 2379 3856 passionibus,
2415 3796 2526 3834 non
2543 3779 2758 3851 cogitat
2784 3778 2967 3833 Deum
3000 3794 3211 3833 sensus
3230 3779 3499 3845 errantis,
3525 3778 3635 3833 hoc

1985 3876 2092 3939 est,
2128 3887 2241 3926 non
2261 3869 2429 3925 audit
2457 3868 2640 3923 Deum
2672 3867 3070 3923 ambulantem
3103 3868 3160 3921 in
3194 3867 3513 3938 Soripturis
3544 3867 3634 3922 di-

1985 3960 2154 4026 vinis,
2187 3956 2586 4015 ambulantem
2626 3955 2684 4010 in
2719 3956 3015 4011 mentibus
3043 3954 3432 4026 singulorum.
3484 3955 3634 4011 Dicit

1987 4050 2141 4106 enim
2165 4049 2339 4113 Deus,
2371 4046 2636 4114 Quoniam
2668 4044 2982 4099 inhabitabo
3013 4046 3070 4098 in
3102 4045 3239 4108 illis,
3281 4052 3331 4098 et
3360 4045 3507 4099 inter
3551 4059 3638 4098 eos

1989 4138 2298 4204 ambulabu,
2330 4139 2381 4190 et
2420 4150 2511 4190 ero
2541 4134 2767 4188 illorum
2834 4137 2976 4187 Deus
3034 4132 3225 4203 (Levit.
3283 4148 3438 4197 xxvr,
3532 4134 3636 4200 12).

1990 4228 2136 4299 Ergo
2167 4241 2303 4280 cum
2345 4223 2405 4278 in
2438 4222 2645 4278 anima:
2668 4237 2910 4276 sensum
2935 4219 3172 4276 redierit
3197 4219 3501 4291 potestatis
3526 4220 3641 4275 for-

1992 4316 2149 4372 mido
2180 4312 2409 4379 divinae,
2442 4316 2570 4365 tum
2596 4310 3021 4377 erubescimus,
3054 4314 3194 4363 tunc
3215 4326 3321 4365 nos
3352 4308 3642 4380 gestimus

1992 4404 2370 4470 abscondere,
2423 4407 2564 4456 tunc
2624 4404 2995 4472 peccatorum
3060 4403 3399 4454 nostrorum
3466 4398 3640 4471 positi

1992 4492 2463 4568 cogitationibus,
2498 4491 2555 4544 in
2590 4489 2781 4546 medio
2816 4487 2960 4560 ligni
2989 4487 3244 4560 paradisi
3289 4488 3389 4543 ubi
3439 4504 3643 4561 pecca-

1914 4588 1962 4652 D
1990 4584 2205 4652 vimus,
2240 4578 2754 4653 deprehendimur,
2790 4577 2967 4633 latere
3011 4576 3336 4649 cupientes,
3377 4582 3435 4633 et
3489 4577 3646 4633 arbi-

1999 4676 2203 4729 trattes
2233 4669 2390 4743 quod
2424 4669 2576 4725 Deus
2606 4685 2723 4723 non
2755 4667 3013 4738 requirat
3032 4666 3279 4722 occulta.
3336 4667 3449 4722 Sed
3484 4683 3647 4722 scru-

2000 4767 2154 4818 tator
2185 4759 2516 4817 animorum
2546 4762 2604 4813 et
2660 4756 3081 4829 cogitationum
3127 4771 3318 4827 usque
3372 4755 3444 4808 ad
3505 4753 3650 4808 divi-

2003 4851 2226 4908 sionem
2287 4847 2495 4904 animw
2552 4851 2865 4919 penetrans
2925 4844 3101 4901 dicit:
3165 4844 3358 4909 Adam,
3423 4842 3519 4896 ubi
3587 4858 3650 4899 es

2004 4940 2156 5011 (Gen.
2191 4955 2273 5002 In,
2292 4937 2369 5007 9).

2078 5029 2165 5082 69.
2212 5027 2510 5092 Quomodo
2559 5024 2818 5097 loquitur
2888 5023 3088 5078 Deus?
3154 5019 3652 5091 Numquid-voco

2006 5131 2285 5188 corporea
2312 5115 2486 5171 ?Non
2519 5114 2741 5185 utique,
2777 5114 2877 5169 sed
2910 5113 3124 5168 virtute
3193 5109 3446 5180 quadam
3510 5125 3653 5180 pra:-

2008 5205 2308 5270 stantiore,
2350 5220 2526 5275 quam
2552 5220 2662 5257 vox
2692 5201 2950 5273 corporis
3000 5202 3192 5272 potest
3248 5213 3397 5261 esse,
3460 5198 3656 5253 fundit

2009 5291 2263 5349 oracula.
2298 5293 2458 5346 Hunc
2516 5307 2713 5346 vocem
2774 5292 2902 5361 ejus
2954 5288 3245 5360 prOphette
3301 5285 3653 5355 audierunt;

2009 5382 2160 5437 hanc
2191 5397 2388 5435 vocem
2423 5379 2622 5433 fideles
2651 5379 2919 5445 audiunt,
2955 5377 3118 5449 impii
3153 5393 3263 5431 non
3301 5374 3655 5449 intelligunt.

2011 5469 2271 5540 Denique
2301 5467 2357 5521 in
2411 5466 2720 5537 Evangelio
2764 5466 2966 5530 habes,
3017 5466 3156 5538 quia
3211 5463 3436 5520 audivit
3494 5481 3659 5519 evan-

2013 5556 2223 5634 gelista
2270 5556 2559 5616 dicentem
2591 5554 2851 5613 Patrem:
2910 5556 2975 5612 Et
3029 5554 3351 5628 clariﬁcavi,
3398 5560 3450 5609 et
3504 5553 3650 5609 1⁸31
