3910 6210
326 356 437 415 327

1766 348 1831 409 S.
1877 342 2253 410 AMBROSII

3582 348 3686 413 328

325 517 522 570 iterum
562 512 872 583 ctariﬁcabo
903 512 1078 582 (Joan.
1110 526 1208 576 xu,
1253 508 1381 576 28);
1443 507 1545 562 sed
1603 506 1788 561 Judaei
1848 522 1963 561 non
1993 504 2048 570 Α
2076 504 2215 561 Cain
2248 504 2386 576 quia
2413 503 2595 560 voluit
2624 504 2846 561 crimen
2877 520 3088 578 negare
3117 504 3393 576 indignus
3413 503 3686 574 judicatus

322 603 652 659 audierunt.
687 601 970 657 Dicebant
1000 598 1193 654 enim:
1263 600 1579 654 Touitruum
1628 598 1834 667 factum
1888 605 1968 652 est

324 693 482 760 (Ibid.
512 692 623 763 29).
660 689 782 745 Illic
814 705 969 761 ergo,
1005 688 1157 743 sicut
1185 703 1362 757 supra
1391 685 1591 750 babes,
1638 684 1776 756 quia
1834 702 1964 739 sen-

325 783 579 838 tiebatur
607 777 990 835 deambulans
1022 776 1176 831 Deus
1217 775 1316 846 qui
1350 792 1465 830 non
1512 771 1961 828 deambulabat:

320 872 404 927 sic
436 869 784 927 audiebatur
824 865 1072 937 loquens
1136 864 1311 931 Deus,
1355 862 1455 935 qui
1517 878 1631 917 non
1688 861 1963 933 loqueba-

318 966 432 1016 tur.

386 1051 475 1105 70.
508 1047 618 1103 Sed
652 1046 794 1119 quid
854 1044 1153 1115 loquatur,
1216 1041 1697 1097 consideremus:
1759 1039 1959 1107 Adam,

316 1140 412 1193 ubi
439 1137 539 1193 es?
567 1136 771 1190 Adhuc
802 1135 862 1189 in
892 1133 986 1188 his
1035 1131 1359 1187 remedium
1407 1128 1675 1185 sanitatis
1718 1134 1823 1196 est,
1860 1128 1960 1199 qui

318 1226 565 1283 audiunt
594 1224 691 1279 Dei
722 1223 986 1277 verbum.
1020 1220 1283 1290 Denique
1310 1217 1498 1273 Judaei
1530 1217 1629 1289 qui
1662 1216 1772 1272 sibi
1803 1217 1962 1272 clau-

318 1318 522 1372 serunt
550 1329 721 1369 aures
753 1328 824 1366 ne
856 1309 1144 1376 audirent,
1200 1308 1489 1378 hodieque
1518 1324 1632 1362 non
1665 1310 1963 1362 merentur

317 1404 538 1460 audire.
572 1401 790 1456 Deinde
820 1396 1037 1454 habent
1064 1394 1388 1452 remedium
1440 1394 1539 1466 qui
1598 1411 1659 1451 se
1717 1395 1960 1450 abscon-

315 1494 547 1548 derunt.
581 1490 729 1547 Nam
758 1487 857 1559 qui
891 1484 1294 1551 absconditur,
1328 1482 1657 1539 erubescit:
1692 1483 1792 1554 qui
1826 1499 1959 1537 eru-

314 1580 516 1646 bescit,
567 1576 959 1641 convertitur;
995 1573 1148 1629 sicut
1181 1571 1468 1644 scriptum
1525 1577 1653 1627 est:
1717 1572 1957 1642 Confun-

312 1670 536 1734 dantur,
566 1678 618 1723 et
664 1668 1048 1722 convertantur
1076 1676 1258 1717 omnes
1294 1660 1449 1715 valde
1503 1661 1755 1717 velociter
1783 1662 1956 1733 (Psat.

312 1776 389 1825 v1,
424 1758 533 1824 11).
563 1756 783 1812 Deinde
813 1753 923 1808 hoc
967 1751 1162 1823 ipsum
1214 1750 1366 1821 quod
1428 1753 1614 1815 vocat,
1674 1750 1956 1806 indicium

312 1846 576 1904 sanaturi
606 1849 715 1909 est,
749 1840 883 1914 quia
915 1838 1198 1895 Dominus
1224 1855 1373 1909 quos
1405 1838 1738 1904 miseratur,
1772 1843 1827 1894 et
1856 1856 1957 1895 vo-
1986 1871 2036 1939 Β

314 1940 426 1993 cat.
460 1933 713 1991 Dicendo
744 1934 963 1994 autem,
997 1928 1094 1985 Ubi
1113 1944 1167 1983 es
1220 1926 1372 1998 (Gen.
1427 1943 1507 1992 III,
1539 1926 1639 1995 9)?
1690 1943 1804 1982 non
1871 1926 1954 1983 lo-

313 2044 446 2084 cum
479 2023 685 2098 quaerit
717 2020 816 2093 qui
848 2018 1006 2074 novit
1036 2031 1313 2072 arcanum
1341 2034 1354 2083 ;
1386 2031 1574 2086 neque
1604 2015 1759 2070 enim
1808 2020 1956 2072 Deus

312 2117 544 2173 clausos
574 2111 827 2167 habebat
854 2106 1075 2172 oculos,
1107 2108 1170 2161 ut
1202 2121 1318 2159 non
1375 2103 1597 2159 videret
1653 2102 1952 2160 latentem.

311 2203 571 2275 Denique
600 2200 729 2255 ideo
761 2196 942 2252 dixit:
975 2196 1165 2249 Factus
1192 2200 1270 2247 est
1300 2192 1471 2247 Adam
1501 2196 1765 2263 tanquam
1813 2210 1955 2248 unus

310 2310 379 2348 ea:
432 2291 587 2346 nobis
643 2286 825 2358 (Ibid..
876 2286 1007 2354 22);
1070 2281 1209 2353 quia
1264 2280 1494 2353 aperuit
1550 2280 1751 2336 oculos
1818 2282 1950 2353 (72).

311 2382 379 2436 Et
408 2380 503 2435 hic
536 2376 773 2449 quidem
834 2371 1061 2444 aperuit
1117 2369 1316 2426 oculos
1374 2374 1438 2424 ut
1496 2368 1728 2441 culpam
1783 2387 1951 2425 suam

309 2470 550 2537 videret,
619 2480 795 2537 quam
873 2460 1054 2515 vitare
1110 2476 1226 2515 non
1286 2458 1492 2530 potuit.
1551 2458 1736 2531 Magis
1794 2459 1950 2515 enim

310 2563 620 2632 postquam
670 2551 1058 2625 peccavimus,
1120 2546 1314 2603 nescio
1383 2548 1674 2619 quomodo
1755 2552 1954 2604 nostra

310 2647 519 2703 delicta
566 2639 975 2715 cognoscimus
998 2656 1011 2694 :
1031 2642 1241 2693 ettunc
1269 2641 1574 2708 peccatum
1594 2652 1722 2691 esse
1745 2636 1951 2692 intelli-

308 2736 523 2806 gimus.
554 2730 707 2805 quod
741 2733 1059 2799 antequam
1090 2741 1482 2797 peccaremus,
1540 2741 1654 2778 non
1706 2726 1949 2795 putaba-

308 2840 441 2879 mus
471 2838 599 2878 esse
659 2821 982 2890 peccatum.
1033 2813 1197 2867 Certe
1256 2829 1372 2867 non
1418 2811 1587 2883 quasi
1645 2818 1949 2885 peccatum

306 2910 660 2983 putabamus
691 2921 819 2960 esse
847 2901 1293 2958 damnandum:
1352 2916 1489 2953 nam
1544 2899 1593 2955 si
1644 2901 1951 2956 damnare-

310 3015 464 3065 mus,
494 3012 609 3051 non
643 2991 1107 3049 admitteremus.
1143 2988 1294 3043 Deus
1326 2990 1521 3043 autem
1553 2989 1819 3044 omnium
1866 2989 1950 3044 vi-

307 3084 647 3156 detculpas,
680 3084 738 3136 et
786 3077 1052 3134 omnium
1110 3075 1321 3132 delicta
1379 3077 1710 3149 cognoscit:
1774 3095 1951 3150 super

306 3191 539 3233 omnem
571 3171 851 3229 animam.
886 3184 1063 3239 super
1082 3165 1344 3221 omnium
1378 3164 1603 3221 occulta
1624 3165 1821 3223 oculos
1852 3167 1949 3223 ba-

307 3266 420 3321 bet.
456 3261 601 3329 Quid
631 3264 721 3315 est
750 3272 924 3329 ergo:
958 3254 1130 3310 Adam
1157 3254 1254 3308 ubi
1278 3270 1332 3309 es
1362 3253 1516 3325 (73)?
1566 3255 1623 3309 Id
1672 3258 1779 3324 est,
1833 3273 1948 3312 non

305 3354 361 3408 in
392 3368 528 3424 quo,
560 3349 662 3405 sed
689 3347 748 3402 in
780 3345 995 3418 quibus
1054 3360 1135 3398 es.
1198 3342 1320 3397 Non
1381 3358 1517 3415 ergo
1574 3343 1949 3417 interrogatio

305 3442 407 3498 sed
460 3435 798 3508 increpatio.
888 3433 963 3488 De
1018 3430 1253 3503 quibus,
1342 3429 1569 3502 inquit,
1624 3430 1814 3495 bonis,
1879 3433 1952 3489 de

307 3532 425 3585 bua
452 3525 833 3588 beatitudine,
869 3521 940 3575 de
970 3536 1087 3591 qua
1115 3519 1302 3591 gratia
1329 3518 1388 3573 in
1440 3535 1617 3590 quam
1652 3519 1948 3576 miseriam

306 3613 606 3673 recidisti?
636 3608 1003 3680 Dereliquisti
1033 3607 1209 3662 vitam
1242 3611 1538 3675 aeternam,
1586 3612 1643 3663 et
1696 3613 1950 3664 attumu-

305 3705 462 3762 latus
492 3720 554 3759 es
586 3699 779 3764 morti,
811 3695 1187 3768 consepultus
1225 3695 1424 3750 errori.
1462 3695 1565 3750 Ubi
1596 3700 1685 3751 est
1721 3696 1821 3752 illa
1847 3701 1951 3754 tua

305 3795 452 3849 bene
506 3789 618 3847 sibi
672 3786 905 3844 conscia
954 3783 1306 3840 confidentia
1360 3784 1522 3855 (74)?
1586 3784 1784 3840 Timor
1840 3786 1951 3843 iste

305 3881 534 3952 culpam
575 3878 808 3941 fatetur,
836 3873 1059 3928 latebra
1089 3870 1640 3943 praevaricationem.
1676 3872 1783 3927 Ubi
1813 3890 1950 3947 ergo

302 3988 364 4026 es
392 3969 420 4023 εἰ
458 3969 576 4023 Hoc
600 3969 709 4034 est,
766 3980 882 4019 non
912 3960 972 4016 in
1018 3977 1133 4033 quo
1164 3959 1290 4016 loco
1334 3976 1548 4032 quaero,
1608 3960 1707 4015 sed
1742 3962 1800 4016 in
1834 3979 1948 4034 quo

303 4063 478 4115 statu.
510 4058 632 4123 Quo
664 4058 717 4110 te
749 4052 1146 4126 perduxerunt
1176 4053 1412 4121 peccata
1440 4052 1561 4116 tua,
1635 4053 1700 4104 ut
1757 4050 1948 4123 fugias

302 4148 484 4204 Deum
506 4139 873 4215 tuum‘quem
895 4145 1026 4196 ante
1046 4139 1345 4211 quarebas
1367 4137 1394 4193 ?
1426 4138 1691 4194 Fortasse
1721 4144 1951 4196 moveat

304 4255 407 4293 cur
435 4240 570 4292 ante
599 4234 933 4304 increpatur
962 4229 1166 4295 Adam,
1199 4243 1332 4282 cum
1383 4226 1596 4283 mulier
1650 4232 1782 4283 ante
1838 4245 1946 4302 gu-

303 4322 587 4381 staverit?
648 4320 760 4377 Sed
827 4336 862 4374 a
909 4315 1381 4389 praevaricatione
1427 4332 1601 4372 sexus
1660 4316 1949 4373 infirmior

304 4410 562 4484 coeperit,
601 4427 636 4465 a
675 4404 1027 4464 verecundia
1076 4410 1133 4460 et
1180 4403 1551 4461 excusatione
1602 4404 1830 4461 fortior:
1885 4411 1950 4462 ut

303 4500 525 4556 femina
553 4496 765 4553 erroris
796 4511 973 4550 causa
1003 4494 1198 4563 fuerit,
1229 4493 1316 4547 vir
1345 4492 1604 4565 pudoris.

2076 593 2291 665 estqui
2325 594 2633 666 puniretur
2682 594 2739 648 in
2797 598 3069 664 peccato:
3126 594 3228 650 sed
3291 592 3562 649 remissus
3610 601 3688 651 est

2076 682 2202 738 sine
2234 682 2567 754 praescripto
2617 699 2820 753 pcenze,
2871 682 3118 738 fortasse
3168 697 3282 738 non
3332 688 3450 736 tam
3495 683 3680 753 majori

2076 772 2319 827 crimine
2350 771 2614 843 paricidii
2641 768 2808 843 (illud
2851 772 3009 826 enim
3040 770 3336 827 commisit
3361 770 3418 824 in
3457 770 3688 842 fratrem)

2074 876 2252 933 quam
2283 859 2590 932 sacrilegii,
2632 860 2789 931 quod
2848 863 2961 914 Deo
3013 858 3258 915 credidit
3314 857 3687 915 mentiendum

2073 949 2311 1004 dicens:
2356 950 2582 1003 Nescio:
2640 947 2911 1018 numquid
2956 963 3051 1015 ego
3112 952 3292 1003 custos
3344 948 3531 1018 fratris
3595 950 3690 1003 mei

2071 1054 2192 1092 sum
2223 1036 2374 1107 (Gen.
2415 1054 2492 1104 ιν,
2522 1037 2629 1107 9)?
2660 1037 2728 1091 Et
2756 1037 2885 1091 ideo
2917 1036 3240 1092 accusatori
3298 1035 3524 1091 diabolo
3574 1036 3688 1106 ejus

2071 1126 2364 1182 accusatio
2395 1129 2683 1181 reservata
2711 1128 2836 1191 est;
2872 1128 2936 1179 ut
2963 1141 3098 1181 cum
3141 1126 3268 1196 ejus
3326 1123 3540 1197 angelis
3591 1123 3689 1179 fla-

2072 1214 2335 1285 gellatur,
2368 1217 2470 1285 qui
2501 1230 2635 1269 cum
2652 1213 2990 1269 hominibus
3008 1213 3196 1270 noluit
3230 1210 3527 1287 ﬂagellari.
3554 1213 3688 1269 I78

2070 1304 2330 1375 Denique
2361 1304 2430 1358 de
2458 1302 2678 1358 talibus
2707 1301 2928 1358 dictum
2958 1304 3079 1358 est:
3114 1304 3233 1358 Non
3291 1306 3369 1357 est
3419 1302 3689 1358 declinatio

2069 1395 2258 1448 mortis
2277 1408 2555 1448 eorum...
2588 1396 2780 1447 etcum
2812 1388 3125 1447 hominibus
3149 1407 3257 1447 non
3282 1392 3692 1463 ﬁageltabuntur

2070 1482 2240 1553 (Psal.
2292 1498 2460 1545 mu,
2522 1481 2556 1535 4
2611 1489 2662 1535 et
2705 1481 2784 1550 5).
2843 1479 2970 1535 Alia
3026 1496 3162 1553 ergo
3221 1479 3368 1536 ratio
3428 1479 3688 1546 mulieris,

2069 1589 2196 1644 qua:
2254 1570 2389 1626 licet
2444 1570 2504 1624 in
2557 1568 2789 1641 culpam
2842 1568 3335 1640 praevaricationis
3411 1568 3691 1636 inciderat,

2069 1663 2267 1714 tamen
2300 1659 2370 1713 de
2407 1656 2665 1729 paradisi
2697 1654 2875 1729 lignis
2931 1655 3185 1712 habebat
3240 1653 3432 1712 adhuc
3483 1656 3692 1711 virtutis

2067 1762 2259 1803 escam
2287 1762 2300 1800 :
2336 1750 2392 1800 et
2419 1745 2547 1801 ideo
2578 1744 2722 1799 dixit
2752 1748 3052 1816 peccatum
3075 1762 3270 1813 suum,
3295 1750 3352 1800 et
3384 1749 3691 1818 reputatum

2069 1840 2159 1891 est
2187 1833 2238 1890 ei
2269 1834 2339 1890 ad
2371 1834 2621 1889 veniam.
2652 1833 2859 1888 Justus
2902 1834 3059 1889 enim
3118 1839 3428 1890 accusator
3481 1836 3567 1890 est
3609 1833 3689 1889 sui

2067 1923 2123 1978 in
2158 1922 2442 1995 principio
2473 1922 2782 1978 sermonis.
2842 1922 3040 1994 Neque
3097 1922 3252 1977 enim
3307 1927 3500 1996 potest
3543 1922 3690 1995 quis-

2066 2028 2240 2083 quam
2267 2010 2580 2082 justiﬁcari
2612 2028 2646 2065 a
2677 2014 2909 2082 peccato
2962 2013 3057 2077 (De
3094 2013 3295 2066 Paruit.
3345 2012 3486 2069 dist.
3545 2014 3592 2075 1,
3645 2027 3689 2065 c.

2064 2103 2179 2156 Non
2208 2102 2423 2172 potest),
2457 2099 2568 2155 nisi
2602 2100 2776 2155 fuerit
2821 2104 3125 2170 peccatum
3183 2106 3320 2156 ante
3381 2101 3687 2157 confessus.

2066 2190 2227 2245 Unde
2260 2189 2544 2244 Dominus
2573 2189 2657 2243 ait
2687 2206 2699 2243 :
2748 2191 2850 2245 Dic
2882 2190 3199 2259 iniquitates
3239 2198 3385 2257 tuas,
3443 2193 3501 2244 ut
3535 2189 3691 2260 justi-

2063 2280 2242 2349 ﬁceris
2285 2279 2409 2347 (Isa.
2443 2294 2602 2343 XLIII,
2632 2277 2744 2347 26).

2129 2370 2219 2422 72.
2252 2368 2399 2439 Ergo
2415 2367 2555 2438 quia
2582 2367 2697 2421 Eva
2727 2366 2854 2437 ipsa
2873 2366 3138 2422 confessa
3158 2366 3437 2423 delictum
3461 2372 3563 2436 est,
3595 2367 3692 2422 mi-

2060 2457 2175 2513 tior
2202 2457 2470 2528 sequitur
2499 2460 2558 2511 et
2586 2455 2894 2527 profutura
2923 2456 3234 2523 sententia,
3266 2471 3400 2528 quas
3438 2457 3691 2513 condem-

2064 2550 2227 2601 naret
2254 2560 2531 2611 errorem,
2566 2548 2625 2599 et
2652 2543 2879 2599 veniam
2913 2561 3029 2600 non
3060 2549 3316 2616 negaret,
3346 2550 3417 2601 ut
3436 2546 3507 2602 ad
3522 2546 3693 2601 virum

2061 2651 2235 2690 suum
2268 2650 2543 2688 conversa
2572 2632 2831 2689 serviret.
2865 2633 3123 2688 Primum
3158 2649 3229 2688 ne
3258 2650 3390 2690 eam
3422 2634 3583 2691 facile
3610 2636 3695 2690 de-

2062 2722 2297 2777 lectaret
2320 2737 2547 2776 errare:
2581 2720 2791 2776 deinde
2820 2725 2885 2775 ut
2914 2722 3026 2777 sub
3082 2722 3318 2778 fortiore
3359 2739 3494 2780 vase
3522 2722 3694 2779 locata

2061 2828 2175 2865 non
2208 2809 2773 2883 traduceretvirum,
2806 2810 2906 2865 sed
2966 2809 3156 2882 magis
3184 2809 3293 2864 viri
3348 2811 3588 2868 consilio
3642 2815 3693 2866 et

2060 2900 2189 2971 ipsa
2218 2902 2531 2971 regeretur.
2566 2899 2627 2953 In
2657 2915 2771 2970 quo
2801 2897 3037 2969 quidem
3099 2899 3444 2970 mysterium
3494 2897 3693 2956 Christi

2058 2992 2113 3043 et
2142 2986 2409 3043 Ecclesiae
2449 2986 2744 3042 evidenter
2800 3002 3075 3058 agnosco.
3136 2986 3494 3061 Designatur
3546 2988 3692 3044 enim

2057 3075 2323 3132 Ecclesia:
2351 3076 2422 3131 ad
2452 3075 2748 3131 Christum
2783 3075 2982 3131 futura
3008 3076 3328 3145 conversio,
3362 3082 3420 3133 et
3438 3077 3695 3151 religiosa

2061 3166 2312 3222 servitus
2340 3165 2576 3221 subdita
2604 3164 2701 3219 Dei
2733 3164 2945 3234 Verbo,
2976 3182 3104 3238 qua:
3152 3165 3339 3221 multo
3370 3167 3449 3222 sit
3479 3166 3692 3235 melior,

2059 3271 2235 3326 quam
2321 3252 2517 3309 saeculi
2613 3252 2794 3324 hujus
2876 3253 3136 3309 libertas.
3223 3255 3488 3328 Denique
3561 3252 3691 3311 scri-

2058 3348 2223 3416 ptum
2254 3346 2381 3399 est:
2416 3343 2708 3398 Dominum
2753 3343 2919 3398 Deum
2955 3346 3113 3398 tuum
3167 3343 3445 3411 adorabis,
3493 3352 3549 3400 et
3594 3345 3697 3415 ipsi

2055 3434 2159 3489 soli
2212 3434 2412 3488 servies
2463 3431 2643 3503 (Deut.
2707 3449 2785 3499 v1,
2840 3432 2950 3503 13).
3009 3432 3143 3487 Haec
3221 3433 3406 3505 igitur
3458 3432 3694 3489 servitus

2058 3522 2158 3577 Dei
2218 3521 2439 3576 donum
2497 3524 2604 3576 est.
2681 3520 2939 3593 Denique
3036 3521 3186 3576 inter
3269 3522 3697 3579 benedictiones

2060 3614 2404 3665 numeratur
2433 3608 2611 3679 hujus
2666 3608 2963 3664 servitutis
3019 3609 3407 3680 obsequium:
3460 3627 3596 3666 nam
3643 3612 3696 3665 et

2058 3700 2217 3753 Isaac
2248 3696 2306 3750 in
2339 3695 2463 3751 loco
2506 3696 2923 3752 benedictionis
2983 3713 3110 3752 eam
3167 3697 3330 3753 dedit
3372 3698 3527 3754 Esau
3584 3696 3693 3753 tilio

2059 3802 2187 3852 suo,
2222 3788 2286 3840 ut
2316 3784 2556 3840 serviret
2587 3785 2749 3840 fratri
2780 3802 2906 3839 suo.
2940 3786 3197 3857 Denique
3237 3786 3691 3843 benedictionem

2058 3874 2157 3930 ille
2187 3874 2463 3947 poscebat
2492 3890 2506 3928 :
2540 3874 2648 3929 etsi
2680 3889 2857 3928 unam
2889 3873 3003 3929 sibi
3033 3874 3401 3947 cognovisset
3422 3892 3555 3932 esse
3567 3891 3693 3948 prae-

2057 3966 2519 4035 reptam,tamen
2550 3962 2725 4017 aliam
2757 3961 3092 4034 postulabat
3120 3964 3393 4021 discens:
3428 3962 3692 4036 Numquid

2056 4068 2168 4108 una
2200 4050 2497 4107 benedictio
2525 4051 2628 4106 tibi
2672 4058 2771 4119 est,
2799 4059 2954 4123 pater
2980 4052 3135 4122 (Gen.
3184 4070 3362 4124 xxvu,
3414 4053 3556 4124 38)?
3601 4052 3698 4108 Per

2057 4140 2208 4196 hanc
2238 4138 2419 4212 igitur
2446 4139 2783 4195 servitutem
2816 4138 2913 4195 ille
2935 4139 3036 4211 qui
3066 4157 3169 4213 per
3191 4140 3393 4213 gulam
3417 4142 3697 4216 primitias

2056 4246 2195 4284 suas
2224 4232 2358 4284 ante
2386 4227 2742 4294 vendiderat,
2769 4232 2832 4299 ,et
2857 4227 3052 4284 studio
3081 4230 3410 4287 venationis
3458 4228 3695 4305 agrestis

2056 4317 2304 4390 gratiam
2334 4316 2755 4373 benedictionis
2806 4317 3102 4385 amiserat,
3156 4319 3405 4376 credidit
3461 4339 3525 4377 se
3579 4320 3696 4391 ipso

2058 4408 2314 4463 futuram
2362 4422 2490 4462 esse
2547 4403 2869 4471 meliorem,
2929 4406 2977 4461 si
3034 4410 3238 4478 typum
3292 4407 3512 4464 Christi
3537 4421 3696 4463 vene-

2054 4499 2285 4552 raretur
2313 4495 2372 4550 in
2404 4495 2601 4549 fratre.
2635 4494 2753 4550 Hac
2782 4496 2940 4550 enim
2957 4496 3233 4551 servitute
3254 4496 3434 4568 pollet
3454 4493 3696 4570 populus

371 4589 462 4643 7t.
496 4587 566 4641 Et
596 4585 739 4639 dixit
776 4582 987 4638 mulier
1013 4599 1025 4637 :
1059 4582 1288 4652 Serpens
1325 4581 1530 4653 decepit
1554 4572 1678 4647 Ume,
1709 4591 1760 4638 et
1785 4600 1948 4639 man-
1976 4588 2025 4655 1)
2056 4583 2441 4649 Christianus,
2476 4583 2629 4638 sicut
2657 4587 2717 4638 et
2746 4582 3032 4639 Dominus
3063 4584 3134 4639 ad
3181 4583 3509 4657 discipulos
3566 4597 3695 4640 suos

302 4676 499 4731 ducavi
529 4675 680 4745 (Gen.
719 4689 801 4736 ιιι,
836 4672 935 4738 13;
968 4672 1043 4725 De
1072 4670 1266 4723 Pumzt.
1303 4669 1437 4725 dist.
1472 4685 1511 4737 ι,
1566 4686 1614 4725 c.
1674 4672 1946 4744 Serpens).

303 4761 622 4820 Veniabilis
652 4760 823 4832 culpa
853 4774 1031 4830 quam
1072 4758 1339 4828 sequitur
1376 4759 1660 4829 professio
1708 4760 1948 4817 delicto-

303 4871 455 4909 rum.
491 4852 623 4909 Ideo
660 4866 774 4905 non
808 4848 1112 4919 desperata
1144 4844 1355 4901 mulier
1384 4863 1511 4918 qua:
1561 4865 1675 4903 non
1719 4850 1951 4906 reticuit

303 4944 440 5011 Deo,
522 4941 623 4997 sed
686 4938 874 5011 magis
923 4935 1191 4991 confessa
1251 4940 1549 5007 peccatum
1603 4942 1708 5005 est,
1770 4955 1946 5009 quam

302 5030 669 5089 medicabilis
738 5031 938 5084 secuta
1004 5025 1115 5095 (75)
1195 5026 1484 5081 sententia
1542 5031 1648 5082 est.
1724 5032 1947 5082 Bonum

301 5126 391 5176 est
479 5113 854 5176 condemnari
930 5112 989 5167 in
1066 5116 1322 5184 peccato,
1396 5116 1453 5167 et
1534 5111 1812 5185 ﬂagellari
1885 5113 1946 5167 in

301 5207 530 5278 delicto,
577 5210 641 5263 ut
670 5222 807 5261 cum
868 5202 1209 5258 hominibus
1249 5200 1626 5273 ﬂagellemur.
1688 5202 1948 5274 Denique

373 5387 480 5457 (72)
511 5385 573 5457 I_n
607 5402 749 5440 mss.
784 5380 1104 5457 nonnullis,
1138 5384 1196 5436 et
1226 5380 1391 5437 Rom.
1442 5379 1580 5435 edit.
1627 5381 1839 5437 desunt
1883 5382 1948 5437 Et

305 5456 392 5509 hic
417 5453 635 5511 quidem
664 5456 876 5511 operuit
897 5453 1094 5509 oculos.

376 5473 392 5509 ς
452 5473 635 5509 uiaem
730 5473 876 5511 eruu
897 5473 1094 5509 oculos.
1450 5522 1461 5534 .
1699 5525 1709 5535 .

376 5473 489 5605 (7q5)
514 5473 874 5605 Mssfaemq
916 5523 1015 5605 βε.
1069 5522 1177 5604 Th.
1211 5526 1270 5577 et
1300 5521 1569 5605 Remig,
1603 5522 1743 5605 Quid
1780 5539 1946 5605 ergo;

302 5593 493 5669 Adam,
526 5595 623 5649 ubi
640 5597 735 5669 es?
762 5593 822 5649 Id
849 5602 945 5669 est,
977 5593 1434 5669 nunc_iu'quibus
1470 5593 1742 5669 es?_fl‘b.,
1795 5593 1943 5669 Big.,

304 5660 500 5738 Michi,
522 5678 636 5726 non
672 5664 735 5723 in
762 5662 956 5739 quibus
984 5678 1057 5722 es.
1087 5660 1200 5723 Alii
1243 5660 1400 5737 vero,
1430 5668 1488 5726 et
1537 5664 1676 5724 edit.
1728 5660 1942 5726 'omn'es

2057 4672 2175 4729 ait:
2209 4674 2316 4741 Qui
2342 4673 2461 4727 vult
2489 4672 2635 4728 inter
2662 4688 2752 4728 vos
2778 4673 2993 4743 primus
3022 4688 3152 4739 esse,
3181 4675 3255 4729 sit
3284 4676 3538 4731 omnium
3588 4688 3695 4729 ser-

2057 4778 2155 4816 vus
2185 4760 2393 4832 (Matth.
2426 4778 2520 4829 xx,
2552 4761 2667 4832 27).
2700 4760 2961 4832 Denique
2990 4760 3141 4816 hanc
3182 4764 3525 4819 servitutem
3569 4776 3694 4833 ope-

2060 4855 2224 4907 ratur
2252 4850 2527 4918 cbaritas,
2561 4866 2688 4920 quae
2719 4853 2777 4905 et
2806 4866 2909 4921 spe
2938 4851 3126 4921 major
3155 4855 3212 4905 et
3257 4852 3368 4907 fide
3399 4857 3508 4907 est.
3543 4848 3696 4906 Unde

2059 4939 2345 5011 scriptum
2377 4941 2501 4994 est:
2536 4940 2642 4993 Per
2668 4939 2993 4994 charitatem
3035 4942 3234 4994 servite
3274 4941 3514 4995 invicem
3556 4938 3696 4993 vobis

2058 5027 2257 5098 (Gatat.
2292 5044 2349 5092 v,
2390 5026 2492 5098 l3).
2525 5027 2644 5082 Hoc
2678 5032 2771 5082 est
2821 5042 2958 5099 ergo
3016 5027 3358 5099 mysterium
3411 5028 3567 5100 quod
3621 5023 3697 5081 ait

2057 5116 2371 5188 Apostolus
2401 5131 2529 5171 esse
2561 5115 2620 5169 in
2650 5116 2877 5172 Christo
2907 5121 2963 5171 et
2992 5116 3048 5169 in
3098 5116 3355 5173 Ecclesia
3384 5115 3610 5189 (Ephes.
3640 5128 3694 5178 v,

2056 5206 2169 5277 32).
2204 5205 2332 5261 Haec
2362 5204 2520 5260 enim
2550 5219 2683 5261 vere
2731 5205 2790 5260 in
2847 5203 3315 5276 praevaricatione
3372 5209 3514 5261 ante
3569 5201 3691 5269 fuit,

2058 5388 2123 5438 ut
2154 5383 2213 5438 in
2243 5386 2423 5438 textu.
3352 5408 3356 5412 -

2128 5455 2238 5525 (74)
2270 5454 2409 5509 Mss.
2442 5453 2540 5509 ss.
2598 5452 2705 5508 Th.
2741 5456 2798 5508 et
2827 5452 3022 5521 Mich.,
3059 5451 3158 5510 Ubi
3185 5451 3533 5525 es?lll_a_tua
3566 5449 3691 5505 bene

2056 5522 2165 5581 sibi
2187 5522 2404 5580 conscia
2427 5525 2755 5595 conﬁdentia
2784 5525 2996 5581 timoris
3025 5525 3083 5579 in
3115 5529 3181 5581 te.
3214 5524 3273 5579 S.
3304 5522 3503 5591 Mich.,
3547 5531 3693 5578 tuam

2056 5596 2281 5669 culpam,
2292 5598 2520 5669 fatetur.

2127 5666 2240 5743 (75)
2272 5666 2487 5729 Eadem
2512 5666 2673 5741 edit,
2712 5666 3055 5729 medicinalis
3081 5669 3283 5738 secuta,
3335 5669 3448 5727 etc.
