3910 6210
131 358 230 422 329

1382 354 1617 418 LIBER
1661 356 1763 417 DE
1806 354 2223 417 PARADISO.

3385 356 3510 420 330

129 490 381 550 sedsalva
404 487 651 562 erit'per
680 488 938 547 filiorum
969 489 1404 563 generationem
1436 490 1497 546 in
1542 489 1656 545 ﬁde
1695 493 1751 546 et
1776 489 1833 556 Α
1861 489 2019 546 enim
2051 494 2325 562 operatur
2350 490 2507 562 quod
2538 490 2757 546 bonum
2789 494 2898 559 est,
2922 507 3038 547 non
3070 491 3223 563 quod
3257 489 3504 557 malum.

123 579 388 649 cbaritatc,
418 582 475 636 et
499 578 980 647 sanctiﬁcatione,
1013 595 1149 636 cum
1180 578 1478 644 castitate}
1515 579 1734 633 Praeva-

122 671 277 726 ricata
302 668 499 741 utique
529 668 591 724 in
622 668 887 741 patribus
918 668 1216 743 generatio
1264 667 1573 725 hominum
1621 666 1735 723 sal-

122 763 265 815 vator
283 773 382 831 per
400 756 587 824 ﬁlios;
620 762 686 813 ut
716 758 874 830 quod
905 757 967 813 in
1012 757 1238 834 Judaeis
1289 757 1627 823 offenderat,
1676 754 1736 811 in

116 847 413 904 Christiana
439 847 781 920 posteritate
811 847 1149 920 corrigeret.

717 935 951 992 CAPUT
989 935 1105 991 XV.

112 1026 368 1081 Peccatum
393 1024 654 1080 mulieris
682 1040 854 1097 quare
882 1026 1044 1080 venia
1084 1024 1359 1097 dignum;
1398 1024 1599 1097 quidve
1641 1038 1739 1097 per

166 1099 477 1168 serpentem,
508 1095 886 1169 feminam,ac
913 1097 1095 1151 virum
1153 1095 1511 1169 signiﬁcetur.
1548 1095 1738 1169 Qualis

160 1166 419 1239 serpentis
474 1166 890 1239 condemnatio:
961 1175 1011 1222 et
1069 1169 1128 1222 in
1192 1167 1392 1238 quibus
1430 1167 1498 1221 ab
1544 1166 1740 1222 Adami

159 1238 605 1294 condemnatione
631 1238 1032 1308 distinguatur.

159 1327 236 1383 73.
270 1325 547 1401 Serpens,
583 1326 796 1398 inquit,
830 1343 920 1383 me
942 1325 1273 1398 persuasit:
1307 1329 1364 1382 et
1393 1327 1500 1381 hoc
1541 1325 1737 1381 venia-

102 1413 195 1472 bile
220 1415 343 1471 Deo
378 1415 491 1486 (‘76)
513 1415 705 1471 visum
738 1418 857 1483 est;
903 1431 969 1471 eo
1028 1415 1183 1487 quod
1253 1417 1454 1470 nosset
1520 1413 1737 1470 multas

104 1504 156 1558 ad
184 1502 596 1577 decipiendum
628 1501 753 1560 vias
782 1519 909 1560 esse
940 1502 1228 1576 serpentis
1281 1502 1445 1574 (quia
1490 1503 1737 1559 transﬁ-

97 1596 320 1664 guratur
352 1592 416 1647 in
449 1589 723 1664 angelum
766 1591 935 1660 lucis,
986 1595 1043 1647 et
1097 1591 1351 1646 ministri
1398 1591 1526 1661 ejus
1585 1589 1738 1646 sicut

96 1680 331 1737 ministri
355 1680 604 1752 justitiae
632 1680 789 1749 sunt)
824 1680 972 1736 falsa
1011 1680 1368 1752 imponentis
1417 1679 1529 1751 (77)
1582 1682 1675 1735 17
1686 1681 1735 1735 9

92 1770 247 1826 rebus
281 1768 541 1841 singulis
571 1769 830 1837 nomina,
864 1774 928 1824 ut
966 1768 1356 1825 temeritatem
1407 1768 1562 1825 dicat
1608 1785 1736 1825 esse

92 1859 371 1926 virtutem,
415 1863 475 1914 et
527 1857 782 1914 avaritiae
833 1874 1046 1914 nomen
1096 1858 1362 1930 imponat
1410 1857 1734 1914 industriae.
1766 1860 1815 1926 B

89 1947 324 2022 Serpens
355 1947 519 2004 enim
551 1947 859 2003 mulierem
890 1948 1137 2020 decepit,
1179 1948 1370 2004 virum
1403 1946 1615 2003 mulier
1662 1948 1733 2003 ad

90 2037 616 2107 praevaricationem
648 2037 719 2092 de
749 2035 994 2093 veritate
1024 2037 1284 2092 deduxit.
1319 2036 1619 2109 Serpentis
1646 2039 1734 2108 ty-

84 2141 212 2196 pum
239 2126 476 2198 accepit
507 2124 809 2182 delectatio
842 2125 1162 2197 corporalis
1195 2143 1207 2180 :
1242 2124 1455 2180 mulier
1499 2125 1733 2198 symbo-

85 2212 194 2271 lum
226 2231 446 2272 sensus
476 2219 567 2271 est
604 2214 810 2283 nostri,
851 2214 941 2269 vir
991 2214 1226 2270 mentis.
1276 2213 1587 2270 Delectatio
1634 2214 1738 2270 ita-

85 2307 186 2375 que
205 2321 455 2361 sensum
484 2306 695 2373 movet,
719 2316 930 2359 sensus
952 2304 1131 2359 menti
1164 2303 1524 2359 transfundit
1556 2319 1735 2375 quam

85 2394 360 2466 acceperit
408 2392 774 2466 passionem.
824 2391 1137 2449 Delectatio
1186 2392 1367 2465 igitur
1414 2391 1603 2465 prima
1649 2395 1738 2448 est

86 2480 230 2555 origo
254 2483 511 2556 peccati,
544 2481 791 2554 ideoque
819 2497 936 2537 non
981 2481 1235 2547 mireris,
1280 2498 1385 2537 cur
1433 2485 1568 2537 ante
1619 2498 1735 2537 ser-

82 2586 211 2641 pens
238 2572 567 2628 damnetur
585 2569 811 2643 judicio
842 2570 965 2637 Dei,
999 2571 1255 2627 secundo
1286 2569 1521 2633 mulier,
1562 2569 1733 2626 tertio

82 2657 175 2714 vir.
202 2661 554 2717 Secundum
585 2659 798 2716 erroris
828 2659 1114 2727 ordinem,
1149 2658 1549 2715 damnationis
1588 2675 1732 2730 quo-

81 2764 182 2819 que
207 2750 351 2806 ordo
381 2752 660 2805 servatus
679 2751 787 2804 est.
810 2746 1124 2804 Delectatio
1149 2748 1301 2804 enim
1332 2762 1573 2803 sensum
1597 2748 1730 2819 (78),

83 2850 276 2893 sensus
306 2842 517 2894 autem
552 2840 807 2893 mentem
844 2836 1135 2909 captivam
1177 2836 1364 2892 facere
1411 2835 1729 2891 consuevit.

80 2920 143 2978 Ut
167 2925 319 2982 scias
348 2930 565 2984 autem
596 2926 735 2998 quia
765 2940 1005 2997 serpens
1031 2929 1205 2998 typus
1262 2929 1352 2981 est
1398 2923 1730 2980 delectatio-

81 3011 178 3080 nis,
208 3014 665 3071 damnationem
696 3015 823 3085 ejus
851 3014 1107 3070 adverte.

136 3103 221 3157 74.
253 3102 443 3177 Supra
484 3110 699 3176 pectus,
751 3103 966 3175 inquit,
1015 3107 1194 3167 tuum,
1243 3109 1294 3158 et
1336 3104 1397 3158 in
1444 3106 1595 3159 utero
1643 3109 1731 3157 tuo

74 3191 375 3248 ambulabis
401 3192 569 3263 (Gen.
604 3209 689 3260 nr,
725 3192 833 3263 14).
867 3190 974 3255 Qui
1003 3196 1144 3247 sunt
1172 3190 1271 3263 qui
1305 3191 1364 3245 in
1405 3194 1567 3246 utero
1620 3206 1727 3246 suo

71 3279 478 3352 ambulabant,
509 3280 627 3335 nisi
657 3279 759 3352 qui
788 3280 971 3336 ventri
1011 3283 1069 3336 et
1114 3279 1263 3353 gulae
1310 3279 1533 3347 vivunt,
1583 3296 1726 3351 quo-

75 3383 192 3423 rum
214 3370 367 3427 deus
388 3374 608 3426 venter
637 3372 743 3438 est,
778 3373 834 3425 et
863 3368 1048 3442 gloria
1094 3368 1151 3423 in
1183 3368 1474 3441 pudendis
1504 3384 1727 3437 eorum,

76 3456 163 3527 qui
194 3462 437 3516 terrena
481 3459 747 3531 sapiunt,
798 3462 859 3514 et
917 3458 1046 3515 cibo
1101 3458 1323 3514 onerati
1381 3457 1451 3513 ad
1499 3461 1733 3512 terrena

67 3549 432 3604 curvantur?
461 3549 625 3604 Bene
651 3564 786 3620 ergo
827 3546 1193 3603 delectationi
1247 3546 1349 3614 ait,
1409 3563 1537 3618 quas
1585 3545 1731 3602 cibis

69 3633 280 3692 intenta
325 3641 563 3694 terram
612 3636 842 3691 videtur
888 3636 1281 3691 manducare:
1339 3635 1522 3704 Supra
1546 3639 1731 3706 pectus

67 3727 229 3793 tuum,
249 3735 305 3782 et
336 3728 405 3782 in
447 3730 619 3782 utero
648 3733 739 3781 tuo
779 3724 1106 3794 ambulabis,
1155 3728 1207 3779 et
1252 3728 1456 3779 tetram
1504 3724 1734 3779 mandu-

69 3815 199 3869 cabis
225 3817 505 3872 omibus
535 3814 727 3871 diebus
755 3816 885 3872 vitae
912 3823 1018 3870 tuae
1066 3813 1272 3885 (Ibid).
1323 3812 1604 3869 Tollenda
1645 3816 1734 3868 est

67 3903 240 3960 omnis
269 3903 600 3962 excusatio
631 3902 745 3975 (79)
767 3902 985 3959 diaboli
1013 3920 1026 3957 :
1060 3919 1131 3958 ne
1157 3902 1303 3957 forte
1326 3900 1563 3958 malitia:
1613 3918 1731 3957 suae

68 3987 271 4063 aliquid
302 3994 516 4067 possit
537 3992 878 4059 obtendere,
904 3995 971 4047 ut
994 3991 1150 4047 dicat
1168 3990 1539 4063 iniquitatem
1561 4006 1730 4046 suam

66 4082 665 4140 excondemnatione
694 4081 955 4148 venisse;
1008 4084 1065 4136 et
1103 4081 1233 4137 ideo
1278 4080 1350 4135 ad
1401 4080 1731 4135 nocendum

68 4164 402 4227 hominibus
433 4169 833 4245 pertinaciter
860 4169 1067 4236 obniti,
1093 4168 1232 4241 quia
1257 4168 1387 4224 ideo
1418 4169 1732 4225 damnatus

65 4260 139 4311 est
163 4262 224 4315 ut
253 4264 557 4318 noceret:
593 4259 749 4332 quod
778 4258 1008 4314 videtur
1054 4273 1183 4313 esse
1225 4256 1559 4329 proximum
1608 4258 1732 4329 opi-

68 4342 228 4412 nioni,
262 4349 318 4405 si
367 4353 685 4421 tanquam
733 4345 1131 4402 damnationis
1182 4345 1506 4418 accipimus
1554 4345 1733 4402 istam

67 4438 428 4495 sententiam.
490 4437 632 4493 Non
692 4435 849 4492 enim
906 4435 1061 4491 Deus
1115 4435 1185 4490 ad
1241 4434 1353 4491 hoc
1402 4439 1731 4507 serpentem

68 4518 370 4595 damnavit,
445 4532 525 4582 ut
601 4528 843 4581 noceat:
908 4524 1010 4581 sed
1068 4524 1210 4596 quid
1268 4524 1501 4581 futurus
1556 4527 1728 4593 esset,

1849 580 1997 652 Ergo
2028 580 2274 635 doceant
2302 583 2359 635 te
2404 580 2577 635 verba
2624 579 2841 648 divina,
2894 581 3032 653 quia
3077 584 3355 653 operatur
3382 581 3504 656 glo-

1848 668 2017 737 riam,
2052 685 2283 741 poenam
2317 668 2616 741 relinquit.
2663 671 3087 740 Honoriﬁcantes
3132 686 3238 739 me,
3286 669 3500 743 inquit,

1848 757 2232 829 honori/icabo,
2284 758 2567 815 honorem
2641 759 2930 814 bonorum
2977 759 3333 831 operationis
3380 777 3501 817 suae

1847 862 1975 903 esse
2003 845 2324 903 declarans.
2359 848 2429 904 Et
2457 851 2907 920 contemptores,
2940 848 3155 920 inquit,
3196 848 3335 917 mei,
3383 866 3501 906 non

1846 935 1991 991 dixit
2038 935 2259 992 honore
2321 936 2580 1009 privabo,
2640 937 2740 992 sed
2803 936 3024 993 honore
3077 935 3497 1009 privabuntur;

1847 1042 1962 1080 non
2002 1043 2118 1081 suae
2151 1025 2471 1099 operationi
2501 1027 2796 1098 deputans
2828 1042 3031 1082 eorum
3069 1025 3372 1098 iujuriam,
3396 1027 3497 1083 sed

1847 1113 1985 1185 quid
2013 1116 2276 1171 futurum
2306 1119 2479 1180 esset,
2512 1116 2846 1172 ostendens.
2868 1116 3014 1189 Ergo
3045 1114 3141 1171 hic
3172 1132 3289 1171 non
3318 1116 3492 1173 dixit:

1847 1203 2017 1259 Facio
2044 1208 2100 1260 te
2129 1221 2309 1276 supra
2337 1208 2542 1277 pectus
2581 1208 2855 1276 tuum,et
2905 1205 2966 1260 in
3014 1209 3177 1261 utero
3224 1209 3325 1261 tuo
3369 1222 3493 1262 am-

1845 1292 2068 1359 bulare,
2102 1297 2158 1348 et
2189 1296 2403 1348 terram
2428 1294 2783 1349 manducare
2813 1310 3017 1350 omnes
3047 1294 3172 1350 dies
3199 1294 3327 1350 vitae
3356 1298 3491 1366 tute;

1846 1382 1948 1438 sed
1974 1399 1987 1436 :
2017 1382 2358 1451 Ambulabis,
2390 1381 2601 1454 inquit,
2633 1386 2683 1437 et
2730 1383 3123 1444 manducabis;
3172 1388 3239 1438 ut
3284 1384 3493 1457 praedi-

1844 1471 2001 1527 xisse
2026 1472 2215 1544 magis
2236 1472 2307 1528 de
2338 1476 2604 1544 serpente
2625 1488 2752 1544 quae
2782 1473 2979 1529 futura
3000 1476 3159 1541 sunt,
3178 1472 3493 1544 videretur,

1846 1577 2024 1633 quam
2055 1561 2487 1633 praescripsisse
2517 1561 2656 1633 quid
2682 1562 2916 1618 faceret.
2962 1561 3139 1617 Terra
3178 1561 3358 1630 enim,
3400 1562 3495 1619 in-

1845 1649 1993 1720 quit,
2027 1650 2135 1705 tibi
2169 1649 2334 1706 cibus
2365 1649 2493 1718 erit,
2525 1667 2638 1705 non
2671 1650 2905 1707 anima:
2939 1667 3077 1707 nam
3108 1654 3168 1706 et
3203 1650 3312 1707 hoc
3361 1666 3494 1723 pec-
3588 1654 3596 1662 '

1845 1738 2138 1795 caloribus
2156 1738 2582 1811 prodest.Unde
2598 1739 2972 1812 etApostolus
3004 1739 3247 1796 tradidit
3284 1739 3495 1812 hujus-

1846 1826 2005 1882 modi
2037 1828 2095 1881 in
2126 1827 2427 1883 interitum
2462 1828 2675 1896 carnis,
2731 1832 2796 1884 ut
2860 1828 3105 1901 spiritus
3172 1828 3369 1885 salvus
3416 1828 3495 1886 sit

1846 1913 1905 1969 in
1931 1914 2026 1971 die
2057 1916 2289 1972 Domini
2320 1917 2502 1973 nostri
2545 1917 2685 1972 Jesu
2730 1916 2965 1973 Christi.
3018 1918 3246 1973 Pectore
3295 1920 3492 1974 autem

1846 2006 1903 2059 et
1939 2008 2137 2061 ventre
2189 2006 2272 2060 ait
2323 2010 2549 2078 reptare
2611 2009 2965 2078 serpentem,
3025 2023 3143 2063 non
3187 2010 3309 2063 tam
3358 2023 3493 2080 pro-

1847 2096 1973 2165 pter
2002 2094 2261 2167 corporis
2292 2094 2563 2167 ﬁguram,
2609 2111 2788 2167 quam
2842 2094 2997 2167 quod
3040 2099 3277 2168 propter
3318 2098 3492 2152 terre-

1847 2198 1954 2237 nas
2006 2182 2387 2254 cogitationes
2432 2183 2503 2240 de
2541 2182 2642 2239 illa
2701 2182 2922 2240 caelesti
2969 2183 3329 2241 beatitudine
3377 2185 3491 2257 (80)

1846 2270 1923 2325 sit
1952 2270 2415 2344 lapsus..Pectus
2462 2271 2618 2328 enim
2664 2271 3000 2345 frequenter
3041 2288 3306 2330 recessus
3358 2274 3490 2346 qui-

1845 2360 1981 2416 dam
2022 2360 2305 2433 accipitur
2333 2361 2651 2434 sapientiae.
2692 2362 2763 2417 Et
2800 2361 2929 2418 ideo
2978 2361 3275 2434 apostolus
3309 2379 3492 2436 supra

1844 2452 2047 2520 pectus
2063 2448 2279 2504 Christi
2298 2447 2541 2505 reclinat
2570 2448 2761 2521 caput,
2787 2466 2901 2504 non
2946 2449 3005 2504 in
3034 2453 3250 2506 terram
3291 2450 3491 2522 dejicit

1843 2537 1993 2608 Ergo
2021 2536 2069 2592 si
2100 2537 2393 2609 sapientia
2421 2536 2635 2593 diaboli
2668 2537 2805 2593 feris
2836 2537 3286 2594 immanissimis
3333 2539 3489 2596 180

1842 2628 2239 2696 comparatur,
2264 2626 2481 2697 quibus
2498 2626 2651 2681 intra
2679 2627 2856 2699 pedes
2878 2631 3081 2699 pectus
3105 2626 3208 2683 sit:
3228 2630 3286 2683 et
3313 2627 3490 2684 etiam

1843 2713 2111 2770 homines
2142 2714 2243 2786 qui
2275 2718 2505 2770 terrena
2534 2714 2792 2787 sapiunt,
2825 2731 2929 2771 nec
2968 2714 3240 2771 interiore
3282 2716 3490 2773 affectu

1842 2802 2149 2875 eriguntur
2189 2804 2262 2859 ad
2310 2802 2540 2871 coelum,
2593 2808 2756 2859 utero
2814 2803 3085 2860 videntur
3124 2807 3352 2876 reptare
3389 2821 3494 2877 per

1840 2894 2096 2959 terram;
2142 2892 2345 2963 utique
2383 2896 2645 2949 ventrem
2693 2892 2903 2948 animae
2947 2896 3157 2950 nostra;
3206 2910 3322 2950 non
3371 2910 3493 2951 cor-

1841 2980 2221 3053 ruptibilibus
2251 2981 2445 3036 saeculi
2475 2981 2655 3053 hujus
2702 2982 2967 3055 implere,
3008 2983 3108 3038 sed
3155 2983 3344 3056 magis
3388 2983 3492 3040 Dei

1840 3070 2018 3125 verbo
2049 3070 2262 3126 satiare
2298 3070 2599 3125 debemus.
2650 3071 2798 3125 Bene
2852 3070 3030 3142 igitur
3066 3071 3247 3127 David
3291 3086 3491 3143 perso-

1846 3175 1981 3214 nam
2015 3159 2342 3230 suscipiens
2372 3159 2507 3213 Adae
2539 3158 2714 3214 dicit:
2751 3161 3053 3214 Humiliata
3083 3161 3241 3213 estin
3266 3160 3492 3229 pulvere

1758 3232 1799 3299 C
1838 3250 2030 3303 anima
2080 3264 2221 3313 mea,
2281 3247 2515 3304 adha’sit
2570 3249 2629 3301 in
2689 3251 2855 3301 terra-
2892 3252 3080 3301 venter
3134 3261 3286 3300 meus
3316 3246 3487 3318 (Psal.

1840 3351 1999 3401 XLIII,
2029 3335 2142 3405 25).
2174 3334 2431 3389 Adhmsit
2448 3334 2603 3389 enim
2628 3335 2767 3389 dum
2791 3334 3189 3406 conﬁguratur
3206 3333 3486 3405 serpenti,

1841 3423 1943 3495 qui
1995 3423 2256 3496 pascitur
2299 3422 2360 3477 in
2422 3422 2728 3495 iniquitate
2788 3427 3032 3478 terrena.
3084 3422 3334 3494 Ideoque
3380 3439 3487 3479 nos

1838 3510 2149 3585 Apostolus
2183 3511 2533 3583 configurari
2565 3510 2704 3566 dicit
2733 3516 2998 3583 oportere
3036 3510 3265 3567 Christo
3307 3514 3485 3581 (Rom.

1838 3619 1912 3669 vr,
1943 3601 2020 3672 5),
2055 3604 2120 3656 ut
2159 3599 2346 3656 virtus
2391 3599 2600 3655 Christi
2649 3600 2969 3672 praetendat
3010 3600 3066 3655 in
3116 3600 3306 3657 nobis.
3349 3601 3485 3666 Quae

1840 3690 2130 3745 sententia
2161 3706 2277 3744 non
2320 3692 2561 3760 putatur
2607 3688 2666 3744 in
2715 3692 3045 3761 serpentem
3089 3691 3305 3764 gravis,
3349 3707 3485 3747 cum

1840 3779 2014 3835 etiam
2045 3780 2251 3847 Adam,
2286 3779 2389 3850 qui
2414 3777 2596 3834 levius
2630 3779 2904 3851 peccavit,
2936 3779 3039 3835 tali
3064 3781 3492 3838 condemnatur

1840 3867 2150 3924 sententia.
3360 3874 3369 3879 ‘

1907 3994 1999 4048 '75.
2032 3992 2335 4064 Scriptum
2360 3997 2451 4049 est
2480 3992 2669 4048 enim:
2703 3993 2987 4050 Maledicta
3020 4001 3167 4049 terra
3210 3994 3271 4048 in
3309 3993 3493 4064 operi-

1842 4083 1938 4138 bus
1986 4084 2134 4137 tuis:
2182 4083 2243 4137 in
2286 4083 2516 4137 tristitia
2553 4082 2912 4138 manducabi:
2965 4097 3087 4137 eam
3159 4096 3341 4138 omnes
3379 4081 3494 4138 dies

1839 4172 1970 4228 vitae
1997 4175 2111 4228 tute
2168 4170 2321 4242 (Gen.
2382 4188 2464 4238 Ill,
2528 4171 2617 4242 17)
2674 4170 2923 4227 Videtur
2975 4172 3129 4225 certe
3167 4169 3493 4226 similitudo

1841 4260 2108 4332 quadam
2140 4276 2268 4316 esse
2296 4260 2631 4316 sententiae:
2666 4259 2767 4315 sed
2797 4263 2994 4315 tamen
3024 4259 3084 4314 in
3126 4258 3256 4331 ipsa
3286 4257 3493 4314 simili-

1840 4348 2042 4405 tudine
2058 4365 2272 4421 magna
2301 4348 2594 4404 discretio.
2630 4348 2878 4405 Interest
2906 4347 3068 4403 enim
3090 4353 3289 4403 utrum
3321 4365 3496 4405 man-

1841 4439 2018 4494 ducet
2060 4437 2276 4509 aliquis
2329 4441 2564 4506 terram,
2607 4438 2759 4494 sicut
2816 4437 3070 4510 serpenti
3110 4437 3333 4495 dictum
3379 4442 3491 4507 est,

1842 4527 1982 4600 quia
2024 4530 2238 4582 terram
2279 4526 2700 4583 manducabit:
2751 4544 2823 4583 an
2891 4544 3025 4583 vero
3074 4526 3227 4583 sicut
3268 4525 3495 4583 homini

67 4613 323 4672 ostendit.
362 4618 444 4673 Et
474 4614 734 4688 quidem
760 4612 1004 4671 tentatio
1035 4612 1136 4667 illa
1165 4613 1321 4685 quod
1353 4612 1608 4686 amplius
1638 4613 1736 4669 ho-
1763 4601 1811 4666 D
1846 4617 2091 4684 dictum,
2115 4621 2223 4682 est,
2256 4619 2316 4672 in
2354 4617 2585 4673 tristitia
2621 4616 2995 4673 manducabis.
3039 4615 3298 4688 Adjectio
3335 4617 3493 4673 enim

67 4699 305 4762 minibus
355 4705 597 4780 prosit,
641 4702 922 4776 superius
980 4703 1516 4759 demonstravimus
1563 4704 1637 4775 (c.
1678 4705 1734 4771 2,

69 4803 114 4843 η.
151 4791 242 4866 9):
281 4796 392 4853 sed
438 4801 662 4851 tamen
706 4809 844 4849 cum
887 4791 1204 4865 legerimus
1250 4792 1403 4864 quod
1456 4780 1736 4864 scriptum

66 4883 157 4945 est,
201 4883 446 4941 dicente
504 4883 678 4940 Deo:
748 4881 1177 4938 Honorificuntes
1222 4896 1309 4936 me
1350 4880 1735 4952 honoriﬁcabo,

67 4976 108 5020 ει
132 4979 478 5048 contemptor
510 4973 639 5027 mei
681 4970 884 5028 honore
934 4971 1253 5042 privabitur
1295 4970 1344 5041 (Ι
1371 4972 1496 5040 Reg.
1531 4988 1591 5039 ιι,
1624 4970 1736 5041 30),

64 5053 179 5115 licet
203 5064 382 5119 nobis
425 5079 509 5119 ex
567 5059 669 5116 his
715 5059 910 5116 verbis
957 5058 1179 5131 aliquid
1220 5059 1532 5115 aestimare.
1584 5059 1739 5115 Deus

124 5180 221 5260 (76)
258 5186 439 5245 Rom.
479 5183 798 5260 edit._sola
813 5184 957 5240 mihi
976 5185 1147 5240 suasit
1182 5201 1194 5240 :
1246 5191 1297 5240 et
1343 5184 1441 5240 hoc
1486 5185 1741 5241 mulieris

61 5256 318 5322 peccatum
350 5258 605 5316 veniate
638 5256 756 5323 Deo,
791 5261 901 5313 etc.

122 5329 226 5401 (77)
256 5331 412 5388 Mss.
451 5331 733 5401 quatuor
756 5331 815 5383 et
845 5326 983 5401 edit.
1014 5328 1145 5401 Am.
1176 5329 1354 5399 atque
1395 5327 1548 5401 Era,
1578 5328 1743 5401 mini-

64 5397 420 5471 εἰνὶ
458 5397 629 5459 Sunt
649 5400 793 5469 falsa
840 5400 1193 5471 imponentis,
1234 5397 1344 5456 etc.
1398 5398 1550 5455 Edit.
1605 5397 1739 5454 Gil].

67 5482 118 5522 lc
158 5471 323 5530 Rom.
390 5472 681 5530 ministri
719 5472 959 5541 justitia‘:
989 5478 1136 5536 sunt,
1195 5472 1341 5541 [uisa
1386 5471 1740 5537 imponentes,

68 5544 154 5596 etc.
185 5544 408 5603 Verum
448 5559 615 5601 cum
650 5540 891 5597 in’mss.
939 5540 1215 5597 omnibus
1261 5540 1506 5613 legatur,
1564 5541 1742 5613 impo-

314 5620 617 5676 dicant...
652 5613 953 5685 imponant,
984 5628 1101 5685 non
1135 5611 1342 5685 autemw
1362 5617 1427 5669 ut
1467 5611 1527 5668 in
1564 5611 1743 5685 .edit.,

69 5682 293 5747 dimnt...
326 5688 647 5763 imponat,
680 5680 1114 5741 restituendum
1149 5681 1339 5740 locum
1384 5680 1741 5757 putavimus,

367 5819 465 5883 PA
480 5823 677 5881 non.
720 5810 879 5878 XIV.

1847 4707 1995 4762 ista:
2065 4708 2127 4762 In
2182 4707 2430 4774 tristitia,
2499 4706 2914 4762 discretionem
2981 4706 3139 4765 facit.
3215 4706 3497 4763 Discretio

1848 4811 2026 4867 quam
2055 4795 2173 4851 vim
2205 4795 2437 4864 habeat,
2485 4795 2805 4851 considera.
2848 4796 3074 4851 Bonum
3116 4798 3207 4851 est
3244 4794 3389 4850 mihi
3432 4794 3495 4848 in

1847 4883 2087 4940 tristitia
2099 4884 2288 4956 magis
2305 4887 2521 4939 terram
2555 4884 2931 4954 manducare,
2951 4900 3128 4956 quam
3151 4883 3211 4937 in
3246 4880 3496 4939 delecta-

1848 4972 2029 5039 tione,
2059 4972 2169 5028 hoc
2199 4976 2308 5037 est,
2342 4976 2406 5027 ut
2436 4972 2495 5027 in
2527 4978 2659 5028 actu
2690 4973 2943 5045 quodam
2975 4976 3033 5028 et
3070 4987 3246 5028 sensu
3295 4986 3499 5041 corpo-

1850 5060 1932 5117 ris
1963 5060 2297 5117 contristari
2326 5061 2546 5131 videar,
2584 5077 2765 5134 quam
2809 5060 3083 5118 delectari
3136 5059 3195 5115 in
3239 5062 3496 5132 peccato.

1851 5185 2004 5243 sicut
2032 5185 2091 5241 in
2124 5188 2306 5240 textu.

1924 5258 2033 5328 (78)
2068 5254 2558 5330 Ita_mss_._Clar.,
2602 5257 2788 5330 Gem,
2826 5254 3009 5323 Colb.,
3057 5256 3208 5330 Big.,
3260 5257 3355 5312 SS.
3402 5256 3505 5330 Re-

1852 5326 2225 5410 mig._'et.Tl1'._
2255 5326 2365 5380 Alii
2398 5331 2594 5381 tamen
2627 5332 2682 5410 et
2702 5329 2840 5383 edit.
2896 5326 3155 5397 omnes:
3173 5331 3261 5385 vir
3305 5329 3504 5384 mentis

1850 5398 2149 5455 delectatio.
2181 5398 2368 5467 Itaque
2394 5413 2603 5463 sensus,
2633 5406 2739 5453 etc.

1925 5469 2036 5552 (79)
2067 5469 2208 5524 Mss.
2247 5470 2361 5523 lere
2391 5467 2463 5522 ad
2496 5485 2704 5535 unum,
2738 5467 3054 5539 Colligenda
3084 5474 3163 5525 est
3191 5472 3368 5528 omnis
3406 5486 3504 5525 ea:-

1853 5544 2228 5687 Ὗῗὲἕῖᾙεε.
2293 5606 2531 5685 aliquod
2592 5609 2728 5669 boni
2810 5608 2939 5678 aevi,
2992 5612 3204 5671 caelesti
3259 5609 3507 5671 benedic-

1854 5683 2018 5740 um.

3118 5808 3200 5893 tt
