3910 6210
497 316 611 375 331
1963 332 2026 391 S.

2313 332 2451 395 JSII
3760 347 3857 406 332

504 447 674 547 Itiulti
707 451 864 507 enim
896 458 1133 547 propter
1163 456 1377 514 nimias
1434 459 1773 531 iniquitates
1806 478 1920 517 non
1966 462 2151 519 susci-
2181 463 2237 530 Α
2270 465 2494 523 malitia
2524 484 2651 526 esse
2679 469 3015 527 videamur:
3049 470 3282 543 quando
3314 472 3528 543 fenum,
3556 472 3613 530 in
3641 474 3857 547 quodam

480 537 671 633 .piunt
699 542 920 612 peccati
978 546 1415 602 conscientiam.
1467 548 1539 604 At
1588 566 1720 605 vero
1753 550 1847 606 ille
1867 552 1966 623 qui
2023 552 2143 608 ait:
2258 572 2569 627 processu:
2605 560 2841 630 quando
2892 577 3025 617 vero
3057 537 3291 633 panem,
3326 579 3461 618 cum
3503 537 3860 621 consummata

503 625 717 725 fastigo
740 646 934 725 corpus
961 649 1165 725 meum,
1194 640 1245 690 et
1271 639 1531 692 serrituti
1581 639 1769 709 redigo
1800 640 1847 709 (Ι
1905 640 2025 695 Cor.
2068 659 2145 708 ιχ,
2258 625 2430 700 fuerit
2452 625 2747 704 fortitudo.
2775 650 2923 722 Ergo
2954 653 3011 705 et
3038 625 3145 706 nos
3178 625 3507 708 habeamus
3536 668 3724 725 preces
3750 670 3857 710 sum

504 718 618 789 20),
644 720 1026 812 contristatur
1054 724 1112 778 in
1148 729 1480 782 nostrorum
1514 729 1855 800 pmnitentia
1885 735 2146 802 peccato-
2257 734 2383 789 vitae
2415 734 2613 806 hujus,
2646 737 2798 793 sicut
2827 718 3034 795 hvabuit
3067 744 3124 795 et
3172 739 3390 796 Paulus
3420 718 3725 812 qui-dicit:
3755 744 3855 798 Vivo

504 823 631 902 rum
658 808 832 902 {quia
852 827 959 902 sua
989 815 1151 869 tanta
1171 814 1381 871 delicta
1407 834 1519 873 non
1548 818 1774 885 habuit,
1833 825 1895 874 ut
1958 819 2016 874 in
2056 818 2148 875 liis
2256 826 2567 895 autemjam
2596 844 2709 881 non
2738 844 2836 898 ego
2858 828 3067 899 (Galat.
3102 845 3162 893 ιι,
3201 828 3314 900 20).
3348 808 3456 885 hoc
3500 835 3606 898 est,
3637 846 3739 885 non
3776 845 3859 902 ego

501 895 833 991 contristari
864 900 1119 991 deberet.
1152 904 1413 977 Denique
1442 908 1677 963 etnobis
1708 909 1915 964 suadet
1946 908 2146 964 utilem
2257 913 2356 985 qui
2390 917 2602 969 terram
2622 921 2757 971 ante
2772 895 3249 973 vmanducabam:
3276 895 3400 973 non
3430 934 3534 991 ego
3555 895 3648 991 qui
3677 895 3859 985 fenum,

502 983 673 1039 istam
696 1002 824 1043 esse
853 988 1177 1058 tristitiam,
1211 1008 1338 1064 qua-3
1389 997 1712 1051 secundum
1765 997 1968 1064 Deum,
2031 1015 2145 1052 non
2255 983 2397 1072 quia
2426 1005 2619 1059 omnis
2645 1021 2779 1060 caro
2811 1006 3048 1061 fenum:
3119 1004 3222 1061 Sed
3282 1008 3417 1062 vivit
3465 983 3538 1062 in
3571 983 3678 1063 ἠαδ
3734 983 3853 1063 181

501 1074 826 1167 secundum
861 1077 1145 1167 saeculum
1178 1085 1285 1136 est.
1320 1081 1579 1154 Oportet,
1614 1085 1826 1156 inquit,
1869 1102 1969 1140 vos
2011 1104 2145 1140 con-
2258 1089 2504 1145 Christus
2535 1092 2741 1163 (Ibid),
2775 1093 2884 1149 hoc
2916 1098 3024 1162 est,
3056 1094 3197 1150 vivit
3237 1094 3408 1166 panis
3455 1095 3548 1152 ille
3591 1096 3739 1152 vivus
3776 1096 3856 1167 qui

502 1161 815 1257 tristari-in
848 1165 1250 1238 paenitentiam
1311 1174 1637 1228 secundum
1689 1174 1872 1229 Deum
1910 1176 1981 1246 (II
2022 1175 2141 1230 Cor.
2254 1179 2411 1233 venit
2439 1196 2469 1234 e
2499 1179 2661 1247 caelo,
2694 1161 2834 1236 vivit
2864 1182 3171 1255 sapientia,
3204 1161 3342 1239 vivit
3369 1185 3571 1257 gratia,
3602 1183 3728 1239 vivit
3751 1161 3855 1254 jus-

498 1266 597 1319 vn,
628 1251 684 1320 9,
719 1252 809 1325 10)
839 1272 853 1323 ;
887 1272 1022 1312 nam
1054 1260 1380 1315 secundum
1414 1266 1593 1317 Deum
1624 1262 1870 1319 tristitia
1893 1263 2142 1320 salutem
2254 1268 2404 1335 titia,
2426 1268 2563 1323 vivit
2593 1251 2964 1326 resurrectio.

500 1344 1013 1433 eperatur,smculi
1046 1351 1241 1403 autem
1298 1350 1535 1406 tristitia
1568 1356 1813 1407 mortem
1846 1358 2141 1424 operatur.
2324 1358 2414 1412 77.
2460 1357 2677 1413 Deinde
2722 1359 3028 1416 considera
3084 1361 3224 1433 quia
3267 1377 3381 1417 non
3428 1364 3515 1417 est
3558 1360 3855 1417 maledictus

498 1428 606 1483 Sed
638 1434 696 1485 et
713 1431 785 1523 de
808 1432 999 1488 Veteri
1019 1436 1391 1494 Testamento
1412 1440 1608 1512 accipe
1629 1440 1760 1497 illos
1783 1442 1853 1497 ad
1894 1443 2143 1515 gratiam
2254 1444 2448 1513 homo,
2485 1447 2585 1502 sed
2619 1447 2963 1505 maledictus
2991 1455 3081 1505 est
3100 1428 3399 1523 serpens:
3441 1467 3542 1507 nec
3571 1454 3712 1507 terra
3736 1449 3785 1504 in
3811 1464 3859 1505 se

485 1519 845 1611 pervenisse,
878 1523 978 1593 qui
1005 1524 1506 1584 contristabantur
1534 1528 1593 1584 in
1627 1531 1901 1601 operibus
1942 1549 2142 1603 corpo-
2255 1534 2562 1590 maledicta
2588 1544 2713 1605 est;
2758 1539 2858 1593 sed
2909 1519 3242 1607 Maledicta,
3292 1539 3507 1611 inquit,
3551 1542 3611 1595 in
3651 1539 3857 1611 operibus

495 1605 715 1697 ralibus
742 1626 755 1677 ;
784 1609 912 1666 illos
944 1628 1076 1669 vero
1100 1613 1159 1669 in
1191 1616 1479 1689 supplicio
1511 1620 1885 1687 remansisse,
1921 1621 2021 1693 qui
2046 1622 2143 1677 de-
2252 1624 2361 1676 tuis
2393 1622 2544 1691 (Gen.
2582 1641 2663 1689 Ill,
2700 1624 2809 1696 l7),
2844 1625 3000 1697 quod
3032 1626 3104 1681 ad
3135 1605 3322 1681 Adam
3363 1605 3586 1683 dictum
3631 1605 3711 1682 est
3747 1625 3854 1696 (82).

491 1693 857 1790 laetabantur
882 1699 1278 1772 hujusmundi
1298 1707 1591 1777 operibus.
1617 1709 1877 1782 Denique
1920 1710 2142 1766 Hebraei
2253 1712 2417 1767 Tunc
2452 1716 2606 1768 terra
2637 1693 2947 1769 maledicta
2975 1719 3082 1782 est,
3115 1715 3166 1770 si
3191 1714 3614 1790 habeas'opera
3650 1693 3852 1780 terrena,

629 1785 1095 1902 ξοεξωίεοθδωιι
1141 1793 1200 1848 in
1257 1793 1558 1852 laboribus
1589 1798 1816 1871 [Egypti
1844 1799 2035 1869 (Exod.
2079 1817 2143 1868 ιι,
2175 1837 2222 1902 Β
2256 1799 2312 1853 id
2343 1805 2432 1855 est
2461 1817 2637 1873 Opera
2668 1802 2989 1859 saecularia.
3030 1805 3102 1860 Et
3154 1784 3623 1861 maledicta—non
3660 1802 3713 1859 in
3754 1801 3853 1857 uni-

491 1873 925 1967 25),justorum
949 1880 1197 1951 gratiam
1230 1886 1530 1941 consecuti
1563 1892 1721 1943 sunt.
1757 1888 1825 1943 Et
1856 1888 1993 1960 quia
2043 1905 2144 1962 pa-
2175 1873 2222 1902 ³³
2265 1906 2525 1958 versum;
2569 1892 2670 1946 sed
2721 1897 2788 1948 ut
2829 1893 3031 1965 epinas
3078 1898 3135 1949 et
3186 1892 3436 1950 tribulos
3484 1897 3717 1967 generet,
3768 1888 3851 1946 nisi

494 1978 631 2055 ncm
661 1963 991 2055 intristitia
1019 1972 1544 2046 manducaveruut,
1579 1992 1714 2031 esca
1763 1977 1958 2033 donati
2019 1984 2157 2035 sunt
2266 1980 2416 2036 382
2442 1980 2615 2035 fuerit
2635 1963 2904 2036 humanis
2927 1982 3122 2039 studio
3170 1963 3526 2055 operationis
3571 1979 3847 2038 exercitata.

491 2052 740 2143 spiritali
774 2054 792 2127 (
822 2058 993 2125 Exod,
1018 2077 1133 2115 xvr.
1170 2063 1239 2116 15
1266 2066 1323 2118 et
1372 2065 1506 2135 esq.)
1543 2082 1556 2132 ;
1590 2066 1837 2138 {Egyptii
1877 2084 2010 2123 vero
2049 2076 2154 2139 qui
2262 2069 2423 2131 Quod
2452 2069 2501 2123 si
2532 2086 2658 2124 eam
2700 2070 3153 2139 exercuerimus,
3206 2052 3267 2126 in
3320 2070 3520 2128 labore
3566 2070 3771 2143 quidem
3809 2071 3850 2123 et

489 2140 630 2198 talia
656 2159 832 2216 opera
862 2162 996 2202 cum
1041 2148 1395 2207 exultatione
1434 2152 1827 2221 celebrabant,
1886 2156 2007 2229 regi
2046 2157 2149 2213 de-
2260 2157 2492 2226 sudore,
2516 2158 2615 2212 sed
2640 2164 2834 2214 tamen
2867 2176 3077 2231 panem
3118 2140 3606 2217 manducabimus
3628 2159 3743 2231 (83).
3769 2156 3846 2211 Be-

490 2231 744 2286 testabili
773 2234 1111 2304 servientes,
1146 2237 1371 2294 nullam
1403 2241 1629 2296 veniam
1673 2246 1811 2298 sunt
1843 2244 2056 2316 adepti.
2259 2250 2481 2317 pugnat
2509 2246 2665 2301 enim
2699 2246 2789 2302 lex
2813 2248 3007 2303 carnis
3032 2247 3145 2321 legi
3177 2249 3416 2306 mentis.
3444 2250 3510 2305 Et
3525 2246 3848 2305 laborandum

484 2356 503 2365 ν
568 2323 657 2377 76.
693 2321 804 2377 Sed
836 2327 927 2379 est
956 2327 1012 2380 et
1042 2324 1141 2381 illa
1169 2327 1488 2397 distinctio,
1524 2331 1679 2401 quod
1715 2332 1968 2404 serpenti
2007 2334 2147 2389 dici—
2257 2334 2425 2389 nobis
2456 2338 2545 2390 est
2573 2352 2638 2390 ac
2673 2336 3109 2405 desudandum,
3156 2343 3221 2393 ut
3267 2338 3621 2411 castigemus
3665 2349 3846 2408 corpus,

486 2419 584 2471 tur
614 2411 753 2486 quia
793 2415 1009 2500 terram
1043 2416 1458 2486 manducahit;
1492 2419 1625 2475 Adae
1659 2424 1854 2476 autem
1892 2439 1905 2477 :
1948 2424 2011 2477 In
2041 2426 2142 2478 tri-
2217 2492 2221 2496 _
2252 2427 2309 2478 et
2338 2423 2601 2479 servituti
2628 2425 2987 2498 redigamus,
3020 2431 3077 2481 et
3123 2443 3252 2498 quas
3309 2432 3453 2483 sunt
3504 2425 3762 2500 spiritalia
3788 2437 3851 2478 se-

482 2505 661 2572 stitia,
692 2499 887 2573 inquit
930 2503 1301 2574 manducabis,
1349 2514 1554 2564 etcum
1605 2509 1800 2567 sudore
1842 2512 2141 2567 manduca-
2253 2512 2566 2567 minemus.
2612 2512 2667 2567 Si
2727 2515 2884 2568 enim
2923 2513 3189 2571 carnalia
3227 2499 3716 2582 seminaverimus,
3760 2525 3849 2583 que

483 2595 566 2650 bis
595 2594 728 2666 (8t),
791 2608 841 2655 et
906 2598 1261 2653 manducetis
1311 2599 1502 2668 fenum
1555 2601 1679 2669 agri
1708 2600 1857 2671 (Cen.
1904 2618 1990 2667 ιιι,
2050 2602 2136 2670 18,
2250 2600 2506 2655 carnalia
2541 2606 2680 2656 sunt
2710 2608 3037 2658 metemus:
3072 2603 3122 2658 si
3154 2619 3289 2659 vero
3322 2603 3611 2676 spiritalia
3644 2599 3848 2659 semina-

484 2684 594 2756 19);
630 2689 697 2742 ut
726 2688 1044 2759 quemdam
1077 2687 1481 2760 intelligamus
1512 2688 1571 2743 in
1609 2689 1703 2745 his
1734 2706 1864 2745 esse
1912 2706 2141 2762 proces—
2246 2688 2526 2758 verimus,
2561 2694 2853 2746 metemus
2883 2707 2951 2747 ea
2981 2707 3109 2763 qua
3136 2697 3279 2748 sunt
3299 2691 3588 2766 spiritalia
3615 2691 3684 2763 (S.
3723 2690 3843 2759 Auge

480 2789 616 2829 sum
648 2778 706 2830 et
735 2776 969 2847 quando
994 2780 1213 2832 terram
1264 2777 1714 2847 manducamus,
1774 2779 1832 2833 in
1878 2779 2133 2851 quodam
2247 2780 2285 2833 ι.
2322 2796 2361 2833 ιι
2396 2780 2547 2835 Com.
2579 2780 2689 2835 Jul.
2721 2780 2957 2850 Pelag...
2993 2796 3042 2835 ε.
3072 2780 3151 2851 5).

699 2942 806 3026 Big
834 2984 848 3010 ,
903 2944 1089 3026 gem,
1142 2946 1349 3026 'I_‘orn_.,_
1392 2945 1494 3026 SS.
1549 2945 1661 3001 Th.’
1708 2950 1778 3026 et‘
1811 2947 2009 3003 Mich..
2068 2950 2131 3004 In
2310 2948 2422 3026 (82)
2449 2947 2621 3026 C_l_a_r.,
2655 2948 2818 3026 R_em.
2847 2952 2903 3004 et
2930 2948 2989 3026 8.
3021 2949 3154 3026 Tim,
3184 2949 3269 3026 ad
3283 2952 3536 3006 animam
3562 2950 3746 3026 ditium
3760 2952 3832 3001 est.

481 3016 732 3092 tristitia,
756 3016 958 3087 inquit,
1016 3016 1373 3073 manducabis
1417 3022 1607 3088 fenum
1652 3020 1797 3088 agri,
1843 3027 1906 3075 ut
1941 3036 2126 3092 quem-
2309 3016 2420 3092 (83)
2475 3016 2625 3075 Edit‘.
2678 3019 2869 3092 Rom.,
2916 3020 3068 3088 Quod
3102 3016 3151 3076 si
3195 3022 3369 3078 etiam
3412 3021 3831 3078 exercuerimus...

477 3083 628 3164 dam,
655 3083 764 3142 etc.
828 3083 845 3087 “
1284 3132 1287 3137 .
1417 3083 1425 3088 ’
1690 3083 1708 3088 ⁷
1784 3083 1789 3085 ⁷
1948 3083 1965 3092 ’
2236 3083 2432 3147 sudore
2459 3092 2703 3153 erimus;
2732 3091 2827 3147 sed
2851 3083 3057 3162 tamen,
3087 3095 3196 3148 etc.

476 3302 3826 3336 Μ

979 3482 1095 3568 ΙΝ
1155 3479 1560 3570 LIBROS
1615 3483 1761 3569 DE
1821 3481 2081 3569 CAIN
2137 3482 2283 3568 ET
2341 3482 2623 3568 ABEL
2680 3479 3362 3571 ADMONITIO.

534 3790 881 3846 Ambrosius
911 3790 969 3846 in
1000 3792 1127 3863 ipso
1154 3793 1387 3848 exordio
1418 3792 1549 3848 libri
1582 3794 1654 3849 De
1698 3794 2085 3848 lnearuatione
2122 3794 2410 3849 Domiuiea
2457 3791 2705 3864 loquens
2755 3793 2826 3848 de
2876 3793 3107 3848 duobus
3158 3793 3427 3850 Gratiani
3477 3785 3813 3850 cubiculariis

463 3879 692 3935 Arianae
721 3883 889 3936 sectae
921 3881 1280 3949 hominibus,
1316 3882 1414 3952 qui
1447 3882 1573 3953 ejus
1596 3882 1858 3937 concioni
1892 3882 2021 3937 ﬁcte
2052 3882 2290 3954 polliciti
2324 3899 2450 3938 sese
2484 3882 2807 3947 adfuturos,
2830 3881 3145 3954 obligatam
3171 3882 3351 3938 {idem
3385 3899 3500 3939 non
3529 3877 3816 3937 liberabant.

461 3986 790 4026 sermonem
823 3971 893 4025 ad
925 3970 1258 4027 institutam
1288 3971 1448 4027 Caini
1481 3976 1537 4026 et
1565 3971 1760 4026 Abelis
1793 3971 2096 4026 historiam
2128 3987 2191 4028 se
2234 3974 2565 4027 convertere
2596 3971 2918 4043 proﬁtetur.
2942 3972 3129 4044 Itaque
3156 3970 3292 4026 dum
3330 3973 3448 4038 illi,
3498 3968 3690 4042 inquit,
3730 3965 3814 4034 [ω’-
3842 4028 3843 4031 η

456 4060 604 4114 sitan
628 4065 873 4123 veniunt,
905 4059 977 4115 ad
1012 4062 1140 4115 istos
1168 4061 1264 4131 qui
1285 4063 1551 4132 propositi
1578 4068 1724 4125 sunt,
1757 4060 2104 4131 deﬂectemus
2135 4061 2431 4129 agricolas,
2463 4076 2695 4132 quorum
2724 4060 2887 4125 alter,
2934 4058 3032 4114 hoc
3069 4067 3148 4115 est
3196 4061 3356 4131 Cain,
3405 4066 3513 4116 etc.
3542 4059 3613 4113 Ex
3647 4051 3813 4126 quibus
3840 4068 3841 4107 ι

458 4165 596 4205 sane
626 4165 741 4204 non
773 4148 915 4205 levis
942 4148 1199 4222 suspicio
1229 4150 1391 4220 injici
1424 4155 1615 4222 potest
1644 4150 2203 4206 commentationem
2238 4149 2309 4203 de
2338 4148 2479 4204 Cain
2511 4153 2568 4204 et
2595 4148 2734 4204 Abel
2768 4147 2924 4203 haud
2951 4147 3116 4219 prius
3162 4149 3386 4204 editam
3437 4148 3630 4213 tuisse,
3676 4151 3811 4215 quam
3838 4170 3839 4183 ς

455 4237 555 4295 illa
586 4237 1102 4311 pronuntiarentur
1130 4240 1201 4294 ab
1233 4239 1556 4295 Ambrosio.
1587 4240 1653 4294 Et
1682 4238 1819 4293 huic
1852 4238 2196 4308 conjecturae
2229 4237 2364 4292 inde
2396 4238 2663 4292 fortassis
2686 4236 2953 4293 nonnihil
2974 4237 3240 4292 videatur
3267 4237 3540 4294 accedere
3567 4233 3814 4290 confirma-

454 4329 651 4396 tionis,
686 4329 840 4399 quod
868 4332 924 4382 et
953 4328 1155 4382 eadem
1190 4327 1353 4395 ﬁdes,
1388 4344 1562 4398 quam
1595 4327 1682 4380 vir
1714 4330 1956 4381 sanctus
1986 4326 2042 4380 in
2078 4325 2227 4380 libro
2252 4326 2327 4381 De
2358 4328 2743 4382 Inearnatione
2773 4326 3006 4382 Arianis
3034 4324 3344 4398 explicato,
3377 4326 3553 4383 etiam
3590 4324 3644 4379 in
3680 4324 3835 4390 opere‘

452 4418 521 4469 de
553 4432 668 4487 quo
690 4416 943 4486 agimus,
968 4415 1289 4486 plurimum
1313 4416 1776 4481 commendetur,
1799 4419 1855 4470 et
1876 4413 1934 4469 in
1958 4419 2208 4487 utroque
2235 4415 2436 4470 eadem
2470 4415 2760 4470 Geneseos
2791 4415 2964 4471 verba
2994 4430 3112 4470 non
3142 4412 3408 4469 absimili
3441 4413 3649 4469 ratione
3674 4418 3811 4476 expo-

452 4508 685 4559 nantur.
746 4506 890 4560 Cum
920 4508 1118 4559 autem
1144 4508 1467 4558 memorata
1498 4503 1814 4576 disputatio
1844 4504 1916 4559 De
1944 4503 2331 4558 lnearnatione
2355 4503 2642 4557 Dominiea
2688 4503 2785 4557 vix
2832 4507 2967 4559 ante
3003 4518 3224 4558 annum
3272 4503 3404 4570 382,
3462 4506 3526 4557 ut
3578 4512 3669 4555 suo
3711 4491 3829 4576 1009;

451 4590 698 4656 dicetur,
730 4591 929 4647 habita
960 4592 1153 4657 fuerit,
1176 4591 1313 4645 hinc
1346 4591 1541 4647 forsan
1572 4574 1758 4664 possit
1777 4591 1991 4663 aliquis
2014 4590 2284 4664 colligere
2305 4590 2492 4646 eidem
2520 4607 2751 4662 quoque
2773 4591 3023 4663 tempori
3052 4594 3370 4647 tractatum
3393 4591 3463 4646 de
3482 4587 3609 4646 Cain
3627 4589 3676 4640 et
3697 4574 3827 4643 Abell

448 4694 576 4734 esse
608 4679 1007 4734 tribuendum.
1042 4680 1455 4735 Verumtamen
1488 4687 1552 4735 ut
1582 4681 1734 4737 hunc
1767 4680 2158 4751 antiquiorem
2190 4680 2613 4747 existimemus,
2646 4684 2714 4734 ut
2746 4683 2876 4752 pote
2905 4680 3062 4752 operi
3095 4680 3168 4735 De
3201 4679 3468 4750 paradiso
3518 4681 3802 4747 supparem.
3822 4682 3825 4752 j

447 4767 655 4839 primis
686 4768 947 4837 ejusdem
979 4763 1569 4823 verbisadducimur.
1606 4770 1684 4823 lbi
1720 4740 2013 4841 siquidem
2045 4769 2128 4824 ita
2160 4769 2217 4823 S.
2251 4767 2485 4823 doctor:
2541 4740 2615 4823 De
2673 4740 2962 4839 paradiso:
3006 4740 3218 4840 inquit,
3282 4769 3342 4823 in
3413 4740 3823 4871 superioﬂytﬂml

442 4856 831 4927 digessimus...
882 4859 1043 4911 Nunc
1087 4860 1395 4927 sequentem
1435 4858 1757 4913 adoriamur
1798 4860 2085 4913 historiam
2130 4860 2179 4912 et
2222 4873 2285 4913 ea
2330 4873 2449 4927 qum
2492 4856 2790 4911 secundum
2837 4856 3146 4927 Seripluras
3184 4856 3407 4913 adnexa
3434 4861 3556 4911 sunt
3609 4846 3799 4904 divinat.

440 4950 624 5002 nostro
653 4962 812 5018 opere
835 4961 1252 5018 prosequamur.
1287 4945 1415 5000 Haec
1474 4952 1624 5001 certe
1656 4947 1924 5002 dubitare
1957 4946 2297 5018 neutiquam
2329 4946 2552 5015 sinunt,
2576 4944 2716 5017 quin
2740 4944 3029 5017 Oppellam
3056 4945 3206 5000 hanc
3225 4961 3355 5016 quae
3378 4944 3437 5000 in
3469 4932 3819 5029 mss.du0b't151‘

442 5040 574 5107 post
602 5034 818 5091 librum
850 5036 926 5090 De
950 5035 1206 5106 paradiso
1238 5039 1488 5100 exarata,
1524 5035 1865 5090 inscribitur
1904 5036 1975 5090 De
2026 5036 2163 5091 Cain
2212 5043 2263 5091 et
2311 5035 2439 5088 Abel
2492 5035 2630 5090 liber
2679 5034 2963 5103 secundus,
3014 5034 3200 5090 eidem
3243 5033 3398 5090 libro
3447 5023 3815 5118 subjunxeriti‘

439 5140 615 5195 quam
649 5124 891 5196 proinde
921 5124 1151 5179 circiter
1181 5141 1274 5179 an.
1303 5125 1429 5191 375,
1462 5124 1741 5195 scriptam
1776 5124 1955 5179 fuisse
1986 5124 2427 5179 crediderimus.
2475 5122 2686 5178 Praeter
2732 5124 3098 5195 conjecturas
3152 5140 3187 5177 τι
3243 5122 3415 5179 nobis
3459 5122 3517 5175 in
3561 5100 3813 5187 superioxﬂ

438 5212 838 5268 admonitione
869 5212 1221 5285 propositas,
1256 5212 1371 5267 huc
1401 5213 1573 5267 etiam
1611 5211 1749 5267 facit
1778 5212 2088 5283 utriusque
2119 5210 2309 5284 operis
2340 5209 2661 5278 character,
2694 5211 2794 5282 qui
2826 5211 3004 5266 dubio
3036 5207 3237 5283 procul
3271 5225 3389 5265 non
3420 5207 3811 5285 tantam.qu&n"\

435 5310 557 5355 tam
588 5301 860 5367 aliorum,
896 5301 1293 5357 maturitatem
1325 5301 1578 5372 przefert,
1612 5301 1712 5356 sed
1746 5301 2002 5373 quodam
2034 5301 2228 5367 modo,
2263 5304 2328 5355 ut
2356 5316 2493 5355 voce
2545 5302 2780 5354 utamur
2824 5298 3140 5365 Ambrosii,
3176 5295 3588 5370 juvenculeseit.
3634 5268 3809 5405 Ιῐίίξὶυο)

446 5403 487 5405 m,
528 5388 587 5405 κ]
626 5388 680 5405 'II
748 5389 758 5399 -
835 5389 848 5405 ι
1328 5394 1336 5405 ι
1390 5389 1425 5405 ιι
1582 5392 1613 5405 n
1686 5392 1699 5405 ι
1919 5391 1958 5405 ι·
2099 5395 2134 5405 Ιιι
2245 5392 2254 5401 ι
2308 5390 2317 5400 ·
2594 5386 2605 5399 ’
2664 5404 2671 5405 ,
2716 5386 2941 5405 I,,,I,n_
2992 5403 3035 5405 ,_
3086 5385 3426 5405 ,jn-_'_.--__
3483 5386 3640 5405 ,ιρηιι
3748 5381 3792 5405 ο.

437 5388 593 5457 quod
622 5388 718 5443 ille
747 5389 802 5443 in
835 5389 959 5443 loco
990 5406 1020 5444 e
1050 5370 1543 5445 commentatione
1572 5392 1647 5445 De
1675 5370 2060 5446 [acarnatione
2089 5390 2380 5446 Dominica
2411 5386 2685 5461 superius
2714 5386 2950 5443 laudato
2983 5403 3045 5443 se
3076 5386 3150 5442 ad
3182 5385 3433 5441 Cainum
3480 5386 3641 5452 atque

436 5471 550 5528 lem
580 5475 883 5532 deﬂectere
913 5477 1225 5550 significat,
1260 5482 1640 5535 autumamus
1675 5478 1805 5534 ideo
1837 5478 2082 5544 dictum,
2133 5477 2273 5549 quia
2321 5478 2465 5533 forte
2513 5477 2819 5533 amborum
2861 5475 3108 5531 fratrum
3145 5473 3414 5542 historia,
3459 5470 3617 5542 cujus
3661 5461 3792 5518 lectio

435 5563 752 5631 quotannis
782 5567 938 5621 certo
970 5569 1230 5640 tempore
1259 5566 1319 5623 in
1350 5566 1608 5625 Ecclesia
1637 5567 1990 5636 recurrebat,
2024 5570 2164 5624 tunc
2197 5567 2267 5623 ad
2297 5564 2579 5642 populum
2612 5565 2799 5623 fuerat
2830 5565 3088 5623 recitata.

450 5688 469 5703 ς
505 5647 789 5717 Quidnam
824 5636 1110 5719 tractetur
1136 5654 1193 5711 in
1221 5655 1330 5712 hoc
1363 5671 1552 5728 opere,
1588 5660 1714 5712 tum
1746 5656 1873 5732 ipsa
1905 5658 2031 5730 ejus
2066 5636 2396 5731 inscriptio,
2424 5659 2548 5713 tum
2582 5672 2707 5729 qum
2739 5673 2772 5713 a
2802 5654 2972 5714 nobis
3004 5670 3182 5729 supra
3212 5652 3375 5711 dicta
3395 5653 3547 5718 sunt,
3566 5642 3690 5706 satis
3708 5636 3799 5713 den:

3792 5756 3797 5787 ι

3796 5416 3805 5641 Ι

3784 5964 3791 6091 (
