3910 6210
143 354 247 417 333
1313 351 1416 414 DE
1460 351 1643 413 CAIN

1977 353 2035 414 ιι
2078 355 2227 415 LIB.
2274 354 2321 413 Ι.
3398 358 3521 419 ’384

141 486 359 542 clarant.
393 484 554 548 Quod
585 499 717 540 vero
747 484 819 540 ad
850 484 1138 540 tractandi
1188 484 1474 539 rationem
1521 484 1752 553 attinet,
1802 488 2217 557 argumentum
2266 502 2440 541 suum
2485 487 2702 559 ubique
2731 488 2848 545 fere
2880 487 3144 561 mysticis
3173 488 3521 559 interpreta-

141 575 378 632 tionibus
409 573 643 646 exponit
689 578 747 629 et
797 573 1077 629 illustrat.
1127 574 1483 629 lmmoratur
1511 572 1833 644 praesertim
1859 574 1919 628 in
1952 573 2311 646 explicandis
2371 575 2533 631 Caini
2563 580 2619 630 et
2644 577 2836 633 Abelis
2868 577 3196 643 sacriﬁciis,
3229 593 3346 649 qua
3374 575 3433 630 in
3464 591 3525 631 re

135 662 305 719 multo
330 663 614 735 majorem
643 662 827 719 totius
874 662 1386 718 commentationis
1441 665 1666 733 partem
1715 662 1985 717 insumit.
2019 664 2295 727 Quamvis
2328 668 2522 719 autem
2554 664 2647 720 hic
2679 683 2795 721 non
2824 671 2946 723 tam
2977 666 3202 722 multus
3233 665 3311 720 sit
3341 665 3399 719 in
3430 680 3526 719 ex-

135 753 414 825 agitandis
443 752 936 824 confutandisque
982 751 1292 817 haereticis,
1343 767 1521 823 quam
1568 751 1626 805 in
1679 750 1829 808 libro
1859 754 1933 808 De
1955 753 2254 824 paradiso;
2300 754 2401 809 sed
2451 752 2693 809 liberius
2725 756 2975 811 oratorio
3006 754 3153 828 style
3184 752 3524 826 indulgeat:

133 840 414 896 interdum
436 844 633 896 tamen
665 838 950 895 nonnulla
978 839 1273 896 catholicae
1304 838 1436 895 fidei
1460 838 1756 911 dogmata,
1787 857 1914 911 qum
1943 840 2276 897 imbuendis
2300 840 2559 897 ﬁdelium
2580 842 2795 898 animis
2825 844 3069 915 putabat
3098 842 3348 910 utiliora,
3384 840 3530 898 satis

131 928 412 985 subtiliter
438 928 719 986 insinuat.
755 929 837 985 Ea
864 945 998 984 vero
1029 945 1155 999 quae
1187 929 1257 982 ad
1288 928 1592 1000 fingendas
1622 944 1814 985 mores
1846 930 2202 997 conducunt,
2237 929 2426 986 fusius
2472 932 2919 1002 accuratiusque
2950 930 3346 1003 prosequitur.

191 1017 334 1073 Hinc
363 1017 602 1090 quidem
634 1034 749 1074 non
781 1024 1000 1073 temere
1031 1017 1239 1073 fecisse
1267 1017 1437 1072 nobis
1467 1016 1776 1083 videbitur,
1809 1019 1909 1090 qui
1943 1019 2104 1089 prius
2148 1036 2295 1090 opus
2326 1018 2436 1075 hoc
2462 1019 2692 1090 publice
2724 1024 3079 1092 peroratum,
3107 1036 3174 1074 ac
3205 1022 3439 1091 postera
3465 1018 3527 1073 in

128 1122 267 1171 eam,
297 1123 417 1179 qua
445 1123 521 1161 nu
534 1122 602 1162 ne
622 1106 896 1173 habetur,
929 1106 1180 1162 formam
1211 1106 1515 1162 redactum
1545 1122 1673 1161 esse
1727 1106 2103 1162 existimabit.
2138 1107 2396 1164 Tametsi
2428 1125 2544 1164 non
2577 1109 2655 1164 sit
2684 1108 3185 1164 dissimulandum
3216 1107 3275 1162 id
3306 1107 3365 1161 in
3396 1104 3527 1162 aliis

125 1194 525 1251 Ambrosianis
556 1194 852 1267 operibus,
885 1194 946 1249 in
978 1193 1196 1267 quibus
1226 1194 1461 1249 oratorii
1497 1194 1728 1250 dicendi
1763 1195 1920 1250 modi
1950 1196 2273 1251 etiamnum
2303 1202 2555 1267 exstant,
2589 1196 2817 1253 facilius
2849 1196 3255 1253 animadverti.

186 1284 510 1340 Fatendum
538 1300 710 1356 porro
741 1286 1008 1340 sanctum
1040 1282 1197 1340 hunc
1227 1287 1491 1339 nostrum
1525 1282 1781 1355 plurima
1808 1301 1839 1339 e
1868 1283 2110 1340 Philone
2142 1286 2200 1339 in
2231 1284 2695 1342 lucubrationem
2739 1303 2909 1343 suam
2952 1285 3350 1341 transtulisse.
3383 1285 3526 1341 Con-

121 1374 214 1443 fer,
247 1374 301 1430 si
331 1378 521 1441 vacat,
554 1390 682 1446 qua:
713 1372 856 1428 dicit
886 1373 942 1428 in
974 1372 1094 1428 haec
1138 1372 1429 1428 Geneseos
1473 1372 1687 1429 verba:
1740 1374 1960 1430 Possedi
1997 1375 2275 1430 hominem
2308 1391 2409 1445 per
2451 1375 2641 1441 Deum,
2692 1392 2827 1430 cum
2865 1374 3051 1430 Judaei
3081 1373 3243 1429 illius
3272 1373 3421 1429 libro
3450 1374 3525 1429 De

120 1461 436 1530 Cherubim,
463 1466 519 1518 et
547 1462 683 1518 hinc
731 1477 798 1517 ea
846 1462 1156 1533 desumpta
1186 1477 1313 1518 esse
1345 1460 1503 1516 nullo
1536 1462 1770 1534 negotio
1820 1462 2238 1532 deprehendes.
2290 1462 2569 1519 Similiter
2611 1463 2784 1519 etiam
2827 1480 2861 1519 a
2898 1463 3088 1518 medio
3119 1462 3307 1534 primo
3337 1462 3524 1535 capite

116 1550 323 1623 prioris
356 1549 489 1604 libri
524 1551 592 1605 ad
644 1554 819 1621 caput
848 1552 1115 1605 octavum
1163 1548 1522 1621 posterioris,
1572 1567 1688 1605 non
1738 1550 2048 1606 minimam
2081 1555 2305 1623 partem
2337 1551 2486 1607 libro
2517 1552 2781 1621 ejusdem
2834 1551 3089 1607 auctoris
3137 1552 3211 1607 De
3236 1551 3525 1621 sacriﬁciis

114 1639 232 1694 Abel
261 1642 315 1693 et
348 1637 510 1705 Cain,
542 1637 740 1693 deberi
773 1638 1149 1694 manifestum
1181 1641 1288 1694 est.
1323 1640 1592 1694 Attamen
1642 1638 1703 1694 in
1753 1639 1942 1695 tribus
1995 1639 2221 1695 ultimis
2265 1639 2398 1695 libri
2431 1641 2674 1696 secundi
2707 1641 3018 1713 capitibus,
3050 1639 3151 1696 ubi
3181 1639 3529 1696 Ambrosius

112 1725 331 1799 reliqua
364 1725 436 1782 ad
471 1724 632 1781 illam
665 1726 853 1799 ipsam
893 1725 1201 1782 historiam
1257 1726 1613 1797 pertinentia
1663 1726 1864 1798 paucis
1912 1728 2166 1799 expedit,
2195 1745 2227 1783 e
2282 1727 2453 1793 libro,
2508 1729 2602 1783 cui
2634 1728 2882 1785 titulus:
2916 1730 2990 1783 De
3035 1744 3096 1784 eo
3126 1726 3267 1798 quod
3290 1727 3530 1783 deterius

106 1816 303 1887 potiori
328 1812 596 1870 insidiari
623 1814 813 1881 soleat,
844 1814 903 1870 in
954 1831 1069 1887 quo
1117 1814 1319 1870 eadem
1352 1831 1385 1869 a
1432 1814 1678 1871 Philone
1734 1816 1927 1873 fusius
1972 1821 2424 1888 pertractantur,
2456 1822 2575 1873 tres
2625 1816 2863 1873 omnino
2915 1815 3073 1872 locos
3123 1815 3389 1871 imitatus
3416 1818 3525 1871 est.

110 1903 318 1961 Verum
351 1906 416 1960 et
443 1903 575 1959 istic
604 1907 662 1958 et
691 1904 1028 1976 ubicunque
1058 1903 1281 1976 aliquid
1315 1890 1383 1959 ex
1412 1904 1521 1960 hoc
1552 1909 1789 1961 auctore
1818 1910 2143 1972 mutuatur,
2177 1923 2414 1961 summa
2442 1922 2674 1978 semper
2729 1906 2915 1961 utitur
2969 1904 3272 1973 libertate;
3331 1903 3414 1960 ita
3436 1907 3523 1971 ut,

110 2009 235 2049 cum
266 1992 437 2060 libet,
486 1990 852 2048 Pbilonianis
875 1993 1184 2049 sententiis
1238 1993 1456 2064 adjicit,
1489 1992 1758 2049 detrahat
1786 1998 1843 2049 et
1871 1993 2198 2049 contrarias
2229 2010 2461 2065 quoque
2510 2011 2933 2066 nonnunquam
2979 1997 3310 2065 anteponat.

174 2081 470 2138 Caeterum
502 2097 536 2136 a
562 2081 735 2137 nobis
764 2081 1077 2155 impetrare
1107 2099 1224 2137 non
1258 2087 1670 2153 possumus,ut
1699 2081 1878 2152 hujus
1900 2082 2093 2155 cperis
2115 2082 2460 2138 divisionem
2491 2084 2564 2138 ab
2593 2083 2901 2140 Ambrosio
2930 2083 3250 2155 proiectam
3281 2081 3528 2137 arbitre-

111 2186 254 2226 mur.
288 2169 595 2228 Malumus
626 2169 784 2225 illam
811 2170 1068 2226 tribuere
1100 2169 1278 2226 sciolo
1311 2170 1588 2243 cuipiam,
1618 2170 1719 2241 qui
1749 2187 1882 2225 cum
1916 2170 2189 2242 pleraque
2223 2171 2439 2239 omnia,
2475 2171 2546 2226 de
2587 2171 2804 2243 quibus
2845 2171 3001 2242 apud
3032 2169 3332 2227 Philonem
3360 2167 3528 2224 libris

111 2259 334 2316 duobus
365 2258 585 2332 agitur,
623 2258 683 2314 in
732 2259 843 2315 hoc
884 2262 1134 2315 tractatu
1186 2259 1471 2315 contineri
1521 2259 1866 2324 adverteret,
1916 2276 2049 2315 eum
2083 2275 2317 2331 quoque
2347 2260 2617 2315 bifariam
2649 2260 3029 2315 dividendum
3062 2274 3190 2315 esse
3206 2257 3525 2330 judicavit:

110 2349 203 2404 sed
235 2349 387 2405 adeo
418 2351 768 2421 praepostere
795 2347 941 2404 illud
994 2347 1280 2420 praestitit,
1314 2352 1379 2403 ut
1410 2348 1487 2403 ibi
1521 2349 1781 2420 posuerit
1814 2348 2057 2403 secundi
2087 2347 2219 2405 libri
2250 2348 2509 2415 initium,
2544 2348 2643 2404 ubi
2676 2365 2747 2404 ne
2777 2352 2955 2421 caput
3002 2348 3244 2419 quidem
3273 2345 3529 2418 incipere

112 2440 422 2508 oporteret.
456 2436 648 2509 Longe
678 2452 819 2493 sane
852 2436 1217 2492 commodius
1247 2436 1321 2492 ab
1351 2453 1419 2492 eo
1445 2434 1593 2502 loco,
1645 2436 1746 2491 ubi
1787 2436 1871 2490 vir
1922 2441 2161 2492 sanctus
2208 2438 2282 2492 ad
2331 2438 2622 2509 agendum
2654 2439 2724 2493 de
2778 2438 3034 2493 secundo
3065 2434 3336 2492 sacriﬁcii
3364 2433 3528 2491 Caini

112 2523 242 2580 vitio
272 2524 640 2599 aggreditur,
671 2524 905 2580 initium
953 2524 1191 2581 duceret
1234 2525 1526 2580 secundus
1574 2523 1740 2579 liber.
1774 2526 1925 2587 Cum
1961 2531 2156 2580 autem
2190 2525 2396 2582 divisio
2426 2525 2548 2593 illa,
2579 2526 2690 2582 etsi
2721 2526 2996 2594 absurda,
3025 2525 3098 2581 ab
3127 2521 3529 2595 antiquissimi

116 2614 208 2668 aevi
236 2614 669 2687 manuscriptis
715 2614 786 2669 ad
837 2612 1158 2670 editionum
1201 2617 1466 2687 tempora
1517 2614 1863 2687 pervenerit,
1905 2630 2012 2669 nos
2058 2629 2291 2685 quoque
2335 2632 2485 2683 eam,
2518 2632 2589 2671 ne
2620 2632 2739 2687 qua
2766 2614 2825 2670 in
2856 2612 3233 2671 citationibus
3262 2608 3527 2668 confusio

118 2701 349 2774 oriatur,
383 2702 728 2761 censuimus
758 2719 888 2760 esse
917 2702 1306 2759 retinendam.

764 3126 1590 3287 SANCTI
1688 3103 1697 3107 ’
1780 3126 2874 3285 AMBROSII

1368 3391 2003 3454 MEDIOLANENSIS
2046 3392 2403 3455 EPISCOPI

1090 3585 1298 3712 DE
1392 3582 1762 3713 CAIN
1855 3584 2057 3712 ET
2142 3584 2546 3712 ABE].

1563 3824 1819 3899 LIBRI
1860 3824 1931 3887 (ί)
1986 3824 2177 3898 Ι)Ηο

1320 4110 1717 4198 LIBER
1802 4109 2328 4198 PRIMUS.

553 4433 705 4490 188
751 4433 987 4490 CAPUT
1026 4432 1337 4489 PRIMUM.
1797 4433 1852 4498 Α
1953 4433 2007 4486 2.
2060 4430 2235 4485 Adam
2282 4434 2467 4486 autem
2508 4428 2754 4501 cognovit
2802 4429 2969 4483 Eram
3015 4426 3305 4482 mulierem
3347 4441 3527 4494 suam,

126 4537 238 4595 Post
286 4540 514 4597 brevem
543 4557 577 4595 a
600 4540 765 4612 libro
813 4542 1089 4612 superiori
1132 4539 1217 4612 ad,
1250 4539 1453 4594 huncce
1483 4540 1670 4594 transii

1988 4537 1999 4574 ε
2047 4520 2290 4591 concepit
2334 4528 2387 4575 et
2442 4520 2682 4590 perperit
2729 4516 2865 4573 Cain
2918 4523 2969 4572 et
3019 4515 3203 4570 dixit:
3255 4515 3532 4586 Acquisivi

187 4626 312 4665 nem
342 4612 547 4681 agitur
578 4610 643 4667 de
666 4616 787 4668 ortu
817 4603 960 4670 Gain
989 4618 1042 4666 et
1086 4611 1261 4671 Abel;
1293 4626 1356 4665 ac
1381 4626 1480 4680 per
1508 4612 1603 4665 hos
1631 4611 1772 4665 sicut
1886 4609 2160 4665 hominem
2188 4625 2286 4679 per
2336 4609 2500 4663 Deum
2556 4605 2708 4678 (Gen.
2742 4623 2818 4662 ιν.
2854 4606 2927 4673 1).
2960 4604 3094 4669 Quae
3146 4603 3529 4677 acquirimus,

182 4691 230 4763 et
252 4699 359 4766 per
413 4684 574 4739 Esau
602 4691 670 4769 et.
699 4684 882 4750 Iacob,
926 4682 1407 4769 .duas'homimi-‘m
1451 4685 1621 4737 sectas
1668 4683 1726 4736 si.

1986 4714 2118 4769 quo,
2152 4702 2211 4753 et
2240 4714 2273 4752 a
2305 4713 2442 4768 quo,
2474 4701 2531 4751 et
2579 4712 2682 4765 per
2721 4693 2860 4767 quid
2897 4692 3292 4766 acquiramus,
3339 4692 3530 4749 consi-

188 4768 430 4810 mm'em
461 4759 737 4826 ⁰ΡΡ⁰³²ί⁰³
760 4769 1099 4826 Ρ⁷’ί⁷³³²9⁷³α⁷’²
1130 4752 1454 4810 ostentum,"
1885 4752 2073 4842 derari
2097 4785 2281 4842 solet:
2321 4752 2391 4842 ex
2417 4801 2554 4856 quo,
2578 4788 2858 4856 tanquam
2890 4800 2959 4838 ex
3008 4783 3251 4840 materia
3283 4798 3296 4836 :
3331 4799 3366 4837 a
3392 4797 3531 4852 quo,

190 4880 236 4933 1.
264 4878 347 4935 De
379 4878 661 4950 paradiso
692 4878 750 4933 in
783 4877 1186 4951 superioribus
1220 4893 1324 4949 pro
1352 4879 1525 4948 captu
1558 4883 1775 4941 nostro,
1887 4876 2020 4948 quis
2038 4880 2267 4931 auctor:
2298 4890 2398 4947 per
2422 4873 2585 4945 quid,
2619 4877 2903 4945 tanquam
2924 4889 3029 4943 per
3048 4871 3283 4943 aliquod
3314 4870 3535 4925 instru-

128 4968 185 5019 ut
212 4968 547 5038 potuimus,
578 4967 732 5038 quod
781 4967 1066 5023 Dominus
1106 4965 1340 5034 infudit,
1374 4981 1585 5020 sensus
1618 4964 1777 5019 inve-
1889 4968 2175 5019 mentum.
2207 4962 2505 5034 Numquid
2528 4961 2622 5017 hic
2652 4962 2735 5017 sic
2753 4961 2892 5016 dicit
2920 4977 2934 5016 :
2968 4961 3247 5030 Arquisivi
3265 4958 3539 5012 hominem

129 5052 225 5121 nit,
257 5055 651 5129 digessimus,
685 5055 742 5110 in
786 5055 1004 5127 quibus
1024 5054 1208 5114 Adam
1235 5057 1410 5126 atque
1430 5053 1556 5109 Evae
1577 5051 1780 5124 lapsus
1886 5069 1986 5125 per
2013 5055 2218 5113 Deum;
2251 5056 2315 5107 ut
2346 5052 2530 5106 Deum
2560 5049 2855 5122 intelligas
2878 5049 3335 5103 instrumentum
3356 5044 3384 5099 ‘?
3412 5045 3538 5101 Non

129 5147 212 5198 est
252 5144 749 5217 comprehensus.
788 5145 955 5201 Nunc
1004 5143 1283 5216 quoniam
1334 5141 1435 5198 illa
1466 5158 1645 5215 penes
1677 5158 1779 5195 au-
1893 5141 2096 5211 utique
2128 5157 2139 5194 :
2177 5140 2277 5194 sed
2312 5143 2377 5193 ut
2433 5137 2726 5210 intelligas
2758 5141 3054 5192 auctorem
3090 5139 3146 5189 et
3175 5137 3540 5205 operatorem

130 5233 308 5289 ctores
340 5248 472 5290 non
505 5232 665 5289 stetit
693 5232 903 5306 culpa:
938 5233 1041 5290 sed
1079 5233 1233 5305 quod
1266 5232 1434 5303 pejus
1481 5234 1591 5296 est,
1623 5230 1784 5284 dete-
1894 5230 2098 5284 Deum.
2133 5227 2296 5282 Unde
2330 5226 2521 5297 magis
2562 5227 2677 5282 Dco
2712 5224 2941 5291 detulit,
2966 5223 3105 5294 quia
3126 5222 3305 5278 dixit:
3352 5220 3546 5295 Aequi-

130 5318 336 5377 riorem
399 5321 630 5377 invenit
683 5321 990 5385 heredem,
1043 5325 1384 5393 sequentem
1450 5319 1788 5375 adoriamur
1895 5318 2001 5373 sivi
2042 5315 2321 5370 hominem
2363 5330 2460 5384 per
2492 5319 2684 5381 Deum,
2717 5318 2784 5368 ut
2814 5318 2868 5367 et
2898 5328 3006 5379 nos
3039 5328 3171 5366 cum
3204 5308 3428 5381 aliquid
3459 5325 3548 5365 ae-

132 5404 464 5479 historiam,
494 5414 551 5465 et
579 5425 648 5465 ea
677 5426 805 5481 quae
836 5410 1160 5465 secundum
1186 5408 1525 5480 Scripturas
1563 5422 1789 5463 annexa
1896 5404 2211 5478 quirimus,
2244 5400 2331 5457 Vel
2386 5418 2591 5458 omnes
2622 5405 2862 5458 eventus
2893 5400 3182 5457 secundos
3212 5399 3329 5455 Deo
3359 5398 3549 5473 magis

135 5502 265 5554 sunt
308 5497 577 5564 divinas,
607 5501 807 5554 nostro
854 5514 1024 5570 opere
1057 5512 1503 5571 prosequamur.
1902 5492 2151 5562 deferre,
2185 5505 2364 5563 quam
2395 5489 2564 5550 nobis
2591 5506 2860 5563 arrogare
2889 5488 3192 5547 debemus.

200 5641 275 5716 (1)
306 5640 539 5717 Scripti
573 5638 729 5698 circa
758 5657 852 5700 an.
881 5641 1005 5701 3'75.
