3910 6210
133 356 242 443 33⁷.

1298 362 1399 423 DE
1443 359 1619 429 CAIN
1664 361 1769 425 ET.
1811 358 2015 435 ABEL
2058 361 2208 425 LIB.
2257 360 2306 424 Ι.

3389 353 3517 437 338

131 490 258 551 180
284 491 389 548 est.
416 487 486 547 Et
511 484 643 549 ideo
673 486 834 551 Isaac
862 491 1148 567 tanquam
1179 490 1281 551 Dei
1312 508 1528 551 munus
1551 495 1623 552 ad
1649 510 1741 568 ge-
1770 494 1827 563 Α
1853 498 2136 569 tanquam
2172 492 2332 553 verbi
2363 491 2614 553 cmlestis
2644 492 2983 570 operatione
3007 492 3262 554 donatus
3291 495 3349 552 et
3377 506 3508 550 mu-

128 598 221 639 nus
246 596 408 637 suum
440 581 652 654 magis,
685 598 863 656 quam
898 583 969 639 ad
1018 583 1299 656 populum
1333 584 1638 657 appositus
1667 582 1748 640 le-

123 672 277 745 gitur,
310 673 372 725 ut
401 669 732 727 divinorum
765 671 960 744 potius
991 688 1169 745 quam
1201 673 1592 729 humanorum
1623 673 1750 729 imi-

128 764 340 815 tatorem
371 775 499 815 esse
528 759 803 816 sedulum
834 777 1238 834 recognoscas.

179 848 224 902 7.
256 847 425 904 Beata
468 852 526 903 et
586 847 689 904 illa
737 866 904 905 mens
954 866 1103 922 quae,
1137 850 1361 923 species
1429 855 1487 905 et
1552 850 1746 923 ipsum

124 953 282 1012 genus
311 937 783 1009 supergrediens,
808 943 1066 995 meretur
1105 940 1307 995 audire
1337 940 1492 1011 quod
1523 940 1746 995 dictum

120 1029 194 1082 est
252 1025 321 1080 ad
388 1025 648 1099 Moysen,
684 1044 820 1082 cum
890 1034 1263 1101 separaretur
1302 1046 1336 1085 a
1384 1029 1639 1102 populo:
1675 1031 1749 1085 Tu

120 1122 279 1170 autem
340 1119 426 1170 sta
487 1132 698 1171 mecum
742 1118 919 1189 (Deut.
969 1134 1023 1185 v,
1078 1118 1204 1199 31)!
1274 1118 1421 1173 Nam
1470 1119 1622 1174 sicut
1684 1119 1744 1174 in

115 1205 252 1260 Isaac
297 1203 613 1260 Dominicaa
646 1205 1070 1262 incarnationis
1120 1211 1293 1280 typus
1342 1207 1612 1263 humanm
1643 1224 1745 1281 ge-

114 1292 407 1348 nerationis
440 1310 861 1366 supergressus
892 1296 1402 1362 consuetudinem,
1431 1296 1568 1351 vicit
1596 1297 1746 1369 prio-

110 1397 213 1449 res;
241 1382 325 1437 ita
354 1386 421 1436 ut
448 1382 510 1437 in
541 1398 607 1438 eo
638 1400 755 1439 non
794 1383 1053 1457 vulgaris
1092 1384 1506 1457 popularisque
1537 1385 1742 1459 gratia,

110 1470 187 1526 sed
229 1469 511 1542 specialis
562 1471 939 1544 praerogativa
967 1472 1341 1544 praecelleret,
1374 1474 1526 1528 sicut
1575 1472 1744 1529 lectio

110 1558 252 1614 docet
285 1574 298 1612 :
332 1558 573 1616 Abrahae
603 1562 755 1615 enim
797 1561 961 1617 dictae
988 1566 1118 1616 sunt
1142 1564 1533 1634 promissiones
1568 1566 1621 1617 et
1657 1579 1741 1619 se-

106 1648 224 1701 mini
250 1647 369 1719 ejus
392 1663 411 1701 .·
443 1663 555 1703 non
584 1649 719 1703 dicit
746 1652 799 1705 et
824 1651 1128 1706 seminibus
1155 1658 1415 1724 tanquam
1443 1653 1504 1706 in
1527 1652 1737 1719 multis,

106 1734 179 1790 sed
203 1737 341 1792 sicut
367 1737 490 1802 uni,
538 1736 636 1792 hoc
674 1741 773 1805 est,
803 1740 1004 1794 semini
1033 1747 1142 1810 tuo,
1176 1740 1317 1812 quod
1366 1748 1443 1796 est
1497 1740 1742 1796 Christus

107 1822 283 1932 (titillat.
318 1840 407 1893 ιιι,
439 1826 539 1925 16).
563 1825 694 1932 :‘ita
735 1826 911 1932 etiam
943 1827 1001 1883 in
1037 1827 1234 1901 Moyse
1270 1829 1497 1885 venturi
1528 1828 1735 1886 Docto-
1766 1867 1814 1932 B

106 1912 174 1967 ris
202 1911 406 1986 ﬁgura,
440 1911 542 1984 qui
583 1912 773 1986 legem
823 1914 1074 1982 doceret,
1109 1917 1482 1990 Evangelium
1530 1919 1735 1990 praedi-

105 2005 261 2069 caret,
293 2000 563 2075 impleret
604 2003 1048 2061 Testamentum
1079 2004 1284 2074 Vetus,
1326 2006 1551 2063 Novum
1605 2025 1739 2064 con-

107 2089 268 2158 deret,
292 2089 525 2146 cceleste
573 2091 806 2164 populis
837 2093 1184 2150 alimentum
1236 2096 1421 2163 daret,
1470 2095 1741 2153 humanae

106 2176 428 2250 dignitatem
476 2178 827 2236 conditionis
870 2182 1119 2239 excessit
1168 2199 1235 2238 eo
1283 2200 1491 2256 usque,
1527 2189 1593 2241 ut
1638 2185 1739 2241 Dei

107 2265 399 2323 donaretur
441 2268 699 2338 nomine,
752 2269 905 2326 sicut
951 2271 1240 2328 habemus
1289 2274 1597 2346 scriptum,
1652 2274 1740 2328 di-

105 2359 246 2409 cente
274 2355 522 2411 Domino
556 2374 569 2412 :
604 2360 867 2439 Posui’te
915 2361 976 2415 in
1026 2360 1189 2416 deum
1238 2363 1519 2418 Pharaoni
1543 2363 1736 2435 (Exod.

106 2457 192 2512 vn,
226 2444 296 2514 1).
324 2443 556 2500 Etenim
580 2444 759 2501 victor
789 2446 1133 2519 passionum
1160 2449 1448 2520 omnium,
1471 2467 1576 2507 nec
1603 2450 1740 2507 ullis

109 2535 291 2602 captus
321 2533 518 2588 saeculi
559 2533 868 2603 illecebris,
902 2537 1002 2608 qui
1034 2554 1268 2594 omnem
1320 2540 1494 2595 istam
1527 2558 1740 2597 secun-

108 2617 228 2674 dum
268 2638 480 2694 corpus
525 2622 1579 2702 habitationem‘fkcmlestisfpuritate}
1600 2646 1740 2686 con-

113 2710 430 2767 versationis
491 2712 843 2779 obduxerat,
904 2720 1161 2772 mentem
1214 2734 1443 2790 regens,
1502 2736 1737 2775 carnem

113 2796 427 2868 subjiciens,
462 2804 520 2856 et
568 2801 725 2874 regia
755 2804 1011 2874 quadam
1045 2807 1389 2862 auctoritate
1418 2807 1734 2881 castigans,

115 2886 322 2943 nomine
350 2888 452 2945 Dei
486 2894 725 2947 vocatus
750 2896 858 2960 est,
893 2893 964 2948 ad
993 2895 1162 2965 cujus
1194 2894 1643 2952 similitudinem
1677 2914 1738 2953 se

117 2974 353 3043 perfecta:
379 2977 618 3035 virtutis
649 2979 911 3037 ubertate
941 2982 1309 3040 formaverat.

167 3064 213 3116 8.
244 3064 307 3119 Et
333 3066 466 3123 ideo
515 3084 627 3123 non
668 3067 921 3142 legimus
952 3071 1023 3125 de
1053 3086 1120 3127 eo
1173 3071 1324 3127 sicut
1372 3073 1442 3128 de
1490 3074 1733 3143 czeteris,

110 3150 228 3219 quia
272 3152 549 3211 deficiens
602 3161 869 3213 mortuus
902 3163 989 3214 est
1022 3177 1034 3214 :
1069 3160 1170 3215 sed
1224 3177 1325 3232 per
1375 3162 1597 3218 verbum
1643 3164 1739 3219 Dei

1859 602 2024 653 nere;
2058 590 2122 641 ut
2169 585 2423 658 quietem
2456 586 2644 659 magis
2675 603 2806 643 caro
2855 587 3007 659 ejus,
3040 602 3218 659 quam
3265 584 3511 643 bustum

1858 675 2166 747 acceperit.

1926 764 1980 819 9.
2014 765 2164 820 Bene
2195 768 2394 820 autem
2438 764 2591 819 inter
2636 764 2944 820 dominum
2977 768 3034 821 et
3062 780 3295 821 servum
3326 778 3514 819 serva-

1856 855 1954 908 tur
1983 853 2282 909 distantia.
2318 853 2390 908 Ut
2427 852 2871 926 praerogativam
2924 853 3146 908 domini
3193 851 3508 926 intelligas,

1856 941 2007 996 servi
2051 942 2323 1013 gratiam,
2358 942 2429 997 de
2461 942 2658 1014 Moyse
2711 940 2946 1013 legitur,
2979 941 3119 1014 quia
3147 940 3512 1013 sepulturam

1855 1032 1984 1101 ejus
2012 1048 2182 1087 nemo
2215 1032 2326 1088 scit
2358 1049 2370 1087 :
2405 1032 2477 1087 de
2525 1031 2754 1087 Christo
2802 1036 3023 1099 autem,
3052 1030 3357 1103 sepultura
3384 1031 3511 1101 ejus

1857 1120 1928 1175 de
1956 1124 2113 1176 terra
2136 1119 2367 1176 sublata
2396 1123 2486 1176 est
2515 1120 2641 1191 (Isa.
2677 1136 2795 1187 Lm,
2828 1119 2883 1190 8)
2918 1135 2930 1173 :
2967 1120 3109 1191 quia
3157 1118 3255 1174 ille
3305 1135 3509 1175 secun-

1856 1207 1996 1262 dum
2028 1210 2375 1282 mysterium
2414 1208 2561 1281 legis
2608 1207 2980 1279 exspectabat
3022 1206 3507 1279 redemptionem,
3550 1211 3557 1218 '

1857 1300 1922 1351 ut
1973 1296 2338 1369 resurgeret:
2374 1296 2469 1352 hic
2517 1296 2839 1352 secundum
2873 1295 3171 1369 Evangelii
3203 1296 3350 1352 187
3404 1296 3505 1351 do-

1854 1401 1999 1439 num
2030 1386 2488 1457 redemptionem
2525 1402 2639 1439 non
2672 1385 3069 1455 exspectabat,
3094 1384 3194 1441 sed
3229 1385 3507 1444 donabat.

1852 1474 1920 1529 Et
1950 1473 2077 1529 ideo
2109 1474 2413 1546 sepultura
2440 1475 2569 1546 ejus
2600 1473 2867 1546 ignorata
2898 1490 3013 1529 non
3043 1477 3151 1540 est,
3185 1473 3286 1528 sed
3318 1472 3505 1529 eleva-

1851 1564 1930 1627 ta,
1967 1577 2145 1632 quam
2176 1560 2399 1616 diutius
2429 1563 2696 1616 creatura
2726 1563 2921 1614 tenere
2952 1575 3069 1614 non
3112 1558 3335 1631 potuit;
3369 1558 3510 1632 quia

1850 1666 1955 1721 per
1983 1650 2180 1722 ipsum
2207 1649 2400 1706 omnis
2431 1653 2697 1705 creatura
2725 1647 3056 1721 properavit
3098 1665 3133 1702 θ.
3178 1647 3507 1720 corruptio-

1851 1737 1944 1792 nis
1992 1737 2244 1794 servitiis
2273 1737 2504 1794 elevari.
2539 1738 2718 1793 Nemo
2776 1753 2912 1809 ergo
2971 1736 3084 1791 scit
3142 1735 3507 1808 sepulturam

1851 1825 2058 1897 Moysi,
2092 1826 2231 1898 quia
2271 1825 2452 1881 vitam
2498 1826 2625 1896 ejus
2674 1842 2877 1881 omnes
2926 1828 3257 1880 noverunt:
3290 1824 3507 1888 Christi

1852 1919 2049 1970 autem
2101 1914 2466 1987 sepulturam
2514 1914 2771 1969 vidimus
2816 1932 2827 1969 :
2872 1913 2971 1969 sed
3020 1929 3176 1968 nunc
3212 1913 3340 1984 jam
3388 1930 3505 1969 non

1852 2004 2144 2072 novimus,
2170 2004 2269 2076 qui
2316 2004 2802 2059 resurrectionem
2835 2004 2963 2074 ejus
2995 2001 3361 2075 agnovimus.
3396 2001 3505 2058 De-

1851 2093 1980 2149 buit
2010 2093 2167 2149 enim
2215 2093 2487 2166 cognosci
2539 2091 2807 2148 tumulus
2858 2092 3009 2162 ejus,
3045 2094 3112 2146 ut
3159 2089 3505 2146 resurrectio

1851 2182 2353 2251 manifestaretur;
2385 2186 2441 2237 et
2483 2182 2611 2236 ideo
2652 2181 2711 2235 in
2744 2179 3050 2253 Evangelio
3081 2180 3292 2252 (Matth.
3326 2195 3503 2247 xxvu,

1848 2272 1939 2340 60,
1967 2272 2055 2340 61)
2085 2271 2350 2326 tumulus
2400 2287 2637 2327 summa
2688 2269 3060 2341 expressione
3106 2267 3457 2324 describitur
3488 2284 3501 2324 :

1848 2359 1909 2415 in
1939 2359 2065 2433 lege
2112 2375 2225 2414 non
2258 2359 2570 2432 quaeritur;
2622 2357 2783 2430 quia,
2832 2357 2967 2413 licet
3017 2357 3503 2413 resurrectionem

1850 2449 1979 2520 ejus
2028 2448 2119 2503 lex
2168 2446 2604 2503 annuntiaverit
2650 2446 2777 2516 (Isa.
2826 2464 2906 2514 x1,
2946 2446 3054 2518 10),
3089 2445 3260 2502 nobis
3306 2448 3503 2502 tamen

1849 2536 2359 2611 Evangeliizseries
2391 2535 2733 2609 plenissime
2763 2534 3179 2608 comprobavit.

2494 2668 2727 2724 CAPUT
2768 2668 2862 2723 IlI.

1846 2764 1957 2840 Per
1969 2761 2106 2840 _Ab_’e_t
2136 2763 2186 2815 et
2218 2760 2354 2840 (Iain
2382 2759 2667 2840 sapientiae
2697 2759 2959 2840 humana:
2981 2771 3291 2840 processus,
3318 2754 3415 2827 qui
3436 2756 3506 2840 in

1919 2832 2130 2887 Christo
2157 2833 2268 2887 solo
2300 2826 2550 2885 inventus
2586 2845 2697 2885 non
2744 2833 2843 2893 est,
2875 2826 3195 2896 designari;
3222 2826 3500 2899 ρθνίονάί-

1916 2921 2042 2960 nem
2070 2919 2173 2974 quo
2202 2909 2425 2974 uterque
2464 2904 2705 2971 fratrum
2747 2902 3133 2974 nominantur,
3161 2914 3375 2974 (necnon
3400 2914 3505 2970 per

1916 2971 2226 3031 eorumdem
2259 2971 2444 3044 ofﬁcia
2471 2974 2778 3045 signiﬁcari
2806 2972 3042 3038 Abetem,
3067 2973 3167 3026 etsi
3191 2971 3498 3043 juniorem,

1916 3049 2094 3117 fratre
2122 3049 2303 3100 tamen
2335 3060 2447 3099 esse
2470 3045 2931 3115 praestantiorem.

1920 3164 2006 3218 10.
2041 3163 2210 3233 Ergo,
2254 3164 2319 3215 ut
2371 3160 2526 3229 quod
2582 3158 2997 3231 proposuimus
3047 3155 3495 3228 compleamus:

110 3244 328 3296 mortuus
374 3248 452 3299 est
491 3244 565 3313 (9)
598 3245 772 3315 (Deut.
806 3263 995 3315 xxxrv,
1028 3248 1104 3317 5).
1138 3247 1496 3321 Deusj'enim
1548 3267 1737 3323 neque
1768 3233 1810 3299 (ἶ
1849 3250 2073 3323 Adjecit,
2114 3248 2329 3319 inquit,
2356 3262 2552 3319 parere
2583 3246 2735 3313 Abel,
2760 3245 2871 3300 hoc
2917 3248 3025 3312 est,
3057 3243 3358 3299 meliorem
3388 3243 3505 3297 Eva

108 3324 464 3388 defectionem
499 3343 600 3387 aut
637 3334 1088 3391 diminutionem
1138 3338 1379 3409 patitur,
1414 3355 1603 3411 neque
1634 3341 1733 3395 ad-

102 3414 388 3483 jectionem
426 3422 604 3493 capit.
639 3422 802 3479 Unde
844 3428 901 3479 et
943 3425 1169 3481 addidit
1218 3427 1518 3499 Scriptura
1549 3444 1561 3482 :
1598 3429 1734 3497 Quia

108 3519 240 3562 uerno
265 3510 365 3565 scit
390 3512 735 3583 sepulturam
770 3516 887 3586 ejus
917 3531 1085 3587 usque
1130 3516 1191 3569 in
1239 3515 1565 3571 hodiernum
1595 3517 1738 3573 diem

111 3591 243 3658 (Ibid.
273 3597 350 3668 6),
384 3604 449 3655 ut
493 3601 940 3658 translationem
974 3604 1185 3677 magis,
1210 3621 1388 3676 quam
1434 3605 1738 3661 interitum

110 3681 218 3751 ejus
260 3684 574 3762 intelligas.
608 3691 763 3748 Mors
819 3692 977 3748 enim
1041 3693 1292 3750 secessio
1324 3696 1590 3767 quaedam
1649 3700 1740 3751 est

111 3771 292 3857 anima:
321 3781 375 3832 et
406 3778 689 3857 corporis.
722 3781 989 3837 Mortuus
1030 3782 1211 3855 igitur
1240 3787 1331 3839 est
1360 3800 1465 3856 per
1493 3785 1738 3840 verbum

112 3855 212 3926 Dei,
240 3867 303 3918 ut
336 3865 418 3921 ait
458 3856 781 3940 Scriptura,
814 3887 930 3926 non
984 3873 1313 3927 secundum
1361 3855 1640 3941 verbum;
1677 3879 1741 3928 ut

111 3946 345 4009 advertas
375 3972 496 4011 non
541 3958 817 4014 nuntium
858 3960 1086 4030 mortis,
1121 3961 1220 4017 sed
1272 3962 1471 4034 gratia;
1522 3969 1740 4017 munus

118 4050 447 4113 expressum,
482 4045 584 4117 qui
614 4047 939 4104 translatus
972 4049 1181 4121 magis,
1222 4066 1398 4122 quam
1432 4051 1743 4107 derelictus

117 4130 203 4194 est,
230 4132 396 4202 cujus
445 4150 621 4191 nemo
670 4137 829 4192 novit
872 4137 1258 4210 sepulturam.
1292 4140 1433 4204 Quis
1477 4140 1633 4196 enim
1684 4141 1742 4196 in

120 4215 331 4275 terrenis
363 4222 646 4295 reliquias
676 4226 803 4297 ejus
844 4227 1033 4299 potuit
1081 4227 1533 4299 deprehendere,
1569 4247 1743 4301 quem

122 4316 288 4362 secum
319 4326 447 4367 esse
481 4313 583 4369 Dei
622 4314 803 4371 Filius
852 4317 910 4370 in
960 4315 1272 4389 Evangelio
1323 4317 1748 4375 demonstravit

126 4390 297 4457 (Matth.
328 4416 467 4467 xvu,
499 4402 595 4472 3)?
624 4403 885 4476 Denique
934 4408 991 4460 et
1029 4404 1181 4460 Elias
1209 4405 1384 4461 simul
1426 4411 1515 4462 est
1561 4407 1743 4476 visus,

127 4480 204 4549 qui
244 4487 564 4545 translatus
602 4507 778 4547 curru
826 4497 915 4548 est
950 4494 1042 4565 (IV
1088 4494 1209 4564 Reg.
1246 4510 1307 4561 ιι,
1346 4495 1454 4566 11),
1488 4512 1603 4550 non
1657 4513 1745 4551 se-

1847 3356 1973 3412 quis
2005 3336 2258 3411 graviter
2296 3340 2430 3391 ante
2470 3337 2825 3406 peccaverat,
2848 3350 2917 3388 ex
2948 3349 3009 3387 se
3040 3330 3338 3404 generavit
3367 3345 3499 3385 sen-

1848 3427 2112 3494 tentiam,
2135 3430 2201 3480 ut
2242 3422 2560 3496 superioris
2604 3421 2904 3479 sententia:
2935 3420 3193 3477 aboleret
3221 3433 3498 3486 errorem,

1848 3515 2097 3573 Mentior
2147 3513 2259 3569 nisi
2316 3513 2425 3569 hoc
2483 3512 2541 3567 in
2596 3510 2882 3567 universis
2938 3509 3369 3582 comprobatur.
3412 3508 3498 3563 Ita

1848 3605 2003 3663 enim
2038 3603 2356 3670 nascimur,
2390 3606 2455 3657 ut
2497 3605 2631 3657 ante
2662 3600 2935 3656 infirmus
2984 3596 3240 3655 infantiae
3288 3614 3500 3654 sensus

1848 3696 1910 3750 in
1941 3693 2109 3749 nobis
2140 3692 2239 3760 sit,
2272 3694 2473 3764 postea
2505 3690 2769 3763 pueritiae
2802 3688 3059 3761 corporis
3088 3687 3500 3745 tantummodo

1850 3800 2052 3840 curam
2082 3781 2293 3847 sciens,
2329 3778 2560 3835 nullum
2601 3778 2848 3845 cultum,
2880 3777 3105 3834 nullam
3146 3776 3373 3833 habens
3400 3776 3503 3832 ob-

1850 3872 2204 3930 servantiam
2257 3870 2609 3926 divinorum.
2654 3868 2817 3924 Unde
2877 3871 2934 3924 et
2980 3867 3233 3924 evidenti
3287 3869 3503 3922 natura:

1851 3962 2103 4017 novitate
2135 3963 2327 4016 ortum
2358 3959 2560 4014 Jesum
2595 3956 2889 4011 Christum
2922 3973 2992 4011 ex
3016 3954 3253 4027 Virgine
3284 3959 3350 4009 ut
3380 3970 3507 4025 pro-

1852 4050 2016 4105 baret
2046 4047 2347 4120 propheta,
2400 4046 2527 4100 ait:
2562 4047 2692 4099 Ecce
2742 4044 2897 4113 Virgo
2944 4045 3005 4097 in
3059 4046 3211 4099 utero
3258 4042 3506 4112 accipiet,

1853 4148 1903 4196 et
1926 4140 2107 4210 pariet
2137 4138 2339 4207 filium,
2373 4139 2422 4191 et
2453 4134 2735 4189 vocabitur
2762 4148 2961 4188 nomen
2991 4133 3107 4203 ejus
3138 4130 3460 4186 Emmanuel
3494 4147 3507 4184 :

1856 4220 2113 4299 butyrum
2165 4229 2213 4280 et
2268 4225 2376 4279 mel
2433 4221 2789 4277 manducabit
2848 4220 2984 4292 (11),
3014 4220 3276 4292 quoniam
3324 4218 3511 4290 prius-

1854 4333 2020 4391 quam
2059 4316 2196 4370 sciat
2222 4313 2435 4367 matum
2477 4314 2575 4364 aut
2616 4310 2816 4364 bonum
2844 4326 2863 4362 :
2894 4324 3005 4363 non
3046 4307 3224 4363 credet
3253 4306 3511 4361 malitim.

1856 4410 1917 4461 ut
1964 4406 2129 4475 eligat
2171 4402 2313 4473 quod
2365 4401 2565 4455 bonum
2611 4401 2689 4452 est
2741 4396 2868 4469 (Isa.
2900 4413 3002 4467 vn,
3046 4393 3275 4466 14,15).
3310 4394 3377 4449 Et
3422 4392 3512 4449 in-

1858 4494 1992 4549 fra:
2040 4494 2374 4563 Priusquam
2419 4490 2559 4544 sciat
2595 4502 2738 4558 puer
2786 4501 2978 4542 vocare
3020 4492 3237 4557 patrem
3283 4499 3348 4538 ac
3392 4496 3514 4538 ma-

129 4567 434 4666 gulllls‘nec
467 4586 739 4636 mortuus
769 4580 1023 4655 legitur?
1058 4581 1213 4637 Vivit
1259 4582 1416 4638 enim
1465 4584 1565 4655 qui
1586 4638 1592 4645 ,
1614 4602 1746 4640 cum
1778 4603 1825 4666 D
1859 4592 2018 4651 trem,
2043 4582 2271 4652 accipiet
2321 4579 2577 4633 virtutem
2621 4576 2872 4666 Damasci
2920 4578 2972 4630 et
3019 4574 3195 4666 spolia
3227 4572 3518 4666 Dantur-iw

127 4651 372 4745 pcifilio
402 4672 496 4724 est
518 4670 654 4741 (10).
689 4651 917 4744 Moyses
965 4675 1163 4727 autem
1214 4651 1745 4745 mortuus—quidem
1778 4651 1823 4666 Μ
1856 4679 2044 4728 contra
2097 4651 2281 4739 regem
2328 4667 2680 4739 Assyriorum
2723 4663 2849 4736 (Isa.
2884 4681 3007 4736 VIII,
3038 4665 3113 4733 4).
3148 4661 3321 4719 Solus
3359 4660 3517 4717 enim

128 4740 329 4833 legitur;
361 4756 463 4810 sed
520 4740 624 4829 per
661 4740 905 4814 verbum
957 4759 1058 4814 Dei
1112 4740 1400 4822 mortuus,
1435 4740 1546 4831 per-
1592 4762 1746 4833 quod

1858 4761 1970 4816 fuit
1999 4759 2100 4832 qui
2131 4776 2247 4814 non
2280 4760 2368 4813 est
2389 4759 2596 4828 captus
2621 4752 2816 4810 seculi
2841 4752 3022 4824 hujus
3043 4752 3297 4808 vanitate
3318 4756 3377 4807 et
3397 4768 3520 4806 ear-

131 4829 254 4893 facta
280 4847 417 4899 sunt
470 4846 687 4902 omnia.
721 4846 939 4914 Verbo‘,
962 4851 1157 4903 autem
1208 4847 1307 4903 Dei
1358 4829 1483 4904 cce—li
1534 4829 1751 4905 firmati
1859 4849 1980 4905 nali
2012 4829 2273 4915 tumore;
2311 4848 2512 4918 utpote
2544 4843 2643 4916 qui
2692 4859 2753 4898 se
2796 4841 3130 4898 humiliavit
3162 4843 3350 4897 factus
3379 4840 3519 4894 obe-

132 4928 260 4979 sunt.
290 4928 393 4986 Per
438 4934 684 4990 verbum
731 4936 914 5009 igitur
951 4936 1050 4992 Dei
1111 4950 1226 4992 non
1278 4936 1479 5009 lapsus
1537 4938 1751 5011 operis,
1861 4939 2029 4995 diens
2059 4953 2245 5009 usque
2277 4935 2347 4991 ad
2396 4929 2862 5004 mortem,longe
2893 4930 3365 5000 uniuscujusque
3413 4942 3517 4981 no-

132 5011 212 5100 ted
238 5014 673 5080 firmamentum
699 5029 807 5081 est.
850 5026 977 5081 Non
1008 5026 1755 5100 ergo,tanquamfrelapsus
1864 5033 2053 5084 strum
2086 5022 2416 5090 dissimilis,
2437 5022 2576 5093 quia
2598 5037 2704 5075 nos
2730 5020 2948 5075 frustra
2968 5017 3301 5074 extollimur
3328 5016 3523 5070 mente

133 5097 179 5152 in
220 5106 424 5163 terram
479 5111 934 5184 deprehenditur
987 5113 1248 5187 corporis
1307 5097 1629 5183 solutione,
1654 5116 1754 5171 sed
1865 5116 2058 5174 carnis
2089 5113 2295 5169 inﬂati.
2320 5111 2485 5167 Unde
2511 5113 2569 5165 et
2590 5125 2761 5164 nemo
2784 5108 2912 5163 sine
2937 5109 3196 5180 peccato,
3222 5119 3329 5159 nec
3350 5102 3528 5157 unius

157 5241 253 5318 ,(9)
279 5246 356 5303 Ex
386 5249 481 5307 his
513 5252 785 5327 colligere
825 5255 936 5312 sibi
967 5256 1240 5311 videntur
1282 5255 1521 5327 quidam
1557 5272 1759 5311 recen-
1935 5260 2051 5385 510)
2084 5259 2190 5313 Ms.
2226 5252 2630 5319 Floriacensis,
2653 5252 2745 5307 sed
2763 5267 2865 5323 per
2888 5253 3113 5306 verbum
3139 5249 3255 5317 Dei,
3287 5263 3411 5302 cum
3432 5246 3531 5302 Dei

157 5327 282 5373 lores
302 5322 601 5380 Ambrosii
622 5326 805 5383 fuisse
825 5327 1182 5385 ouinionem.
1204 5332 1501 5382 mortuum
1524 5328 1757 5385 Movsen
1870 5332 1932 5385 Fi
1960 5332 2011 5385 io
2040 5338 2135 5383 est.

136 5314 282 5398 liores
302 5322 601 5380 Ambrosii
622 5314 805 5383 fuisse
825 5327 1182 5398 opinionem,
1204 5314 1501 5382 mortuum
1524 5328 1757 5398 Moysen
1870 5314 2011 5386 Fitio
2038 5314 2135 5383 est.

140 5397 233 5471 non
257 5404 408 5460 esse;
441 5399 667 5471 tamen,
699 5398 749 5453 si
779 5391 953 5455 verba
996 5400 1144 5470 ejus,
1171 5391 1314 5471 licet
1344 5398 1517 5471 paulo
1550 5391 1760 5471 objscu-
1943 5402 2055 5471 (11)
2086 5399 2212 5453 ναι.
2248 5396 2386 5471 odit.
2411 5411 2546 5450 cum
2580 5410 2691 5471 ms.
2730 5391 3536 5471 Laud.,manducabﬁ,prius-

140 5416 233 5463 ιευυ
257 5416 408 5460 esse;
441 5416 667 5464 tamen,
699 5416 749 5453 δι
779 5416 953 5455 verna
996 5416 1144 5470 ejus,
1180 5416 1314 5453 licet
1384 5416 1517 5454 aulo
1550 5416 1760 5454 onscu-
1943 5416 2055 5471 (11)
2096 5416 2212 5453 ναι.
2248 5416 2386 5451 C(llL.
2411 5416 2546 5450 cum
2581 5416 2691 5448 ms.
2730 5416 3529 5516 uauu.,manuucauu,}{rms-

137 5468 291 5543 ξέίξνῇ.
312 5468 777 5543 perpendautur
797 5471 1100 5536 attentius,
1135 5416 1564 5543 animagvertes
1597 5468 1763 5525 illum
1874 5488 2044 5543 quam
2064 5472 2205 5543 sciat
2232 5467 2442 5543 malum
2465 5473 2563 5519 aut
2596 5466 2815 5543 bonum,
2838 5465 3172 5543 nonor-edet,
3201 5467 3309 5519 etc.
3381 5477 3529 5543 om”

235 5523 1555 5614 ‘Philonisﬁententiam—{inprimerevoluisse,
1588 5523 1765 5614 quem
1872 5523 2243 5603 manducabit,
2275 5544 2337 5614 et_
2356 5536 2472 5614 ideo
2505 5523 2837 5614 priusquam
2873 5538 3008 5591 sciat
3053 5523 3263 5591 malum
3295 5540 3395 5614 aut
3416 5523 3531 5614 _bo¥

138 5599 340 5688 fluidam
361 5606 433 5688 de
468 5608 691 5688 Moysis
710 5617 908 5688 _morte
924 5599 1113 5688 sensu
1124 5610 1378 5688 spiritali
1413 5599 1766 5669 disseruisse
1874 5630 2029 5678 nam,
2060 5627 2169 5688 non
2199 5599 2442 5688 credet,“
2466 5599 2725 5688 egentius
2772 5604 2965 5688 locum
3020 5624 3088 5661 ex
3117 5623 3261 5663 mss.
3295 5600 3532 5660 duobus

141 5676 363 5746 constat,
400 5678 473 5735 de
503 5676 751 5739 litterati
778 5700 893 5739 non
922 5683 1005 5741 ita
1034 5676 1372 5742 sollicitum.
1880 5676 2022 5741 Vat.
2044 5687 2103 5739 et
2132 5680 2373 5738 totidem
2405 5676 2642 5733 Gallicis
2682 5676 3069 5733 restituimus.
