3910 6210
375 398 494 469 339

1830 398 1896 463 S.
1944 395 2326 463 AMBROSII

3656 399 3767 469 340

375 538 491 597 diei
524 539 718 595 infans
743 553 756 595 :
780 535 880 595 ille
909 538 1102 595 autem
1132 536 1434 610 peccatum
1469 549 1583 589 non
1615 529 1767 588 fecit.
1794 530 1866 587 Et
1898 532 2023 586 ideo
2055 532 2109 599 Α
2138 531 2219 586 vit
2251 534 2475 590 mereri.
2512 534 2712 593 Nonne
2765 534 2873 594 tibi
2909 534 3143 595 videtur
3168 534 3323 595 Esau
3380 538 3659 611 tanquam
3712 537 3766 594 in

376 628 436 686 in
470 629 642 685 nobis
682 631 816 685 ante
859 626 1124 683 nascitur
1167 626 1305 682 Cain
1356 625 1611 696 seipsum
1663 623 1974 694 praeferens
2009 639 2021 677 :

373 722 579 792 postea
607 718 745 773 Abel
794 720 1123 789 generatur,
1156 715 1213 769 in
1249 731 1361 786 quo
1410 714 1486 768 sit
1533 712 1851 767 reverentia
1881 711 2023 765 divi-

375 807 599 863 nitatis.
638 806 805 861 Prius
839 822 973 877 ergo
1004 804 1207 875 irrepit
1236 804 1387 875 quod
1438 803 1656 858 malum
1691 808 1800 864 est,
1828 805 2028 873 postea

374 895 715 969 agnoscitur
743 896 897 965 quod
931 894 1148 948 bonum
1182 897 1290 947 est.
1316 892 1422 947 Ubi
1454 896 1646 945 autem
1680 891 1921 953 bonum,
1944 889 2023 943 ibi

364 984 627 1057 justum;
660 982 761 1038 ubi
801 982 1057 1054 justitia,
1090 981 1169 1037 ibi
1230 981 1532 1045 sanctitas,
1566 980 1674 1035 hoc
1728 983 1835 1044 est,
1886 976 2027 1033 Abel

372 1072 473 1145 qui
506 1072 761 1127 adhaeret
790 1071 926 1126 Deo.

448 1162 535 1216 11.
570 1162 632 1216 Et
659 1163 839 1232 factus
869 1164 967 1228 est,
996 1158 1208 1230 inquit,
1242 1158 1372 1213 Abel
1418 1166 1605 1229 pastor
1654 1159 1859 1225 avium,
1893 1155 2027 1210 Cain

374 1258 559 1306 autem
586 1248 917 1321 aperabatur
960 1257 1160 1303 terram
1198 1248 1349 1319 (Gen.
1374 1236 1547 1317 ινξῖ).
1574 1247 1698 1301 Non
1748 1250 1836 1300 est
1884 1245 2027 1299 otio-

375 1351 508 1395 sum
540 1338 694 1410 quod
737 1353 871 1392 cum
922 1341 1055 1391 ante
1103 1339 1415 1408 generatus
1447 1336 1525 1389 sit
1553 1335 1711 1401 Cain,
1746 1339 1812 1388 ut
1859 1333 2028 1388 lectio

374 1427 562 1490 docet,
584 1425 859 1497 praelatus
881 1425 958 1479 sit
987 1424 1097 1479 hoc
1125 1424 1250 1479 loco
1280 1423 1451 1491 Abel;
1477 1421 1581 1478 ne'c
1604 1423 1758 1478 idem
1781 1423 1857 1477 sit
1887 1422 2028 1477 ordo

372 1515 705 1580 nominum,
730 1513 828 1584 qui
860 1517 947 1568 est
977 1514 1118 1567 ordo
1151 1516 1391 1594 naturae.
1419 1511 1564 1576 Quid
1599 1512 1708 1567 sibi
1743 1511 1867 1565 vult
1897 1528 2027 1565 mu-

373 1604 518 1661 tatio
547 1603 799 1670 ordinis;
834 1607 900 1657 ut
949 1602 1110 1675 prius
1134 1602 1391 1673 junioris
1422 1601 1775 1667 meminerit,
1798 1599 1897 1655 ubi
1929 1600 2027 1654 de-

318 1762 325 1769 .
370 1692 647 1749 scribitur
666 1692 794 1747 vitae,
817 1696 1008 1747 status
1030 1692 1339 1763 operisque
1364 1708 1508 1745 usus
1524 1690 1551 1745 ‘l
1579 1689 1914 1746 Ol‘ficiorum
1944 1687 2029 1742 in-

369 1784 736 1853 terrogemus
768 1779 1127 1847 distantiam,
1152 1784 1219 1834 ut
1246 1778 1855 1851 colligamus'causam
1889 1792 2028 1849 prae-

371 1867 627 1924 lationis.
648 1866 887 1940 Operari
937 1872 1151 1923 terram
1184 1885 1295 1923 usu
1328 1867 1492 1940 prius
1524 1871 1631 1932 est,
1658 1867 1845 1939 gratia
1876 1866 2025 1920 infe-

373 1957 519 2027 rius,
545 1973 723 2029 quam
746 1973 878 2014 oves
901 1973 1157 2028 pascere.
1183 1956 1301 2011 Hoc
1322 1956 1477 2011 enim
1514 1956 1699 2011 instar
1717 1959 1807 2009 est
1826 1954 2025 2024 cujus-

373 2042 507 2099 dam
540 2042 795 2099 doctoris
833 2047 889 2098 et
932 2042 1236 2114 principis,
1270 2044 1597 2114 meritoque
1646 2042 1840 2097 senior
1868 2057 1902 2096 a
1930 2057 2024 2095 ve-

370 2131 721 2203 tustioribus
770 2130 1087 2196 inchoavit,
1113 2132 1319 2200 junior
1372 2131 1696 2187 recentiora
1752 2128 2024 2201 praetulit,

371 2236 497 2293 qua
527 2219 721 2275 nullas
754 2220 1151 2291 spinas,188
1194 2219 1389 2274 nullos
1442 2219 1690 2274 tribulos
1734 2218 2024 2291 germina-

368 2311 517 2377 rent,
537 2308 683 2363 nulli
708 2308 1007 2363 sententias
1027 2311 1224 2363 essent
1240 2307 1506 2363 obnoxia.
1525 2307 1786 2378 Denique
1808 2307 2029 2377 peccati

368 2412 504 2452 reus
549 2397 736 2451 Adam
786 2398 858 2451 de
907 2396 1178 2467 paradiso
1205 2395 1491 2452 dimissus
1546 2400 1637 2451 est
1692 2392 2027 2467 voluptatis,

368 2487 437 2540 ut
464 2488 803 2557 operaretur
830 2487 1070 2539 terram.
1106 2484 1276 2540 Recte
1306 2501 1443 2557 ergo
1475 2485 1574 2540 ubi
1616 2488 1942 2540 nascuntur
1969 2482 2029 2550 hi

369 2572 601 2642 fratres,
635 2578 899 2628 servatur
928 2572 1101 2627 etiam
1146 2573 1204 2628 in
1251 2574 1622 2645 praedicando
1671 2574 1811 2627 ordo
1860 2575 2031 2626 natu-

370 2677 447 2716 ra:
476 2678 489 2716 :
524 2662 622 2716 ubi
652 2677 786 2716 vero
818 2660 1164 2733 exprimitur
1193 2661 1505 2733 disciplina
1533 2661 1778 2729 vivendi,
1816 2660 2033 2722 seniori

365 2750 571 2822 junior
621 2751 978 2817 antefertur;
1011 2750 1152 2821 quia
1188 2751 1295 2805 etsi
1353 2755 1615 2821 tempore
1665 2750 1888 2820 junior,
1918 2750 2032 2803 vir-

374 2842 500 2895 tute
531 2839 904 2910 praestantior
935 2843 1042 2893 est.
1082 2839 1419 2894 Innocentia
1449 2838 1606 2893 enim
1638 2844 1899 2910 tempore
1928 2854 2035 2909 po-

375 2927 595 3003 sterior,
616 2930 725 2992 est,
750 2942 928 2997 quam
959 2925 1203 2992 malitia,
1233 2930 1291 2981 et
1313 2927 1568 2997 quadam
1602 2944 1823 2999 suppar
1845 2932 2030 2992 aetate,

377 3015 478 3071 sed
510 3014 855 3069 meritorum
888 3013 1190 3069 nobilitate
1236 3015 1551 3086 antiquior.
1587 3018 1839 3071 Senectus
1886 3019 2034 3072 enim

376 3103 712 3159 venerabilis
759 3111 856 3168 est,
888 3119 997 3157 non
1037 3105 1199 3158 annis
1249 3106 1471 3169 incana,
1518 3105 1609 3159 sed
1654 3106 1917 3159 maribus.
1970 3108 2034 3161 Et

374 3196 528 3259 atas,
561 3191 777 3265 inquit,
811 3193 1103 3247 senectutis
1132 3194 1242 3247 vita
1274 3194 1629 3248 immaculata
1661 3194 1809 3265 (Sap.
1844 3211 1920 3259 IV,
1952 3194 2028 3263 8).

374 3280 482 3337 Ubi
527 3296 664 3353 ergo
715 3281 1014 3353 generatio
1066 3280 1434 3352 exprimitur,
1466 3282 1798 3357 .praeveniat
1846 3283 1982 3337 Cain
2019 3300 2031 3338 :
2065 3269 2108 3335 C

373 3368 474 3424 ubi
506 3368 956 3442 disciplinarum
1007 3368 1073 3423 fit
1121 3369 1475 3441 praedicatio,
1510 3375 1826 3441 praecurrat
1867 3372 2027 3425 Abel.

375 3456 841 3512 Adolescentiam
894 3457 1094 3529 igitur,
1128 3462 1185 3512 et
1216 3458 1406 3529 ipsam
1440 3459 1500 3512 in
1530 3460 1783 3515 exordiis
1821 3460 2031 3531 juven-

375 3549 561 3600 tutem
593 3545 888 3599 variarum
936 3545 1222 3601 illecebris
1254 3546 1596 3617 passionum
1653 3550 1869 3603 fervere
1899 3549 2033 3620 quis

375 3632 642 3688 abnuat:
679 3634 777 3688 sed
829 3633 927 3688 ubi
976 3633 1262 3688 maturior
1309 3639 1447 3690 aetas
1499 3638 1867 3697 successerit.
1901 3642 2031 3691 tan-

374 3738 552 3793 quam
597 3722 974 3793 pubescentis
1028 3722 1276 3777 lasciviae
1333 3728 1682 3795 tempestate
1738 3726 2027 3791 discussa,

370 3808 867 3881 tranquillitatem
927 3810 1189 3873 refundi,
1249 3817 1305 3865 et
1359 3810 1418 3865 in
1478 3813 1765 3883 quosdam
1825 3818 2029 3885 portus

369 3898 600 3971 quietos
629 3897 799 3953 lassae
845 3899 1055 3953 anima:
1098 3900 1395 3971 navigium
1430 3902 1794 3956 subducere?
1826 3903 2029 3974 Itaque

365 4003 570 4061 graves
602 3991 800 4043 motus
833 3993 1045 4043 nostra:
1086 3989 1493 4045 adolescentia:
1545 3991 1661 4045 fida
1709 3993 2027 4047 senectutis

366 4074 614 4132 statione
644 4076 1038 4148 placidantur.

1004 4164 1237 4220 CAPUT
1288 4166 1381 4220 IV.

364 4253 647 4312 Hatitia-m
694 4259 931 4325 tempore
968 4256 1213 4324 priorem
1259 4270 1389 4323 esse,
1434 4258 1691 4311 virtutem
1733 4257 2016 4326 dignitate.

436 4327 545 4400 liae
575 4328 758 4400 ipsum
785 4342 882 4395 per
914 4327 1062 4400 Esau
1078 4334 1131 4400 et
1162 4327 1329 4382 Jaeab
1358 4327 1655 4398 designari,
1679 4329 1823 4382 sicut
1849 4340 1899 4383 et
1921 4346 2022 4400 per

435 4396 573 4451 duas
603 4398 909 4467 Scriptura?
948 4397 1208 4451 mulieres
1241 4415 1260 4451 :
1298 4396 1533 4467 quarum
1571 4400 1749 4453 altera
1778 4396 2017 4467 virtutis,

435 4414 573 4451 auus
603 4414 909 4519 ocra/mura?
948 4414 1208 4451 mulieres
1241 4415 1260 4451 :
1298 4414 1533 4467 quarum
1571 4414 1749 4453 altera
1778 4414 2017 4467 virtutis,

435 4468 613 4521 altera
636 4482 704 4540 _va
732 4469 936 4540 aptatis
981 4469 1161 4537 imago
1190 4476 1286 4524 est.
1325 4471 1567 4540 Denique
1595 4469 1755 4539 hujus
1802 4471 2018 4528 ultima:

434 4544 579 4591 artes
612 4536 788 4590 deseri
793 4538 1013 4591 buntur.

2135 640 2320 695 agone
2350 624 2559 691 victus,
2591 628 2647 681 et
2677 626 2923 700 propriis
2966 627 3181 685 mentis
3222 626 3561 684 inﬁrmitate
3587 627 3769 700 impa-

2135 729 2257 768 rem
2292 729 2353 768 se
2382 714 2725 770 existimans
2769 717 3018 773 cessisse
3046 717 3250 773 victori
3287 732 3583 785 coronam,
3606 734 3765 790 quem

2134 802 2368 857 videbat
2389 803 2568 859 nullis
2590 805 2929 877 passionum
2962 805 3252 863 illecebris
3272 806 3509 871 inﬂecti,
3533 823 3769 878 quarum

2138 889 2262 962 ipse
2294 890 2589 963 pulverem
2627 894 2920 950 sustinere
2946 912 3060 950 non
3100 894 3368 967 poterat?
3399 895 3591 966 thuid
3617 894 3768 960 mihi,

2136 978 2346 1051 inquit,
2380 983 2690 1052 primatus?
2724 985 2891 1055 Apud
2925 983 3166 1055 ignavos
3224 984 3378 1039 enim
3437 983 3597 1040 nulla
3644 988 3772 1040 sunt

2136 1067 2395 1141 insignia
2425 1071 2678 1138 virtutis,
2710 1072 2864 1142 apud
2906 1072 3201 1145 sapientes
3241 1072 3431 1146 prima
3458 1072 3765 1142 habentur;

2139 1158 2335 1213 studia
2385 1158 2541 1213 enim
2572 1160 2809 1216 virtutis
2849 1162 3114 1233 quaedam
3172 1161 3567 1218 instrumenta
3618 1165 3766 1218 sunt.

2138 1246 2339 1317 Itaque
2369 1247 2522 1303 sicut
2572 1247 2816 1304 bellator
2845 1249 2973 1305 sine
3003 1250 3184 1306 armis
3231 1267 3359 1307 esse
3407 1267 3523 1306 non
3573 1255 3767 1323 potest,

2138 1334 2219 1390 ita
2249 1352 2352 1390 nec
2386 1336 2512 1391 sine
2543 1338 2951 1395 exercitatione
2981 1339 3186 1394 virtus.
3222 1339 3383 1395 Unde
3413 1344 3471 1396 et
3500 1339 3770 1395 Dominus

2138 1424 2198 1477 in
2228 1424 2540 1497 Evangelio
2571 1427 2687 1481 ait:
2721 1428 2759 1482 Α
2792 1427 2982 1483 diebus
3009 1430 3235 1483 Joannis
3267 1430 3531 1499 Baptistae
3559 1444 3773 1499 regnum

2136 1512 2393 1568 caelorum
2431 1517 2665 1584 cogitur,
2698 1520 2751 1570 et
2800 1524 3039 1586 cogentes
3084 1516 3360 1589 diripiunt
3405 1517 3548 1573 illud
3576 1516 3769 1587 (Matth.

2135 1618 2214 1669 χι,
2254 1603 2359 1673 12).
2395 1604 2463 1657 Et
2492 1602 2628 1658 alibi
2666 1621 2678 1658 :
2714 1606 2954 1673 Qua’rite
2982 1622 3212 1677 regnum
3239 1607 3358 1674 Dei,
3380 1614 3433 1662 et
3456 1622 3577 1664 ecce
3602 1607 3774 1662 omnia

2132 1698 2330 1760 praesta
2359 1699 2485 1746 sunt
2514 1693 2664 1748 vobis
2695 1693 2905 1761 (Matth.
2934 1712 3014 1760 vi,
3047 1696 3157 1762 33).
3182 1695 3307 1750 Non
3337 1694 3770 1759 dormientibus,

2137 1794 2326 1850 neque
2358 1779 2699 1848 otiantibus,
2727 1782 2828 1837 sed
2858 1782 3242 1856 vigilantibus
3272 1789 3330 1840 et
3359 1783 3771 1848 laborantibus,

2137 1866 2493 1939 pollicentur
2540 1871 2781 1941 praemia
2814 1890 2826 1928 :
2860 1877 2917 1928 et
2944 1872 3130 1928 labori
3179 1889 3403 1930 merces
3447 1877 3650 1946 parata
3675 1876 3771 1939 est,

2138 1956 2261 2028 qui,
2295 1956 2433 2014 licet
2463 1975 2578 2015 non
2612 1960 2691 2016 sit
2735 1961 2931 2017 suavis
2980 1963 3049 2018 ad
3101 1962 3372 2035 gratiam,
3404 1967 3607 2019 tamen
3637 1961 3774 2017 fruc-

2134 2050 2348 2102 tuosus
2380 2050 2447 2101 ad
2484 2049 2791 2119 praemium
2823 2055 2932 2107 est.

2208 2135 2294 2190 13.
2329 2135 2505 2191 Docet
2534 2137 2643 2192 hoc
2693 2155 2883 2195 sermo
2917 2139 3085 2214 legis,
3119 2141 3272 2197 sicut
3319 2140 3608 2213 scriptum
3638 2139 3775 2195 inve-

2137 2223 2335 2278 nimus
2368 2241 2381 2279 :
2415 2225 2477 2280 Si
2508 2228 2737 2297 fuerint,
2769 2226 2981 2301 inquit,
3012 2247 3113 2286 um
3150 2229 3363 2286 homini
3389 2230 3521 2288 duae
3577 2244 3772 2295 uxores.

2136 2329 2252 2366 una
2280 2329 2472 2369 earum
2512 2315 2730 2385 dilecta,
2752 2323 2804 2373 et
2835 2319 3010 2373 altera
3038 2319 3278 2386 adibitis,
3309 2326 3361 2375 et
3382 2320 3692 2392 pepererint
3733 2332 3776 2371 ei

2138 2404 2312 2458 ambae
2364 2405 2507 2474 ﬁlias
2535 2405 2730 2461 dilecta
2779 2414 2831 2462 et
2875 2407 3120 2474 adibitis,
3151 2415 3203 2464 et
3250 2408 3573 2480 primitivus
3626 2407 3777 2478 fuerit

2141 2491 2289 2561 ﬁlius
2320 2494 2569 2548 mulieris
2617 2494 2872 2558 adibitis;
2920 2512 3027 2567 qua
3083 2496 3171 2552 die
3218 2495 3457 2551 lueredes
3514 2495 3777 2566 reliquerit

2140 2583 2283 2650 ﬁlias
2313 2583 2372 2636 in
2416 2583 2723 2639 substantia
2765 2600 2884 2653 sua,
2917 2601 3026 2640 non
3070 2588 3273 2657 poterit
3312 2588 3622 2657 primatum
3665 2583 3780 2639 dare

2143 2671 2258 2739 ﬁlio
2289 2672 2538 2727 mulieris
2567 2672 2799 2739 dileelte,
2848 2675 3102 2730 amittens
3130 2676 3313 2746 ﬁlium
3342 2674 3566 2731 adibitis
3593 2692 3611 2730 :
3642 2673 3778 2729 189

2141 2760 2231 2815 sed
2282 2762 2629 2831 primitivum
2684 2763 2865 2832 ﬁlium
2916 2763 3136 2820 adibitis
3189 2771 3469 2833 cognoscet
3524 2763 3654 2820 dare
3704 2762 3781 2817 illi

2141 2849 2317 2905 dotem
2363 2852 2477 2922 (12)
2533 2867 2603 2906 ea:
2658 2852 2907 2909 omnibus
2953 2867 3075 2923 quae
3130 2855 3493 2908 inveniuntur
3536 2855 3620 2919 ei;
3663 2854 3779 2924 quia

2142 2940 2256 3009 ipse
2284 2941 2513 2995 initium
2542 2940 2783 3009 ﬁliorum
2812 2943 2929 3012 ejus
2962 2950 3061 3007 est,
3092 2945 3146 2996 et
3175 2944 3282 3015 ipsi
3308 2942 3573 2999 debentur
3592 2943 3775 3015 primi-

2141 3030 2251 3083 [ἐκ.
2287 3030 2462 3097 (Deut.
2494 3047 2613 3095 XXI,
2650 3030 2863 3102 15-17).
2898 3032 3084 3096 Quam
3127 3030 3421 3103 profunda
3456 3031 3641 3089 latent
3667 3047 3775 3102 my-

2142 3117 2451 3173 steriorum
2500 3123 2724 3173 secreta
2768 3118 2827 3173 in
2872 3118 3113 3175 litteris!
3149 3118 3540 3192 Recognosce,
3574 3120 3773 3186 anima,

2143 3210 2346 3277 partus
2380 3211 2533 3273 tuos,
2559 3211 2616 3263 et
2644 3206 2879 3263 odibilis
2921 3207 3094 3263 istius
3133 3207 3399 3264 mulieris
3431 3225 3623 3281 quaere
3667 3224 3774 3279 my-

2141 3296 2405 3352 sterium.
2431 3296 2589 3352 Intra
2635 3300 2691 3352 te
2739 3313 2806 3351 ea
2844 3296 3123 3365 invenies,
3158 3296 3205 3352 si
3260 3298 3549 3369 requiras.
3585 3298 3775 3369 Repete

2140 3385 2543 3457 cogitationes,
2599 3385 2785 3457 relege
2833 3402 3043 3441 sensus
3088 3389 3243 3452 tuos,
3275 3389 3333 3440 et
3378 3386 3474 3441 cui
3526 3383 3772 3459 primitiae

2140 3474 2480 3539 debeantur,
2514 3490 2814 3547 agnosces.
2839 3473 2973 3529 Duae
2996 3474 3152 3529 enim
3178 3473 3457 3530 mulieres
3478 3472 3773 3545 unicuique

2140 3568 2407 3618 nostrum
2441 3562 2796 3627 cohabitant,
2831 3562 3158 3619 inimicitiis
3189 3580 3253 3618 ac
3283 3562 3596 3619 discordiis
3625 3561 3772 3618 dissi-

2138 3652 2359 3719 dentes,
2379 3651 2537 3707 velut
2585 3652 2941 3723 quibusdam
2985 3651 3280 3725 zelotypize
3319 3649 3770 3708 contentionibus

2139 3745 2348 3796 nostra;
2380 3739 2671 3812 replentes
2702 3741 2912 3796 animae
2947 3741 3210 3797 domum.
3237 3741 3359 3797 Una
3392 3758 3594 3798 earum
3624 3737 3769 3795 nobis

2137 3829 2408 3885 suavitati
2444 3833 2501 3884 et
2547 3830 2728 3885 amori
2763 3833 2872 3894 est,
2898 3829 3117 3887 blanda
3155 3828 3521 3885 conciliatrix
3568 3828 3765 3903 gratiae,

2138 3936 2263 3991 quae
2287 3922 2525 3973 vocatur
2542 3916 2832 3990 voluptas.
2855 3916 3014 3973 Hanc
3037 3917 3207 3974 nobis
3234 3918 3553 3990 opinamur
3573 3915 3763 3973 sociam

2136 4024 2201 4063 ac
2233 4005 2653 4062 domesticam:
2684 4005 2845 4061 illam
2878 4004 3120 4061 alteram
3154 4005 3467 4074 immitem,
3497 4019 3762 4079 asperam,

2132 4097 2312 4151 feram
2347 4095 2662 4161 credimus,
2694 4095 2785 4149 cui
2819 4111 3029 4151 nomen
3059 4096 3247 4152 virtus
3278 4098 3387 4151 est.

2204 4185 2287 4239 14.
2324 4183 2429 4240 Illa
2458 4184 2637 4256 igitur
2684 4184 3015 4240 meretricio
3063 4200 3273 4256 procax
3321 4189 3510 4249 motu,
3540 4184 3759 4239 infracto

2129 4291 2231 4346 per
2260 4272 2499 4330 delicias
2531 4273 2784 4337 incessu,
2819 4272 3164 4328 nutantibus
3210 4271 3418 4338 oculis,
3441 4278 3499 4329 et
3530 4267 3758 4328 ludenti-

2127 4364 2241 4418 bus
2263 4360 2536 4433 jaculans
2558 4360 2872 4433 palpebris,
2898 4360 3062 4429 retia,
3080 4359 3298 4433 quibus
3320 4358 3759 4433 pretiosasjuve

2128 4468 2267 4506 num
2305 4450 2534 4505 animas
2574 4449 2725 4521 capit
2756 4448 2982 4520 (oculus
3031 4449 3190 4504 enim
3240 4448 3564 4505 meretricis
3592 4449 3753 4517 (Prov.

2125 4557 2225 4605 νυ,
2269 4541 2327 4593 Ὀ
2374 4541 2422 4593 el
2480 4536 2886 4609 seq.)laqueus
2944 4536 3309 4608 peccatoris),
3364 4548 3756 4608 quemcunque

435 4624 519 4678 12.
554 4624 636 4680 Ne
674 4640 810 4696 ergo
857 4625 1089 4681 dubites
1135 4626 1353 4681 talibus
1406 4632 1623 4682 natura:
1672 4629 2006 4685 admonitus
2038 4635 2084 4699 Ι)
2114 4628 2326 4683 viderit
2357 4628 2470 4697 (t3)
2503 4626 2682 4680 dubio
2731 4641 2908 4680 sensu
2959 4629 3403 4696 praetereuntem
3456 4626 3512 4679 in
3563 4620 3755 4694 angulo

359 4711 663 4790 exemplis,
699 4713 851 4784 quod
886 4712 1112 4769 malitia
1157 4717 1443 4786 prmeedat
1472 4721 1753 4789 tempore,
1785 4720 1884 4773 sed
1910 4721 2008 4790 ju-

356 4788 726 4857 venculescat
775 4801 1133 4859 infirmitate.
1176 4804 1363 4858 Habet
1411 4803 1512 4859 illa
1560 4788 1745 4861 aetatis
1792 4788 2007 4879 stipen-

357 4890 572 4947 dium:
616 4892 802 4947 virtus
862 4899 1057 4947 autem
1119 4893 1555 4963 praerogativam
1615 4892 1830 4965 gloriae,
1891 4913 2007 4968 qua

355 4978 699 5053 plerumque
721 4981 887 5051 justo
920 4979 1073 5034 cedit
1104 4978 1361 5051 iniquus.
1395 4981 1574 5051 Cujus
1611 4982 1690 5035 rei
1722 4984 1889 5040 testis
1920 4992 2008 5040 est

358 5068 550 5124 fidelis
578 5068 775 5124 divina
825 5067 1143 5140 Scriptura,
1169 5085 1294 5140 quae
1325 5069 1491 5124 docet
1522 5072 1671 5127 Esau
1705 5074 2003 5145 cognomi-

356 5173 430 5212 ne
460 5157 720 5212 stultitia:
747 5157 935 5211 virum
966 5157 1209 5212 cessisse
1240 5159 1529 5229 patienter
1546 5159 1836 5232 primatus
1868 5180 2007 5218 suos

356 5244 517 5300 fratri
552 5262 659 5302 suo
690 5246 891 5312 Jacob,
926 5246 1005 5302 ita
1055 5250 1117 5301 ut
1159 5247 1421 5302 diceret:
1459 5250 1664 5320 thuid
1710 5252 1850 5306 mihi
1889 5254 2005 5323 pri-

354 5339 532 5387 matus
584 5334 735 5405 (Gen.
770 5352 903 5400 χεν,
936 5336 1070 5405 32)?
1100 5336 1206 5389 Sed
1270 5353 1416 5407 quos
1476 5337 1582 5393 iste
1640 5339 2000 5410 posthabuit,

354 5417 462 5474 bos
484 5420 571 5474 vir
597 5428 983 5494 cognomento
1027 5422 1453 5481 exercitationis
1487 5426 1762 5497 praeditus
1793 5429 2002 5499 quaesi-

424 5558 537 5629 (12)
564 5561 686 5614 Vet.
720 5562 882 5636 edit,
928 5580 1245 5636 cognoscens
1291 5566 1379 5620 det
1426 5567 1515 5621 illi
1560 5567 1752 5623 dotem.
1807 5569 1997 5636 Rom.,

354 5639 645 5707 gognascet,
678 5634 738 5685 ut
783 5632 871 5687 det
914 5632 1004 5687 illi
1031 5635 1218 5705 dupla.
1248 5635 1536 5691 Nimirum
1585 5655 1652 5693 ex
1703 5639 1863 5707 LXX,
1900 5632 1999 5695 ubi

356 5695 514 5766 legas
547 5717 559 5755 :
592 5695 891 5770 ἁπιγνώσετα
923 5711 1084 5758 ιδοῦνα
1105 5695 1260 5776 liud-:63
1289 5714 1454 5764 διπλᾶ,
1485 5712 1594 5762 etc.

2118 4716 2407 4772 transitus
2440 4715 2651 4769 domus
2699 4730 2816 4768 snze
2867 4713 3240 4769 sermonibus
3270 4713 3537 4768 adoritur
3561 4709 3755 4784 gratio-

2119 4805 2223 4872 sis,
2260 4804 2479 4859 faciens
2516 4804 2802 4873 juvenum
2833 4800 3025 4857 volare
3055 4802 3249 4869 corda,
3283 4801 3443 4857 domi
3493 4799 3750 4871 inquieta,

2118 4895 2175 4949 in
2210 4891 2417 4966 plateis
2450 4907 2617 4962 vaga,
2654 4889 2871 4946 osculis
2902 4890 3167 4962 prodiga,
3203 4891 3426 4962 pudore
3454 4888 3600 4952 vilis,
3630 4883 3754 4942 ami-

2116 4989 2210 5038 ctu
2243 4981 2420 5047 dives,
2450 4996 2630 5052 genas
2664 4980 2835 5051 picta.
2861 4977 3087 5034 Etenim
3112 4978 3251 5051 quia
3269 4994 3475 5033 verum
3505 4978 3748 5033 decorem

2116 5076 2335 5127 natura
2368 5069 2581 5123 habere
2615 5085 2729 5122 non
2764 5071 2973 5140 potest,
3007 5066 3354 5122 adulterinis
3379 5066 3525 5123 furis
3546 5066 3751 5122 affecta-

2116 5165 2184 5214 tie
2217 5156 2679 5230 pulchritudinis
2730 5155 3093 5211 lenocinatur
3132 5155 3408 5227 speciem,
3453 5171 3566 5211 non
3610 5149 3747 5208 veri-

2114 5252 2314 5303 tatem.
2338 5246 2628 5300 Vitiorum
2663 5245 2962 5300 succincta
2993 5244 3269 5299 comitatu
3303 5249 3361 5299 et
3386 5242 3636 5317 quodam
3665 5252 3748 5294 ne-

2114 5336 2434 5407 quitiarum
2461 5334 2639 5389 choro
2661 5335 3036 5400 circumfusa,
3056 5334 3172 5388 dux
3193 5332 3529 5407 crimjnum,
3548 5329 3744 5386 talibus

2112 5425 2421 5479 verborum
2457 5423 2750 5478 machinis
2781 5438 3017 5477 murum
3049 5415 3622 5494 mentis‘ﬁggreditur
3647 5415 3742 5471 bu-

2184 5567 2299 5637 (13)
2331 5571 2495 5621 Rom.
2529 5566 2690 5627 edit..
2723 5581 2886 5621 sensu
2931 5564 3257 5634 indignum;
3288 5562 3432 5618 LXX
3459 5562 3631 5618 etiam
3671 5553 3737 5611 ibi

2113 5636 2411 5707 seQuitur;
2446 5637 2531 5692 illi
2561 5636 2714 5692 enim
2753 5655 2765 5692 :
2797 5644 2990 5693 νεανίαν
3021 5643 3161 5703 ἐνδιῆ
3190 5644 3395 5708 φρενῶν.
