  <div class='ocr_page' id='page_1' title='image "/cluster/home/n/w/nwhite01/storage/ocr_20150623/14/uva.x000826552/185.png"; bbox 0 0 3910 6210; ppageno 0'>
   <div class='ocr_carea' id='block_1_1' title="bbox 191 341 296 409">
    <p class='ocr_par' dir='ltr' id='par_1_1' title="bbox 191 341 296 409">
     <span class='ocr_line' id='line_1_1' title="bbox 191 341 296 409; baseline -0.029 0"><span class='ocrx_word' id='word_1_1' title='bbox 191 341 296 409; x_wconf 77' lang='lat' dir='ltr'>3H</span> 
     </span>
    </p>
   </div>
   <div class='ocr_carea' id='block_1_2' title="bbox 1381 345 2393 414">
    <p class='ocr_par' dir='ltr' id='par_1_2' title="bbox 1381 345 2393 414">
     <span class='ocr_line' id='line_1_2' title="bbox 1381 345 2393 414; baseline 0.004 -4"><span class='ocrx_word' id='word_1_2' title='bbox 1381 345 1486 410; x_wconf 84' lang='lat' dir='ltr'><strong>DE</strong></span> <span class='ocrx_word' id='word_1_3' title='bbox 1529 345 1712 410; x_wconf 80' lang='lat' dir='ltr'>CAlN</span> <span class='ocrx_word' id='word_1_4' title='bbox 1760 346 1858 411; x_wconf 84' lang='lat' dir='ltr'>ET</span> <span class='ocrx_word' id='word_1_5' title='bbox 1905 345 2109 412; x_wconf 68' lang='lat' dir='ltr'>ADEL</span> <span class='ocrx_word' id='word_1_6' title='bbox 2151 347 2298 414; x_wconf 88' lang='lat' dir='ltr'>LlB.</span> <span class='ocrx_word' id='word_1_7' title='bbox 2344 345 2393 414; x_wconf 93' lang='grc' dir='ltr'>Ῑ.</span> 
     </span>
    </p>
   </div>
   <div class='ocr_carea' id='block_1_3' title="bbox 3479 297 3630 415">
    <p class='ocr_par' dir='ltr' id='par_1_3' title="bbox 3479 297 3630 415">
     <span class='ocr_line' id='line_1_3' title="bbox 3479 297 3630 415; baseline 0.007 -1"><span class='ocrx_word' id='word_1_8' title='bbox 3479 297 3630 415; x_wconf 58' lang='lat' dir='ltr'>siis3</span> 
     </span>
    </p>
   </div>
   <div class='ocr_carea' id='block_1_4' title="bbox 192 478 3598 564">
    <p class='ocr_par' dir='ltr' id='par_1_4' title="bbox 192 478 3598 564">
     <span class='ocr_line' id='line_1_4' title="bbox 192 478 3598 564; baseline 0.002 -26"><span class='ocrx_word' id='word_1_9' title='bbox 192 495 375 538; x_wconf 79' lang='lat' dir='ltr'>manas</span> <span class='ocrx_word' id='word_1_10' title='bbox 408 496 422 538; x_wconf 88' lang='lat'><strong>:</strong></span> <span class='ocrx_word' id='word_1_11' title='bbox 456 479 796 554; x_wconf 79' lang='lat' dir='ltr'>Sacriﬁcium</span> <span class='ocrx_word' id='word_1_12' title='bbox 821 478 976 557; x_wconf 77' lang='lat' dir='ltr'>pacis</span> <span class='ocrx_word' id='word_1_13' title='bbox 1023 480 1100 539; x_wconf 82' lang='lat' dir='ltr'>est</span> <span class='ocrx_word' id='word_1_14' title='bbox 1147 478 1308 552; x_wconf 85' lang='lat' dir='ltr'>mihi,</span> <span class='ocrx_word' id='word_1_15' title='bbox 1339 479 1502 540; x_wconf 83' lang='lat' dir='ltr'>hodie</span> <span class='ocrx_word' id='word_1_16' title='bbox 1524 480 1686 540; x_wconf 82' lang='lat' dir='ltr'><strong><em>reddo</em></strong></span> <span class='ocrx_word' id='word_1_17' title='bbox 1715 486 1840 541; x_wconf 84' lang='lat' dir='ltr'>vota</span> <span class='ocrx_word' id='word_1_18' title='bbox 1868 489 1922 556; x_wconf 80' lang='grc' dir='ltr'><strong>Α</strong></span> <span class='ocrx_word' id='word_1_19' title='bbox 1951 488 2007 542; x_wconf 87' lang='lat' dir='ltr'>et</span> <span class='ocrx_word' id='word_1_20' title='bbox 2036 482 2436 560; x_wconf 84' lang='lat' dir='ltr'>indigentibus</span> <span class='ocrx_word' id='word_1_21' title='bbox 2467 483 2755 560; x_wconf 79' lang='lat' dir='ltr'>sapientia</span> <span class='ocrx_word' id='word_1_22' title='bbox 2783 484 3052 564; x_wconf 61' lang='lat' dir='ltr'>praecipio</span> <span class='ocrx_word' id='word_1_23' title='bbox 3073 480 3274 546; x_wconf 85' lang='lat' dir='ltr'>dicens</span> <span class='ocrx_word' id='word_1_24' title='bbox 3306 499 3320 544; x_wconf 87' lang='lat'><strong>:</strong></span> <span class='ocrx_word' id='word_1_25' title='bbox 3351 484 3598 546; x_wconf 87' lang='lat' dir='ltr'>Panibus</span> 
     </span>
    </p>
   </div>
   <div class='ocr_carea' id='block_1_5' title="bbox 186 569 1831 644">
    <p class='ocr_par' dir='ltr' id='par_1_5' title="bbox 186 569 1831 644">
     <span class='ocr_line' id='line_1_5' title="bbox 186 569 1831 644; baseline 0 -16"><span class='ocrx_word' id='word_1_26' title='bbox 186 587 307 628; x_wconf 84' lang='lat' dir='ltr'>mea</span> <span class='ocrx_word' id='word_1_27' title='bbox 333 589 354 628; x_wconf 85' lang='lat'><em>:</em></span> <span class='ocrx_word' id='word_1_28' title='bbox 383 569 484 628; x_wconf 83' lang='lat' dir='ltr'>hac</span> <span class='ocrx_word' id='word_1_29' title='bbox 513 587 584 628; x_wconf 72' lang='lat' dir='ltr'>ex</span> <span class='ocrx_word' id='word_1_30' title='bbox 609 587 770 628; x_wconf 90' lang='lat' dir='ltr'>causa</span> <span class='ocrx_word' id='word_1_31' title='bbox 797 586 1088 644; x_wconf 82' lang='lat' dir='ltr'>progressa</span> <span class='ocrx_word' id='word_1_32' title='bbox 1113 587 1238 628; x_wconf 90' lang='lat' dir='ltr'>sum</span> <span class='ocrx_word' id='word_1_33' title='bbox 1263 571 1477 628; x_wconf 79' lang='lat' dir='ltr'>obviam</span> <span class='ocrx_word' id='word_1_34' title='bbox 1521 573 1642 635; x_wconf 78' lang='lat' dir='ltr'>tibi,</span> <span class='ocrx_word' id='word_1_35' title='bbox 1677 572 1831 628; x_wconf 85' lang='lat' dir='ltr'>desi-</span> 
     </span>
    </p>
   </div>
   <div class='ocr_carea' id='block_1_6' title="bbox 184 660 1833 734">
    <p class='ocr_par' dir='ltr' id='par_1_6' title="bbox 184 660 1833 734">
     <span class='ocr_line' id='line_1_6' title="bbox 184 660 1833 734; baseline -0.001 -17"><span class='ocrx_word' id='word_1_36' title='bbox 184 660 378 718; x_wconf 82' lang='lat' dir='ltr'>derans</span> <span class='ocrx_word' id='word_1_37' title='bbox 407 662 606 732; x_wconf 84' lang='lat' dir='ltr'>faciem</span> <span class='ocrx_word' id='word_1_38' title='bbox 649 665 804 716; x_wconf 88' lang='lat' dir='ltr'>tuam</span> <span class='ocrx_word' id='word_1_39' title='bbox 852 662 1101 717; x_wconf 87' lang='lat' dir='ltr'>invenire</span> <span class='ocrx_word' id='word_1_40' title='bbox 1131 661 1265 734; x_wconf 78' lang='grc'><strong>(14).</strong></span> <span class='ocrx_word' id='word_1_41' title='bbox 1299 660 1506 716; x_wconf 81' lang='lat' dir='ltr'>Institis</span> <span class='ocrx_word' id='word_1_42' title='bbox 1559 663 1712 716; x_wconf 72' lang='lat' dir='ltr'>tacui</span> <span class='ocrx_word' id='word_1_43' title='bbox 1751 661 1833 716; x_wconf 87' lang='lat' dir='ltr'>le-</span> 
     </span>
    </p>
   </div>
   <div class='ocr_carea' id='block_1_7' title="bbox 183 749 1834 824">
    <p class='ocr_par' dir='ltr' id='par_1_7' title="bbox 183 749 1834 824">
     <span class='ocr_line' id='line_1_7' title="bbox 183 749 1834 824; baseline 0 -19"><span class='ocrx_word' id='word_1_44' title='bbox 183 757 324 806; x_wconf 86' lang='lat' dir='ltr'>ctum</span> <span class='ocrx_word' id='word_1_45' title='bbox 354 767 556 820; x_wconf 88' lang='lat' dir='ltr'>meum,</span> <span class='ocrx_word' id='word_1_46' title='bbox 585 757 638 806; x_wconf 90' lang='lat' dir='ltr'>et</span> <span class='ocrx_word' id='word_1_47' title='bbox 689 751 884 824; x_wconf 83' lang='lat' dir='ltr'>tapetis</span> <span class='ocrx_word' id='word_1_48' title='bbox 911 750 979 806; x_wconf 88' lang='lat' dir='ltr'>ab</span> <span class='ocrx_word' id='word_1_49' title='bbox 1007 750 1236 822; x_wconf 58' lang='lat' dir='ltr'>zEgypto</span> <span class='ocrx_word' id='word_1_50' title='bbox 1283 751 1476 804; x_wconf 74' lang='lat' dir='ltr'>stravi.</span> <span class='ocrx_word' id='word_1_51' title='bbox 1514 749 1729 821; x_wconf 85' lang='lat' dir='ltr'>Aspersi</span> <span class='ocrx_word' id='word_1_52' title='bbox 1759 751 1834 805; x_wconf 89' lang='lat' dir='ltr'>le-</span> 
     </span>
    </p>
   </div>
   <div class='ocr_carea' id='block_1_8' title="bbox 183 839 1833 908">
    <p class='ocr_par' dir='ltr' id='par_1_8' title="bbox 183 839 1833 908">
     <span class='ocr_line' id='line_1_8' title="bbox 183 839 1833 908; baseline -0.001 -13"><span class='ocrx_word' id='word_1_53' title='bbox 183 847 331 895; x_wconf 86' lang='lat' dir='ltr'>ctum</span> <span class='ocrx_word' id='word_1_54' title='bbox 359 856 541 896; x_wconf 87' lang='lat' dir='ltr'>meum</span> <span class='ocrx_word' id='word_1_55' title='bbox 569 854 742 908; x_wconf 86' lang='lat' dir='ltr'>croco,</span> <span class='ocrx_word' id='word_1_56' title='bbox 773 839 995 895; x_wconf 88' lang='lat' dir='ltr'>domum</span> <span class='ocrx_word' id='word_1_57' title='bbox 1038 847 1219 894; x_wconf 91' lang='lat' dir='ltr'>autem</span> <span class='ocrx_word' id='word_1_58' title='bbox 1263 855 1439 894; x_wconf 70' lang='lat' dir='ltr'>meum</span> <span class='ocrx_word' id='word_1_59' title='bbox 1469 841 1833 894; x_wconf 86' lang='lat' dir='ltr'>cinnamomo.</span> 
     </span>
    </p>
   </div>
   <div class='ocr_carea' id='block_1_9' title="bbox 189 929 1831 1000">
    <p class='ocr_par' dir='ltr' id='par_1_9' title="bbox 189 929 1831 1000">
     <span class='ocr_line' id='line_1_9' title="bbox 189 929 1831 1000; baseline 0 -16"><span class='ocrx_word' id='word_1_60' title='bbox 189 929 337 994; x_wconf 72' lang='lat' dir='ltr'>Veni,</span> <span class='ocrx_word' id='word_1_61' title='bbox 369 929 628 998; x_wconf 79' lang='lat' dir='ltr'><strong><em>fruamur</em></strong></span> <span class='ocrx_word' id='word_1_62' title='bbox 671 930 925 984; x_wconf 75' lang='lat' dir='ltr'>amicitia</span> <span class='ocrx_word' id='word_1_63' title='bbox 981 944 1146 1000; x_wconf 86' lang='lat' dir='ltr'>usque</span> <span class='ocrx_word' id='word_1_64' title='bbox 1201 931 1259 984; x_wconf 90' lang='lat' dir='ltr'>in</span> <span class='ocrx_word' id='word_1_65' title='bbox 1303 929 1611 984; x_wconf 80' lang='lat' dir='ltr'>diluculum</span> <span class='ocrx_word' id='word_1_66' title='bbox 1639 947 1658 982; x_wconf 91' lang='lat'><em>:</em></span> <span class='ocrx_word' id='word_1_67' title='bbox 1689 930 1831 997; x_wconf 85' lang='lat' dir='ltr'>veni,</span> 
     </span>
    </p>
   </div>
   <div class='ocr_carea' id='block_1_10' title="bbox 181 1017 1834 1090">
    <p class='ocr_par' dir='ltr' id='par_1_10' title="bbox 181 1017 1834 1090">
     <span class='ocr_line' id='line_1_10' title="bbox 181 1017 1834 1090; baseline -0.001 -16"><span class='ocrx_word' id='word_1_68' title='bbox 181 1025 235 1074; x_wconf 83' lang='lat' dir='ltr'>et</span> <span class='ocrx_word' id='word_1_69' title='bbox 290 1017 647 1074; x_wconf 87' lang='lat' dir='ltr'>colluctemur</span> <span class='ocrx_word' id='word_1_70' title='bbox 698 1018 958 1090; x_wconf 86' lang='lat' dir='ltr'>cupidine</span> <span class='ocrx_word' id='word_1_71' title='bbox 1009 1019 1195 1086; x_wconf 88' lang='lat' dir='ltr'>(Prov.</span> <span class='ocrx_word' id='word_1_72' title='bbox 1253 1035 1352 1083; x_wconf 81' lang='lat' dir='ltr'>vn,</span> <span class='ocrx_word' id='word_1_73' title='bbox 1413 1017 1620 1084; x_wconf 32' lang='lat' dir='ltr'>Ili-l8).</span> <span class='ocrx_word' id='word_1_74' title='bbox 1675 1017 1834 1072; x_wconf 89' lang='lat' dir='ltr'>Hanc</span> 
     </span>
    </p>
   </div>
   <div class='ocr_carea' id='block_1_11' title="bbox 183 1104 1834 1180">
    <p class='ocr_par' dir='ltr' id='par_1_11' title="bbox 183 1104 1834 1180">
     <span class='ocr_line' id='line_1_11' title="bbox 183 1104 1834 1180; baseline 0 -18"><span class='ocrx_word' id='word_1_75' title='bbox 183 1104 340 1162; x_wconf 86' lang='lat' dir='ltr'>enim</span> <span class='ocrx_word' id='word_1_76' title='bbox 361 1123 464 1180; x_wconf 91' lang='lat' dir='ltr'>per</span> <span class='ocrx_word' id='word_1_77' title='bbox 482 1123 547 1163; x_wconf 92' lang='lat' dir='ltr'>os</span> <span class='ocrx_word' id='word_1_78' title='bbox 566 1105 900 1164; x_wconf 79' lang='lat' dir='ltr'>Salomonis</span> <span class='ocrx_word' id='word_1_79' title='bbox 929 1105 1187 1178; x_wconf 88' lang='lat' dir='ltr'>speciem</span> <span class='ocrx_word' id='word_1_80' title='bbox 1220 1105 1544 1162; x_wconf 71' lang='lat' dir='ltr'>fornicariae</span> <span class='ocrx_word' id='word_1_81' title='bbox 1567 1105 1834 1162; x_wconf 85' lang='lat' dir='ltr'>videmus</span> 
     </span>
    </p>
   </div>
   <div class='ocr_carea' id='block_1_12' title="bbox 181 1195 1833 1268">
    <p class='ocr_par' dir='ltr' id='par_1_12' title="bbox 181 1195 1833 1268">
     <span class='ocr_line' id='line_1_12' title="bbox 181 1195 1833 1268; baseline -0.001 -16"><span class='ocrx_word' id='word_1_82' title='bbox 181 1211 510 1268; x_wconf 85' lang='lat' dir='ltr'>expresam.</span> <span class='ocrx_word' id='word_1_83' title='bbox 541 1195 688 1252; x_wconf 85' lang='lat' dir='ltr'>Nam</span> <span class='ocrx_word' id='word_1_84' title='bbox 715 1195 857 1268; x_wconf 89' lang='lat' dir='ltr'>quid</span> <span class='ocrx_word' id='word_1_85' title='bbox 889 1199 1009 1250; x_wconf 85' lang='lat' dir='ltr'>tam</span> <span class='ocrx_word' id='word_1_86' title='bbox 1044 1195 1459 1262; x_wconf 89' lang='lat' dir='ltr'>meretricium,</span> <span class='ocrx_word' id='word_1_87' title='bbox 1496 1212 1672 1267; x_wconf 66' lang='lat' dir='ltr'>quam</span> <span class='ocrx_word' id='word_1_88' title='bbox 1723 1213 1833 1250; x_wconf 61' lang='lat' dir='ltr'>sae-</span> 
     </span>
    </p>
   </div>
   <div class='ocr_carea' id='block_1_13' title="bbox 182 1283 1832 1358">
    <p class='ocr_par' dir='ltr' id='par_1_13' title="bbox 182 1283 1832 1358">
     <span class='ocr_line' id='line_1_13' title="bbox 182 1283 1832 1358; baseline -0.002 -17"><span class='ocrx_word' id='word_1_89' title='bbox 182 1283 401 1341; x_wconf 88' lang='lat' dir='ltr'>cularis</span> <span class='ocrx_word' id='word_1_90' title='bbox 432 1285 702 1358; x_wconf 81' lang='lat' dir='ltr'>voluptas</span> <span class='ocrx_word' id='word_1_91' title='bbox 729 1299 856 1356; x_wconf 68' lang='lat' dir='ltr'>quae</span> <span class='ocrx_word' id='word_1_92' title='bbox 886 1300 921 1339; x_wconf 91' lang='lat' dir='ltr'>a</span> <span class='ocrx_word' id='word_1_93' title='bbox 951 1283 1205 1339; x_wconf 87' lang='lat' dir='ltr'>fenestra</span> <span class='ocrx_word' id='word_1_94' title='bbox 1234 1283 1445 1340; x_wconf 88' lang='lat' dir='ltr'>domus</span> <span class='ocrx_word' id='word_1_95' title='bbox 1475 1301 1593 1339; x_wconf 69' lang='lat' dir='ltr'>suis</span> <span class='ocrx_word' id='word_1_96' title='bbox 1635 1284 1832 1350; x_wconf 81' lang='lat' dir='ltr'>intrat,</span> 
     </span>
    </p>
   </div>
   <div class='ocr_carea' id='block_1_14' title="bbox 183 1371 1838 1446">
    <p class='ocr_par' dir='ltr' id='par_1_14' title="bbox 183 1371 1838 1446">
     <span class='ocr_line' id='line_1_14' title="bbox 183 1371 1838 1446; baseline -0.002 -16"><span class='ocrx_word' id='word_1_97' title='bbox 183 1373 371 1431; x_wconf 84' lang='lat' dir='ltr'>oculis</span> <span class='ocrx_word' id='word_1_98' title='bbox 421 1374 615 1446; x_wconf 86' lang='lat' dir='ltr'>prima</span> <span class='ocrx_word' id='word_1_99' title='bbox 656 1375 1017 1429; x_wconf 84' lang='lat' dir='ltr'>tentamenta</span> <span class='ocrx_word' id='word_1_100' title='bbox 1059 1371 1416 1444; x_wconf 78' lang='lat' dir='ltr'>praeludens;</span> <span class='ocrx_word' id='word_1_101' title='bbox 1467 1377 1523 1426; x_wconf 93' lang='lat' dir='ltr'>et</span> <span class='ocrx_word' id='word_1_102' title='bbox 1572 1375 1838 1444; x_wconf 81' lang='lat' dir='ltr'>penetrat</span> 
     </span>
    </p>
   </div>
   <div class='ocr_carea' id='block_1_15' title="bbox 181 1459 1834 1534">
    <p class='ocr_par' dir='ltr' id='par_1_15' title="bbox 181 1459 1834 1534">
     <span class='ocr_line' id='line_1_15' title="bbox 181 1459 1834 1534; baseline -0.002 -15"><span class='ocrx_word' id='word_1_103' title='bbox 181 1463 291 1519; x_wconf 90' lang='lat' dir='ltr'>cito</span> <span class='ocrx_word' id='word_1_104' title='bbox 325 1463 379 1519; x_wconf 96' lang='lat' dir='ltr'>si</span> <span class='ocrx_word' id='word_1_105' title='bbox 412 1467 475 1518; x_wconf 91' lang='lat' dir='ltr'>tu</span> <span class='ocrx_word' id='word_1_106' title='bbox 503 1462 563 1517; x_wconf 92' lang='lat' dir='ltr'>in</span> <span class='ocrx_word' id='word_1_107' title='bbox 595 1461 844 1534; x_wconf 80' lang='lat' dir='ltr'>plateam</span> <span class='ocrx_word' id='word_1_108' title='bbox 875 1459 1323 1533; x_wconf 78' lang='lat' dir='ltr'>prcepicions,id</span> <span class='ocrx_word' id='word_1_109' title='bbox 1353 1465 1441 1516; x_wconf 89' lang='lat' dir='ltr'>est</span> <span class='ocrx_word' id='word_1_110' title='bbox 1479 1461 1537 1515; x_wconf 92' lang='lat' dir='ltr'>in</span> <span class='ocrx_word' id='word_1_111' title='bbox 1571 1460 1834 1533; x_wconf 88' lang='lat' dir='ltr'>publicas</span> 
     </span>
    </p>
   </div>
   <div class='ocr_carea' id='block_1_16' title="bbox 181 1547 1836 1623">
    <p class='ocr_par' dir='ltr' id='par_1_16' title="bbox 181 1547 1836 1623">
     <span class='ocr_line' id='line_1_16' title="bbox 181 1547 1836 1623; baseline -0.003 -14"><span class='ocrx_word' id='word_1_112' title='bbox 181 1551 623 1609; x_wconf 78' lang='lat' dir='ltr'>transeuntium</span> <span class='ocrx_word' id='word_1_113' title='bbox 654 1549 798 1618; x_wconf 83' lang='lat' dir='ltr'>vias,</span> <span class='ocrx_word' id='word_1_114' title='bbox 832 1565 947 1606; x_wconf 91' lang='lat' dir='ltr'>non</span> <span class='ocrx_word' id='word_1_115' title='bbox 995 1550 1052 1604; x_wconf 92' lang='lat' dir='ltr'>in</span> <span class='ocrx_word' id='word_1_116' title='bbox 1103 1548 1250 1621; x_wconf 88' lang='lat' dir='ltr'>legis</span> <span class='ocrx_word' id='word_1_117' title='bbox 1297 1547 1528 1604; x_wconf 85' lang='lat' dir='ltr'>interna</span> <span class='ocrx_word' id='word_1_118' title='bbox 1559 1550 1836 1623; x_wconf 84' lang='lat' dir='ltr'>mysteria</span> 
     </span>
    </p>
   </div>
   <div class='ocr_carea' id='block_1_17' title="bbox 177 1625 1833 1712">
    <p class='ocr_par' dir='ltr' id='par_1_17' title="bbox 177 1625 1833 1712">
     <span class='ocr_line' id='line_1_17' title="bbox 177 1625 1833 1712; baseline -0.002 -14"><span class='ocrx_word' id='word_1_119' title='bbox 177 1640 455 1698; x_wconf 87' lang='lat' dir='ltr'>obtutum</span> <span class='ocrx_word' id='word_1_120' title='bbox 487 1642 601 1695; x_wconf 72' lang='lat' dir='ltr'>tute</span> <span class='ocrx_word' id='word_1_121' title='bbox 633 1625 846 1694; x_wconf 78' lang='lat' dir='ltr'>mentis</span> <span class='ocrx_word' id='word_1_122' title='bbox 875 1637 1274 1712; x_wconf 85' lang='lat' dir='ltr'>intendas._Ea</span> <span class='ocrx_word' id='word_1_123' title='bbox 1305 1639 1560 1710; x_wconf 83' lang='lat' dir='ltr'>profecto</span> <span class='ocrx_word' id='word_1_124' title='bbox 1591 1643 1680 1695; x_wconf 92' lang='lat' dir='ltr'>est</span> <span class='ocrx_word' id='word_1_125' title='bbox 1706 1655 1833 1710; x_wconf 70' lang='lat' dir='ltr'>quae</span> 
     </span>
    </p>
   </div>
   <div class='ocr_carea' id='block_1_18' title="bbox 175 1724 1832 1798">
    <p class='ocr_par' dir='ltr' id='par_1_18' title="bbox 175 1724 1832 1798">
     <span class='ocr_line' id='line_1_18' title="bbox 175 1724 1832 1798; baseline -0.001 -14"><span class='ocrx_word' id='word_1_126' title='bbox 175 1727 564 1786; x_wconf 79' lang='lat' dir='ltr'>validioribus</span> <span class='ocrx_word' id='word_1_127' title='bbox 595 1725 839 1782; x_wconf 88' lang='lat' dir='ltr'>vinculis</span> <span class='ocrx_word' id='word_1_128' title='bbox 868 1724 1026 1782; x_wconf 89' lang='lat' dir='ltr'>velut</span> <span class='ocrx_word' id='word_1_129' title='bbox 1057 1725 1248 1782; x_wconf 87' lang='lat' dir='ltr'>cubile</span> <span class='ocrx_word' id='word_1_130' title='bbox 1277 1727 1572 1798; x_wconf 86' lang='lat' dir='ltr'>quoddam</span> <span class='ocrx_word' id='word_1_131' title='bbox 1622 1744 1832 1784; x_wconf 80' lang='lat' dir='ltr'>conso-</span> 
     </span>
    </p>
   </div>
   <div class='ocr_carea' id='block_1_19' title="bbox 178 1815 1828 1888">
    <p class='ocr_par' dir='ltr' id='par_1_19' title="bbox 178 1815 1828 1888">
     <span class='ocr_line' id='line_1_19' title="bbox 178 1815 1828 1888; baseline -0.001 -14"><span class='ocrx_word' id='word_1_132' title='bbox 178 1818 346 1874; x_wconf 61' lang='lat' dir='ltr'>ciatze</span> <span class='ocrx_word' id='word_1_133' title='bbox 378 1817 548 1873; x_wconf 88' lang='lat' dir='ltr'>nobis</span> <span class='ocrx_word' id='word_1_134' title='bbox 578 1815 1020 1872; x_wconf 85' lang='lat' dir='ltr'>communitatis</span> <span class='ocrx_word' id='word_1_135' title='bbox 1049 1815 1277 1884; x_wconf 85' lang='lat' dir='ltr'>intexit,</span> <span class='ocrx_word' id='word_1_136' title='bbox 1321 1820 1385 1871; x_wconf 90' lang='lat' dir='ltr'>ut</span> <span class='ocrx_word' id='word_1_137' title='bbox 1433 1815 1532 1888; x_wconf 85' lang='lat' dir='ltr'>qui</span> <span class='ocrx_word' id='word_1_138' title='bbox 1581 1815 1828 1873; x_wconf 86' lang='lat' dir='ltr'>reclina-</span> 
     </span>
    </p>
   </div>
   <div class='ocr_carea' id='block_1_20' title="bbox 181 1905 1838 1979">
    <p class='ocr_par' dir='ltr' id='par_1_20' title="bbox 181 1905 1838 1979">
     <span class='ocr_line' id='line_1_20' title="bbox 181 1905 1838 1979; baseline -0.001 -15"><span class='ocrx_word' id='word_1_139' title='bbox 181 1906 331 1964; x_wconf 80' lang='lat' dir='ltr'>verit</span> <span class='ocrx_word' id='word_1_140' title='bbox 360 1922 443 1973; x_wconf 89' lang='lat' dir='ltr'>se,</span> <span class='ocrx_word' id='word_1_141' title='bbox 474 1905 719 1979; x_wconf 80' lang='lat' dir='ltr'>ligetur;</span> <span class='ocrx_word' id='word_1_142' title='bbox 753 1909 808 1961; x_wconf 88' lang='lat' dir='ltr'>et</span> <span class='ocrx_word' id='word_1_143' title='bbox 838 1905 1230 1977; x_wconf 71' lang='lat' dir='ltr'>opprobriosm</span> <span class='ocrx_word' id='word_1_144' title='bbox 1281 1905 1504 1960; x_wconf 80' lang='lat' dir='ltr'>fraudis</span> <span class='ocrx_word' id='word_1_145' title='bbox 1551 1905 1838 1962; x_wconf 83' lang='lat' dir='ltr'>velamine</span> 
     </span>
    </p>
   </div>
   <div class='ocr_carea' id='block_1_21' title="bbox 181 1992 1838 2070">
    <p class='ocr_par' dir='ltr' id='par_1_21' title="bbox 181 1992 1838 2070">
     <span class='ocr_line' id='line_1_21' title="bbox 181 1992 1838 2070; baseline -0.001 -16"><span class='ocrx_word' id='word_1_146' title='bbox 181 1995 380 2070; x_wconf 87' lang='lat' dir='ltr'>operis</span> <span class='ocrx_word' id='word_1_147' title='bbox 409 1994 670 2068; x_wconf 89' lang='lat' dir='ltr'>corporis</span> <span class='ocrx_word' id='word_1_148' title='bbox 695 1993 786 2050; x_wconf 90' lang='lat' dir='ltr'>sui</span> <span class='ocrx_word' id='word_1_149' title='bbox 819 1997 1092 2064; x_wconf 88' lang='lat' dir='ltr'>stratum,</span> <span class='ocrx_word' id='word_1_150' title='bbox 1121 1994 1192 2048; x_wconf 91' lang='lat' dir='ltr'>ad</span> <span class='ocrx_word' id='word_1_151' title='bbox 1228 1992 1634 2050; x_wconf 87' lang='lat' dir='ltr'>sollicitandos</span> <span class='ocrx_word' id='word_1_152' title='bbox 1671 1996 1838 2067; x_wconf 89' lang='lat' dir='ltr'>juve-</span> 
     </span>
    </p>
   </div>
   <div class='ocr_carea' id='block_1_22' title="bbox 178 2081 1836 2158">
    <p class='ocr_par' dir='ltr' id='par_1_22' title="bbox 178 2081 1836 2158">
     <span class='ocr_line' id='line_1_22' title="bbox 178 2081 1836 2158; baseline -0.002 -16"><span class='ocrx_word' id='word_1_153' title='bbox 178 2101 328 2142; x_wconf 88' lang='lat' dir='ltr'>uum</span> <span class='ocrx_word' id='word_1_154' title='bbox 361 2083 590 2140; x_wconf 90' lang='lat' dir='ltr'>animos</span> <span class='ocrx_word' id='word_1_155' title='bbox 621 2082 948 2139; x_wconf 84' lang='lat' dir='ltr'>absentiam</span> <span class='ocrx_word' id='word_1_156' title='bbox 969 2081 1215 2150; x_wconf 90' lang='lat' dir='ltr'>viri,hoc</span> <span class='ocrx_word' id='word_1_157' title='bbox 1237 2087 1328 2138; x_wconf 89' lang='lat' dir='ltr'>est</span> <span class='ocrx_word' id='word_1_158' title='bbox 1349 2083 1634 2139; x_wconf 91' lang='lat' dir='ltr'>incuriam</span> <span class='ocrx_word' id='word_1_159' title='bbox 1669 2082 1836 2158; x_wconf 84' lang='lat' dir='ltr'>legis,</span> 
     </span>
    </p>
   </div>
   <div class='ocr_carea' id='block_1_23' title="bbox 175 2169 1840 2244">
    <p class='ocr_par' dir='ltr' id='par_1_23' title="bbox 175 2169 1840 2244">
     <span class='ocr_line' id='line_1_23' title="bbox 175 2169 1840 2244; baseline -0.002 -13"><span class='ocrx_word' id='word_1_160' title='bbox 175 2171 600 2231; x_wconf 82' lang='lat' dir='ltr'>obtexens.Lex</span> <span class='ocrx_word' id='word_1_161' title='bbox 630 2169 784 2226; x_wconf 89' lang='lat' dir='ltr'>enim</span> <span class='ocrx_word' id='word_1_162' title='bbox 817 2171 1032 2228; x_wconf 88' lang='lat' dir='ltr'>absens</span> <span class='ocrx_word' id='word_1_163' title='bbox 1061 2170 1438 2244; x_wconf 84' lang='lat' dir='ltr'>peccantibus</span> <span class='ocrx_word' id='word_1_164' title='bbox 1467 2175 1586 2239; x_wconf 86' lang='lat' dir='ltr'>est;</span> <span class='ocrx_word' id='word_1_165' title='bbox 1619 2189 1751 2227; x_wconf 90' lang='lat' dir='ltr'>nam</span> <span class='ocrx_word' id='word_1_166' title='bbox 1790 2172 1840 2227; x_wconf 91' lang='lat' dir='ltr'>si</span> 
     </span>
    </p>
   </div>
   <div class='ocr_carea' id='block_1_24' title="bbox 174 2259 1841 2333">
    <p class='ocr_par' dir='ltr' id='par_1_24' title="bbox 174 2259 1841 2333">
     <span class='ocr_line' id='line_1_24' title="bbox 174 2259 1841 2333; baseline -0.002 -14"><span class='ocrx_word' id='word_1_167' title='bbox 174 2262 561 2329; x_wconf 71' lang='lat' dir='ltr'>adesset,non</span> <span class='ocrx_word' id='word_1_168' title='bbox 584 2259 1054 2333; x_wconf 81' lang='lat' dir='ltr'>delinqueretur;</span> <span class='ocrx_word' id='word_1_169' title='bbox 1087 2263 1144 2315; x_wconf 87' lang='lat' dir='ltr'>et</span> <span class='ocrx_word' id='word_1_170' title='bbox 1173 2261 1305 2316; x_wconf 87' lang='lat' dir='ltr'>ideo</span> <span class='ocrx_word' id='word_1_171' title='bbox 1337 2260 1417 2316; x_wconf 89' lang='lat' dir='ltr'>ait</span> <span class='ocrx_word' id='word_1_172' title='bbox 1472 2277 1486 2315; x_wconf 86' lang='lat'><strong>:</strong></span> <span class='ocrx_word' id='word_1_173' title='bbox 1537 2263 1653 2317; x_wconf 88' lang='lat' dir='ltr'>Non</span> <span class='ocrx_word' id='word_1_174' title='bbox 1691 2263 1841 2316; x_wconf 89' lang='lat' dir='ltr'>enim</span> 
     </span>
    </p>
   </div>
   <div class='ocr_carea' id='block_1_25' title="bbox 175 2349 1838 2421">
    <p class='ocr_par' dir='ltr' id='par_1_25' title="bbox 175 2349 1838 2421">
     <span class='ocr_line' id='line_1_25' title="bbox 175 2349 1838 2421; baseline -0.004 -12"><span class='ocrx_word' id='word_1_175' title='bbox 175 2351 335 2409; x_wconf 80' lang='lat' dir='ltr'>adest</span> <span class='ocrx_word' id='word_1_176' title='bbox 365 2353 454 2407; x_wconf 84' lang='lat' dir='ltr'>vir</span> <span class='ocrx_word' id='word_1_177' title='bbox 480 2366 632 2406; x_wconf 85' lang='lat' dir='ltr'>meus</span> <span class='ocrx_word' id='word_1_178' title='bbox 661 2349 720 2404; x_wconf 85' lang='lat' dir='ltr'>in</span> <span class='ocrx_word' id='word_1_179' title='bbox 745 2349 902 2404; x_wconf 91' lang='lat' dir='ltr'>domo</span> <span class='ocrx_word' id='word_1_180' title='bbox 934 2367 952 2403; x_wconf 90' lang='lat'><strong><em>:</em></strong></span> <span class='ocrx_word' id='word_1_181' title='bbox 987 2349 1127 2405; x_wconf 86' lang='lat' dir='ltr'>abiit</span> <span class='ocrx_word' id='word_1_182' title='bbox 1157 2357 1341 2405; x_wconf 86' lang='lat' dir='ltr'>autem</span> <span class='ocrx_word' id='word_1_183' title='bbox 1388 2351 1535 2405; x_wconf 87' lang='lat' dir='ltr'>viam</span> <span class='ocrx_word' id='word_1_184' title='bbox 1585 2351 1838 2421; x_wconf 80' lang='lat' dir='ltr'>langissi-</span> 
     </span>
    </p>
   </div>
   <div class='ocr_carea' id='block_1_26' title="bbox 175 2438 1836 2511">
    <p class='ocr_par' dir='ltr' id='par_1_26' title="bbox 175 2438 1836 2511">
     <span class='ocr_line' id='line_1_26' title="bbox 175 2438 1836 2511; baseline -0.004 -13"><span class='ocrx_word' id='word_1_185' title='bbox 175 2457 337 2498; x_wconf 85' lang='lat' dir='ltr'>mam</span> <span class='ocrx_word' id='word_1_186' title='bbox 366 2440 648 2495; x_wconf 94' lang='lat' dir='ltr'>involucro</span> <span class='ocrx_word' id='word_1_187' title='bbox 673 2440 928 2511; x_wconf 70' lang='lat' dir='ltr'>pecuniae</span> <span class='ocrx_word' id='word_1_188' title='bbox 957 2441 1170 2510; x_wconf 82' lang='lat' dir='ltr'>accepto</span> <span class='ocrx_word' id='word_1_189' title='bbox 1201 2440 1260 2492; x_wconf 90' lang='lat' dir='ltr'>in</span> <span class='ocrx_word' id='word_1_190' title='bbox 1289 2438 1836 2511; x_wconf 81' lang='lat' dir='ltr'>manu(lbid.19,20).</span> 
     </span>
    </p>
   </div>
   <div class='ocr_carea' id='block_1_27' title="bbox 178 2526 1843 2600">
    <p class='ocr_par' dir='ltr' id='par_1_27' title="bbox 178 2526 1843 2600">
     <span class='ocr_line' id='line_1_27' title="bbox 178 2526 1843 2600; baseline -0.002 -16"><span class='ocrx_word' id='word_1_191' title='bbox 178 2530 336 2597; x_wconf 87' lang='lat' dir='ltr'>Quid</span> <span class='ocrx_word' id='word_1_192' title='bbox 369 2529 481 2585; x_wconf 89' lang='lat' dir='ltr'>hoc</span> <span class='ocrx_word' id='word_1_193' title='bbox 510 2544 638 2584; x_wconf 90' lang='lat' dir='ltr'>esse</span> <span class='ocrx_word' id='word_1_194' title='bbox 669 2527 1012 2594; x_wconf 88' lang='lat' dir='ltr'>dicam,nisi</span> <span class='ocrx_word' id='word_1_195' title='bbox 1043 2526 1188 2582; x_wconf 89' lang='lat' dir='ltr'>forte</span> <span class='ocrx_word' id='word_1_196' title='bbox 1223 2527 1362 2600; x_wconf 87' lang='lat' dir='ltr'>quia</span> <span class='ocrx_word' id='word_1_197' title='bbox 1392 2527 1598 2583; x_wconf 75' lang='lat' dir='ltr'>divites</span> <span class='ocrx_word' id='word_1_198' title='bbox 1631 2531 1843 2600; x_wconf 88' lang='lat' dir='ltr'>putant</span> 
     </span>
    </p>
   </div>
   <div class='ocr_carea' id='block_1_28' title="bbox 179 2609 1840 2690">
    <p class='ocr_par' dir='ltr' id='par_1_28' title="bbox 179 2609 1840 2690">
     <span class='ocr_line' id='line_1_28' title="bbox 179 2609 1840 2690; baseline -0.002 -15"><span class='ocrx_word' id='word_1_199' title='bbox 179 2617 336 2676; x_wconf 87' lang='lat' dir='ltr'>nihil</span> <span class='ocrx_word' id='word_1_200' title='bbox 356 2634 487 2674; x_wconf 82' lang='lat' dir='ltr'>esse</span> <span class='ocrx_word' id='word_1_201' title='bbox 507 2617 662 2690; x_wconf 89' lang='lat' dir='ltr'>quod</span> <span class='ocrx_word' id='word_1_202' title='bbox 682 2633 794 2672; x_wconf 90' lang='lat' dir='ltr'>non</span> <span class='ocrx_word' id='word_1_203' title='bbox 813 2609 981 2672; x_wconf 80' lang='lat' dir='ltr'>cedat</span> <span class='ocrx_word' id='word_1_204' title='bbox 1001 2633 1117 2671; x_wconf 72' lang='lat' dir='ltr'>sua:</span> <span class='ocrx_word' id='word_1_205' title='bbox 1142 2616 1487 2690; x_wconf 38' lang='lat' dir='ltr'>pecunianet</span> <span class='ocrx_word' id='word_1_206' title='bbox 1507 2616 1840 2689; x_wconf 45' lang='lat' dir='ltr'>intgratiam</span> 
     </span>
    </p>
   </div>
   <div class='ocr_carea' id='block_1_29' title="bbox 176 2676 1840 2780">
    <p class='ocr_par' dir='ltr' id='par_1_29' title="bbox 176 2676 1840 2780">
     <span class='ocr_line' id='line_1_29' title="bbox 176 2676 1840 2780; baseline -0.003 -15"><span class='ocrx_word' id='word_1_207' title='bbox 176 2706 278 2765; x_wconf 81' lang='lat' dir='ltr'>sui</span> <span class='ocrx_word' id='word_1_208' title='bbox 307 2706 500 2780; x_wconf 81' lang='lat' dir='ltr'>legem</span> <span class='ocrx_word' id='word_1_209' title='bbox 531 2705 708 2762; x_wconf 86' lang='lat' dir='ltr'>velint</span> <span class='ocrx_word' id='word_1_210' title='bbox 728 2721 856 2761; x_wconf 88' lang='lat' dir='ltr'>esse</span> <span class='ocrx_word' id='word_1_211' title='bbox 878 2703 1136 2760; x_wconf 85' lang='lat' dir='ltr'>venalem</span> <span class='ocrx_word' id='word_1_212' title='bbox 1151 2676 1440 2778; x_wconf 59' lang='lat' dir='ltr'>?‘$(pargit</span> <span class='ocrx_word' id='word_1_213' title='bbox 1471 2705 1678 2761; x_wconf 90' lang='lat' dir='ltr'>odores</span> <span class='ocrx_word' id='word_1_214' title='bbox 1702 2723 1840 2762; x_wconf 88' lang='lat' dir='ltr'>suos</span> 
     </span>
    </p>
   </div>
   <div class='ocr_carea' id='block_1_30' title="bbox 175 2793 1841 2868">
    <p class='ocr_par' dir='ltr' id='par_1_30' title="bbox 175 2793 1841 2868">
     <span class='ocr_line' id='line_1_30' title="bbox 175 2793 1841 2868; baseline -0.001 -17"><span class='ocrx_word' id='word_1_215' title='bbox 175 2794 481 2868; x_wconf 87' lang='lat' dir='ltr'>voluptas,</span> <span class='ocrx_word' id='word_1_216' title='bbox 505 2793 644 2867; x_wconf 88' lang='lat' dir='ltr'>quia</span> <span class='ocrx_word' id='word_1_217' title='bbox 670 2793 882 2850; x_wconf 87' lang='lat' dir='ltr'>Christi</span> <span class='ocrx_word' id='word_1_218' title='bbox 915 2793 1148 2849; x_wconf 90' lang='lat' dir='ltr'>odorem</span> <span class='ocrx_word' id='word_1_219' title='bbox 1183 2810 1299 2848; x_wconf 92' lang='lat' dir='ltr'>non</span> <span class='ocrx_word' id='word_1_220' title='bbox 1331 2793 1841 2858; x_wconf 86' lang='lat' dir='ltr'>habet,thesauros</span> 
     </span>
    </p>
   </div>
   <div class='ocr_carea' id='block_1_31' title="bbox 171 2882 1844 2957">
    <p class='ocr_par' dir='ltr' id='par_1_31' title="bbox 171 2882 1844 2957">
     <span class='ocr_line' id='line_1_31' title="bbox 171 2882 1844 2957; baseline -0.003 -15"><span class='ocrx_word' id='word_1_221' title='bbox 171 2885 570 2953; x_wconf 87' lang='lat' dir='ltr'>demonstrat,</span> <span class='ocrx_word' id='word_1_222' title='bbox 597 2891 774 2957; x_wconf 87' lang='lat' dir='ltr'>regna</span> <span class='ocrx_word' id='word_1_223' title='bbox 835 2883 986 2939; x_wconf 74' lang='lat' dir='ltr'>I90</span> <span class='ocrx_word' id='word_1_224' title='bbox 1033 2882 1574 2954; x_wconf 89' lang='lat' dir='ltr'>promittit,amores</span> <span class='ocrx_word' id='word_1_225' title='bbox 1596 2883 1844 2956; x_wconf 89' lang='lat' dir='ltr'>spondet</span> 
     </span>
    </p>
   </div>
   <div class='ocr_carea' id='block_1_32' title="bbox 179 2970 1842 3045">
    <p class='ocr_par' dir='ltr' id='par_1_32' title="bbox 179 2970 1842 3045">
     <span class='ocr_line' id='line_1_32' title="bbox 179 2970 1842 3045; baseline -0.001 -13"><span class='ocrx_word' id='word_1_226' title='bbox 179 2973 520 3036; x_wconf 84' lang='lat' dir='ltr'>continuos,</span> <span class='ocrx_word' id='word_1_227' title='bbox 554 2971 945 3045; x_wconf 82' lang='lat' dir='ltr'>inexploratos</span> <span class='ocrx_word' id='word_1_228' title='bbox 977 2971 1326 3028; x_wconf 88' lang='lat' dir='ltr'>concubitus</span> <span class='ocrx_word' id='word_1_229' title='bbox 1363 2970 1689 3044; x_wconf 87' lang='lat' dir='ltr'>pollicetur,</span> <span class='ocrx_word' id='word_1_230' title='bbox 1713 2973 1842 3030; x_wconf 86' lang='lat' dir='ltr'>sine</span> 
     </span>
    </p>
   </div>
   <div class='ocr_carea' id='block_1_33' title="bbox 176 3059 1839 3136">
    <p class='ocr_par' dir='ltr' id='par_1_33' title="bbox 176 3059 1839 3136">
     <span class='ocr_line' id='line_1_33' title="bbox 176 3059 1839 3136; baseline -0.002 -18"><span class='ocrx_word' id='word_1_231' title='bbox 176 3063 503 3136; x_wconf 70' lang='lat' dir='ltr'>padagogo</span> <span class='ocrx_word' id='word_1_232' title='bbox 531 3059 893 3132; x_wconf 87' lang='lat' dir='ltr'>disciplinas,</span> <span class='ocrx_word' id='word_1_233' title='bbox 929 3059 1054 3115; x_wconf 91' lang='lat' dir='ltr'>sine</span> <span class='ocrx_word' id='word_1_234' title='bbox 1087 3059 1374 3116; x_wconf 89' lang='lat' dir='ltr'>monitore</span> <span class='ocrx_word' id='word_1_235' title='bbox 1403 3077 1721 3130; x_wconf 83' lang='lat' dir='ltr'>sermones,</span> <span class='ocrx_word' id='word_1_236' title='bbox 1758 3063 1839 3116; x_wconf 82' lang='lat' dir='ltr'>vi-</span> 
     </span>
    </p>
   </div>
   <div class='ocr_carea' id='block_1_34' title="bbox 183 3147 1845 3222">
    <p class='ocr_par' dir='ltr' id='par_1_34' title="bbox 183 3147 1845 3222">
     <span class='ocr_line' id='line_1_34' title="bbox 183 3147 1845 3222; baseline -0.003 -14"><span class='ocrx_word' id='word_1_237' title='bbox 183 3158 314 3208; x_wconf 82' lang='lat' dir='ltr'>tam</span> <span class='ocrx_word' id='word_1_238' title='bbox 348 3152 476 3207; x_wconf 87' lang='lat' dir='ltr'>sine</span> <span class='ocrx_word' id='word_1_239' title='bbox 505 3148 925 3218; x_wconf 86' lang='lat' dir='ltr'>sollicitudine,</span> <span class='ocrx_word' id='word_1_240' title='bbox 948 3147 1186 3204; x_wconf 88' lang='lat' dir='ltr'>mollem</span> <span class='ocrx_word' id='word_1_241' title='bbox 1208 3165 1506 3217; x_wconf 90' lang='lat' dir='ltr'>somnum,</span> <span class='ocrx_word' id='word_1_242' title='bbox 1533 3149 1845 3222; x_wconf 66' lang='lat' dir='ltr'>inexplebi-</span> 
     </span>
    </p>
   </div>
   <div class='ocr_carea' id='block_1_35' title="bbox 1868 1861 1915 1925">
    <p class='ocr_par' dir='ltr' id='par_1_35' title="bbox 1868 1861 1915 1925">
     <span class='ocr_line' id='line_1_35' title="bbox 1868 1861 1915 1925; baseline 0 0"><span class='ocrx_word' id='word_1_243' title='bbox 1868 1861 1915 1925; x_wconf 91' lang='lat' dir='ltr'><strong>B</strong></span> 
     </span>
    </p>
   </div>
   <div class='ocr_carea' id='block_1_36' title="bbox 1943 574 3595 651">
    <p class='ocr_par' dir='ltr' id='par_1_36' title="bbox 1943 574 3595 651">
     <span class='ocr_line' id='line_1_36' title="bbox 1943 574 3595 651; baseline 0.002 -20"><span class='ocrx_word' id='word_1_244' title='bbox 1943 574 2273 632; x_wconf 59' lang='lat' dir='ltr'>absconditis</span> <span class='ocrx_word' id='word_1_245' title='bbox 2303 577 2544 633; x_wconf 79' lang='lat' dir='ltr'>suaviter</span> <span class='ocrx_word' id='word_1_246' title='bbox 2573 577 2818 645; x_wconf 77' lang='lat' dir='ltr'>utimini,</span> <span class='ocrx_word' id='word_1_247' title='bbox 2849 582 2900 634; x_wconf 87' lang='lat' dir='ltr'>et</span> <span class='ocrx_word' id='word_1_248' title='bbox 2929 594 3132 650; x_wconf 85' lang='lat' dir='ltr'>aquam</span> <span class='ocrx_word' id='word_1_249' title='bbox 3157 578 3356 651; x_wconf 88' lang='lat' dir='ltr'>furtim</span> <span class='ocrx_word' id='word_1_250' title='bbox 3385 575 3595 635; x_wconf 85' lang='lat' dir='ltr'>dulcio-</span> 
     </span>
    </p>
   </div>
   <div class='ocr_carea' id='block_1_37' title="bbox 1945 665 3598 734">
    <p class='ocr_par' dir='ltr' id='par_1_37' title="bbox 1945 665 3598 734">
     <span class='ocr_line' id='line_1_37' title="bbox 1945 665 3598 734; baseline 0.003 -15"><span class='ocrx_word' id='word_1_251' title='bbox 1945 681 2062 720; x_wconf 87' lang='lat' dir='ltr'>rem</span> <span class='ocrx_word' id='word_1_252' title='bbox 2119 665 2304 721; x_wconf 83' lang='lat' dir='ltr'>bibite.</span> <span class='ocrx_word' id='word_1_253' title='bbox 2363 665 2746 722; x_wconf 82' lang='lat' dir='ltr'>Manducemus</span> <span class='ocrx_word' id='word_1_254' title='bbox 2800 675 2850 723; x_wconf 87' lang='lat' dir='ltr'>et</span> <span class='ocrx_word' id='word_1_255' title='bbox 2911 669 3196 734; x_wconf 78' lang='lat' dir='ltr'>bibamus;</span> <span class='ocrx_word' id='word_1_256' title='bbox 3263 684 3386 724; x_wconf 89' lang='lat' dir='ltr'>cras</span> <span class='ocrx_word' id='word_1_257' title='bbox 3447 669 3598 724; x_wconf 82' lang='lat' dir='ltr'>enim</span> 
     </span>
    </p>
   </div>
   <div class='ocr_carea' id='block_1_38' title="bbox 1943 756 3598 830">
    <p class='ocr_par' dir='ltr' id='par_1_38' title="bbox 1943 756 3598 830">
     <span class='ocr_line' id='line_1_38' title="bbox 1943 756 3598 830; baseline 0.004 -21"><span class='ocrx_word' id='word_1_258' title='bbox 1943 757 2263 810; x_wconf 67' lang='lat' dir='ltr'>moriemur.</span> <span class='ocrx_word' id='word_1_259' title='bbox 2336 756 2576 812; x_wconf 84' lang='lat' dir='ltr'>Transiet</span> <span class='ocrx_word' id='word_1_260' title='bbox 2627 759 2739 812; x_wconf 85' lang='lat' dir='ltr'>vita</span> <span class='ocrx_word' id='word_1_261' title='bbox 2802 765 2990 812; x_wconf 89' lang='lat' dir='ltr'>nostra</span> <span class='ocrx_word' id='word_1_262' title='bbox 3050 766 3313 830; x_wconf 83' lang='lat' dir='ltr'>tanquam</span> <span class='ocrx_word' id='word_1_263' title='bbox 3371 760 3598 830; x_wconf 85' lang='lat' dir='ltr'>vestigia</span> 
     </span>
    </p>
   </div>
   <div class='ocr_carea' id='block_1_39' title="bbox 1945 844 3594 920">
    <p class='ocr_par' dir='ltr' id='par_1_39' title="bbox 1945 844 3594 920">
     <span class='ocr_line' id='line_1_39' title="bbox 1945 844 3594 920; baseline 0.003 -22"><span class='ocrx_word' id='word_1_264' title='bbox 1945 844 2126 911; x_wconf 84' lang='lat' dir='ltr'>nubis,</span> <span class='ocrx_word' id='word_1_265' title='bbox 2158 851 2208 900; x_wconf 86' lang='lat' dir='ltr'>et</span> <span class='ocrx_word' id='word_1_266' title='bbox 2236 849 2506 916; x_wconf 85' lang='lat' dir='ltr'>tanquam</span> <span class='ocrx_word' id='word_1_267' title='bbox 2559 845 2754 900; x_wconf 74' lang='lat' dir='ltr'>nebula</span> <span class='ocrx_word' id='word_1_268' title='bbox 2803 845 3180 917; x_wconf 73' lang='lat' dir='ltr'>dissipabitur.</span> <span class='ocrx_word' id='word_1_269' title='bbox 3218 848 3400 904; x_wconf 80' lang='lat' dir='ltr'>Venite</span> <span class='ocrx_word' id='word_1_270' title='bbox 3447 864 3594 920; x_wconf 86' lang='lat' dir='ltr'>ergo,</span> 
     </span>
    </p>
   </div>
   <div class='ocr_carea' id='block_1_40' title="bbox 1942 934 3597 1004">
    <p class='ocr_par' dir='ltr' id='par_1_40' title="bbox 1942 934 3597 1004">
     <span class='ocr_line' id='line_1_40' title="bbox 1942 934 3597 1004; baseline 0.002 -17"><span class='ocrx_word' id='word_1_271' title='bbox 1942 934 2204 1003; x_wconf 78' lang='lat' dir='ltr'>fruamur</span> <span class='ocrx_word' id='word_1_272' title='bbox 2252 935 2405 989; x_wconf 87' lang='lat' dir='ltr'>bonis</span> <span class='ocrx_word' id='word_1_273' title='bbox 2451 950 2568 1004; x_wconf 72' lang='lat' dir='ltr'>qua:</span> <span class='ocrx_word' id='word_1_274' title='bbox 2611 942 2757 1002; x_wconf 85' lang='lat' dir='ltr'>sunt,</span> <span class='ocrx_word' id='word_1_275' title='bbox 2802 939 2852 990; x_wconf 88' lang='lat' dir='ltr'>et</span> <span class='ocrx_word' id='word_1_276' title='bbox 2899 939 3126 990; x_wconf 85' lang='lat' dir='ltr'>utamur</span> <span class='ocrx_word' id='word_1_277' title='bbox 3173 939 3426 990; x_wconf 85' lang='lat' dir='ltr'>creatura</span> <span class='ocrx_word' id='word_1_278' title='bbox 3473 943 3597 992; x_wconf 89' lang='lat' dir='ltr'>tan-</span> 
     </span>
    </p>
   </div>
   <div class='ocr_carea' id='block_1_41' title="bbox 1943 1021 3599 1096">
    <p class='ocr_par' dir='ltr' id='par_1_41' title="bbox 1943 1021 3599 1096">
     <span class='ocr_line' id='line_1_41' title="bbox 1943 1021 3599 1096; baseline 0.002 -19"><span class='ocrx_word' id='word_1_279' title='bbox 1943 1039 2106 1094; x_wconf 84' lang='lat' dir='ltr'>quam</span> <span class='ocrx_word' id='word_1_280' title='bbox 2142 1024 2200 1077; x_wconf 89' lang='lat' dir='ltr'>in</span> <span class='ocrx_word' id='word_1_281' title='bbox 2220 1023 2515 1094; x_wconf 82' lang='lat' dir='ltr'>juventute</span> <span class='ocrx_word' id='word_1_282' title='bbox 2535 1021 2810 1080; x_wconf 71' lang='lat' dir='ltr'>celeriter.</span> <span class='ocrx_word' id='word_1_283' title='bbox 2835 1026 2980 1079; x_wconf 80' lang='lat' dir='ltr'>Vino</span> <span class='ocrx_word' id='word_1_284' title='bbox 3009 1026 3245 1096; x_wconf 82' lang='lat' dir='ltr'>pretioso</span> <span class='ocrx_word' id='word_1_285' title='bbox 3277 1027 3326 1080; x_wconf 82' lang='lat' dir='ltr'>et</span> <span class='ocrx_word' id='word_1_286' title='bbox 3357 1041 3599 1095; x_wconf 86' lang='lat' dir='ltr'>unguen-</span> 
     </span>
    </p>
   </div>
   <div class='ocr_carea' id='block_1_42' title="bbox 1945 1111 3598 1185">
    <p class='ocr_par' dir='ltr' id='par_1_42' title="bbox 1945 1111 3598 1185">
     <span class='ocr_line' id='line_1_42' title="bbox 1945 1111 3598 1185; baseline 0.002 -21"><span class='ocrx_word' id='word_1_287' title='bbox 1945 1111 2015 1166; x_wconf 85' lang='lat' dir='ltr'>tis</span> <span class='ocrx_word' id='word_1_288' title='bbox 2048 1127 2145 1165; x_wconf 88' lang='lat' dir='ltr'>nos</span> <span class='ocrx_word' id='word_1_289' title='bbox 2175 1112 2520 1183; x_wconf 76' lang='lat' dir='ltr'>impleamus,</span> <span class='ocrx_word' id='word_1_290' title='bbox 2572 1121 2622 1167; x_wconf 84' lang='lat' dir='ltr'>et</span> <span class='ocrx_word' id='word_1_291' title='bbox 2663 1129 2773 1167; x_wconf 86' lang='lat' dir='ltr'>non</span> <span class='ocrx_word' id='word_1_292' title='bbox 2813 1117 3112 1184; x_wconf 67' lang='lat' dir='ltr'>przctcrcat</span> <span class='ocrx_word' id='word_1_293' title='bbox 3143 1129 3237 1168; x_wconf 86' lang='lat' dir='ltr'>nos</span> <span class='ocrx_word' id='word_1_294' title='bbox 3266 1113 3366 1182; x_wconf 85' lang='lat' dir='ltr'>flos</span> <span class='ocrx_word' id='word_1_295' title='bbox 3391 1122 3598 1185; x_wconf 82' lang='lat' dir='ltr'>tempo-</span> 
     </span>
    </p>
   </div>
   <div class='ocr_carea' id='block_1_43' title="bbox 1945 1201 3596 1274">
    <p class='ocr_par' dir='ltr' id='par_1_43' title="bbox 1945 1201 3596 1274">
     <span class='ocr_line' id='line_1_43' title="bbox 1945 1201 3596 1274; baseline 0.001 -18"><span class='ocrx_word' id='word_1_296' title='bbox 1945 1201 2044 1256; x_wconf 87' lang='lat' dir='ltr'>ris.</span> <span class='ocrx_word' id='word_1_297' title='bbox 2079 1201 2401 1256; x_wconf 81' lang='lat' dir='ltr'>Coronemus</span> <span class='ocrx_word' id='word_1_298' title='bbox 2433 1218 2528 1257; x_wconf 90' lang='lat' dir='ltr'>nos</span> <span class='ocrx_word' id='word_1_299' title='bbox 2571 1203 2707 1257; x_wconf 88' lang='lat' dir='ltr'>rosis</span> <span class='ocrx_word' id='word_1_300' title='bbox 2758 1210 3051 1274; x_wconf 79' lang='lat' dir='ltr'>antequam</span> <span class='ocrx_word' id='word_1_301' title='bbox 3077 1207 3431 1258; x_wconf 74' lang='lat' dir='ltr'>marcescant.</span> <span class='ocrx_word' id='word_1_302' title='bbox 3462 1203 3596 1257; x_wconf 85' lang='lat' dir='ltr'>Nul-</span> 
     </span>
    </p>
   </div>
   <div class='ocr_carea' id='block_1_44' title="bbox 1945 1289 3595 1362">
    <p class='ocr_par' dir='ltr' id='par_1_44' title="bbox 1945 1289 3595 1362">
     <span class='ocr_line' id='line_1_44' title="bbox 1945 1289 3595 1362; baseline 0.001 -20"><span class='ocrx_word' id='word_1_303' title='bbox 1945 1289 2062 1344; x_wconf 91' lang='lat' dir='ltr'>lum</span> <span class='ocrx_word' id='word_1_304' title='bbox 2088 1297 2315 1360; x_wconf 87' lang='lat' dir='ltr'>pratum</span> <span class='ocrx_word' id='word_1_305' title='bbox 2344 1291 2415 1344; x_wconf 85' lang='lat' dir='ltr'>sit</span> <span class='ocrx_word' id='word_1_306' title='bbox 2445 1289 2584 1360; x_wconf 88' lang='lat' dir='ltr'>quod</span> <span class='ocrx_word' id='word_1_307' title='bbox 2616 1306 2722 1344; x_wconf 85' lang='lat' dir='ltr'>non</span> <span class='ocrx_word' id='word_1_308' title='bbox 2743 1294 3085 1362; x_wconf 84' lang='lat' dir='ltr'>pertranseat</span> <span class='ocrx_word' id='word_1_309' title='bbox 3116 1291 3339 1346; x_wconf 72' lang='lat' dir='ltr'>luxuria</span> <span class='ocrx_word' id='word_1_310' title='bbox 3369 1295 3551 1346; x_wconf 83' lang='lat' dir='ltr'>nostra</span> <span class='ocrx_word' id='word_1_311' title='bbox 3575 1307 3595 1344; x_wconf 93' lang='lat'><strong><em>:</em></strong></span> 
     </span>
    </p>
   </div>
   <div class='ocr_carea' id='block_1_45' title="bbox 1945 1378 3595 1451">
    <p class='ocr_par' dir='ltr' id='par_1_45' title="bbox 1945 1378 3595 1451">
     <span class='ocr_line' id='line_1_45' title="bbox 1945 1378 3595 1451; baseline 0.002 -21"><span class='ocrx_word' id='word_1_312' title='bbox 1945 1378 2146 1448; x_wconf 83' lang='lat' dir='ltr'>ubique</span> <span class='ocrx_word' id='word_1_313' title='bbox 2173 1378 2552 1449; x_wconf 86' lang='lat' dir='ltr'>relinquamus</span> <span class='ocrx_word' id='word_1_314' title='bbox 2581 1379 2742 1448; x_wconf 83' lang='lat' dir='ltr'>signa</span> <span class='ocrx_word' id='word_1_315' title='bbox 2773 1379 2993 1435; x_wconf 62' lang='lat' dir='ltr'>laetitiae</span> <span class='ocrx_word' id='word_1_316' title='bbox 3022 1379 3170 1451; x_wconf 84' lang='lat' dir='ltr'>(Sap.</span> <span class='ocrx_word' id='word_1_317' title='bbox 3204 1395 3264 1446; x_wconf 85' lang='grc' dir='ltr'>ιι,</span> <span class='ocrx_word' id='word_1_318' title='bbox 3291 1380 3432 1450; x_wconf 90' lang='lat'>3-8).</span> <span class='ocrx_word' id='word_1_319' title='bbox 3467 1379 3595 1434; x_wconf 63' lang='lat' dir='ltr'>llmc</span> 
     </span>
    </p>
   </div>
   <div class='ocr_carea' id='block_1_46' title="bbox 1946 1465 3596 1540">
    <p class='ocr_par' dir='ltr' id='par_1_46' title="bbox 1946 1465 3596 1540">
     <span class='ocr_line' id='line_1_46' title="bbox 1946 1465 3596 1540; baseline 0.001 -20"><span class='ocrx_word' id='word_1_320' title='bbox 1946 1465 2147 1520; x_wconf 86' lang='lat' dir='ltr'>omnia</span> <span class='ocrx_word' id='word_1_321' title='bbox 2193 1465 2624 1538; x_wconf 87' lang='lat' dir='ltr'>relinquuntur,</span> <span class='ocrx_word' id='word_1_322' title='bbox 2659 1466 2805 1522; x_wconf 87' lang='lat' dir='ltr'>nihil</span> <span class='ocrx_word' id='word_1_323' title='bbox 2859 1484 3058 1522; x_wconf 88' lang='lat' dir='ltr'>secum</span> <span class='ocrx_word' id='word_1_324' title='bbox 3103 1467 3237 1540; x_wconf 85' lang='lat' dir='ltr'>quis</span> <span class='ocrx_word' id='word_1_325' title='bbox 3287 1468 3448 1536; x_wconf 87' lang='lat' dir='ltr'>feret,</span> <span class='ocrx_word' id='word_1_326' title='bbox 3481 1467 3596 1524; x_wconf 89' lang='lat' dir='ltr'>nisi</span> 
     </span>
    </p>
   </div>
   <div class='ocr_carea' id='block_1_47' title="bbox 1945 1554 3599 1629">
    <p class='ocr_par' dir='ltr' id='par_1_47' title="bbox 1945 1554 3599 1629">
     <span class='ocr_line' id='line_1_47' title="bbox 1945 1554 3599 1629; baseline 0.002 -20"><span class='ocrx_word' id='word_1_327' title='bbox 1945 1554 2101 1626; x_wconf 90' lang='lat' dir='ltr'>quod</span> <span class='ocrx_word' id='word_1_328' title='bbox 2143 1555 2401 1628; x_wconf 89' lang='lat' dir='ltr'>corporis</span> <span class='ocrx_word' id='word_1_329' title='bbox 2447 1554 2742 1628; x_wconf 89' lang='lat' dir='ltr'>voluptate</span> <span class='ocrx_word' id='word_1_330' title='bbox 2790 1557 3126 1628; x_wconf 82' lang='lat' dir='ltr'>perceperit.</span> <span class='ocrx_word' id='word_1_331' title='bbox 3183 1556 3445 1628; x_wconf 86' lang='lat' dir='ltr'>Denique</span> <span class='ocrx_word' id='word_1_332' title='bbox 3491 1571 3599 1629; x_wconf 87' lang='lat' dir='ltr'>ego</span> 
     </span>
    </p>
   </div>
   <div class='ocr_carea' id='block_1_48' title="bbox 1945 1643 3600 1718">
    <p class='ocr_par' dir='ltr' id='par_1_48' title="bbox 1945 1643 3600 1718">
     <span class='ocr_line' id='line_1_48' title="bbox 1945 1643 3600 1718; baseline 0.002 -22"><span class='ocrx_word' id='word_1_333' title='bbox 1945 1643 2118 1700; x_wconf 88' lang='lat' dir='ltr'>istam</span> <span class='ocrx_word' id='word_1_334' title='bbox 2151 1643 2379 1699; x_wconf 90' lang='lat' dir='ltr'>institui</span> <span class='ocrx_word' id='word_1_335' title='bbox 2414 1643 2876 1718; x_wconf 82' lang='lat' dir='ltr'>philosophiam;</span> <span class='ocrx_word' id='word_1_336' title='bbox 2911 1662 3014 1701; x_wconf 89' lang='lat' dir='ltr'>nec</span> <span class='ocrx_word' id='word_1_337' title='bbox 3045 1649 3132 1701; x_wconf 88' lang='lat' dir='ltr'>est</span> <span class='ocrx_word' id='word_1_338' title='bbox 3157 1644 3271 1701; x_wconf 89' lang='lat' dir='ltr'>alia</span> <span class='ocrx_word' id='word_1_339' title='bbox 3299 1645 3600 1716; x_wconf 88' lang='lat' dir='ltr'>verior,ni-</span> 
     </span>
    </p>
   </div>
   <div class='ocr_carea' id='block_1_49' title="bbox 1944 1730 3599 1807">
    <p class='ocr_par' dir='ltr' id='par_1_49' title="bbox 1944 1730 3599 1807">
     <span class='ocr_line' id='line_1_49' title="bbox 1944 1730 3599 1807; baseline 0.001 -19"><span class='ocrx_word' id='word_1_340' title='bbox 1944 1730 1994 1788; x_wconf 90' lang='lat' dir='ltr'>si</span> <span class='ocrx_word' id='word_1_341' title='bbox 2023 1747 2092 1788; x_wconf 89' lang='lat' dir='ltr'>ea</span> <span class='ocrx_word' id='word_1_342' title='bbox 2121 1748 2247 1804; x_wconf 74' lang='lat' dir='ltr'>quae</span> <span class='ocrx_word' id='word_1_343' title='bbox 2277 1732 2497 1789; x_wconf 89' lang='lat' dir='ltr'>bonum</span> <span class='ocrx_word' id='word_1_344' title='bbox 2529 1734 2742 1791; x_wconf 88' lang='lat' dir='ltr'>asserit</span> <span class='ocrx_word' id='word_1_345' title='bbox 2771 1735 2926 1807; x_wconf 90' lang='lat' dir='ltr'>quod</span> <span class='ocrx_word' id='word_1_346' title='bbox 2959 1751 3136 1790; x_wconf 87' lang='lat' dir='ltr'>suave</span> <span class='ocrx_word' id='word_1_347' title='bbox 3165 1737 3341 1807; x_wconf 88' lang='lat' dir='ltr'>atque</span> <span class='ocrx_word' id='word_1_348' title='bbox 3373 1734 3599 1806; x_wconf 88' lang='lat' dir='ltr'>jucun-</span> 
     </span>
    </p>
   </div>
   <div class='ocr_carea' id='block_1_50' title="bbox 1943 1821 3598 1897">
    <p class='ocr_par' dir='ltr' id='par_1_50' title="bbox 1943 1821 3598 1897">
     <span class='ocr_line' id='line_1_50' title="bbox 1943 1821 3598 1897; baseline 0.002 -21"><span class='ocrx_word' id='word_1_349' title='bbox 1943 1821 2083 1876; x_wconf 91' lang='lat' dir='ltr'>dum</span> <span class='ocrx_word' id='word_1_350' title='bbox 2130 1821 2227 1877; x_wconf 91' lang='lat' dir='ltr'>sit.</span> <span class='ocrx_word' id='word_1_351' title='bbox 2277 1823 2424 1895; x_wconf 89' lang='lat' dir='ltr'>Ergo</span> <span class='ocrx_word' id='word_1_352' title='bbox 2455 1821 2542 1878; x_wconf 90' lang='lat' dir='ltr'>vel</span> <span class='ocrx_word' id='word_1_353' title='bbox 2574 1822 2956 1897; x_wconf 72' lang='lat' dir='ltr'>philosophia:</span> <span class='ocrx_word' id='word_1_354' title='bbox 2985 1822 3072 1880; x_wconf 89' lang='lat' dir='ltr'>vel</span> <span class='ocrx_word' id='word_1_355' title='bbox 3109 1822 3409 1896; x_wconf 68' lang='lat' dir='ltr'>sapientiae</span> <span class='ocrx_word' id='word_1_356' title='bbox 3438 1823 3598 1880; x_wconf 87' lang='lat' dir='ltr'>Salo-</span> 
     </span>
    </p>
   </div>
   <div class='ocr_carea' id='block_1_51' title="bbox 1947 1909 2406 1966">
    <p class='ocr_par' dir='ltr' id='par_1_51' title="bbox 1947 1909 2406 1966">
     <span class='ocr_line' id='line_1_51' title="bbox 1947 1909 2406 1966; baseline 0.004 -2"><span class='ocrx_word' id='word_1_357' title='bbox 1947 1909 2140 1966; x_wconf 89' lang='lat' dir='ltr'>monis</span> <span class='ocrx_word' id='word_1_358' title='bbox 2169 1911 2406 1966; x_wconf 87' lang='lat' dir='ltr'>credite.</span> 
     </span>
    </p>
   </div>
   <div class='ocr_carea' id='block_1_52' title="bbox 2600 2000 3046 2056">
    <p class='ocr_par' dir='ltr' id='par_1_52' title="bbox 2600 2000 3046 2056">
     <span class='ocr_line' id='line_1_52' title="bbox 2600 2000 3046 2056; baseline 0.002 -1"><span class='ocrx_word' id='word_1_359' title='bbox 2600 2000 2832 2056; x_wconf 84' lang='lat' dir='ltr'><strong>CAPUT</strong></span> <span class='ocrx_word' id='word_1_360' title='bbox 2871 2000 2938 2056; x_wconf 89' lang='lat' dir='ltr'>V.</span> <span class='ocrx_word' id='word_1_361' title='bbox 3039 2033 3046 2040; x_wconf 91' lang='lat'><strong>-</strong></span> 
     </span>
    </p>
   </div>
   <div class='ocr_carea' id='block_1_53' title="bbox 1949 2085 3598 2162">
    <p class='ocr_par' dir='ltr' id='par_1_53' title="bbox 1949 2085 3598 2162">
     <span class='ocr_line' id='line_1_53' title="bbox 1949 2085 3598 2162; baseline 0.002 -20"><span class='ocrx_word' id='word_1_362' title='bbox 1949 2085 2317 2162; x_wconf 12' lang='lat' dir='ltr'>Sollicitatora‘</span> <span class='ocrx_word' id='word_1_363' title='bbox 2340 2089 2614 2162; x_wconf 84' lang='lat' dir='ltr'>voluptate</span> <span class='ocrx_word' id='word_1_364' title='bbox 2660 2091 2834 2162; x_wconf 89' lang='lat' dir='ltr'>virtus</span> <span class='ocrx_word' id='word_1_365' title='bbox 2879 2091 3102 2146; x_wconf 87' lang='lat' dir='ltr'>saniora</span> <span class='ocrx_word' id='word_1_366' title='bbox 3149 2091 3382 2146; x_wconf 89' lang='lat' dir='ltr'>consulit</span> <span class='ocrx_word' id='word_1_367' title='bbox 3420 2106 3438 2144; x_wconf 89' lang='lat'><strong><em>:</em></strong></span> <span class='ocrx_word' id='word_1_368' title='bbox 3467 2104 3598 2162; x_wconf 85' lang='lat' dir='ltr'>quo-</span> 
     </span>
    </p>
   </div>
   <div class='ocr_carea' id='block_1_54' title="bbox 2018 2158 3600 2232">
    <p class='ocr_par' dir='ltr' id='par_1_54' title="bbox 2018 2158 3600 2232">
     <span class='ocr_line' id='line_1_54' title="bbox 2018 2158 3600 2232; baseline 0.003 -20"><span class='ocrx_word' id='word_1_369' title='bbox 2018 2158 2172 2232; x_wconf 86' lang='lat' dir='ltr'>modo</span> <span class='ocrx_word' id='word_1_370' title='bbox 2201 2158 2488 2215; x_wconf 80' lang='lat' dir='ltr'>diabolicis</span> <span class='ocrx_word' id='word_1_371' title='bbox 2515 2161 2909 2232; x_wconf 86' lang='lat' dir='ltr'>tcntationibus</span> <span class='ocrx_word' id='word_1_372' title='bbox 2938 2161 3317 2225; x_wconf 83' lang='lat' dir='ltr'>resistendum,</span> <span class='ocrx_word' id='word_1_373' title='bbox 3347 2169 3399 2216; x_wconf 88' lang='lat' dir='ltr'>et</span> <span class='ocrx_word' id='word_1_374' title='bbox 3425 2158 3600 2232; x_wconf 59' lang='lat' dir='ltr'>a&#39;quo</span> 
     </span>
    </p>
   </div>
   <div class='ocr_carea' id='block_1_55' title="bbox 2016 2231 3600 2304">
    <p class='ocr_par' dir='ltr' id='par_1_55' title="bbox 2016 2231 3600 2304">
     <span class='ocr_line' id='line_1_55' title="bbox 2016 2231 3600 2304; baseline 0.001 -20"><span class='ocrx_word' id='word_1_375' title='bbox 2016 2231 2184 2304; x_wconf 82' lang='lat' dir='ltr'>etiam</span> <span class='ocrx_word' id='word_1_376' title='bbox 2210 2232 2540 2304; x_wconf 86' lang='lat' dir='ltr'>temporalia</span> <span class='ocrx_word' id='word_1_377' title='bbox 2569 2231 2886 2302; x_wconf 77' lang='lat' dir='ltr'>expetenda,</span> <span class='ocrx_word' id='word_1_378' title='bbox 2916 2249 3193 2304; x_wconf 83' lang='lat' dir='ltr'>quamque</span> <span class='ocrx_word' id='word_1_379' title='bbox 3215 2233 3317 2288; x_wconf 88' lang='lat' dir='ltr'>illa</span> <span class='ocrx_word' id='word_1_380' title='bbox 3337 2231 3600 2303; x_wconf 81' lang='lat' dir='ltr'>improbis</span> 
     </span>
    </p>
   </div>
   <div class='ocr_carea' id='block_1_56' title="bbox 2018 2303 3601 2375">
    <p class='ocr_par' dir='ltr' id='par_1_56' title="bbox 2018 2303 3601 2375">
     <span class='ocr_line' id='line_1_56' title="bbox 2018 2303 3601 2375; baseline 0.003 -20"><span class='ocrx_word' id='word_1_381' title='bbox 2018 2303 2196 2375; x_wconf 75' lang='lat' dir='ltr'>noxia</span> <span class='ocrx_word' id='word_1_382' title='bbox 2218 2303 2349 2375; x_wconf 81' lang='lat' dir='ltr'>sint,</span> <span class='ocrx_word' id='word_1_383' title='bbox 2379 2303 2529 2358; x_wconf 85' lang='lat' dir='ltr'>docet</span> <span class='ocrx_word' id='word_1_384' title='bbox 2555 2321 2574 2357; x_wconf 88' lang='lat'><strong><em>:</em></strong></span> <span class='ocrx_word' id='word_1_385' title='bbox 2607 2304 2807 2358; x_wconf 85' lang='lat' dir='ltr'>invitat</span> <span class='ocrx_word' id='word_1_386' title='bbox 2855 2303 2939 2358; x_wconf 89' lang='lat' dir='ltr'>ad</span> <span class='ocrx_word' id='word_1_387' title='bbox 2971 2306 3282 2359; x_wconf 87' lang='lat' dir='ltr'>convivium</span> <span class='ocrx_word' id='word_1_388' title='bbox 3309 2305 3601 2375; x_wconf 73' lang='lat' dir='ltr'>sapientia?</span> 
     </span>
    </p>
   </div>
   <div class='ocr_carea' id='block_1_57' title="bbox 2019 2373 3598 2446">
    <p class='ocr_par' dir='ltr' id='par_1_57' title="bbox 2019 2373 3598 2446">
     <span class='ocr_line' id='line_1_57' title="bbox 2019 2373 3598 2446; baseline 0.002 -20"><span class='ocrx_word' id='word_1_389' title='bbox 2019 2381 2070 2427; x_wconf 92' lang='lat' dir='ltr'>et</span> <span class='ocrx_word' id='word_1_390' title='bbox 2100 2373 2239 2446; x_wconf 82' lang='lat' dir='ltr'>quid</span> <span class='ocrx_word' id='word_1_391' title='bbox 2261 2375 2378 2444; x_wconf 87' lang='lat' dir='ltr'>ejus</span> <span class='ocrx_word' id='word_1_392' title='bbox 2406 2375 2640 2429; x_wconf 85' lang='lat' dir='ltr'>ebrietas</span> <span class='ocrx_word' id='word_1_393' title='bbox 2670 2391 2705 2429; x_wconf 91' lang='lat' dir='ltr'><strong><em>a</em></strong></span> <span class='ocrx_word' id='word_1_394' title='bbox 2736 2375 3038 2446; x_wconf 82' lang='lat' dir='ltr'>vinolentia</span> <span class='ocrx_word' id='word_1_395' title='bbox 3064 2375 3350 2446; x_wconf 86' lang='lat' dir='ltr'>discrepet,</span> <span class='ocrx_word' id='word_1_396' title='bbox 3370 2373 3598 2446; x_wconf 60' lang='lat' dir='ltr'>aperit;</span> 
     </span>
    </p>
   </div>
   <div class='ocr_carea' id='block_1_58' title="bbox 2018 2443 3072 2502">
    <p class='ocr_par' dir='ltr' id='par_1_58' title="bbox 2018 2443 3072 2502">
     <span class='ocr_line' id='line_1_58' title="bbox 2018 2443 3072 2502; baseline 0.004 -4"><span class='ocrx_word' id='word_1_397' title='bbox 2018 2460 2081 2498; x_wconf 83' lang='lat' dir='ltr'>ac</span> <span class='ocrx_word' id='word_1_398' title='bbox 2109 2443 2325 2499; x_wconf 83' lang='lat' dir='ltr'>tandem</span> <span class='ocrx_word' id='word_1_399' title='bbox 2354 2447 2603 2500; x_wconf 72' lang='lat' dir='ltr'>avaritiae</span> <span class='ocrx_word' id='word_1_400' title='bbox 2633 2446 2782 2500; x_wconf 88' lang='lat' dir='ltr'>mala</span> <span class='ocrx_word' id='word_1_401' title='bbox 2811 2445 3072 2502; x_wconf 79' lang='lat' dir='ltr'>declarat.</span> 
     </span>
    </p>
   </div>
   <div class='ocr_carea' id='block_1_59' title="bbox 2024 2531 3601 2608">
    <p class='ocr_par' dir='ltr' id='par_1_59' title="bbox 2024 2531 3601 2608">
     <span class='ocr_line' id='line_1_59' title="bbox 2024 2531 3601 2608; baseline 0.003 -23"><span class='ocrx_word' id='word_1_402' title='bbox 2024 2532 2109 2586; x_wconf 87' lang='grc'>15.</span> <span class='ocrx_word' id='word_1_403' title='bbox 2143 2531 2243 2586; x_wconf 90' lang='lat' dir='ltr'>llis</span> <span class='ocrx_word' id='word_1_404' title='bbox 2276 2532 2512 2600; x_wconf 87' lang='lat' dir='ltr'>auditis,</span> <span class='ocrx_word' id='word_1_405' title='bbox 2556 2533 2714 2588; x_wconf 84' lang='lat' dir='ltr'>velut</span> <span class='ocrx_word' id='word_1_406' title='bbox 2761 2549 2965 2589; x_wconf 86' lang='lat' dir='ltr'>cervus</span> <span class='ocrx_word' id='word_1_407' title='bbox 3013 2535 3332 2608; x_wconf 87' lang='lat' dir='ltr'>sagittatus</span> <span class='ocrx_word' id='word_1_408' title='bbox 3365 2534 3422 2590; x_wconf 92' lang='lat' dir='ltr'>in</span> <span class='ocrx_word' id='word_1_409' title='bbox 3447 2533 3601 2606; x_wconf 85' lang='lat' dir='ltr'>jeco-</span> 
     </span>
    </p>
   </div>
   <div class='ocr_carea' id='block_1_60' title="bbox 1950 2620 3600 2691">
    <p class='ocr_par' dir='ltr' id='par_1_60' title="bbox 1950 2620 3600 2691">
     <span class='ocr_line' id='line_1_60' title="bbox 1950 2620 3600 2691; baseline 0.002 -17"><span class='ocrx_word' id='word_1_410' title='bbox 1950 2636 2010 2676; x_wconf 90' lang='lat' dir='ltr'>re</span> <span class='ocrx_word' id='word_1_411' title='bbox 2041 2620 2218 2676; x_wconf 65' lang='lat' dir='ltr'>haeret</span> <span class='ocrx_word' id='word_1_412' title='bbox 2248 2622 2505 2678; x_wconf 89' lang='lat' dir='ltr'>saucius.</span> <span class='ocrx_word' id='word_1_413' title='bbox 2538 2623 2717 2687; x_wconf 89' lang='lat' dir='ltr'>Quem</span> <span class='ocrx_word' id='word_1_414' title='bbox 2768 2622 3055 2678; x_wconf 87' lang='lat' dir='ltr'>miserans</span> <span class='ocrx_word' id='word_1_415' title='bbox 3102 2623 3310 2691; x_wconf 90' lang='lat' dir='ltr'>virtus,</span> <span class='ocrx_word' id='word_1_416' title='bbox 3343 2628 3400 2679; x_wconf 90' lang='lat' dir='ltr'>et</span> <span class='ocrx_word' id='word_1_417' title='bbox 3427 2639 3600 2678; x_wconf 53' lang='lat' dir='ltr'>casu»</span> 
     </span>
    </p>
   </div>
   <div class='ocr_carea' id='block_1_61' title="bbox 1952 2709 3604 2782">
    <p class='ocr_par' dir='ltr' id='par_1_61' title="bbox 1952 2709 3604 2782">
     <span class='ocr_line' id='line_1_61' title="bbox 1952 2709 3604 2782; baseline 0.001 -19"><span class='ocrx_word' id='word_1_418' title='bbox 1952 2725 2078 2764; x_wconf 91' lang='lat' dir='ltr'>rum</span> <span class='ocrx_word' id='word_1_419' title='bbox 2114 2709 2226 2764; x_wconf 90' lang='lat' dir='ltr'>cito</span> <span class='ocrx_word' id='word_1_420' title='bbox 2258 2709 2486 2777; x_wconf 86' lang='lat' dir='ltr'>videns,</span> <span class='ocrx_word' id='word_1_421' title='bbox 2518 2711 2836 2782; x_wconf 69' lang='lat' dir='ltr'>irr‘proviso</span> <span class='ocrx_word' id='word_1_422' title='bbox 2862 2711 3136 2778; x_wconf 89' lang='lat' dir='ltr'>occurrit,</span> <span class='ocrx_word' id='word_1_423' title='bbox 3164 2711 3276 2782; x_wconf 87' lang='grc'>(16)</span> <span class='ocrx_word' id='word_1_424' title='bbox 3305 2711 3488 2766; x_wconf 88' lang='lat' dir='ltr'>verita</span> <span class='ocrx_word' id='word_1_425' title='bbox 3532 2725 3604 2765; x_wconf 88' lang='lat' dir='ltr'>ne</span> 
     </span>
    </p>
   </div>
   <div class='ocr_carea' id='block_1_62' title="bbox 1948 2797 3602 2870">
    <p class='ocr_par' dir='ltr' id='par_1_62' title="bbox 1948 2797 3602 2870">
     <span class='ocr_line' id='line_1_62' title="bbox 1948 2797 3602 2870; baseline 0.001 -18"><span class='ocrx_word' id='word_1_426' title='bbox 1948 2797 2102 2853; x_wconf 89' lang='lat' dir='ltr'>inter</span> <span class='ocrx_word' id='word_1_427' title='bbox 2131 2815 2328 2853; x_wconf 89' lang='lat' dir='ltr'>moras</span> <span class='ocrx_word' id='word_1_428' title='bbox 2372 2798 2661 2855; x_wconf 88' lang='lat' dir='ltr'>illecebris</span> <span class='ocrx_word' id='word_1_429' title='bbox 2706 2799 3178 2855; x_wconf 88' lang='lat' dir='ltr'>demulcentibus</span> <span class='ocrx_word' id='word_1_430' title='bbox 3210 2816 3376 2854; x_wconf 90' lang='lat' dir='ltr'>mens</span> <span class='ocrx_word' id='word_1_431' title='bbox 3409 2797 3602 2870; x_wconf 86' lang='lat' dir='ltr'>capia-</span> 
     </span>
    </p>
   </div>
   <div class='ocr_carea' id='block_1_63' title="bbox 1949 2886 3606 2961">
    <p class='ocr_par' dir='ltr' id='par_1_63' title="bbox 1949 2886 3606 2961">
     <span class='ocr_line' id='line_1_63' title="bbox 1949 2886 3606 2961; baseline 0 -20"><span class='ocrx_word' id='word_1_432' title='bbox 1949 2890 2046 2941; x_wconf 86' lang='lat' dir='ltr'>tur</span> <span class='ocrx_word' id='word_1_433' title='bbox 2074 2886 2351 2942; x_wconf 89' lang='lat' dir='ltr'>humana.</span> <span class='ocrx_word' id='word_1_434' title='bbox 2389 2887 2610 2954; x_wconf 86' lang='lat' dir='ltr'>Palam,</span> <span class='ocrx_word' id='word_1_435' title='bbox 2643 2887 2856 2961; x_wconf 86' lang='lat' dir='ltr'>inquit,</span> <span class='ocrx_word' id='word_1_436' title='bbox 2891 2887 3133 2961; x_wconf 86' lang='lat' dir='ltr'>apparui</span> <span class='ocrx_word' id='word_1_437' title='bbox 3168 2887 3270 2943; x_wconf 90' lang='lat' dir='ltr'>tibi</span> <span class='ocrx_word' id='word_1_438' title='bbox 3309 2903 3422 2943; x_wconf 92' lang='lat' dir='ltr'>non</span> <span class='ocrx_word' id='word_1_439' title='bbox 3457 2903 3606 2958; x_wconf 67' lang='lat' dir='ltr'>quas-</span> 
     </span>
    </p>
   </div>
   <div class='ocr_carea' id='block_1_64' title="bbox 1950 2975 3607 3049">
    <p class='ocr_par' dir='ltr' id='par_1_64' title="bbox 1950 2975 3607 3049">
     <span class='ocr_line' id='line_1_64' title="bbox 1950 2975 3607 3049; baseline 0.001 -19"><span class='ocrx_word' id='word_1_440' title='bbox 1950 2976 2098 3031; x_wconf 89' lang='lat' dir='ltr'>renti</span> <span class='ocrx_word' id='word_1_441' title='bbox 2129 2993 2242 3032; x_wconf 89' lang='lat' dir='ltr'>me.</span> <span class='ocrx_word' id='word_1_442' title='bbox 2275 2977 2356 3032; x_wconf 88' lang='lat' dir='ltr'>Nc</span> <span class='ocrx_word' id='word_1_443' title='bbox 2389 2976 2552 3032; x_wconf 89' lang='lat' dir='ltr'>fallat</span> <span class='ocrx_word' id='word_1_444' title='bbox 2598 2977 3051 3049; x_wconf 85' lang='lat' dir='ltr'>imprudentem,</span> <span class='ocrx_word' id='word_1_445' title='bbox 3083 2981 3140 3032; x_wconf 89' lang='lat' dir='ltr'>et</span> <span class='ocrx_word' id='word_1_446' title='bbox 3187 2975 3607 3032; x_wconf 87' lang='lat' dir='ltr'>circumveniat</span> 
     </span>
    </p>
   </div>
   <div class='ocr_carea' id='block_1_65' title="bbox 1949 3064 3603 3138">
    <p class='ocr_par' dir='ltr' id='par_1_65' title="bbox 1949 3064 3603 3138">
     <span class='ocr_line' id='line_1_65' title="bbox 1949 3064 3603 3138; baseline 0 -18"><span class='ocrx_word' id='word_1_447' title='bbox 1949 3069 2004 3120; x_wconf 89' lang='lat' dir='ltr'>te</span> <span class='ocrx_word' id='word_1_448' title='bbox 2061 3064 2271 3120; x_wconf 89' lang='lat' dir='ltr'>mulier</span> <span class='ocrx_word' id='word_1_449' title='bbox 2309 3066 2588 3121; x_wconf 80' lang='lat' dir='ltr'>effrenata</span> <span class='ocrx_word' id='word_1_450' title='bbox 2634 3070 2692 3122; x_wconf 91' lang='lat' dir='ltr'>et</span> <span class='ocrx_word' id='word_1_451' title='bbox 2741 3068 2888 3122; x_wconf 76' lang='lat'>191</span> <span class='ocrx_word' id='word_1_452' title='bbox 2941 3066 3240 3123; x_wconf 81' lang='lat' dir='ltr'>luxuriosa</span> <span class='ocrx_word' id='word_1_453' title='bbox 3301 3083 3428 3138; x_wconf 82' lang='lat' dir='ltr'>quae</span> <span class='ocrx_word' id='word_1_454' title='bbox 3488 3082 3603 3122; x_wconf 90' lang='lat' dir='ltr'>non</span> 
     </span>
    </p>
   </div>
   <div class='ocr_carea' id='block_1_66' title="bbox 1953 3153 3600 3226">
    <p class='ocr_par' dir='ltr' id='par_1_66' title="bbox 1953 3153 3600 3226">
     <span class='ocr_line' id='line_1_66' title="bbox 1953 3153 3600 3226; baseline 0.002 -19"><span class='ocrx_word' id='word_1_455' title='bbox 1953 3153 2112 3208; x_wconf 90' lang='lat' dir='ltr'>novit</span> <span class='ocrx_word' id='word_1_456' title='bbox 2138 3154 2417 3226; x_wconf 84' lang='lat' dir='ltr'>pudorem</span> <span class='ocrx_word' id='word_1_457' title='bbox 2455 3170 2468 3208; x_wconf 87' lang='lat'><strong>:</strong></span> <span class='ocrx_word' id='word_1_458' title='bbox 2504 3155 2666 3209; x_wconf 78' lang='lat' dir='ltr'>sedet</span> <span class='ocrx_word' id='word_1_459' title='bbox 2717 3155 2774 3208; x_wconf 93' lang='lat' dir='ltr'>in</span> <span class='ocrx_word' id='word_1_460' title='bbox 2825 3154 3048 3210; x_wconf 89' lang='lat' dir='ltr'>foribus</span> <span class='ocrx_word' id='word_1_461' title='bbox 3079 3155 3292 3210; x_wconf 87' lang='lat' dir='ltr'>domus</span> <span class='ocrx_word' id='word_1_462' title='bbox 3347 3155 3402 3208; x_wconf 92' lang='lat' dir='ltr'>in</span> <span class='ocrx_word' id='word_1_463' title='bbox 3437 3153 3600 3224; x_wconf 85' lang='lat' dir='ltr'>sella,</span> 
     </span>
    </p>
   </div>
   <div class='ocr_carea' id='block_1_67' title="bbox 171 3230 3602 3314">
    <p class='ocr_par' dir='ltr' id='par_1_67' title="bbox 171 3230 3602 3314">
     <span class='ocr_line' id='line_1_67' title="bbox 171 3230 3602 3314; baseline -0.001 -16"><span class='ocrx_word' id='word_1_464' title='bbox 171 3241 302 3298; x_wconf 85' lang='lat' dir='ltr'>lem</span> <span class='ocrx_word' id='word_1_465' title='bbox 335 3237 738 3312; x_wconf 87' lang='lat' dir='ltr'>cupiditatem.</span> <span class='ocrx_word' id='word_1_466' title='bbox 771 3237 1056 3303; x_wconf 84' lang='lat' dir='ltr'>Seducens,</span> <span class='ocrx_word' id='word_1_467' title='bbox 1087 3236 1303 3310; x_wconf 88' lang='lat' dir='ltr'>inquit,</span> <span class='ocrx_word' id='word_1_468' title='bbox 1334 3254 1458 3292; x_wconf 89' lang='lat' dir='ltr'>eum</span> <span class='ocrx_word' id='word_1_469' title='bbox 1489 3239 1660 3294; x_wconf 87' lang='lat' dir='ltr'>multo</span> <span class='ocrx_word' id='word_1_470' title='bbox 1691 3238 1840 3292; x_wconf 85' lang='lat' dir='ltr'>blan-</span> <span class='ocrx_word' id='word_1_471' title='bbox 1871 3230 1913 3297; x_wconf 89' lang='lat' dir='ltr'>C</span> <span class='ocrx_word' id='word_1_472' title='bbox 1954 3241 2146 3314; x_wconf 79' lang='lat' dir='ltr'>palam</span> <span class='ocrx_word' id='word_1_473' title='bbox 2183 3241 2240 3298; x_wconf 92' lang='lat' dir='ltr'>in</span> <span class='ocrx_word' id='word_1_474' title='bbox 2275 3241 2484 3314; x_wconf 88' lang='lat' dir='ltr'>plateis</span> <span class='ocrx_word' id='word_1_475' title='bbox 2541 3242 2830 3298; x_wconf 87' lang='lat' dir='ltr'>advocans</span> <span class='ocrx_word' id='word_1_476' title='bbox 2859 3247 3274 3314; x_wconf 52' lang='lat' dir='ltr'>praetereuntes</span> <span class='ocrx_word' id='word_1_477' title='bbox 3306 3243 3488 3312; x_wconf 87' lang='lat' dir='ltr'>(Prov.</span> <span class='ocrx_word' id='word_1_478' title='bbox 3524 3259 3602 3310; x_wconf 78' lang='lat' dir='ltr'>Ix,</span> 
     </span>
    </p>
   </div>
   <div class='ocr_carea' id='block_1_68' title="bbox 175 3327 1842 3398">
    <p class='ocr_par' dir='ltr' id='par_1_68' title="bbox 175 3327 1842 3398">
     <span class='ocr_line' id='line_1_68' title="bbox 175 3327 1842 3398; baseline -0.004 -11"><span class='ocrx_word' id='word_1_479' title='bbox 175 3331 435 3387; x_wconf 81' lang='lat' dir='ltr'>dimcnto</span> <span class='ocrx_word' id='word_1_480' title='bbox 464 3343 773 3384; x_wconf 87' lang='lat' dir='ltr'>sermonum</span> <span class='ocrx_word' id='word_1_481' title='bbox 803 3334 852 3382; x_wconf 86' lang='lat' dir='ltr'>et</span> <span class='ocrx_word' id='word_1_482' title='bbox 883 3328 1094 3398; x_wconf 85' lang='lat' dir='ltr'>laqueis</span> <span class='ocrx_word' id='word_1_483' title='bbox 1136 3327 1408 3382; x_wconf 88' lang='lat' dir='ltr'>labiorum</span> <span class='ocrx_word' id='word_1_484' title='bbox 1442 3343 1663 3382; x_wconf 88' lang='lat' dir='ltr'>suorum</span> <span class='ocrx_word' id='word_1_485' title='bbox 1715 3327 1842 3381; x_wconf 88' lang='lat' dir='ltr'>alli-</span> 
     </span>
    </p>
   </div>
   <div class='ocr_carea' id='block_1_69' title="bbox 173 3415 1848 3493">
    <p class='ocr_par' dir='ltr' id='par_1_69' title="bbox 173 3415 1848 3493">
     <span class='ocr_line' id='line_1_69' title="bbox 173 3415 1848 3493; baseline -0.002 -19"><span class='ocrx_word' id='word_1_486' title='bbox 173 3435 348 3493; x_wconf 83' lang='lat' dir='ltr'>gans,</span> <span class='ocrx_word' id='word_1_487' title='bbox 381 3418 604 3474; x_wconf 75' lang='lat' dir='ltr'>dmum</span> <span class='ocrx_word' id='word_1_488' title='bbox 631 3415 872 3488; x_wconf 88' lang='lat' dir='ltr'>adusque</span> <span class='ocrx_word' id='word_1_489' title='bbox 909 3417 1159 3472; x_wconf 69' lang='lat' dir='ltr'>attraxit.</span> <span class='ocrx_word' id='word_1_490' title='bbox 1211 3416 1279 3471; x_wconf 80' lang='lat' dir='ltr'>At</span> <span class='ocrx_word' id='word_1_491' title='bbox 1321 3416 1419 3470; x_wconf 85' lang='lat' dir='ltr'>ille</span> <span class='ocrx_word' id='word_1_492' title='bbox 1465 3419 1681 3471; x_wconf 84' lang='lat' dir='ltr'>secutus</span> <span class='ocrx_word' id='word_1_493' title='bbox 1727 3432 1848 3471; x_wconf 89' lang='lat' dir='ltr'>eam</span> 
     </span>
    </p>
   </div>
   <div class='ocr_carea' id='block_1_70' title="bbox 183 3503 1844 3577">
    <p class='ocr_par' dir='ltr' id='par_1_70' title="bbox 183 3503 1844 3577">
     <span class='ocr_line' id='line_1_70' title="bbox 183 3503 1844 3577; baseline -0.004 -12"><span class='ocrx_word' id='word_1_494' title='bbox 183 3506 627 3565; x_wconf 79' lang='lat' dir='ltr'>circumvenitur</span> <span class='ocrx_word' id='word_1_495' title='bbox 661 3505 819 3576; x_wconf 87' lang='lat' dir='ltr'>(Ibid.</span> <span class='ocrx_word' id='word_1_496' title='bbox 870 3506 983 3570; x_wconf 79' lang='lat' dir='ltr'>2t).</span> <span class='ocrx_word' id='word_1_497' title='bbox 1033 3503 1262 3560; x_wconf 84' lang='lat' dir='ltr'>Nitehat</span> <span class='ocrx_word' id='word_1_498' title='bbox 1311 3504 1446 3560; x_wconf 88' lang='lat' dir='ltr'>aula</span> <span class='ocrx_word' id='word_1_499' title='bbox 1497 3505 1655 3577; x_wconf 82' lang='lat' dir='ltr'>regio</span> <span class='ocrx_word' id='word_1_500' title='bbox 1707 3503 1844 3559; x_wconf 84' lang='lat' dir='ltr'>luxu</span> 
     </span>
    </p>
   </div>
   <div class='ocr_carea' id='block_1_71' title="bbox 184 3591 1851 3669">
    <p class='ocr_par' dir='ltr' id='par_1_71' title="bbox 184 3591 1851 3669">
     <span class='ocr_line' id='line_1_71' title="bbox 184 3591 1851 3669; baseline -0.004 -15"><span class='ocrx_word' id='word_1_501' title='bbox 184 3594 508 3669; x_wconf 72' lang='lat' dir='ltr'>splendida</span> <span class='ocrx_word' id='word_1_502' title='bbox 555 3591 770 3648; x_wconf 68' lang='lat' dir='ltr'>caelatis</span> <span class='ocrx_word' id='word_1_503' title='bbox 819 3591 1139 3665; x_wconf 89' lang='lat' dir='ltr'>parietibus</span> <span class='ocrx_word' id='word_1_504' title='bbox 1187 3596 1245 3648; x_wconf 90' lang='lat' dir='ltr'>et</span> <span class='ocrx_word' id='word_1_505' title='bbox 1291 3592 1538 3648; x_wconf 90' lang='lat' dir='ltr'>humida</span> <span class='ocrx_word' id='word_1_506' title='bbox 1568 3593 1851 3649; x_wconf 89' lang='lat' dir='ltr'>natabant</span> 
     </span>
    </p>
   </div>
   <div class='ocr_carea' id='block_1_72' title="bbox 183 3680 1848 3759">
    <p class='ocr_par' dir='ltr' id='par_1_72' title="bbox 183 3680 1848 3759">
     <span class='ocr_line' id='line_1_72' title="bbox 183 3680 1848 3759; baseline -0.003 -19"><span class='ocrx_word' id='word_1_507' title='bbox 183 3685 532 3759; x_wconf 86' lang='lat' dir='ltr'>pavimenta</span> <span class='ocrx_word' id='word_1_508' title='bbox 559 3681 715 3737; x_wconf 91' lang='lat' dir='ltr'>vino.</span> <span class='ocrx_word' id='word_1_509' title='bbox 749 3680 1060 3754; x_wconf 87' lang='lat' dir='ltr'>Flagrabat</span> <span class='ocrx_word' id='word_1_510' title='bbox 1108 3685 1409 3754; x_wconf 91' lang='lat' dir='ltr'>unguento</span> <span class='ocrx_word' id='word_1_511' title='bbox 1457 3681 1694 3749; x_wconf 88' lang='lat' dir='ltr'>humus,</span> <span class='ocrx_word' id='word_1_512' title='bbox 1730 3681 1848 3754; x_wconf 87' lang='lat' dir='ltr'>spi-</span> 
     </span>
    </p>
   </div>
   <div class='ocr_carea' id='block_1_73' title="bbox 185 3769 1850 3844">
    <p class='ocr_par' dir='ltr' id='par_1_73' title="bbox 185 3769 1850 3844">
     <span class='ocr_line' id='line_1_73' title="bbox 185 3769 1850 3844; baseline -0.002 -14"><span class='ocrx_word' id='word_1_513' title='bbox 185 3775 290 3830; x_wconf 88' lang='lat' dir='ltr'>nis</span> <span class='ocrx_word' id='word_1_514' title='bbox 319 3774 596 3844; x_wconf 89' lang='lat' dir='ltr'>cooperta</span> <span class='ocrx_word' id='word_1_515' title='bbox 625 3770 898 3842; x_wconf 88' lang='lat' dir='ltr'>piscium,</span> <span class='ocrx_word' id='word_1_516' title='bbox 931 3775 990 3825; x_wconf 88' lang='lat' dir='ltr'>et</span> <span class='ocrx_word' id='word_1_517' title='bbox 1018 3769 1417 3826; x_wconf 85' lang='lat' dir='ltr'>marcentibus</span> <span class='ocrx_word' id='word_1_518' title='bbox 1447 3772 1573 3842; x_wconf 88' lang='lat' dir='ltr'>jam</span> <span class='ocrx_word' id='word_1_519' title='bbox 1609 3770 1850 3826; x_wconf 80' lang='lat' dir='ltr'>floribus</span> 
     </span>
    </p>
   </div>
   <div class='ocr_carea' id='block_1_74' title="bbox 182 3858 1850 3928">
    <p class='ocr_par' dir='ltr' id='par_1_74' title="bbox 182 3858 1850 3928">
     <span class='ocr_line' id='line_1_74' title="bbox 182 3858 1850 3928; baseline -0.004 -8"><span class='ocrx_word' id='word_1_520' title='bbox 182 3861 444 3920; x_wconf 85' lang='lat' dir='ltr'>lubrica.</span> <span class='ocrx_word' id='word_1_521' title='bbox 477 3858 602 3916; x_wconf 90' lang='lat' dir='ltr'>Illic</span> <span class='ocrx_word' id='word_1_522' title='bbox 633 3859 1094 3915; x_wconf 89' lang='lat' dir='ltr'>comessantium</span> <span class='ocrx_word' id='word_1_523' title='bbox 1144 3858 1458 3928; x_wconf 87' lang='lat' dir='ltr'>tumultus,</span> <span class='ocrx_word' id='word_1_524' title='bbox 1505 3863 1850 3915; x_wconf 89' lang='lat' dir='ltr'>concertan-</span> 
     </span>
    </p>
   </div>
   <div class='ocr_carea' id='block_1_75' title="bbox 183 3947 1851 4021">
    <p class='ocr_par' dir='ltr' id='par_1_75' title="bbox 183 3947 1851 4021">
     <span class='ocr_line' id='line_1_75' title="bbox 183 3947 1851 4021; baseline -0.002 -14"><span class='ocrx_word' id='word_1_525' title='bbox 183 3951 344 4007; x_wconf 82' lang='lat' dir='ltr'>tium</span> <span class='ocrx_word' id='word_1_526' title='bbox 378 3948 622 4014; x_wconf 87' lang='lat' dir='ltr'>clamor,</span> <span class='ocrx_word' id='word_1_527' title='bbox 651 3947 1011 4021; x_wconf 86' lang='lat' dir='ltr'>litigantium</span> <span class='ocrx_word' id='word_1_528' title='bbox 1041 3948 1246 4018; x_wconf 73' lang='lat' dir='ltr'>caedes,</span> <span class='ocrx_word' id='word_1_529' title='bbox 1272 3951 1593 4004; x_wconf 88' lang='lat' dir='ltr'>concentus</span> <span class='ocrx_word' id='word_1_530' title='bbox 1624 3965 1851 4004; x_wconf 84' lang='lat' dir='ltr'>coenan-</span> 
     </span>
    </p>
   </div>
   <div class='ocr_carea' id='block_1_76' title="bbox 187 4035 1851 4111">
    <p class='ocr_par' dir='ltr' id='par_1_76' title="bbox 187 4035 1851 4111">
     <span class='ocr_line' id='line_1_76' title="bbox 187 4035 1851 4111; baseline -0.003 -15"><span class='ocrx_word' id='word_1_531' title='bbox 187 4041 346 4097; x_wconf 87' lang='lat' dir='ltr'>tium</span> <span class='ocrx_word' id='word_1_532' title='bbox 381 4038 495 4111; x_wconf 89' lang='grc'>(15)</span> <span class='ocrx_word' id='word_1_533' title='bbox 525 4035 871 4094; x_wconf 88' lang='lat' dir='ltr'>saltantium</span> <span class='ocrx_word' id='word_1_534' title='bbox 910 4038 1213 4110; x_wconf 90' lang='lat' dir='ltr'>strepitus,</span> <span class='ocrx_word' id='word_1_535' title='bbox 1247 4036 1562 4093; x_wconf 89' lang='lat' dir='ltr'>ridentium</span> <span class='ocrx_word' id='word_1_536' title='bbox 1613 4037 1851 4094; x_wconf 88' lang='lat' dir='ltr'>cachin-</span> 
     </span>
    </p>
   </div>
   <div class='ocr_carea' id='block_1_77' title="bbox 187 4125 1852 4200">
    <p class='ocr_par' dir='ltr' id='par_1_77' title="bbox 187 4125 1852 4200">
     <span class='ocr_line' id='line_1_77' title="bbox 187 4125 1852 4200; baseline -0.004 -12"><span class='ocrx_word' id='word_1_537' title='bbox 187 4147 336 4198; x_wconf 87' lang='lat' dir='ltr'>nus,</span> <span class='ocrx_word' id='word_1_538' title='bbox 369 4126 801 4186; x_wconf 83' lang='lat' dir='ltr'>lascivientium</span> <span class='ocrx_word' id='word_1_539' title='bbox 832 4125 1102 4200; x_wconf 81' lang='lat' dir='ltr'>plausus,</span> <span class='ocrx_word' id='word_1_540' title='bbox 1151 4127 1396 4185; x_wconf 82' lang='lat' dir='ltr'>conlusa</span> <span class='ocrx_word' id='word_1_541' title='bbox 1444 4129 1662 4198; x_wconf 82' lang='lat' dir='ltr'>omnia,</span> <span class='ocrx_word' id='word_1_542' title='bbox 1706 4128 1852 4184; x_wconf 87' lang='lat' dir='ltr'>nihil</span> 
     </span>
    </p>
   </div>
   <div class='ocr_carea' id='block_1_78' title="bbox 191 4215 1854 4290">
    <p class='ocr_par' dir='ltr' id='par_1_78' title="bbox 191 4215 1854 4290">
     <span class='ocr_line' id='line_1_78' title="bbox 191 4215 1854 4290; baseline -0.002 -13"><span class='ocrx_word' id='word_1_543' title='bbox 191 4223 422 4278; x_wconf 71' lang='lat' dir='ltr'>natura:</span> <span class='ocrx_word' id='word_1_544' title='bbox 477 4217 700 4273; x_wconf 89' lang='lat' dir='ltr'>ordine.</span> <span class='ocrx_word' id='word_1_545' title='bbox 751 4215 1085 4273; x_wconf 85' lang='lat' dir='ltr'>Saltatrices</span> <span class='ocrx_word' id='word_1_546' title='bbox 1141 4221 1343 4286; x_wconf 67' lang='lat' dir='ltr'>tonsae,</span> <span class='ocrx_word' id='word_1_547' title='bbox 1409 4221 1467 4272; x_wconf 89' lang='lat' dir='ltr'>et</span> <span class='ocrx_word' id='word_1_548' title='bbox 1531 4219 1854 4290; x_wconf 86' lang='lat' dir='ltr'>crispantes</span> 
     </span>
    </p>
   </div>
   <div class='ocr_carea' id='block_1_79' title="bbox 193 4304 1853 4382">
    <p class='ocr_par' dir='ltr' id='par_1_79' title="bbox 193 4304 1853 4382">
     <span class='ocr_line' id='line_1_79' title="bbox 193 4304 1853 4382; baseline -0.002 -17"><span class='ocrx_word' id='word_1_549' title='bbox 193 4307 367 4382; x_wconf 87' lang='lat' dir='ltr'>pueri</span> <span class='ocrx_word' id='word_1_550' title='bbox 398 4304 972 4378; x_wconf 87' lang='lat' dir='ltr'>coma,epulantium</span> <span class='ocrx_word' id='word_1_551' title='bbox 999 4305 1279 4375; x_wconf 89' lang='lat' dir='ltr'>cruditas,</span> <span class='ocrx_word' id='word_1_552' title='bbox 1299 4305 1596 4362; x_wconf 76' lang='lat' dir='ltr'>edentiuzn</span> <span class='ocrx_word' id='word_1_553' title='bbox 1629 4310 1853 4373; x_wconf 88' lang='lat' dir='ltr'>ructus,</span> 
     </span>
    </p>
   </div>
   <div class='ocr_carea' id='block_1_80' title="bbox 193 4393 1855 4468">
    <p class='ocr_par' dir='ltr' id='par_1_80' title="bbox 193 4393 1855 4468">
     <span class='ocr_line' id='line_1_80' title="bbox 193 4393 1855 4468; baseline -0.003 -13"><span class='ocrx_word' id='word_1_554' title='bbox 193 4397 500 4455; x_wconf 86' lang='lat' dir='ltr'>ebriorum</span> <span class='ocrx_word' id='word_1_555' title='bbox 530 4394 682 4460; x_wconf 84' lang='lat' dir='ltr'>sitis,</span> <span class='ocrx_word' id='word_1_556' title='bbox 714 4395 991 4451; x_wconf 88' lang='lat' dir='ltr'>hesterna</span> <span class='ocrx_word' id='word_1_557' title='bbox 1041 4393 1302 4468; x_wconf 88' lang='lat' dir='ltr'>crapula,</span> <span class='ocrx_word' id='word_1_558' title='bbox 1339 4395 1622 4452; x_wconf 89' lang='lat' dir='ltr'>hodierna</span> <span class='ocrx_word' id='word_1_559' title='bbox 1667 4400 1855 4451; x_wconf 89' lang='lat' dir='ltr'>temu-</span> 
     </span>
    </p>
   </div>
   <div class='ocr_carea' id='block_1_81' title="bbox 193 4482 1859 4557">
    <p class='ocr_par' dir='ltr' id='par_1_81' title="bbox 193 4482 1859 4557">
     <span class='ocr_line' id='line_1_81' title="bbox 193 4482 1859 4557; baseline -0.002 -13"><span class='ocrx_word' id='word_1_560' title='bbox 193 4486 406 4554; x_wconf 86' lang='lat' dir='ltr'>lentia,</span> <span class='ocrx_word' id='word_1_561' title='bbox 437 4482 662 4556; x_wconf 86' lang='lat' dir='ltr'>repleta</span> <span class='ocrx_word' id='word_1_562' title='bbox 718 4482 942 4540; x_wconf 89' lang='lat' dir='ltr'>vomitu</span> <span class='ocrx_word' id='word_1_563' title='bbox 997 4483 1328 4540; x_wconf 89' lang='lat' dir='ltr'>bibentium</span> <span class='ocrx_word' id='word_1_564' title='bbox 1387 4484 1595 4557; x_wconf 91' lang='lat' dir='ltr'>pocula</span> <span class='ocrx_word' id='word_1_565' title='bbox 1640 4485 1859 4557; x_wconf 89' lang='lat' dir='ltr'>majore</span> 
     </span>
    </p>
   </div>
   <div class='ocr_carea' id='block_1_82' title="bbox 193 4572 1857 4645">
    <p class='ocr_par' dir='ltr' id='par_1_82' title="bbox 193 4572 1857 4645">
     <span class='ocr_line' id='line_1_82' title="bbox 193 4572 1857 4645; baseline -0.002 -12"><span class='ocrx_word' id='word_1_566' title='bbox 193 4575 376 4634; x_wconf 88' lang='lat' dir='ltr'>odore</span> <span class='ocrx_word' id='word_1_567' title='bbox 403 4572 729 4640; x_wconf 72' lang='lat' dir='ltr'>ebrietatis,</span> <span class='ocrx_word' id='word_1_568' title='bbox 756 4589 934 4645; x_wconf 90' lang='lat' dir='ltr'>quam</span> <span class='ocrx_word' id='word_1_569' title='bbox 967 4573 1018 4629; x_wconf 90' lang='lat' dir='ltr'>si</span> <span class='ocrx_word' id='word_1_570' title='bbox 1049 4573 1304 4629; x_wconf 90' lang='lat' dir='ltr'>recentia</span> <span class='ocrx_word' id='word_1_571' title='bbox 1332 4577 1560 4630; x_wconf 89' lang='lat' dir='ltr'>tantum</span> <span class='ocrx_word' id='word_1_572' title='bbox 1595 4573 1727 4630; x_wconf 77' lang='lat' dir='ltr'>vina</span> <span class='ocrx_word' id='word_1_573' title='bbox 1760 4574 1857 4630; x_wconf 82' lang='lat' dir='ltr'>fla-</span> 
     </span>
    </p>
   </div>
   <div class='ocr_carea' id='block_1_83' title="bbox 192 4661 1860 4738">
    <p class='ocr_par' dir='ltr' id='par_1_83' title="bbox 192 4661 1860 4738">
     <span class='ocr_line' id='line_1_83' title="bbox 192 4661 1860 4738; baseline -0.001 -18"><span class='ocrx_word' id='word_1_574' title='bbox 192 4667 458 4738; x_wconf 81' lang='lat' dir='ltr'>grarent.</span> <span class='ocrx_word' id='word_1_575' title='bbox 503 4661 640 4734; x_wconf 87' lang='lat' dir='ltr'>Ipsa</span> <span class='ocrx_word' id='word_1_576' title='bbox 677 4662 738 4716; x_wconf 91' lang='lat' dir='ltr'>in</span> <span class='ocrx_word' id='word_1_577' title='bbox 799 4662 990 4718; x_wconf 91' lang='lat' dir='ltr'>medio</span> <span class='ocrx_word' id='word_1_578' title='bbox 1035 4665 1200 4720; x_wconf 87' lang='lat' dir='ltr'>stans</span> <span class='ocrx_word' id='word_1_579' title='bbox 1232 4679 1246 4717; x_wconf 89' lang='lat'>:</span> <span class='ocrx_word' id='word_1_580' title='bbox 1282 4662 1490 4734; x_wconf 87' lang='lat' dir='ltr'>Bibite,</span> <span class='ocrx_word' id='word_1_581' title='bbox 1536 4663 1749 4736; x_wconf 90' lang='lat' dir='ltr'>inquit,</span> <span class='ocrx_word' id='word_1_582' title='bbox 1803 4669 1860 4718; x_wconf 87' lang='lat' dir='ltr'>et</span> 
     </span>
    </p>
   </div>
   <div class='ocr_carea' id='block_1_84' title="bbox 190 4749 1856 4825">
    <p class='ocr_par' dir='ltr' id='par_1_84' title="bbox 190 4749 1856 4825">
     <span class='ocr_line' id='line_1_84' title="bbox 190 4749 1856 4825; baseline -0.001 -15"><span class='ocrx_word' id='word_1_583' title='bbox 190 4749 672 4819; x_wconf 85' lang='lat' dir='ltr'>inebriamini,ut</span> <span class='ocrx_word' id='word_1_584' title='bbox 699 4750 870 4806; x_wconf 86' lang='lat' dir='ltr'>cadat</span> <span class='ocrx_word' id='word_1_585' title='bbox 900 4751 1390 4824; x_wconf 88' lang='lat' dir='ltr'>unusquisque,et</span> <span class='ocrx_word' id='word_1_586' title='bbox 1419 4767 1533 4807; x_wconf 88' lang='lat' dir='ltr'>non</span> <span class='ocrx_word' id='word_1_587' title='bbox 1571 4756 1856 4825; x_wconf 86' lang='lat' dir='ltr'>resurgat.</span> 
     </span>
    </p>
   </div>
   <div class='ocr_carea' id='block_1_85' title="bbox 193 4838 1855 4914">
    <p class='ocr_par' dir='ltr' id='par_1_85' title="bbox 193 4838 1855 4914">
     <span class='ocr_line' id='line_1_85' title="bbox 193 4838 1855 4914; baseline -0.002 -15"><span class='ocrx_word' id='word_1_588' title='bbox 193 4842 301 4900; x_wconf 86' lang='lat' dir='ltr'>Ille</span> <span class='ocrx_word' id='word_1_589' title='bbox 331 4841 491 4914; x_wconf 90' lang='lat' dir='ltr'>apud</span> <span class='ocrx_word' id='word_1_590' title='bbox 523 4855 617 4896; x_wconf 88' lang='lat' dir='ltr'>me</span> <span class='ocrx_word' id='word_1_591' title='bbox 649 4839 899 4912; x_wconf 89' lang='lat' dir='ltr'>primus,</span> <span class='ocrx_word' id='word_1_592' title='bbox 931 4838 1032 4912; x_wconf 91' lang='lat' dir='ltr'>qui</span> <span class='ocrx_word' id='word_1_593' title='bbox 1084 4839 1348 4896; x_wconf 87' lang='lat' dir='ltr'>omnium</span> <span class='ocrx_word' id='word_1_594' title='bbox 1394 4840 1855 4912; x_wconf 86' lang='lat' dir='ltr'>perditissimus.</span> 
     </span>
    </p>
   </div>
   <div class='ocr_carea' id='block_1_86' title="bbox 191 4927 1858 5003">
    <p class='ocr_par' dir='ltr' id='par_1_86' title="bbox 191 4927 1858 5003">
     <span class='ocr_line' id='line_1_86' title="bbox 191 4927 1858 5003; baseline -0.003 -15"><span class='ocrx_word' id='word_1_595' title='bbox 191 4931 299 4988; x_wconf 86' lang='lat' dir='ltr'>Ille</span> <span class='ocrx_word' id='word_1_596' title='bbox 330 4946 503 4986; x_wconf 86' lang='lat' dir='ltr'>meus</span> <span class='ocrx_word' id='word_1_597' title='bbox 532 4932 642 4995; x_wconf 87' lang='lat' dir='ltr'>est,</span> <span class='ocrx_word' id='word_1_598' title='bbox 675 4927 776 5000; x_wconf 89' lang='lat' dir='ltr'>qui</span> <span class='ocrx_word' id='word_1_599' title='bbox 807 4945 955 5003; x_wconf 56' lang='lat' dir='ltr'>suus</span> <span class='ocrx_word' id='word_1_600' title='bbox 986 4945 1102 4984; x_wconf 90' lang='lat' dir='ltr'>non</span> <span class='ocrx_word' id='word_1_601' title='bbox 1131 4932 1239 4984; x_wconf 90' lang='lat' dir='ltr'>est.</span> <span class='ocrx_word' id='word_1_602' title='bbox 1275 4927 1372 4984; x_wconf 89' lang='lat' dir='ltr'>Ille</span> <span class='ocrx_word' id='word_1_603' title='bbox 1423 4928 1570 4984; x_wconf 89' lang='lat' dir='ltr'>mihi</span> <span class='ocrx_word' id='word_1_604' title='bbox 1619 4929 1858 5003; x_wconf 84' lang='lat' dir='ltr'>gratior,</span> 
     </span>
    </p>
   </div>
   <div class='ocr_carea' id='block_1_87' title="bbox 195 4945 1860 5093">
    <p class='ocr_par' dir='ltr' id='par_1_87' title="bbox 195 4945 1860 5093">
     <span class='ocr_line' id='line_1_87' title="bbox 195 4945 1858 5003; baseline -0.003 -15"><span class='ocrx_word' id='word_1_605' title='bbox 195 4945 299 4988; x_wconf 82' lang='lat' dir='ltr'>me</span> <span class='ocrx_word' id='word_1_606' title='bbox 330 4946 503 4986; x_wconf 86' lang='lat' dir='ltr'>meus</span> <span class='ocrx_word' id='word_1_607' title='bbox 532 4945 642 4995; x_wconf 74' lang='lat' dir='ltr'>eat,</span> <span class='ocrx_word' id='word_1_608' title='bbox 675 4945 776 5000; x_wconf 75' lang='lat' dir='ltr'>qui</span> <span class='ocrx_word' id='word_1_609' title='bbox 807 4945 836 4984; x_wconf 90' lang='lat' dir='ltr'>s</span> <span class='ocrx_word' id='word_1_610' title='bbox 889 4945 955 4984; x_wconf 90' lang='lat' dir='ltr'>us</span> <span class='ocrx_word' id='word_1_611' title='bbox 986 4945 1102 4984; x_wconf 91' lang='lat' dir='ltr'>non</span> <span class='ocrx_word' id='word_1_612' title='bbox 1131 4945 1239 4984; x_wconf 79' lang='lat' dir='ltr'>est.</span> <span class='ocrx_word' id='word_1_613' title='bbox 1275 4945 1372 4984; x_wconf 76' lang='lat' dir='ltr'>uie</span> <span class='ocrx_word' id='word_1_614' title='bbox 1423 4945 1570 4984; x_wconf 75' lang='lat' dir='ltr'>mini</span> <span class='ocrx_word' id='word_1_615' title='bbox 1619 4945 1858 5003; x_wconf 76' lang='lat' dir='ltr'>gratior,</span> 
     </span>
     <span class='ocr_line' id='line_1_88' title="bbox 195 4945 1860 5093; baseline -0.002 -17"><span class='ocrx_word' id='word_1_616' title='bbox 195 5019 302 5093; x_wconf 87' lang='lat' dir='ltr'>qui</span> <span class='ocrx_word' id='word_1_617' title='bbox 335 5018 448 5075; x_wconf 86' lang='lat' dir='ltr'>sibi</span> <span class='ocrx_word' id='word_1_618' title='bbox 482 4945 941 5089; x_wconf 46' lang='lat' dir='ltr'>nequiorKﬁlix</span> <span class='ocrx_word' id='word_1_619' title='bbox 971 5033 1184 5072; x_wconf 87' lang='lat' dir='ltr'>aureus</span> <span class='ocrx_word' id='word_1_620' title='bbox 1215 5016 1526 5087; x_wconf 83' lang='lat' dir='ltr'>Babylonis</span> <span class='ocrx_word' id='word_1_621' title='bbox 1570 5016 1630 5072; x_wconf 91' lang='lat' dir='ltr'>in</span> <span class='ocrx_word' id='word_1_622' title='bbox 1682 5034 1860 5072; x_wconf 88' lang='lat' dir='ltr'>manu</span> 
     </span>
    </p>
   </div>
   <div class='ocr_carea' id='block_1_88' title="bbox 199 5105 1864 5173">
    <p class='ocr_par' dir='ltr' id='par_1_88' title="bbox 199 5105 1864 5173">
     <span class='ocr_line' id='line_1_89' title="bbox 199 5105 1864 5173; baseline -0.002 -9"><span class='ocrx_word' id='word_1_623' title='bbox 199 5125 334 5164; x_wconf 88' lang='lat' dir='ltr'>mea</span> <span class='ocrx_word' id='word_1_624' title='bbox 363 5105 665 5163; x_wconf 87' lang='lat' dir='ltr'>inebrians</span> <span class='ocrx_word' id='word_1_625' title='bbox 696 5121 931 5162; x_wconf 90' lang='lat' dir='ltr'>omnem</span> <span class='ocrx_word' id='word_1_626' title='bbox 963 5109 1243 5173; x_wconf 85' lang='lat' dir='ltr'>terram,a</span> <span class='ocrx_word' id='word_1_627' title='bbox 1261 5106 1396 5161; x_wconf 92' lang='lat' dir='ltr'>vino</span> <span class='ocrx_word' id='word_1_628' title='bbox 1428 5122 1560 5162; x_wconf 89' lang='lat' dir='ltr'>meo</span> <span class='ocrx_word' id='word_1_629' title='bbox 1586 5105 1864 5162; x_wconf 85' lang='lat' dir='ltr'>biberunt</span> 
     </span>
    </p>
   </div>
   <div class='ocr_carea' id='block_1_89' title="bbox 193 5193 1861 5268">
    <p class='ocr_par' dir='ltr' id='par_1_89' title="bbox 193 5193 1861 5268">
     <span class='ocr_line' id='line_1_90' title="bbox 193 5193 1861 5268; baseline -0.002 -14"><span class='ocrx_word' id='word_1_630' title='bbox 193 5213 408 5254; x_wconf 89' lang='lat' dir='ltr'>omnes</span> <span class='ocrx_word' id='word_1_631' title='bbox 436 5199 663 5268; x_wconf 85' lang='lat' dir='ltr'>gentes.</span> <span class='ocrx_word' id='word_1_632' title='bbox 684 5193 792 5258; x_wconf 89' lang='lat' dir='ltr'>Qui</span> <span class='ocrx_word' id='word_1_633' title='bbox 822 5210 959 5267; x_wconf 84' lang='lat' dir='ltr'>ergo</span> <span class='ocrx_word' id='word_1_634' title='bbox 989 5194 1360 5266; x_wconf 88' lang='lat' dir='ltr'>insipientior</span> <span class='ocrx_word' id='word_1_635' title='bbox 1381 5194 1632 5250; x_wconf 86' lang='lat' dir='ltr'>divertat</span> <span class='ocrx_word' id='word_1_636' title='bbox 1651 5195 1722 5250; x_wconf 91' lang='lat' dir='ltr'>ad</span> <span class='ocrx_word' id='word_1_637' title='bbox 1748 5213 1861 5264; x_wconf 90' lang='lat' dir='ltr'>me,</span> 
     </span>
    </p>
   </div>
   <div class='ocr_carea' id='block_1_90' title="bbox 274 5396 1865 5469">
    <p class='ocr_par' dir='ltr' id='par_1_90' title="bbox 274 5396 1865 5469">
     <span class='ocr_line' id='line_1_91' title="bbox 274 5396 1865 5469; baseline 0.001 -18"><span class='ocrx_word' id='word_1_638' title='bbox 274 5398 390 5469; x_wconf 65' lang='lat' dir='ltr'>(ll)</span> <span class='ocrx_word' id='word_1_639' title='bbox 423 5397 566 5454; x_wconf 88' lang='lat' dir='ltr'>Mss.</span> <span class='ocrx_word' id='word_1_640' title='bbox 601 5398 722 5454; x_wconf 91' lang='lat' dir='ltr'>duo</span> <span class='ocrx_word' id='word_1_641' title='bbox 751 5397 882 5469; x_wconf 79' lang='lat' dir='ltr'>Vat.</span> <span class='ocrx_word' id='word_1_642' title='bbox 915 5401 973 5469; x_wconf 88' lang='lat' dir='ltr'>et</span> <span class='ocrx_word' id='word_1_643' title='bbox 1003 5398 1210 5466; x_wconf 87' lang='lat' dir='ltr'>Laud.,</span> <span class='ocrx_word' id='word_1_644' title='bbox 1246 5400 1433 5453; x_wconf 85' lang='lat' dir='ltr'>inveni</span> <span class='ocrx_word' id='word_1_645' title='bbox 1480 5407 1548 5453; x_wconf 87' lang='lat' dir='ltr'>te.</span> <span class='ocrx_word' id='word_1_646' title='bbox 1582 5397 1726 5452; x_wconf 84' lang='lat' dir='ltr'>Cum</span> <span class='ocrx_word' id='word_1_647' title='bbox 1769 5396 1865 5452; x_wconf 90' lang='lat' dir='ltr'>his</span> 
     </span>
    </p>
   </div>
   <div class='ocr_carea' id='block_1_91' title="bbox 197 5468 1865 5542">
    <p class='ocr_par' dir='ltr' id='par_1_91' title="bbox 197 5468 1865 5542">
     <span class='ocr_line' id='line_1_92' title="bbox 197 5468 1865 5542; baseline -0.001 -17"><span class='ocrx_word' id='word_1_648' title='bbox 197 5468 431 5526; x_wconf 77' lang='lat' dir='ltr'>faeiunt</span> <span class='ocrx_word' id='word_1_649' title='bbox 460 5469 631 5535; x_wconf 65' lang='grc' dir='ltr'><strong>ῙιλΧ,</strong></span> <span class='ocrx_word' id='word_1_650' title='bbox 666 5468 777 5542; x_wconf 63' lang='lat' dir='ltr'>qui</span> <span class='ocrx_word' id='word_1_651' title='bbox 802 5468 886 5524; x_wconf 90' lang='lat' dir='ltr'>sic</span> <span class='ocrx_word' id='word_1_652' title='bbox 912 5468 1134 5524; x_wconf 89' lang='lat' dir='ltr'>habent</span> <span class='ocrx_word' id='word_1_653' title='bbox 1165 5486 1178 5524; x_wconf 83' lang='lat'><strong>:</strong></span> <span class='ocrx_word' id='word_1_654' title='bbox 1210 5477 1427 5542; x_wconf 58' lang='lat' dir='ltr'>arcenda:</span> <span class='ocrx_word' id='word_1_655' title='bbox 1466 5477 1523 5524; x_wconf 85' lang='grc' dir='ltr'>τὸ</span> <span class='ocrx_word' id='word_1_656' title='bbox 1570 5478 1654 5524; x_wconf 84' lang='grc' dir='ltr'>σὸν</span> <span class='ocrx_word' id='word_1_657' title='bbox 1699 5477 1865 5542; x_wconf 55' lang='lat' dir='ltr'>etputa-</span> 
     </span>
    </p>
   </div>
   <div class='ocr_carea' id='block_1_92' title="bbox 197 5539 1863 5623">
    <p class='ocr_par' dir='ltr' id='par_1_92' title="bbox 197 5539 1863 5623">
     <span class='ocr_line' id='line_1_93' title="bbox 197 5539 1863 5623; baseline -0.003 -25"><span class='ocrx_word' id='word_1_658' title='bbox 197 5564 336 5598; x_wconf 70' lang='grc' dir='ltr'>ωπον</span> <span class='ocrx_word' id='word_1_659' title='bbox 381 5547 571 5623; x_wconf 61' lang='grc' dir='ltr'>εὓρητοεί</span> <span class='ocrx_word' id='word_1_660' title='bbox 619 5539 701 5598; x_wconf 70' lang='grc' dir='ltr'>σιξ</span> <span class='ocrx_word' id='word_1_661' title='bbox 737 5539 804 5594; x_wconf 89' lang='lat' dir='ltr'>Et</span> <span class='ocrx_word' id='word_1_662' title='bbox 830 5545 966 5611; x_wconf 88' lang='lat' dir='ltr'>post</span> <span class='ocrx_word' id='word_1_663' title='bbox 995 5557 1180 5612; x_wconf 88' lang='lat' dir='ltr'>pauca</span> <span class='ocrx_word' id='word_1_664' title='bbox 1207 5539 1384 5596; x_wconf 90' lang='lat' dir='ltr'>iidem</span> <span class='ocrx_word' id='word_1_665' title='bbox 1429 5555 1600 5606; x_wconf 88' lang='lat' dir='ltr'>mss.,</span> <span class='ocrx_word' id='word_1_666' title='bbox 1629 5539 1863 5594; x_wconf 66' lang='lat' dir='ltr'>collacte-</span> 
     </span>
    </p>
   </div>
   <div class='ocr_carea' id='block_1_93' title="bbox 197 5625 1364 5670">
    <p class='ocr_par' dir='ltr' id='par_1_93' title="bbox 197 5625 1364 5670">
     <span class='ocr_line' id='line_1_94' title="bbox 197 5625 1364 5670; baseline 0.002 -2"><span class='ocrx_word' id='word_1_667' title='bbox 197 5629 335 5668; x_wconf 77' lang='lat' dir='ltr'>mur</span> <span class='ocrx_word' id='word_1_668' title='bbox 358 5625 520 5670; x_wconf 69' lang='grc' dir='ltr'>σαντα</span> <span class='ocrx_word' id='word_1_669' title='bbox 527 5625 643 5667; x_wconf 87' lang='lat' dir='ltr'>me.</span> <span class='ocrx_word' id='word_1_670' title='bbox 1344 5649 1364 5670; x_wconf 68' lang='grc' dir='ltr'><em>ι</em></span> 
     </span>
    </p>
   </div>
   <div class='ocr_carea' id='block_1_94' title="bbox 278 5679 1863 5755">
    <p class='ocr_par' dir='ltr' id='par_1_94' title="bbox 278 5679 1863 5755">
     <span class='ocr_line' id='line_1_95' title="bbox 278 5679 1863 5755; baseline -0.004 -15"><span class='ocrx_word' id='word_1_671' title='bbox 278 5682 392 5755; x_wconf 75' lang='grc'>(45)</span> <span class='ocrx_word' id='word_1_672' title='bbox 421 5679 511 5741; x_wconf 81' lang='lat' dir='ltr'>Ita</span> <span class='ocrx_word' id='word_1_673' title='bbox 537 5686 658 5740; x_wconf 85' lang='lat' dir='ltr'>vet.</span> <span class='ocrx_word' id='word_1_674' title='bbox 692 5679 831 5738; x_wconf 89' lang='lat' dir='ltr'>edit.</span> <span class='ocrx_word' id='word_1_675' title='bbox 863 5697 1000 5738; x_wconf 89' lang='lat' dir='ltr'>cum</span> <span class='ocrx_word' id='word_1_676' title='bbox 1048 5698 1194 5739; x_wconf 91' lang='lat' dir='ltr'>mss.</span> <span class='ocrx_word' id='word_1_677' title='bbox 1243 5683 1372 5737; x_wconf 86' lang='lat' dir='ltr'>Vat.</span> <span class='ocrx_word' id='word_1_678' title='bbox 1424 5695 1563 5752; x_wconf 90' lang='lat' dir='ltr'>uno,</span> <span class='ocrx_word' id='word_1_679' title='bbox 1613 5683 1670 5736; x_wconf 88' lang='lat' dir='ltr'>et</span> <span class='ocrx_word' id='word_1_680' title='bbox 1717 5679 1863 5749; x_wconf 87' lang='lat' dir='ltr'>Div.;</span> 
     </span>
    </p>
   </div>
   <div class='ocr_carea' id='block_1_95' title="bbox 1953 3329 3608 3402">
    <p class='ocr_par' dir='ltr' id='par_1_95' title="bbox 1953 3329 3608 3402">
     <span class='ocr_line' id='line_1_96' title="bbox 1953 3329 3608 3402; baseline 0 -16"><span class='ocrx_word' id='word_1_681' title='bbox 1953 3337 2006 3386; x_wconf 89' lang='lat' dir='ltr'>et</span> <span class='ocrx_word' id='word_1_682' title='bbox 2047 3331 2154 3402; x_wconf 79' lang='grc'>15).</span> <span class='ocrx_word' id='word_1_683' title='bbox 2202 3332 2358 3386; x_wconf 83' lang='lat' dir='ltr'>Nunc</span> <span class='ocrx_word' id='word_1_684' title='bbox 2413 3333 2606 3400; x_wconf 75' lang='lat' dir='ltr'>igitur,</span> <span class='ocrx_word' id='word_1_685' title='bbox 2657 3331 2761 3400; x_wconf 81' lang='lat' dir='ltr'>ﬁli,</span> <span class='ocrx_word' id='word_1_686' title='bbox 2817 3329 2952 3384; x_wconf 87' lang='lat' dir='ltr'>audi</span> <span class='ocrx_word' id='word_1_687' title='bbox 3000 3346 3109 3397; x_wconf 89' lang='lat' dir='ltr'>me,</span> <span class='ocrx_word' id='word_1_688' title='bbox 3157 3329 3378 3385; x_wconf 87' lang='lat' dir='ltr'>intende</span> <span class='ocrx_word' id='word_1_689' title='bbox 3429 3331 3608 3386; x_wconf 76' lang='lat' dir='ltr'>verbis</span> 
     </span>
    </p>
   </div>
   <div class='ocr_carea' id='block_1_96' title="bbox 1955 3419 3605 3490">
    <p class='ocr_par' dir='ltr' id='par_1_96' title="bbox 1955 3419 3605 3490">
     <span class='ocr_line' id='line_1_97' title="bbox 1955 3419 3605 3490; baseline 0 -16"><span class='ocrx_word' id='word_1_690' title='bbox 1955 3421 2065 3474; x_wconf 91' lang='lat' dir='ltr'>oris</span> <span class='ocrx_word' id='word_1_691' title='bbox 2095 3421 2222 3474; x_wconf 86' lang='lat' dir='ltr'>mei.</span> <span class='ocrx_word' id='word_1_692' title='bbox 2255 3421 2372 3474; x_wconf 80' lang='lat' dir='ltr'>Non</span> <span class='ocrx_word' id='word_1_693' title='bbox 2405 3419 2633 3475; x_wconf 77' lang='lat' dir='ltr'>declinet</span> <span class='ocrx_word' id='word_1_694' title='bbox 2662 3420 2721 3474; x_wconf 87' lang='lat' dir='ltr'>in</span> <span class='ocrx_word' id='word_1_695' title='bbox 2746 3419 2860 3474; x_wconf 87' lang='lat' dir='ltr'>vias</span> <span class='ocrx_word' id='word_1_696' title='bbox 2890 3419 3010 3490; x_wconf 86' lang='lat' dir='ltr'>ejus</span> <span class='ocrx_word' id='word_1_697' title='bbox 3058 3435 3150 3474; x_wconf 91' lang='lat' dir='ltr'>cor</span> <span class='ocrx_word' id='word_1_698' title='bbox 3196 3426 3371 3474; x_wconf 90' lang='lat' dir='ltr'>tuum.</span> <span class='ocrx_word' id='word_1_699' title='bbox 3414 3419 3605 3474; x_wconf 75' lang='lat' dir='ltr'>Multos</span> 
     </span>
    </p>
   </div>
   <div class='ocr_carea' id='block_1_97' title="bbox 1955 3508 3606 3580">
    <p class='ocr_par' dir='ltr' id='par_1_97' title="bbox 1955 3508 3606 3580">
     <span class='ocr_line' id='line_1_98' title="bbox 1955 3508 3606 3580; baseline -0.004 -16"><span class='ocrx_word' id='word_1_700' title='bbox 1955 3510 2103 3564; x_wconf 88' lang='lat' dir='ltr'>enim</span> <span class='ocrx_word' id='word_1_701' title='bbox 2129 3509 2464 3564; x_wconf 82' lang='lat' dir='ltr'>vulnerando</span> <span class='ocrx_word' id='word_1_702' title='bbox 2495 3508 2706 3576; x_wconf 67' lang='lat' dir='ltr'>deiecit,</span> <span class='ocrx_word' id='word_1_703' title='bbox 2740 3510 2790 3562; x_wconf 90' lang='lat' dir='ltr'>et</span> <span class='ocrx_word' id='word_1_704' title='bbox 2819 3515 2948 3563; x_wconf 86' lang='lat' dir='ltr'>sunt</span> <span class='ocrx_word' id='word_1_705' title='bbox 2999 3508 3427 3564; x_wconf 88' lang='lat' dir='ltr'>innumerabiles</span> <span class='ocrx_word' id='word_1_706' title='bbox 3475 3523 3606 3580; x_wconf 72' lang='lat' dir='ltr'>quos</span> 
     </span>
    </p>
   </div>
   <div class='ocr_carea' id='block_1_98' title="bbox 1956 3597 3610 3670">
    <p class='ocr_par' dir='ltr' id='par_1_98' title="bbox 1956 3597 3610 3670">
     <span class='ocr_line' id='line_1_99' title="bbox 1956 3597 3610 3670; baseline -0.001 -16"><span class='ocrx_word' id='word_1_707' title='bbox 1956 3597 2269 3654; x_wconf 74' lang='lat' dir='ltr'>trucidavit.</span> <span class='ocrx_word' id='word_1_708' title='bbox 2336 3600 2456 3654; x_wconf 66' lang='lat' dir='ltr'>Viae</span> <span class='ocrx_word' id='word_1_709' title='bbox 2505 3599 2810 3670; x_wconf 80' lang='lat' dir='ltr'>inferorum</span> <span class='ocrx_word' id='word_1_710' title='bbox 2853 3598 3041 3653; x_wconf 87' lang='lat' dir='ltr'>domus</span> <span class='ocrx_word' id='word_1_711' title='bbox 3097 3599 3236 3669; x_wconf 87' lang='lat' dir='ltr'>ejus,</span> <span class='ocrx_word' id='word_1_712' title='bbox 3293 3597 3610 3654; x_wconf 85' lang='lat' dir='ltr'>deducentcs</span> 
     </span>
    </p>
   </div>
   <div class='ocr_carea' id='block_1_99' title="bbox 1958 3687 3614 3759">
    <p class='ocr_par' dir='ltr' id='par_1_99' title="bbox 1958 3687 3614 3759">
     <span class='ocr_line' id='line_1_100' title="bbox 1958 3687 3614 3759; baseline 0 -17"><span class='ocrx_word' id='word_1_713' title='bbox 1958 3688 2018 3742; x_wconf 86' lang='lat' dir='ltr'>in</span> <span class='ocrx_word' id='word_1_714' title='bbox 2059 3702 2323 3742; x_wconf 84' lang='lat' dir='ltr'>secessum</span> <span class='ocrx_word' id='word_1_715' title='bbox 2373 3689 2562 3742; x_wconf 89' lang='lat' dir='ltr'>mortis</span> <span class='ocrx_word' id='word_1_716' title='bbox 2611 3687 2792 3757; x_wconf 86' lang='lat' dir='ltr'>(Prov.</span> <span class='ocrx_word' id='word_1_717' title='bbox 2846 3703 2943 3753; x_wconf 79' lang='lat' dir='ltr'>vn,</span> <span class='ocrx_word' id='word_1_718' title='bbox 2985 3687 3172 3759; x_wconf 69' lang='lat'>24-27)</span> <span class='ocrx_word' id='word_1_719' title='bbox 3222 3687 3392 3758; x_wconf 86' lang='lat' dir='ltr'>Aufer</span> <span class='ocrx_word' id='word_1_720' title='bbox 3439 3688 3614 3757; x_wconf 85' lang='lat' dir='ltr'>igitur</span> 
     </span>
    </p>
   </div>
   <div class='ocr_carea' id='block_1_100' title="bbox 1957 3775 3610 3848">
    <p class='ocr_par' dir='ltr' id='par_1_100' title="bbox 1957 3775 3610 3848">
     <span class='ocr_line' id='line_1_101' title="bbox 1957 3775 3610 3848; baseline 0 -17"><span class='ocrx_word' id='word_1_721' title='bbox 1957 3776 2064 3831; x_wconf 88' lang='lat' dir='ltr'>tibi</span> <span class='ocrx_word' id='word_1_722' title='bbox 2104 3792 2341 3848; x_wconf 83' lang='lat' dir='ltr'>pravum</span> <span class='ocrx_word' id='word_1_723' title='bbox 2370 3791 2425 3832; x_wconf 88' lang='lat' dir='ltr'>os</span> <span class='ocrx_word' id='word_1_724' title='bbox 2451 3780 2504 3831; x_wconf 82' lang='lat' dir='ltr'>et</span> <span class='ocrx_word' id='word_1_725' title='bbox 2547 3777 2750 3847; x_wconf 74' lang='lat' dir='ltr'>injuste</span> <span class='ocrx_word' id='word_1_726' title='bbox 2781 3775 2932 3830; x_wconf 84' lang='lat' dir='ltr'>labia</span> <span class='ocrx_word' id='word_1_727' title='bbox 2980 3776 3135 3846; x_wconf 88' lang='lat' dir='ltr'>longe</span> <span class='ocrx_word' id='word_1_728' title='bbox 3177 3793 3212 3830; x_wconf 91' lang='lat' dir='ltr'>a</span> <span class='ocrx_word' id='word_1_729' title='bbox 3260 3784 3309 3832; x_wconf 83' lang='lat' dir='ltr'>te</span> <span class='ocrx_word' id='word_1_730' title='bbox 3346 3776 3610 3848; x_wconf 84' lang='lat' dir='ltr'>prOpellc.</span> 
     </span>
    </p>
   </div>
   <div class='ocr_carea' id='block_1_101' title="bbox 1961 3862 3616 3936">
    <p class='ocr_par' dir='ltr' id='par_1_101' title="bbox 1961 3862 3616 3936">
     <span class='ocr_line' id='line_1_102' title="bbox 1961 3862 3616 3936; baseline -0.001 -15"><span class='ocrx_word' id='word_1_731' title='bbox 1961 3865 2119 3921; x_wconf 88' lang='lat' dir='ltr'>Oculi</span> <span class='ocrx_word' id='word_1_732' title='bbox 2145 3866 2230 3920; x_wconf 88' lang='lat' dir='ltr'>tui</span> <span class='ocrx_word' id='word_1_733' title='bbox 2259 3873 2402 3920; x_wconf 85' lang='lat' dir='ltr'>recta</span> <span class='ocrx_word' id='word_1_734' title='bbox 2433 3862 2649 3919; x_wconf 86' lang='lat' dir='ltr'>videant</span> <span class='ocrx_word' id='word_1_735' title='bbox 2691 3865 2875 3933; x_wconf 89' lang='lat' dir='ltr'>(Prov.</span> <span class='ocrx_word' id='word_1_736' title='bbox 2927 3881 3003 3929; x_wconf 85' lang='grc' dir='ltr'>ιν,</span> <span class='ocrx_word' id='word_1_737' title='bbox 3051 3865 3242 3936; x_wconf 61' lang='grc' dir='ltr'>Ξᾶς25)</span> <span class='ocrx_word' id='word_1_738' title='bbox 3296 3882 3309 3920; x_wconf 90' lang='lat'>:</span> <span class='ocrx_word' id='word_1_739' title='bbox 3354 3865 3471 3921; x_wconf 89' lang='lat' dir='ltr'>noli</span> <span class='ocrx_word' id='word_1_740' title='bbox 3522 3865 3616 3920; x_wconf 90' lang='lat' dir='ltr'>in-</span> 
     </span>
    </p>
   </div>
   <div class='ocr_carea' id='block_1_102' title="bbox 1958 3927 3613 4024">
    <p class='ocr_par' dir='ltr' id='par_1_102' title="bbox 1958 3927 3613 4024">
     <span class='ocr_line' id='line_1_103' title="bbox 1958 3927 3613 4024; baseline -0.001 -15"><span class='ocrx_word' id='word_1_741' title='bbox 1958 3953 2177 4009; x_wconf 85' lang='lat' dir='ltr'>tendere</span> <span class='ocrx_word' id='word_1_742' title='bbox 2203 3954 2400 4024; x_wconf 85' lang='lat' dir='ltr'>fallaci</span> <span class='ocrx_word' id='word_1_743' title='bbox 2426 3954 2658 4008; x_wconf 87' lang='lat' dir='ltr'>mulieri</span> <span class='ocrx_word' id='word_1_744' title='bbox 2686 3927 2868 4022; x_wconf 78' lang='lat' dir='ltr'>(Prov.</span> <span class='ocrx_word' id='word_1_745' title='bbox 2903 3970 2955 4008; x_wconf 91' lang='lat' dir='ltr'>v.</span> <span class='ocrx_word' id='word_1_746' title='bbox 2987 3927 3270 4022; x_wconf 54' lang='lat' dir='ltr'>2)Y1&lt;Iella</span> <span class='ocrx_word' id='word_1_747' title='bbox 3305 3952 3460 4009; x_wconf 88' lang='lat' dir='ltr'>enim</span> <span class='ocrx_word' id='word_1_748' title='bbox 3492 3954 3613 4008; x_wconf 89' lang='lat' dir='ltr'>dis-</span> 
     </span>
    </p>
   </div>
   <div class='ocr_carea' id='block_1_103' title="bbox 1962 4038 3618 4112">
    <p class='ocr_par' dir='ltr' id='par_1_103' title="bbox 1962 4038 3618 4112">
     <span class='ocr_line' id='line_1_104' title="bbox 1962 4038 3618 4112; baseline 0 -18"><span class='ocrx_word' id='word_1_749' title='bbox 1962 4039 2238 4094; x_wconf 87' lang='lat' dir='ltr'>tillabunt</span> <span class='ocrx_word' id='word_1_750' title='bbox 2267 4042 2300 4094; x_wconf 77' lang='lat' dir='ltr'>a</span> <span class='ocrx_word' id='word_1_751' title='bbox 2330 4038 2501 4094; x_wconf 90' lang='lat' dir='ltr'>labiis</span> <span class='ocrx_word' id='word_1_752' title='bbox 2534 4039 2799 4095; x_wconf 88' lang='lat' dir='ltr'>mulieris</span> <span class='ocrx_word' id='word_1_753' title='bbox 2832 4039 3175 4108; x_wconf 70' lang='lat' dir='ltr'>fornicariae,</span> <span class='ocrx_word' id='word_1_754' title='bbox 3209 4056 3338 4112; x_wconf 79' lang='lat' dir='ltr'>quas</span> <span class='ocrx_word' id='word_1_755' title='bbox 3370 4039 3442 4095; x_wconf 89' lang='lat' dir='ltr'>ad</span> <span class='ocrx_word' id='word_1_756' title='bbox 3474 4043 3618 4096; x_wconf 87' lang='lat' dir='ltr'>tem-</span> 
     </span>
    </p>
   </div>
   <div class='ocr_carea' id='block_1_104' title="bbox 1964 4127 3618 4200">
    <p class='ocr_par' dir='ltr' id='par_1_104' title="bbox 1964 4127 3618 4200">
     <span class='ocr_line' id='line_1_105' title="bbox 1964 4127 3618 4200; baseline 0.002 -18"><span class='ocrx_word' id='word_1_757' title='bbox 1964 4143 2075 4200; x_wconf 91' lang='lat' dir='ltr'>pus</span> <span class='ocrx_word' id='word_1_758' title='bbox 2109 4128 2437 4200; x_wconf 88' lang='lat' dir='ltr'>impinguat</span> <span class='ocrx_word' id='word_1_759' title='bbox 2469 4127 2665 4184; x_wconf 82' lang='lat' dir='ltr'>fauces</span> <span class='ocrx_word' id='word_1_760' title='bbox 2697 4133 2850 4195; x_wconf 86' lang='lat' dir='ltr'>tuas,</span> <span class='ocrx_word' id='word_1_761' title='bbox 2870 4131 3068 4200; x_wconf 87' lang='lat' dir='ltr'>postea</span> <span class='ocrx_word' id='word_1_762' title='bbox 3099 4144 3234 4183; x_wconf 84' lang='lat' dir='ltr'>vero</span> <span class='ocrx_word' id='word_1_763' title='bbox 3267 4129 3618 4185; x_wconf 86' lang='lat' dir='ltr'>amariorem</span> 
     </span>
    </p>
   </div>
   <div class='ocr_carea' id='block_1_105' title="bbox 1964 4216 3620 4288">
    <p class='ocr_par' dir='ltr' id='par_1_105' title="bbox 1964 4216 3620 4288">
     <span class='ocr_line' id='line_1_106' title="bbox 1964 4216 3620 4288; baseline 0 -16"><span class='ocrx_word' id='word_1_764' title='bbox 1964 4216 2095 4272; x_wconf 85' lang='lat' dir='ltr'>felle</span> <span class='ocrx_word' id='word_1_765' title='bbox 2129 4216 2409 4272; x_wconf 75' lang='lat' dir='ltr'>invenies.</span> <span class='ocrx_word' id='word_1_766' title='bbox 2440 4216 2574 4272; x_wconf 88' lang='lat' dir='ltr'>Dies</span> <span class='ocrx_word' id='word_1_767' title='bbox 2620 4232 2713 4271; x_wconf 88' lang='lat' dir='ltr'>me</span> <span class='ocrx_word' id='word_1_768' title='bbox 2760 4216 2934 4271; x_wconf 90' lang='lat' dir='ltr'>citius</span> <span class='ocrx_word' id='word_1_769' title='bbox 2966 4216 3241 4272; x_wconf 89' lang='lat' dir='ltr'>defecerit</span> <span class='ocrx_word' id='word_1_770' title='bbox 3270 4233 3448 4288; x_wconf 89' lang='lat' dir='ltr'>quam</span> <span class='ocrx_word' id='word_1_771' title='bbox 3477 4216 3620 4272; x_wconf 89' lang='lat' dir='ltr'>vitia</span> 
     </span>
    </p>
   </div>
   <div class='ocr_carea' id='block_1_106' title="bbox 1964 4304 3620 4378">
    <p class='ocr_par' dir='ltr' id='par_1_106' title="bbox 1964 4304 3620 4378">
     <span class='ocr_line' id='line_1_107' title="bbox 1964 4304 3620 4378; baseline 0 -17"><span class='ocrx_word' id='word_1_772' title='bbox 1964 4306 2094 4378; x_wconf 85' lang='lat' dir='ltr'>ejus</span> <span class='ocrx_word' id='word_1_773' title='bbox 2123 4321 2564 4377; x_wconf 75' lang='lat' dir='ltr'>exponam,qua3</span> <span class='ocrx_word' id='word_1_774' title='bbox 2599 4309 2792 4360; x_wconf 86' lang='lat' dir='ltr'>tamen</span> <span class='ocrx_word' id='word_1_775' title='bbox 2829 4306 2888 4360; x_wconf 92' lang='lat' dir='ltr'>in</span> <span class='ocrx_word' id='word_1_776' title='bbox 2917 4304 3245 4361; x_wconf 89' lang='lat' dir='ltr'>Proverbiis</span> <span class='ocrx_word' id='word_1_777' title='bbox 3267 4321 3364 4361; x_wconf 91' lang='lat' dir='ltr'>ore</span> <span class='ocrx_word' id='word_1_778' title='bbox 3393 4305 3620 4378; x_wconf 89' lang='lat' dir='ltr'>sapien-</span> 
     </span>
    </p>
   </div>
   <div class='ocr_carea' id='block_1_107' title="bbox 1963 4393 3620 4466">
    <p class='ocr_par' dir='ltr' id='par_1_107' title="bbox 1963 4393 3620 4466">
     <span class='ocr_line' id='line_1_108' title="bbox 1963 4393 3620 4466; baseline 0.001 -16"><span class='ocrx_word' id='word_1_779' title='bbox 1963 4395 2058 4450; x_wconf 60' lang='lat' dir='ltr'>tia:</span> <span class='ocrx_word' id='word_1_780' title='bbox 2089 4394 2382 4466; x_wconf 85' lang='lat' dir='ltr'>descripta</span> <span class='ocrx_word' id='word_1_781' title='bbox 2411 4401 2586 4466; x_wconf 88' lang='lat' dir='ltr'>atque</span> <span class='ocrx_word' id='word_1_782' title='bbox 2616 4410 2892 4466; x_wconf 81' lang='lat' dir='ltr'>expressa</span> <span class='ocrx_word' id='word_1_783' title='bbox 2941 4396 3098 4448; x_wconf 89' lang='lat' dir='ltr'>sunt.</span> <span class='ocrx_word' id='word_1_784' title='bbox 3133 4393 3318 4465; x_wconf 89' lang='lat' dir='ltr'>(Prov.</span> <span class='ocrx_word' id='word_1_785' title='bbox 3350 4411 3430 4461; x_wconf 81' lang='lat' dir='ltr'>v1,</span> <span class='ocrx_word' id='word_1_786' title='bbox 3459 4395 3530 4450; x_wconf 83' lang='grc'>24</span> <span class='ocrx_word' id='word_1_787' title='bbox 3567 4403 3620 4451; x_wconf 84' lang='lat' dir='ltr'>et</span> 
     </span>
    </p>
   </div>
   <div class='ocr_carea' id='block_1_108' title="bbox 1963 4481 3615 4555">
    <p class='ocr_par' dir='ltr' id='par_1_108' title="bbox 1963 4481 3615 4555">
     <span class='ocr_line' id='line_1_109' title="bbox 1963 4481 3615 4555; baseline -0.001 -15"><span class='ocrx_word' id='word_1_788' title='bbox 1963 4484 2120 4555; x_wconf 88' lang='lat' dir='ltr'>seq.).</span> <span class='ocrx_word' id='word_1_789' title='bbox 2153 4482 2278 4538; x_wconf 86' lang='lat' dir='ltr'>Non</span> <span class='ocrx_word' id='word_1_790' title='bbox 2310 4487 2364 4538; x_wconf 89' lang='lat' dir='ltr'>te</span> <span class='ocrx_word' id='word_1_791' title='bbox 2390 4482 2586 4538; x_wconf 85' lang='lat' dir='ltr'>vincat</span> <span class='ocrx_word' id='word_1_792' title='bbox 2617 4481 2812 4536; x_wconf 71' lang='lat' dir='ltr'>forma:</span> <span class='ocrx_word' id='word_1_793' title='bbox 2851 4481 3344 4554; x_wconf 86' lang='lat' dir='ltr'>concupiscentia.</span> <span class='ocrx_word' id='word_1_794' title='bbox 3378 4482 3615 4539; x_wconf 83' lang='lat' dir='ltr'>Adulte-</span> 
     </span>
    </p>
   </div>
   <div class='ocr_carea' id='block_1_109' title="bbox 1966 4570 3618 4644">
    <p class='ocr_par' dir='ltr' id='par_1_109' title="bbox 1966 4570 3618 4644">
     <span class='ocr_line' id='line_1_110' title="bbox 1966 4570 3618 4644; baseline 0 -16"><span class='ocrx_word' id='word_1_795' title='bbox 1966 4573 2094 4629; x_wconf 89' lang='lat' dir='ltr'>rina</span> <span class='ocrx_word' id='word_1_796' title='bbox 2124 4575 2232 4640; x_wconf 88' lang='lat' dir='ltr'>est,</span> <span class='ocrx_word' id='word_1_797' title='bbox 2268 4571 2416 4627; x_wconf 83' lang='lat' dir='ltr'>fucis</span> <span class='ocrx_word' id='word_1_798' title='bbox 2467 4570 2634 4639; x_wconf 88' lang='lat' dir='ltr'>illita,</span> <span class='ocrx_word' id='word_1_799' title='bbox 2673 4588 3048 4644; x_wconf 86' lang='lat' dir='ltr'>nequaquam</span> <span class='ocrx_word' id='word_1_800' title='bbox 3100 4587 3237 4628; x_wconf 86' lang='lat' dir='ltr'>vero</span> <span class='ocrx_word' id='word_1_801' title='bbox 3277 4588 3343 4628; x_wconf 86' lang='lat' dir='ltr'>ac</span> <span class='ocrx_word' id='word_1_802' title='bbox 3391 4571 3618 4629; x_wconf 88' lang='lat' dir='ltr'>sincero</span> 
     </span>
    </p>
   </div>
   <div class='ocr_carea' id='block_1_110' title="bbox 1968 4659 3620 4735">
    <p class='ocr_par' dir='ltr' id='par_1_110' title="bbox 1968 4659 3620 4735">
     <span class='ocr_line' id='line_1_111' title="bbox 1968 4659 3620 4735; baseline 0 -17"><span class='ocrx_word' id='word_1_803' title='bbox 1968 4661 2198 4735; x_wconf 78' lang='lat' dir='ltr'>fulgens</span> <span class='ocrx_word' id='word_1_804' title='bbox 2229 4661 2452 4718; x_wconf 88' lang='lat' dir='ltr'>decore.</span> <span class='ocrx_word' id='word_1_805' title='bbox 2485 4661 2682 4733; x_wconf 89' lang='lat' dir='ltr'>Neque</span> <span class='ocrx_word' id='word_1_806' title='bbox 2714 4661 2961 4733; x_wconf 85' lang='lat' dir='ltr'>capiaris</span> <span class='ocrx_word' id='word_1_807' title='bbox 2993 4659 3214 4729; x_wconf 90' lang='lat' dir='ltr'>oculis;</span> <span class='ocrx_word' id='word_1_808' title='bbox 3263 4660 3620 4718; x_wconf 85' lang='lat' dir='ltr'>circumfusa</span> 
     </span>
    </p>
   </div>
   <div class='ocr_carea' id='block_1_111' title="bbox 1968 4747 3617 4822">
    <p class='ocr_par' dir='ltr' id='par_1_111' title="bbox 1968 4747 3617 4822">
     <span class='ocr_line' id='line_1_112' title="bbox 1968 4747 3617 4822; baseline -0.001 -15"><span class='ocrx_word' id='word_1_809' title='bbox 1968 4751 2124 4807; x_wconf 88' lang='lat' dir='ltr'>enim</span> <span class='ocrx_word' id='word_1_810' title='bbox 2159 4749 2302 4806; x_wconf 89' lang='lat' dir='ltr'>retia</span> <span class='ocrx_word' id='word_1_811' title='bbox 2332 4749 2633 4806; x_wconf 84' lang='lat' dir='ltr'>sunt.Esto</span> <span class='ocrx_word' id='word_1_812' title='bbox 2670 4748 2857 4822; x_wconf 86' lang='lat' dir='ltr'>magis</span> <span class='ocrx_word' id='word_1_813' title='bbox 2889 4747 3100 4805; x_wconf 89' lang='lat' dir='ltr'>similis</span> <span class='ocrx_word' id='word_1_814' title='bbox 3130 4747 3292 4805; x_wconf 89' lang='lat' dir='ltr'>illius</span> <span class='ocrx_word' id='word_1_815' title='bbox 3323 4753 3379 4805; x_wconf 89' lang='lat' dir='ltr'>et</span> <span class='ocrx_word' id='word_1_816' title='bbox 3409 4766 3617 4822; x_wconf 87' lang='lat' dir='ltr'>seque-</span> 
     </span>
    </p>
   </div>
   <div class='ocr_carea' id='block_1_112' title="bbox 1970 4837 3621 4912">
    <p class='ocr_par' dir='ltr' id='par_1_112' title="bbox 1970 4837 3621 4912">
     <span class='ocr_line' id='line_1_113' title="bbox 1970 4837 3621 4912; baseline -0.002 -17"><span class='ocrx_word' id='word_1_817' title='bbox 1970 4857 2030 4896; x_wconf 89' lang='lat' dir='ltr'>re</span> <span class='ocrx_word' id='word_1_818' title='bbox 2058 4856 2194 4896; x_wconf 89' lang='lat' dir='ltr'>eum</span> <span class='ocrx_word' id='word_1_819' title='bbox 2227 4839 2326 4912; x_wconf 89' lang='lat' dir='ltr'>qui</span> <span class='ocrx_word' id='word_1_820' title='bbox 2359 4837 2517 4904; x_wconf 90' lang='lat' dir='ltr'>salit,</span> <span class='ocrx_word' id='word_1_821' title='bbox 2554 4855 2731 4912; x_wconf 90' lang='lat' dir='ltr'>super</span> <span class='ocrx_word' id='word_1_822' title='bbox 2760 4842 2990 4895; x_wconf 78' lang='lat' dir='ltr'>montes</span> <span class='ocrx_word' id='word_1_823' title='bbox 3037 4842 3096 4894; x_wconf 92' lang='lat' dir='ltr'>et</span> <span class='ocrx_word' id='word_1_824' title='bbox 3143 4837 3400 4894; x_wconf 89' lang='lat' dir='ltr'>transilit</span> <span class='ocrx_word' id='word_1_825' title='bbox 3445 4854 3621 4909; x_wconf 90' lang='lat' dir='ltr'>super</span> 
     </span>
    </p>
   </div>
   <div class='ocr_carea' id='block_1_113' title="bbox 1969 4927 3622 5002">
    <p class='ocr_par' dir='ltr' id='par_1_113' title="bbox 1969 4927 3622 5002">
     <span class='ocr_line' id='line_1_114' title="bbox 1969 4927 3622 5002; baseline -0.002 -17"><span class='ocrx_word' id='word_1_826' title='bbox 1969 4928 2164 4996; x_wconf 91' lang='lat' dir='ltr'>colles,</span> <span class='ocrx_word' id='word_1_827' title='bbox 2198 4927 2559 5002; x_wconf 84' lang='lat' dir='ltr'>prospiciens</span> <span class='ocrx_word' id='word_1_828' title='bbox 2619 4944 2721 5000; x_wconf 87' lang='lat' dir='ltr'>per</span> <span class='ocrx_word' id='word_1_829' title='bbox 2776 4928 3084 4996; x_wconf 80' lang='lat' dir='ltr'>fenestras,</span> <span class='ocrx_word' id='word_1_830' title='bbox 3120 4927 3388 4982; x_wconf 88' lang='lat' dir='ltr'>eminens</span> <span class='ocrx_word' id='word_1_831' title='bbox 3443 4942 3622 4997; x_wconf 86' lang='lat' dir='ltr'>super</span> 
     </span>
    </p>
   </div>
   <div class='ocr_carea' id='block_1_114' title="bbox 1971 5012 3619 5089">
    <p class='ocr_par' dir='ltr' id='par_1_114' title="bbox 1971 5012 3619 5089">
     <span class='ocr_line' id='line_1_115' title="bbox 1971 5012 3619 5089; baseline -0.002 -16"><span class='ocrx_word' id='word_1_832' title='bbox 1971 5018 2116 5074; x_wconf 89' lang='lat' dir='ltr'>retia</span> <span class='ocrx_word' id='word_1_833' title='bbox 2170 5017 2347 5089; x_wconf 86' lang='lat' dir='ltr'>(Cant.</span> <span class='ocrx_word' id='word_1_834' title='bbox 2414 5033 2475 5084; x_wconf 84' lang='lat' dir='ltr'>ll,</span> <span class='ocrx_word' id='word_1_835' title='bbox 2534 5016 2674 5087; x_wconf 84' lang='lat'>8-9).</span> <span class='ocrx_word' id='word_1_836' title='bbox 2733 5015 2885 5072; x_wconf 88' lang='lat' dir='ltr'>Mala</span> <span class='ocrx_word' id='word_1_837' title='bbox 2931 5024 3071 5071; x_wconf 87' lang='lat' dir='ltr'>sunt.</span> <span class='ocrx_word' id='word_1_838' title='bbox 3124 5012 3440 5086; x_wconf 84' lang='lat' dir='ltr'>voluptatis</span> <span class='ocrx_word' id='word_1_839' title='bbox 3496 5012 3619 5070; x_wconf 89' lang='lat' dir='ltr'>vin-</span> 
     </span>
    </p>
   </div>
   <div class='ocr_carea' id='block_1_115' title="bbox 1970 5103 3622 5172">
    <p class='ocr_par' dir='ltr' id='par_1_115' title="bbox 1970 5103 3622 5172">
     <span class='ocr_line' id='line_1_116' title="bbox 1970 5103 3622 5172; baseline -0.002 -10"><span class='ocrx_word' id='word_1_840' title='bbox 1970 5106 2120 5162; x_wconf 86' lang='lat' dir='ltr'>cula.</span> <span class='ocrx_word' id='word_1_841' title='bbox 2151 5105 2360 5162; x_wconf 91' lang='lat' dir='ltr'>Oculos</span> <span class='ocrx_word' id='word_1_842' title='bbox 2392 5104 2656 5172; x_wconf 90' lang='lat' dir='ltr'>delectat,</span> <span class='ocrx_word' id='word_1_843' title='bbox 2681 5103 2974 5160; x_wconf 89' lang='lat' dir='ltr'>demulcet</span> <span class='ocrx_word' id='word_1_844' title='bbox 3003 5120 3196 5171; x_wconf 90' lang='lat' dir='ltr'>aures,</span> <span class='ocrx_word' id='word_1_845' title='bbox 3230 5103 3332 5158; x_wconf 90' lang='lat' dir='ltr'>sed</span> <span class='ocrx_word' id='word_1_846' title='bbox 3366 5105 3622 5158; x_wconf 88' lang='lat' dir='ltr'>mentem</span> 
     </span>
    </p>
   </div>
   <div class='ocr_carea' id='block_1_116' title="bbox 1972 5191 3624 5266">
    <p class='ocr_par' dir='ltr' id='par_1_116' title="bbox 1972 5191 3624 5266">
     <span class='ocr_line' id='line_1_117' title="bbox 1972 5191 3624 5266; baseline -0.002 -17"><span class='ocrx_word' id='word_1_847' title='bbox 1972 5195 2278 5266; x_wconf 88' lang='lat' dir='ltr'>inquinat:</span> <span class='ocrx_word' id='word_1_848' title='bbox 2308 5193 2495 5249; x_wconf 88' lang='lat' dir='ltr'>multa</span> <span class='ocrx_word' id='word_1_849' title='bbox 2526 5191 2985 5261; x_wconf 83' lang='lat' dir='ltr'>mentitur,talsa</span> <span class='ocrx_word' id='word_1_850' title='bbox 3014 5191 3303 5263; x_wconf 87' lang='lat' dir='ltr'>adjungit,</span> <span class='ocrx_word' id='word_1_851' title='bbox 3326 5206 3462 5246; x_wconf 89' lang='lat' dir='ltr'>vera</span> <span class='ocrx_word' id='word_1_852' title='bbox 3489 5191 3624 5247; x_wconf 88' lang='lat' dir='ltr'>sub-</span> 
     </span>
    </p>
   </div>
   <div class='ocr_carea' id='block_1_117' title="bbox 1975 5393 3390 5463">
    <p class='ocr_par' dir='ltr' id='par_1_117' title="bbox 1975 5393 3390 5463">
     <span class='ocr_line' id='line_1_118' title="bbox 1975 5393 3390 5463; baseline -0.004 -9"><span class='ocrx_word' id='word_1_853' title='bbox 1975 5399 2140 5454; x_wconf 82' lang='lat' dir='ltr'>Rom.</span> <span class='ocrx_word' id='word_1_854' title='bbox 2171 5402 2362 5452; x_wconf 89' lang='lat' dir='ltr'>autem</span> <span class='ocrx_word' id='word_1_855' title='bbox 2391 5411 2522 5449; x_wconf 90' lang='lat' dir='ltr'>cum</span> <span class='ocrx_word' id='word_1_856' title='bbox 2555 5393 2709 5463; x_wconf 88' lang='lat' dir='ltr'>aliis,</span> <span class='ocrx_word' id='word_1_857' title='bbox 2739 5399 3027 5452; x_wconf 87' lang='lat' dir='ltr'>concentus</span> <span class='ocrx_word' id='word_1_858' title='bbox 3055 5397 3390 5452; x_wconf 85' lang='lat' dir='ltr'>canentium.</span> 
     </span>
    </p>
   </div>
   <div class='ocr_carea' id='block_1_118' title="bbox 2042 5465 3620 5539">
    <p class='ocr_par' dir='ltr' id='par_1_118' title="bbox 2042 5465 3620 5539">
     <span class='ocr_line' id='line_1_119' title="bbox 2042 5465 3620 5539; baseline -0.002 -16"><span class='ocrx_word' id='word_1_859' title='bbox 2042 5469 2157 5539; x_wconf 80' lang='lat' dir='ltr'>(l6)</span> <span class='ocrx_word' id='word_1_860' title='bbox 2189 5468 2330 5522; x_wconf 84' lang='lat' dir='ltr'>Mss.</span> <span class='ocrx_word' id='word_1_861' title='bbox 2362 5466 2490 5520; x_wconf 69' lang='lat' dir='ltr'>Vat.</span> <span class='ocrx_word' id='word_1_862' title='bbox 2524 5467 2974 5539; x_wconf 20' lang='lat' dir='ltr'>_unus,l)iv.iet</span> <span class='ocrx_word' id='word_1_863' title='bbox 3018 5467 3175 5539; x_wconf 76' lang='lat' dir='ltr'>Flor.</span> <span class='ocrx_word' id='word_1_864' title='bbox 3223 5481 3447 5523; x_wconf 88' lang='lat' dir='ltr'>necnon</span> <span class='ocrx_word' id='word_1_865' title='bbox 3480 5465 3620 5521; x_wconf 86' lang='lat' dir='ltr'>edit.</span> 
     </span>
    </p>
   </div>
   <div class='ocr_carea' id='block_1_119' title="bbox 1973 5537 3620 5608">
    <p class='ocr_par' dir='ltr' id='par_1_119' title="bbox 1973 5537 3620 5608">
     <span class='ocr_line' id='line_1_120' title="bbox 1973 5537 3620 5608; baseline -0.002 -14"><span class='ocrx_word' id='word_1_866' title='bbox 1973 5537 2112 5608; x_wconf 82' lang='lat' dir='ltr'>vet.,</span> <span class='ocrx_word' id='word_1_867' title='bbox 2142 5539 2379 5594; x_wconf 84' lang='lat' dir='ltr'>occurrit</span> <span class='ocrx_word' id='word_1_868' title='bbox 2417 5537 2662 5608; x_wconf 79' lang='lat' dir='ltr'>veritate.</span> <span class='ocrx_word' id='word_1_869' title='bbox 2711 5537 2818 5608; x_wconf 88' lang='lat' dir='ltr'>Ms.</span> <span class='ocrx_word' id='word_1_870' title='bbox 2846 5537 3085 5608; x_wconf 15' lang='lat' dir='ltr'>iLaud.,</span> <span class='ocrx_word' id='word_1_871' title='bbox 3129 5540 3370 5594; x_wconf 85' lang='lat' dir='ltr'>occurrit</span> <span class='ocrx_word' id='word_1_872' title='bbox 3401 5539 3620 5592; x_wconf 88' lang='lat' dir='ltr'>veritas.</span> 
     </span>
    </p>
   </div>
   <div class='ocr_carea' id='block_1_120' title="bbox 1973 5605 3620 5678">
    <p class='ocr_par' dir='ltr' id='par_1_120' title="bbox 1973 5605 3620 5678">
     <span class='ocr_line' id='line_1_121' title="bbox 1973 5605 3620 5678; baseline -0.004 -12"><span class='ocrx_word' id='word_1_873' title='bbox 1973 5605 2180 5666; x_wconf 87' lang='lat' dir='ltr'>Melius</span> <span class='ocrx_word' id='word_1_874' title='bbox 2226 5610 2354 5665; x_wconf 87' lang='lat' dir='ltr'>Vat.</span> <span class='ocrx_word' id='word_1_875' title='bbox 2391 5605 2556 5674; x_wconf 88' lang='lat' dir='ltr'>alter,</span> <span class='ocrx_word' id='word_1_876' title='bbox 2586 5610 2643 5662; x_wconf 91' lang='lat' dir='ltr'>et</span> <span class='ocrx_word' id='word_1_877' title='bbox 2670 5607 2807 5664; x_wconf 89' lang='lat' dir='ltr'>edit.</span> <span class='ocrx_word' id='word_1_878' title='bbox 2843 5607 3034 5674; x_wconf 85' lang='lat' dir='ltr'>Rom.,</span> <span class='ocrx_word' id='word_1_879' title='bbox 3065 5611 3324 5678; x_wconf 86' lang='lat' dir='ltr'>occurrit,</span> <span class='ocrx_word' id='word_1_880' title='bbox 3339 5608 3514 5664; x_wconf 87' lang='lat' dir='ltr'>verita</span> <span class='ocrx_word' id='word_1_881' title='bbox 3531 5622 3620 5673; x_wconf 88' lang='lat' dir='ltr'>ne,</span> 
     </span>
    </p>
   </div>
   <div class='ocr_carea' id='block_1_121' title="bbox 1975 5685 2086 5737">
    <p class='ocr_par' dir='ltr' id='par_1_121' title="bbox 1975 5685 2086 5737">
     <span class='ocr_line' id='line_1_122' title="bbox 1975 5685 2086 5737; baseline -0.009 0"><span class='ocrx_word' id='word_1_882' title='bbox 1975 5685 2086 5737; x_wconf 89' lang='lat' dir='ltr'>etc.</span> 
     </span>
    </p>
   </div>
  </div>
