3910 6210
284 267 405 335 813
422 324 428 331 .

1747 262 1813 324 S.
1859 255 2232 321 AMBROSII

3578 255 3717 319 3η.

287 402 472 475 ducit,
504 403 755 479 spondet
783 402 1111 478 pecuniam,
1136 419 1342 461 aurum
1378 401 1570 466 offert;
1604 397 1706 453 sed
1738 396 1927 451 aufert
1956 391 2013 458 Α
2038 390 2176 448 licet
2207 388 2398 449 brevis
2422 390 2552 448 vitm
2586 407 2702 451 non
2733 390 2810 449 sit
2826 388 3071 466 longum
3089 387 3367 448 viaticum
3388 388 3700 464 requiren-

288 493 662 567 disciplinam
694 496 878 567 (Prov.
910 511 1031 562 vm,
1066 493 1173 563 10).
1204 492 1288 547 Tu
1314 494 1504 545 autem
1532 488 1725 559 accipe
1748 484 1940 558 potius

289 583 685 656 disciplinam,
720 582 1257 656 quamqpecuniam,
1310 585 1365 635 et
1410 577 1716 635 scientiam
1763 591 1943 645 super

293 654 504 730 aurum
531 654 1090 745 probatum/Melior
1118 669 1377 725 estenim
1400 667 1696 738 lapidibus
1728 663 1940 735 pretio-

298 762 380 819 sis
410 763 590 834 (Prov.
624 777 707 831 IlI,
747 763 810 815 ιο
839 764 890 816 et
917 764 1050 831 seq.)
1081 760 1205 814 Non
1253 762 1305 813 te
1356 755 1553 812 celabo
1603 771 1728 826 qua:
1780 769 1941 808 sum-

297 868 396 908 ma
424 853 552 922 ejus
582 852 846 906 feruntur
874 867 946 906 ne
974 850 1177 904 videar
1206 846 1504 918 deoperire
1522 844 1631 916 (l7)
1660 859 1785 914 quae
1819 840 1942 895 dis-

296 939 548 1014 pliceant
577 940 637 995 in
669 940 979 1012 voluptate,
1015 944 1072 994 et
1102 937 1453 993 obumbrare
1484 951 1609 1005 qua:
1656 931 1940 1004 placeant.

295 1029 492 1087 Elevat
520 1029 675 1087 enim
726 1034 783 1085 et
829 1027 1054 1085 extollit
1102 1031 1354 1082 mentem
1410 1022 1692 1081 suasoriis
1729 1020 1942 1086 verbis,

299 1119 555 1175 ostendit
610 1119 809 1174 omnia
859 1134 1038 1190 regna
1067 1121 1253 1185 terrae,
1288 1114 1486 1169 dicens
1519 1129 1531 1167 :
1568 1112 1697 1166 Haec
1747 1109 1945 1165 omnia

301 1208 406 1263 tibi
438 1208 608 1273 dabo,
643 1206 691 1262 si
723 1205 1032 1278 procidens
1063 1203 1394 1260 adoraveris
1427 1218 1539 1255 me.
1573 1198 1658 1255 Ibi
1708 1202 1770 1253 tu
1810 1214 1945 1253 cave

304 1282 385 1352 ne
402 1294 649 1369 rapiaris
682 1313 715 1351 a
742 1293 1282 1367 prseterlabentibus
1313 1295 1368 1347 et
1399 1307 1513 1345 non
1545 1286 1944 1357 manentibus,

305 1384 523 1458 quibus
554 1400 768 1456 magna
799 1384 1041 1439 tentatio
1073 1387 1180 1438 est.

375 1474 462 1529 46.
499 1473 701 1529 Docuit
730 1478 786 1528 te
816 1477 969 1528 certe
1012 1471 1297 1527 Dominus
1344 1470 1516 1525 Jesus
1566 1466 1946 1540 quemadmo-

303 1563 444 1620 dum
478 1563 756 1618 adversus
785 1561 1125 1633 hujusmodi
1156 1560 1508 1615 tentationes
1545 1557 1807 1612 resistas.
1840 1556 1948 1610 Te-

304 1652 569 1709 tenderat
598 1650 867 1707 diabolus
899 1650 1154 1723 primum
1184 1649 1463 1720 laqueum
1503 1647 1652 1720 gulae
1702 1645 1901 1701 dicens
1934 1661 1947 1699 :

2050 482 2227 549 dum;
2260 486 2453 537 tamen
2487 483 2557 538 ab
2590 499 2655 538 eo
2689 498 2860 555 spera
2880 481 2981 555 qui
3001 481 3333 537 universam
3364 484 3699 537 creaturam

2052 571 2331 638 condidit,
2365 571 2464 643 qui
2492 572 2719 628 diabolo
2771 573 2956 628 ea’ad
3003 575 3236 645 tempus
3264 570 3530 637 tradidit,
3581 588 3701 627 non

2052 664 2118 715 ut
2150 661 2465 733 possideat,
2500 663 2601 718 sed
2634 666 2700 718 ut
2728 666 2929 719 tentet.
2982 663 3105 718 Non
3135 660 3293 718 enim
3335 665 3569 734 poterat
3605 678 3700 717 co-

2052 767 2197 806 rona
2243 768 2370 807 esse
2418 751 2543 807 sine
2591 751 2925 807 certamine.
2959 751 3247 807 Probandi
3294 755 3464 808 erant
3513 751 3702 819 dubii,

2054 844 2119 895 ut
2142 839 2291 910 justi
2325 844 2758 897 coronarentur.

2126 930 2213 983 18.
2247 928 2410 984 Dedit
2455 931 2652 1003 itaque
2701 929 2932 987 diabolo
2980 947 3067 999 ea,
3117 930 3257 1003 quia
3303 930 3361 986 in
3413 930 3509 986 his
3558 930 3706 1003 ipsis

2054 1035 2224 1091 pmna
2250 1019 2588 1093 accipientis
2618 1024 2725 1089 est,
2759 1020 2807 1076 si
2841 1021 2927 1076 uti
2959 1019 3201 1076 nesciat.
3236 1020 3384 1087 Quid
3416 1023 3509 1077 est
3546 1019 3705 1076 enim

2053 1107 2370 1164 thesaurus
2401 1108 2721 1176 luxurioso,
2758 1109 2870 1166 nisi
2902 1113 3178 1182 sumptus
3226 1107 3511 1165 luxuriae?
3542 1108 3706 1165 Unde

2052 1214 2169 1253 non
2198 1196 2560 1266 luxvrlosus,
2592 1200 2691 1255 sed
2726 1199 2878 1273 frugi
2908 1198 3208 1273 probatur.
3243 1200 3313 1255 Et
3357 1198 3489 1255 ideo
3540 1201 3705 1256 utere

2054 1286 2224 1359 quasi
2259 1287 2411 1359 frugi
2443 1288 2515 1343 iis
2546 1304 2672 1359 quae
2720 1287 2830 1343 tibi
2885 1290 3279 1360 apponuntur,
3316 1289 3379 1341 ut
3420 1303 3539 1343 non
3572 1303 3707 1342 cum

2057 1376 2379 1432 manducas
2430 1375 2705 1448 multum,
2753 1375 2989 1432 odibilis
3020 1377 3127 1432 ﬁas
3162 1392 3174 1432 :
3214 1377 3432 1448 Vigiliaz
3459 1376 3620 1432 enim
3660 1384 3711 1432 et

2059 1473 2323 1521 tormenta
2348 1468 2466 1521 viro
2510 1465 2663 1521 edaci
2706 1465 2892 1537 (Eccli.
2925 1483 3081 1537 xxxx,
3130 1466 3247 1533 25).
3293 1466 3364 1520 Et
3412 1464 3570 1521 infra
3605 1482 3619 1521 :
3651 1467 3714 1523 Si

2057 1563 2272 1611 coactus
2301 1556 2478 1627 fueris
2524 1556 2585 1610 in
2631 1554 2833 1611 edendo
2878 1571 3043 1624 surge
3087 1558 3139 1611 et
3188 1570 3357 1623 vome,
3388 1562 3441 1612 et
3477 1556 3709 1628 refrige-

2060 1644 2206 1699 rabit
2255 1652 2323 1708 te,
2387 1652 2439 1699 et
2485 1660 2595 1699 non
2643 1643 2873 1701 adduces
2919 1645 3140 1716 corpori
3193 1651 3281 1700 tuo
3329 1643 3713 1715 inﬁmitatem

307 1741 369 1798 Si
398 1742 571 1796 Filius
603 1741 698 1795 Dei
725 1756 799 1806 es,
831 1739 917 1794 dic
948 1738 1075 1794 huic
1104 1738 1363 1810 lapidi,ut
1405 1738 1571 1809 panis
1600 1737 1697 1806 ﬁat
1727 1734 1947 1807 (Matth.
1989 1764 2036 1829 B
2068 1733 2670 1829 (Ibitl.n25).Plurimos
2700 1733 2899 1829 itaque
2927 1731 3067 1807 gula
3096 1749 3205 1789 sua
3231 1733 3714 1829 occidit-mullum

308 1847 388 1899 ιν,
418 1830 495 1901 3).
530 1829 851 1900 Respondit
878 1827 1163 1884 Dominus
1196 1844 1208 1882 :
1242 1829 1354 1883 Non
1406 1828 1465 1881 in
1508 1842 1652 1897 pane
1682 1826 1795 1881 solo
1824 1826 1959 1879 vivit
1990 1821 2032 1829 ”
2067 1822 2374 1895 frugalitas
2409 1840 2421 1878 :
2456 1822 2782 1879 innumeris
2814 1823 2949 1879 vina
2978 1826 3324 1890 nocuerunt,
3353 1821 3504 1879 nulli
3527 1823 3715 1896 parci-

311 1920 487 1987 homo,
532 1917 626 1974 sed
669 1919 727 1972 in
777 1919 929 1973 omni
974 1916 1131 1972 verbo
1179 1918 1283 1973 Dei
1327 1915 1483 1986 (Ibid.
1536 1916 1610 1986 4).
1661 1915 1958 1985 Laqueum

311 2007 483 2066 solvit
512 2008 619 2064 hoc
654 2007 830 2063 dicto.
864 2005 1064 2063 Posuit
1090 2006 1303 2061 iterum
1335 2004 1603 2061 diabolus
1634 2004 1958 2060 secundum

304 2098 602 2171 jactantia:
634 2097 931 2171 laqueum,
966 2096 1066 2169 qui
1096 2096 1274 2152 etiam
1300 2096 1517 2151 bonam
1548 2097 1803 2149 mentem
1834 2110 1962 2166 pro-

314 2188 501 2261 speris
560 2191 888 2244 currentem
942 2184 1170 2242 semitis
1228 2183 1374 2239 solet
1429 2181 1850 2256 strangulare:
1896 2184 1961 2237 Et

316 2276 476 2332 ducit
524 2276 706 2342 illum,
756 2273 969 2345 inquit,
1020 2275 1081 2328 in
1125 2273 1449 2338 Jerusalem,
1482 2279 1533 2327 et
1559 2273 1755 2326 statuit
1800 2271 1962 2325 illum

317 2381 483 2438 super
519 2366 754 2436 pinnam
803 2363 1009 2434 templi,
1060 2370 1111 2417 et
1163 2361 1305 2416 dixit
1355 2362 1444 2415 illi
1482 2380 1499 2415 :
1532 2360 1593 2415 Si
1641 2361 1813 2416 Filius
1865 2360 1963 2415 Dei

318 2470 393 2521 es,
433 2454 593 2509 mitte
641 2456 692 2507 te
737 2452 883 2507 hinc.
930 2451 1203 2523 Scriptum
1251 2455 1329 2505 est
1372 2452 1522 2506 enim
1572 2450 1711 2521 quod
1754 2449 1964 2520 angelis

319 2544 436 2599 suis
462 2542 745 2597 mandavit
773 2541 837 2597 de
864 2548 933 2609 te,
964 2545 1025 2595 ut
1054 2543 1367 2596 conservent
1411 2542 1480 2607 te,
1516 2541 1647 2611 quia
1686 2541 1746 2593 in
1782 2539 1955 2593 mani-

322 2632 420 2689 bus
450 2632 640 2688 tollent
680 2634 750 2697 te,
789 2648 858 2686 ne
897 2633 1039 2701 forte
1084 2630 1324 2701 offendas
1369 2629 1439 2683 ad
1488 2628 1729 2699 lapidem
1774 2628 1967 2700 pedem

322 2731 476 2779 tuum
506 2720 664 2793 (Ibid.
694 2720 770 2792 5).
806 2721 1007 2790 Itaque
1056 2735 1189 2773 cum
1236 2722 1433 2789 posset
1480 2717 1606 2772 sine
1657 2715 1775 2771 ullo
1815 2716 1967 2787 peri-

322 2810 453 2867 culo
506 2810 738 2864 mittere
793 2824 855 2863 se
912 2807 1194 2862 Dominus
1242 2807 1439 2874 Jesus,
1471 2805 1563 2861 cui
1595 2808 1972 2877 suppeterent

324 2896 618 2971 spiritales
646 2896 896 2960 volatus,
926 2899 1122 2951 tamen
1154 2912 1224 2951 ne
1257 2895 1550 2966 jactantia:
1581 2912 1765 2968 genus
1796 2899 1969 2966 esset,

325 2985 627 3059 respondit
665 2984 896 3040 diabolo
946 3002 958 3041 :
1010 2986 1122 3041 Non
1180 2985 1409 3039 tentabis
1456 2986 1743 3040 Dominum
1794 2989 1973 3040 Deum

328 3084 481 3133 tuum
529 3073 694 3145 (Ibid.
726 3074 802 3145 7).
836 3073 1022 3129 Simul
1068 3074 1266 3129 docuit
1314 3090 1422 3129 nos
1466 3090 1663 3130 cavere
1695 3091 1766 3129 ne
1796 3072 1972 3129 facia-

328 3180 463 3220 mus
490 3162 850 3219 voluntatem
882 3162 1116 3218 diaboli.
1152 3162 1211 3218 Si
1244 3179 1378 3235 ergo
1408 3180 1537 3219 vere
1557 3163 1845 3235 jactantia
1874 3164 1972 3220 de-

329 3252 601 3310 clinanda
630 3257 737 3321 est,
771 3256 990 3325 quanto
1039 3252 1227 3324 magis
1280 3268 1452 3307 nemo
1499 3252 1670 3307 debet
1714 3251 1860 3308 falsa
1881 3253 1974 3324 ja-

330 3346 489 3401 ctare
518 3359 622 3415 pro
656 3341 844 3398 veris?
872 3341 1100 3397 Tertius
1130 3344 1397 3413 superest
1445 3341 1692 3413 laqueus
1723 3341 1974 3398 avaritiae

332 3437 508 3504 atque
534 3430 891 3487 ambitionis.
914 3431 1190 3486 Ostendit
1219 3430 1277 3485 in
1310 3435 1504 3486 monte
1544 3430 1733 3504 posito
1778 3431 1976 3487 omnia

329 3536 511 3593 regna
538 3520 702 3575 urbis
734 3525 898 3574 terra
948 3522 1008 3575 in
1056 3525 1353 3575 momento
1394 3520 1673 3592 temporis
1706 3521 1862 3592 (Ibid.
1895 3522 1971 3593 8).

327 3608 481 3663 Bene
510 3607 570 3662 in
612 3612 926 3674 momento,
977 3608 1117 3679 quia
1169 3609 1446 3664 diuturna
1492 3625 1620 3665 esse
1650 3614 1969 3682 nequeunt.

326 3695 639 3753 Paululum
670 3699 958 3767 exspecta,
985 3701 1043 3752 et
1072 3697 1185 3752 cito
1237 3703 1562 3753 transeunt.
1622 3702 1817 3771 itaque
1870 3700 1970 3771 qui

322 3790 654 3859 sequuntur
696 3801 782 3853 ea,
832 3785 892 3839 in
936 3789 1131 3841 monte
1178 3786 1291 3841 sibi
1339 3803 1467 3843 esse
1508 3786 1777 3843 videntur
1820 3805 1832 3844 :
1868 3791 1970 3845 sed

323 3891 440 3931 non
490 3878 631 3931 sunt
679 3874 964 3947 perpetui,
1019 3875 1171 3930 sicut
1216 3875 1398 3932 habes
1448 3878 1732 3949 scriptum
1784 3896 1796 3934 :
1851 3879 1971 3934 Vidi

320 3966 557 4037 impium
607 3965 1075 4037 superexaltatum
1137 3973 1188 4020 et
1262 3967 1415 4023 I92
1487 3968 1757 4023 eleuatum
1803 3986 1970 4041 super

317 4053 503 4110 cedros
547 4054 767 4122 Libani,
815 4057 865 4109 et
912 4054 1162 4122 transivi,
1209 4057 1259 4109 et
1305 4071 1421 4110 ecce
1468 4073 1578 4113 non
1622 4061 1739 4112 erat
1789 4060 1961 4130 (Psal.

316 4159 509 4213 xxxvr,
541 4143 655 4214 35).
687 4143 795 4199 Sed
829 4145 928 4215 qui
979 4160 1047 4198 ea
1076 4142 1315 4198 maximi
1347 4144 1502 4214 facit,
1536 4145 1777 4203 adorare
1807 4149 1965 4204 vide-

318 4235 416 4287 tur
445 4232 769 4299 diabolum,
803 4233 972 4304 cujus
1002 4232 1146 4288 deus
1176 4236 1375 4289 venter
1401 4238 1510 4301 est,
1544 4239 1601 4291 et
1630 4236 1689 4291 in
1744 4238 1965 4309 puden-

322 4320 412 4376 dis
443 4321 646 4394 gloria.
681 4321 767 4377 Tu
800 4325 992 4377 autem
1044 4322 1102 4376 in
1146 4322 1261 4379 Deo
1308 4322 1555 4395 gloriam
1606 4342 1818 4397 quaere,
1864 4329 1966 4400 qui

321 4409 429 4464 tibi
460 4409 543 4465 ait
576 4426 587 4465 :
622 4410 915 4464 Dominum
943 4411 1113 4465 Deum
1159 4419 1313 4465 tuum
1357 4412 1632 4481 adorabis,
1664 4423 1715 4470 et
1746 4416 1837 4471 illi
1863 4418 1970 4472 soli

2068 1912 2287 1968 monia.
2338 1911 2606 1985 Plerique
2652 1912 2805 1968 inter
2858 1912 3060 1987 epulas
3117 1912 3317 1969 fudere
3373 1912 3631 1980 animas,
3663 1917 3719 1969 et

2068 2018 2304 2058 mensas
2336 2001 2569 2074 proprio
2600 2001 2890 2074 replevere
2920 2002 3227 2076 sanguine.
3258 2001 3402 2058 Aliis
3454 2002 3719 2059 cruditas

2068 2108 2266 2148 vocem
2318 2090 2495 2146 simul
2542 2090 2737 2164 rapuit
2783 2096 2840 2148 et
2885 2108 3125 2149 sensum
3168 2108 3181 2147 ε
3226 2095 3285 2148 et
3332 2092 3383 2150 si
3415 2090 3720 2165 aliquibus

2070 2178 2329 2235 cruditas
2359 2179 2531 2235 noxia
2561 2196 2679 2235 non
2711 2179 2840 2248 fuit,
2873 2179 2967 2236 his
2997 2180 3229 2237 ruinam
3280 2180 3419 2237 fecit
3441 2180 3719 2238 ebrietas.

2070 2267 2227 2324 Alios
2284 2268 2440 2323 enim
2484 2267 2544 2323 in
2593 2268 2815 2324 crimen
2846 2267 2964 2342 egit
2992 2268 3274 2336 ebrietas;
3308 2270 3420 2325 etsi
3453 2270 3591 2343 ipsa
3619 2269 3724 2326 cri-

2072 2374 2206 2413 men
2239 2355 2316 2413 sit
2347 2358 2481 2427 (19),
2514 2355 2659 2412 alios
2690 2358 2761 2413 ad
2792 2362 3110 2431 egestatem
3140 2358 3382 2432 redegit.
3416 2359 3723 2419 Postremo

2073 2446 2209 2503 audi
2260 2463 2407 2518 quos
2450 2445 2718 2502 Christus
2767 2446 3035 2503 excludat
3067 2464 3079 2502 :
3116 2448 3250 2504 (lum
3278 2450 3598 2518 intraverit,
3630 2450 3727 2507 iu-

2074 2536 2222 2608 quit,
2275 2536 2701 2607 paterfamilias,
2751 2540 2803 2591 et
2848 2538 3113 2594 clauserit
3163 2540 3382 2607 ostium,
3444 2541 3726 2613 incipietis

2073 2625 2207 2695 foris
2250 2631 2411 2691 stare,
2444 2631 2494 2679 et
2518 2625 2740 2696 pulsare
2785 2627 2980 2681 ostium
3024 2626 3258 2684 dicentes
3280 2647 3298 2683 :
3330 2630 3498 2702 Aperi
3543 2631 3726 2687 nobis.

2078 2715 2140 2768 Et
2188 2712 2511 2784 respondens
2555 2713 2693 2769 dicet
2740 2732 2758 2769 :
2808 2716 2995 2771 Nescio
3039 2733 3129 2773 vos
3174 2717 3317 2775 unde
3370 2721 3525 2790 estis,
3579 2735 3730 2777 recc-

2077 2801 2187 2858 dite
2216 2819 2250 2857 a
2276 2819 2381 2869 me,
2418 2818 2604 2859 omnes
2634 2805 2876 2876 operarii
2921 2806 3249 2878 iniquitatis.
3303 2809 3445 2864 Tunc
3491 2811 3733 2884 incipie-

2079 2892 2148 2947 tis
2176 2891 2354 2948 dicere
2384 2912 2401 2947 :
2434 2892 2878 2950 Manducavimus
2923 2911 3107 2951 coram
3152 2906 3225 2965 te,
3264 2905 3316 2954 et
3364 2897 3627 2966 bibimus,
3678 2904 3735 2956 et

2080 2984 2141 3037 in
2180 2984 2378 3054 plateis
2429 2985 2628 3040 nostris
2673 2982 2921 3040 docuisti.
2972 2986 3047 3040 Et
3093 2984 3234 3042 dicet
3280 2986 3428 3043 vobis
3474 3004 3488 3043 :
3543 2989 3734 3046 Nescio

2082 3071 2225 3128 unde
2289 3074 2413 3128 estis
2464 3072 2613 3143 (Luc.
2672 3090 2794 3141 xm,
2866 3074 3077 3143 25-27).
3144 3074 3375 3131 Audisti
3446 3076 3591 3149 quid
3660 3078 3737 3134 de

2086 3162 2583 3217 manducantibus
2615 3162 2843 3219 dixerit.
2879 3162 3021 3218 Audi
3069 3180 3225 3219 nunc
3274 3164 3415 3237 quid
3466 3166 3540 3222 de
3573 3166 3736 3239 jeiu-

2084 3250 2360 3307 nantibus
2393 3250 2548 3305 dicat
2579 3266 2591 3305 :
2625 3251 2782 3306 Beati
2825 3253 2921 3323 qui
2961 3268 3109 3307 nunc
3155 3255 3405 3311 esuriant
3432 3262 3484 3311 et
3511 3257 3740 3328 sitiunt,

2083 3345 2213 3413 quia
2244 3340 2640 3396 saturabuntur
2668 3340 2817 3410 (Luc.
2850 3357 2926 3409 v1,
2966 3340 3077 3413 2i).
3111 3343 3181 3397 Et
3207 3341 3362 3399 infra
3393 3359 3406 3400 :
3442 3344 3536 3401 Vae
3580 3347 3741 3403 vobis

2084 3432 2180 3502 qui
2206 3431 2444 3486 saturati
2470 3431 2620 3498 estis,
2645 3432 2904 3502 quoniam
2932 3432 3183 3487 esurietis
3209 3432 3368 3502 (Ibid.
3398 3433 3514 3505 25).

2154 3520 2241 3576 49.
2282 3520 2391 3574 Sed
2448 3518 2537 3575 vis
2598 3519 2973 3587 manducare,
3022 3519 3110 3576 vis
3158 3520 3399 3577 bibere?
3449 3520 3598 3577 Veni
3660 3523 3741 3578 ad

2083 3607 2410 3664 convivium
2441 3608 2739 3680 sapientiae
2771 3624 2899 3680 qua
2932 3608 3140 3665 invitat
3170 3626 3376 3668 omnes
3419 3628 3558 3669 cum
3610 3629 3739 3669 ma-

2082 3714 2198 3771 gna
2230 3695 2655 3770 praedicatione
2715 3697 2914 3754 dicens
2966 3716 2979 3753 :
3041 3700 3226 3756 Venite
3279 3708 3334 3756 et
3385 3700 3531 3757 edite
3566 3718 3741 3774 panes

2079 3803 2245 3853 meos,
2300 3795 2355 3843 et
2414 3786 2576 3844 bibite
2630 3788 2823 3844 vinum
2886 3789 3025 3860 quod
3081 3790 3287 3848 miscui
3342 3790 3492 3846 vobis
3551 3790 3742 3862 (Prov.

2080 3893 2157 3945 1x,
2208 3877 2285 3947 5).
2315 3875 2611 3933 Delectant
2656 3876 2883 3934 cantica
2932 3895 3059 3949 quis
3119 3877 3457 3950 epulantem
3504 3877 3743 3935 demul-

2076 3964 2280 4021 ceant?
2308 3964 2455 4020 Audi
2488 3962 2981 4033 hortantem,audi
3014 3969 3344 4023 cantantem
3372 3965 3725 4035 Ecclesiam,

2077 4071 2192 4109 non
2223 4052 2413 4109 solum
2443 4053 2504 4109 in
2536 4052 2799 4121 canticis,
2832 4054 2931 4110 sed
2961 4054 3137 4110 etiam
3187 4055 3246 4111 in
3292 4055 3550 4113 Canticis
3588 4073 3727 4114 can-

2076 4141 2324 4198 ticorum
2387 4158 2398 4197 :
2459 4142 2796 4210 Manducale,
2856 4145 3106 4215 proximi
3150 4146 3279 4211 mei,
3337 4149 3387 4200 et
3434 4145 3624 4215 bibite,
3676 4151 3731 4202 et

2076 4232 2456 4301 inebriamini,
2484 4239 2667 4303 patres
2714 4233 2823 4287 mei
2870 4233 2981 4304 (20)
3031 4232 3207 4305 (Cant.
3242 4250 3297 4303 v,
3331 4233 3406 4306 4).
3443 4234 3556 4291 Sed
3605 4234 3730 4292 haec

2077 4320 2329 4377 ebrietas
2369 4320 2596 4377 sobrios
2644 4321 2827 4377 facit:
2862 4320 2984 4377 haec
3035 4321 3287 4378 ebrietas
3333 4323 3558 4395 gratia,
3610 4340 3730 4381 non

2076 4408 2432 4465 temulentiae
2462 4414 2567 4465 est.
2603 4408 2886 4466 Laetitiam
2916 4415 3298 4483 generat,non
3324 4411 3726 4471 titubantiam.

323 4498 524 4553 servies
575 4497 761 4568 (Matth
790 4514 866 4565 ιν,
902 4499 1010 4569 10),
1044 4515 1078 4553 a
1127 4516 1242 4571 quo
1291 4504 1506 4566 aeterna
1556 4502 1807 4574 accipias
1855 4523 1970 4562 non
2000 4508 2046 4571 D
2075 4500 2191 4555 Nec
2231 4498 2482 4555 verearis
2542 4514 2612 4555 ne
2668 4498 2728 4554 in
2778 4498 3036 4555 convivio
3090 4498 3357 4557 Ecclesia
3416 4504 3519 4556 aut
3575 4501 3731 4574 grati

323 4584 691 4657 temporalia.

396 4675 483 4751 1?.
517 4673 735 4751 Tamen
770 4673 821 4751 si
851 4689 1025 4751 quem
1056 4674 1231 4751 etiam
1284 4675 1397 4731 ista
1445 4677 1751 4751 delectent,
1784 4684 1855 4738 ab
1902 4702 1967 4740 eo

323 4744 684 4801 moderatius
734 4748 1009 4817 petantur
1054 4746 1155 4817 qui
1201 4763 1370 4801 verus
1403 4750 1667 4806 omnium
1700 4744 1827 4809 fons
1857 4761 1965 4811 est.

318 4833 467 4890 Nam
500 4837 556 4890 et
585 4832 716 4905 ipsa
746 4832 1061 4906 peculiaria
1108 4851 1234 4905 qua:
1268 4835 1380 4907 (48)
1412 4838 1711 4909 possidere
1741 4843 1850 4898 sibi
1886 4844 1966 4898 vi-

317 4922 490 4979 detur
519 4922 809 4989 diabolus,
843 4921 1033 4979 aliena
1062 4927 1219 4992 sunt,
1253 4923 1402 4980 sicut
1448 4926 1571 4999 ipse
1620 4930 1765 4986 dixit
1806 4951 1818 4988 :
1853 4934 1971 4989 Tibi

312 5011 449 5069 dabo
480 5017 793 5086 potestatem
831 5013 977 5068 hunc
1012 5015 1327 5069 universam
1372 5024 1424 5071 et
1470 5018 1709 5085 gloriam
1754 5038 1963 5089 eorum,

313 5103 443 5173 quia
474 5102 617 5157 mihi
645 5102 847 5158 tradita
876 5108 1003 5158 sunt
1032 5102 1190 5173 (Ibid.
1218 5105 1293 5175 9).
1334 5105 1418 5159 Ab
1469 5122 1533 5162 eo
1585 5125 1720 5180 ergo
1772 5129 1962 5184 spera,

385 5226 500 5296 (l7)
549 5227 694 5282 Edit.
746 5243 951 5283 omnes
998 5231 1055 5282 et
1101 5244 1242 5284 mss.
1294 5230 1411 5286 duo
1460 5231 1610 5298 Vat.,
1662 5252 1731 5291 ne
1777 5239 1966 5295 videar
2022 5282 2028 5287 .

316 5299 549 5379 operire,
598 5304 708 5354 etc.
760 5298 965 5354 Melius
1023 5316 1164 5355 mss.
1219 5300 1367 5369 Div.,
1426 5302 1573 5359 Flor.
1626 5309 1681 5361 et
1733 5308 1959 5365 Laud...

359 5384 780 5523 ῗὸῐὲῗῗῖἓέόὶῐ.
813 5457 1033 5523 omnes.
1069 5443 1140 5496 At
1167 5459 1276 5523 ms.
1308 5443 1437 5523 Vat.
1473 5434 1626 5503 unus
1656 5453 1713 5523 et
1749 5450 1958 5520 Laud.,

320 5505 470 5596 dum.
486 5507 611 5596 ipsa
626 5514 892 5596 pecunia,
921 5520 973 5566 et
1020 5527 1163 5581 quae,
1191 5518 1303 5596 etc.
1337 5514 1464 5571 Vat.
1498 5534 1628 5596 vero
1659 5505 1955 5581 alter—Div:

321 5591 387 5634 ac
410 5574 588 5645 Flor,
619 5574 756 5635 Nam
782 5584 831 5635 et
861 5574 979 5651 ipsa
1002 5574 1345 5654 pecuniaria,
1378 5603 1516 5656 quae,
1547 5574 1657 5645 etc.

2079 4590 2287 4645 odores
2351 4588 2479 4655 tibi,
2551 4592 2654 4644 aut
2718 4586 2917 4644 dulces
2978 4588 3114 4659 cibi,
3180 4593 3285 4649 aut
3348 4588 3566 4646 diversi
3624 4606 3726 4662 po-

2076 4681 2193 4746 tus,
2263 4680 2364 4732 aut
2430 4676 2677 4733 convivaa
2748 4675 2975 4733 nobiles
3049 4676 3264 4749 desint,
3349 4680 3451 4734 aut
3516 4677 3726 4735 decen-

2076 4770 2165 4823 tes
2212 4766 2489 4822 ministri.
2541 4765 2689 4831 Quid
2738 4765 2970 4822 Christo
3019 4765 3298 4837 nobilius,
3347 4766 3449 4840 qui
3495 4766 3558 4822 in
3588 4782 3727 4823 con-

2076 4854 2225 4911 vivio
2295 4853 2562 4911 Ecclesiae
2650 4858 2708 4910 ct
2790 4855 3091 4912 ministrat
3162 4858 3221 4912 et
3302 4854 3730 4913 ministratur?

2076 4943 2255 4999 Istius
2304 4943 2552 4999 convivae
2608 4944 3004 5001 recumbentis
3060 4948 3303 5002 annecte
3342 4946 3494 5002 ιω
3542 4949 3601 5001 te
3647 4944 3731 5002 la-

2076 5032 2203 5098 teri,
2239 5048 2304 5087 ac
2337 5041 2386 5088 le
2418 5032 2533 5087 Deo
2575 5032 2898 5106 conjunge;
2961 5052 3074 5091 non
3135 5034 3405 5092 fastidias
3457 5050 3733 5092 mensam

2076 5136 2251 5192 quam
2300 5119 2566 5177 Christus
2614 5118 2789 5195 elegit
2836 5122 3083 5181 dicens:
3131 5126 3359 5182 Introivi
3407 5126 3467 5181 in
3505 5125 3741 5189 hortum.

2074 5243 2438 5370 ﬁ(1(grt'91).ildit.
2491 5261 2715 5312 omnes,
2765 5247 2977 5304 crimen
3023 5265 3133 5306 non
3182 5252 3276 5317 sit,
3325 5252 3529 5306 contra
3577 5265 3724 5305 mss.

2144 5387 2256 5462 (29)
2290 5386 2385 5462 S_ic
2415 5387 2553 5441 edit.
2588 5387 2810 5462 antiqu.
2846 5406 3152 5462 cumrmss.
3177 5391 3308 5448 Vat.
3359 5408 3477 5447 uno
3507 5389 3635 5462 Div.
3669 5394 3731 5446 et

2072 5457 2478 5535 hauduncm.
2513 5457 3266 5535 autemfcumaliieratres
3296 5464 3428 5533 mei,
3460 5466 3529 5520 ut
3544 5461 3723 5521 etiam

2071 5527 2243 5597 LXX;
2276 5528 2445 5602 Vulg.
2479 5547 2633 5601 vero,
2666 5531 3000 5589 charissimi.
