3910 6210
166 356 318 439 eis
1398 356 1503 420 nn
1546 354 1724 422 CAIN

2028 358 2123 422 EL
2170 358 2317 425 LIB.
2363 358 2411 424 Ῑ.
3490 369 3604 438 346

196 494 405 563 Μυῒ,
436 506 591 550 soror
624 506 746 552 mea
773 508 995 568 sponsa,
1027 491 1363 551 vindemiavi
1387 493 1671 566 myrrham
1723 510 1847 549 cum
1877 493 1930 562 Α
1958 492 2083 552 loco
2111 496 2306 569 distet,
2336 498 2491 571 quod
2520 498 2619 558 illa
2645 500 2965 563 formarum
3020 505 3286 566 adultera
3334 508 3431 580 sit,
3490 509 3604 569 ista

216 584 538 639 armantibus
566 584 703 640 meis
727 605 747 652 ,-
771 584 1106 640 manducavi
1130 600 1330 656 panem
1361 601 1545 641 meum
1563 584 1857 641 cummelle
1966 587 2273 643 terrarum.
2307 588 2605 647 Elementa
2632 595 2906 665 concutit,
2940 613 3101 654 mare
3126 598 3333 669 sulcat,
3390 604 3604 659 terram

215 687 343 741 meo,
372 676 423 728 et
452 674 568 729 bibi
594 675 787 729 vinum
817 690 943 729 cum
973 674 1111 729 lacte
1141 689 1258 731 meo
1288 675 1491 746 (Ibid).
1538 674 1602 730 In
1659 673 1849 739 horto,

216 759 313 817 hoc
341 765 431 817 est
458 761 517 817 in
549 763 841 836 paradiso,
869 768 959 819 est
1015 763 1344 819 convivium
1401 763 1695 831 Ecclesiae,
1755 764 1855 820 ubi

213 854 326 906 erat
354 850 518 923 prius
547 853 754 920 Adam,
788 869 967 927 quam
1000 857 1305 926 peccatum
1339 853 1744 910 committeret.
1770 853 1854 909 Ibi

211 941 578 997 recumbebat
630 943 742 998 Eva
772 943 1119 1015 priusquam
1150 942 1383 1016 culpam
1415 948 1635 999 crearet
1663 947 1719 999 et
1749 960 1854 1015 pa-

209 1034 371 1087 reret.
405 1031 906 1088 Ibivindemiabis
952 1032 1272 1105 myrrham,
1333 1032 1443 1089 hoc
1498 1036 1589 1089 est
1642 1031 1855 1089 Christi

209 1122 567 1194 sepulturam
597 1143 611 1192 ;
636 1127 700 1178 ut
721 1121 1101 1194 consepultus
1114 1138 1247 1177 cum
1263 1121 1360 1179 illo
1374 1140 1476 1196 per
1491 1124 1743 1197 baptism
1755 1144 1852 1182 um

204 1210 260 1266 in
278 1215 554 1280 mortem,
589 1212 1089 1284 quemadmodum
1125 1211 1222 1268 ille
1263 1212 1514 1269 surrexit
1566 1230 1634 1271 ex
1692 1232 1850 1272 mor-

204 1300 341 1368 tuis,
373 1305 432 1357 et
460 1305 523 1356 tu
571 1316 865 1373 resurges.
918 1301 1003 1357 Ibi
1050 1302 1436 1359 manducabis
1484 1321 1694 1376 panem
1751 1306 1852 1377 qui

199 1391 514 1447 confirmat
543 1406 642 1446 cor
689 1389 965 1446 hominis.
1002 1389 1111 1445 Mel
1144 1390 1429 1463 gustabis,
1460 1408 1576 1464 quo
1615 1395 1851 1450 tuorum

198 1479 505 1535 dulcescat
534 1483 762 1535 meatus
795 1479 1071 1535 faucium.
1102 1479 1316 1535 Vinum
1350 1481 1516 1537 bibes
1549 1498 1682 1538 cum
1704 1482 1852 1539 lacte

198 1568 305 1624 hoc
338 1572 431 1624 est
457 1585 590 1624 cum
650 1567 956 1641 splendore
1008 1573 1065 1625 et
1095 1569 1466 1625 sinceritate:
1519 1570 1638 1627 sive
1694 1573 1851 1645 quod

198 1674 343 1726 pura
376 1657 721 1730 simplicitas
755 1657 832 1713 sit
860 1683 874 1726 ;
906 1658 1025 1714 sive
1057 1659 1210 1731 quod
1234 1659 1611 1717 immaculata
1640 1661 1848 1733 gratia,

198 1762 323 1819 quae
357 1746 418 1802 in
477 1745 887 1803 remissionem
944 1747 1202 1803 sumitur
1257 1753 1668 1821 peccatorum;
1729 1750 1850 1807 sive

1965 673 2183 743 effodit,
2217 676 2426 733 coelum
2450 679 2601 736 votis
2640 681 2858 755 fatigat,
2892 700 2995 741 nec
3020 702 3224 743 sereno
3279 691 3443 761 grata
3499 704 3606 746 nec

1965 763 2190 831 nubilo,
2222 767 2378 824 194
2406 769 2754 826 condemnat
2783 777 3097 843 proventus
3125 793 3371 846 annuos,
3421 778 3604 837 fetus-

1963 856 2378 924 queterrarum
2405 859 2620 931 arguit.
2651 860 2762 915 Sed
2795 860 2918 917 haec
2947 864 3227 935 aegritudo
3257 871 3347 924 est
3372 869 3603 936 animae,

1963 959 2078 999 non
2109 944 2349 1001 sanitas.
2404 947 2662 1020 Denique
2693 949 3073 1009 Ecclesiastes
3102 954 3280 1012 dicit:
3339 959 3431 1013 Est
3479 960 3603 1014 lan-

1958 1050 2096 1104 guor
2125 1035 2305 1090 malus
2323 1052 2482 1107 quem
2513 1038 2630 1094 vidi
2660 1040 2761 1095 sub
2807 1042 2939 1108 sole,
2988 1042 3209 1100 divitias
3253 1048 3518 1103 custodiri
3545 1050 3607 1104 in

1959 1125 2169 1179 malum
2196 1125 2517 1197 possidentis
2536 1144 2628 1184 eas
2659 1130 2852 1200 (Eccle.
2884 1147 2935 1199 v,
2972 1133 3082 1204 t2).
3129 1135 3198 1189 Et
3241 1152 3450 1209 supra:
3500 1139 3606 1208 Qui

1960 1212 2150 1282 diligit
2208 1218 2513 1285 argentum,
2544 1232 2653 1272 non
2701 1218 2996 1275 satiabitur
3045 1228 3271 1292 argento
3322 1225 3479 1297 (Ibid.
3527 1228 3600 1299 9).

1962 1301 2067 1357 Et:
2098 1301 2205 1357 Nec
2230 1306 2308 1358 est
2352 1304 2479 1373 finis
2506 1308 2884 1377 acquisitionis
2903 1325 3091 1366 eorum
3119 1312 3467 1385 (Baruclun,
3493 1317 3601 1389 18).

1962 1390 2022 1446 Si
2053 1391 2263 1463 quaeris
2292 1392 2619 1463 thesauros,
2655 1397 2849 1469 accipe
2877 1398 3200 1458 invisibiles
3248 1408 3306 1459 et
3346 1406 3603 1464 occultos

1962 1493 2111 1549 quos
2141 1478 2199 1533 in
2231 1479 2361 1536 cceli
2383 1480 2708 1548 altissimis,
2757 1501 2874 1542 non
2905 1503 3053 1560 quos
3085 1489 3142 1544 in
3174 1496 3461 1550 terrarum
3507 1512 3604 1552 ve-
3648 1482 3653 1485 ’

1960 1567 2053 1622 nis
2084 1568 2369 1641 requiras.
2400 1571 2538 1627 Esto
2588 1589 2811 1646 pauper
2866 1575 3097 1647 spiritu,
3158 1583 3216 1634 et
3270 1581 3386 1637 eris
3443 1584 3605 1641 dives

1959 1655 2356 1730 qualicunque
2387 1675 2602 1729 censu;
2635 1662 2775 1733 quia
2803 1680 2918 1720 non
2948 1664 3007 1721 in
3040 1668 3399 1728 abundantia
3457 1672 3604 1729 divi-

1958 1743 2176 1801 tiarum
2215 1747 2332 1803 vita
2360 1752 2447 1804 est
2505 1749 2781 1818 hominis,
2838 1754 2939 1809 sed
2998 1753 3054 1810 in
3112 1756 3325 1815 virtute
3371 1776 3437 1817 ac
3467 1762 3600 1819 fide.

198 1838 363 1939 quod,
384 1835 659 1939 parvulos
691 1835 1106 1939 consolationis
1135 1854 1255 1939 suae
1295 1836 1471 1939 Iactet
1518 1840 1845 1939 uberibus;
1879 1871 1927 1939 Β
1958 1833 2088 1939 ἔξω
2117 1835 2411 1939 te‘divitite
2462 1854 2663 1895 verum
2712 1839 2946 1900 divitem
3004 1843 3237 1918 facient,
3291 1849 3341 1904 si
3400 1849 3482 1907 sis
3540 1850 3601 1908 in

199 1928 279 1997 ut,
312 1925 588 1982 ablactati
621 1927 679 1981 in
728 1925 975 1994 deliciis,
1004 1927 1063 1982 in
1096 1926 1521 2000 plenitudinem
1580 1929 1846 2001 perfectas
1879 1922 1926 1939 ³¹
1956 1922 2142 1979 Deum
2174 1924 2354 1982 dives.

196 2015 382 2072 aetatis
413 2015 770 2073 adolescant.
804 2016 1062 2074 Succede
1092 2032 1227 2089 ergo
1256 2018 1316 2072 in
1347 2017 1456 2073 hoc
1495 2018 1846 2077 convivium.

198 2110 282 2160 An
315 2105 535 2162 metuis
563 2122 634 2161 ne
667 2106 972 2178 angustior
1001 2107 1213 2162 domus
1266 2111 1323 2162 et
1351 2108 1542 2164 brevis
1602 2108 1845 2164 convivii

194 2194 356 2265 locus
386 2202 444 2253 te
503 2195 973 2269 comprimatPO
1022 2195 1219 2265 Israel,
1269 2213 1447 2268 quam
1490 2214 1701 2269 magna
1759 2202 1849 2255 est

197 2284 406 2341 domus
436 2285 685 2353 domini,
711 2289 768 2341 et
797 2285 1003 2358 ingens
1032 2284 1196 2341 locus
1227 2287 1620 2358 possessionis
1675 2289 1804 2359 ejus
1829 2288 1840 2343 l

196 2374 464 2451 Magnus,
510 2378 710 2431 etnon
743 2374 921 2430 habet
951 2375 1150 2443 finem,
1195 2374 1349 2430 altus
1404 2380 1461 2432 et
1518 2376 1846 2433 immensus

198 2466 457 2535 (Baruch.
492 2467 688 2534 111,214,
714 2464 828 2538 25).
864 2464 947 2520 Ibi
981 2464 1217 2520 fuerunt
1272 2465 1539 2538 gigantes
1595 2464 1703 2535 illi,
1744 2466 1843 2539 qui

195 2554 262 2610 ab
292 2555 467 2612 initio
499 2555 733 2612 fuerunt
762 2558 989 2611 statura
1018 2572 1234 2629 magna
1274 2555 1524 2612 scientes
1580 2555 1844 2628 praelium

194 2643 315 2700 Non
346 2644 460 2702 hos
491 2643 665 2715 elegit
692 2644 998 2715 Dominus,
1032 2648 1089 2701 et
1116 2644 1322 2700 merito
1353 2662 1467 2701 non
1500 2643 1848 2718 elegit,quia

192 2732 483 2805 praelium,
518 2750 634 2790 non
665 2750 866 2807 pacem
899 2733 1180 2789 sciebant.
1215 2734 1283 2790 Et
1334 2734 1464 2790 ideo
1517 2737 1580 2789 tu
1640 2748 1842 2807 pacem

193 2824 369 2894 disce,
401 2830 473 2880 ut
503 2820 733 2898 eligaris
764 2841 799 2880 a
827 2824 964 2880 Deo.
997 2824 1107 2880 Sed
1166 2841 1238 2879 ne
1294 2823 1440 2879 forte
1482 2823 1840 2896 incomptam

196 2916 406 2973 domus
438 2914 912 2987 magnitudinem
946 2917 1135 2985 putes,
1163 2918 1219 2969 et
1256 2912 1575 2970 diversoria
1629 2918 1685 2969 te
1742 2930 1840 2970 co—

191 3005 461 3063 lumnata
503 3004 823 3061 delectent:
884 3002 1176 3076 sapientia
1226 3002 1532 3059 aedificavit
1577 3001 1689 3058 sibi
1738 3004 1839 3058 do-

192 3113 373 3167 mum,
409 3102 470 3154 et
503 3094 665 3151 fulsit
696 3094 803 3167 (2i)
832 3084 1137 3149 columnas
1189 3095 1432 3164 septem.
1479 3093 1606 3164 Ipse
1663 3092 1839 3148 etiam

190 3185 480 3242 Dominus
512 3185 687 3241 Jesus
728 3181 948 3238 multas
1012 3180 1349 3238 mansiones
1396 3181 1551 3253 apud
1608 3182 1837 3237 Patrem

190 3291 361 3332 suum
426 3291 562 3332 esse
620 3273 1040 3329 commemorat
1095 3272 1271 3339 (Joan.
1322 3287 1437 3325 XIV.
1482 3270 1561 3341 2).
1611 3270 1674 3326 In
1731 3271 1839 3327 bac
1869 3242 1911 3310 C

186 3381 319 3439 ergo
350 3366 539 3422 domo
569 3360 898 3436 epulaberis
920 3360 1128 3415 animae
1149 3360 1331 3425 cibos,
1355 3364 1646 3432 potusque
1682 3376 1840 3415 men-

182 3454 295 3524 tis;
328 3459 397 3510 ut
428 3457 637 3528 postea
664 3468 781 3508 non
811 3447 1058 3515 esurias,
1089 3464 1279 3521 neque
1333 3448 1501 3505 sitias
1552 3465 1836 3521 unquam.

182 3544 285 3612 Qui
317 3546 484 3602 enim
521 3542 855 3608 manducet,
888 3539 1207 3595 mauducat
1232 3553 1420 3609 usque
1466 3538 1540 3593 ad
1598 3536 1837 3594 satieta-

179 3637 327 3690 tem:
361 3637 423 3690 et
449 3631 557 3705 qui
588 3630 754 3697 bibit,
786 3643 976 3700 usque
1006 3627 1077 3683 ad
1118 3626 1456 3683 ebrietatem
1487 3626 1655 3683 bibit.

245 3725 337 3790 20.
373 3722 497 3780 Sed
538 3720 660 3777 haec
689 3717 939 3775 ebrietas
971 3714 1263 3789 pudicitiae
1292 3719 1490 3772 custos
1548 3720 1640 3773 est
1671 3735 1685 3773 :
1737 3716 1838 3773 illa

178 3811 293 3868 vini
324 3812 593 3869 ebrietas
623 3809 808 3865 fomes
837 3804 1120 3871 libidinis,
1152 3821 1267 3877 quo
1299 3821 1403 3877 per
1429 3821 1634 3862 carnes
1663 3823 1837 3880 vapo-

178 3906 387 3958 rantur
437 3900 678 3956 interna
733 3896 976 3961 viscera,
1031 3894 1265 3951 animus
1315 3893 1585 3966 ignescit,
1640 3895 1840 3953 anima

181 3993 470 4049 exuritur.
537 3990 733 4045 Saevus
800 3984 1113 4041 criminum
1162 3983 1442 4040 stimulus
1496 3982 1676 4040 libido
1728 3989 1838 4061 est,

162 4095 283 4152 quae
314 4093 640 4151 nunquam
670 4091 907 4131 manere
955 4073 1222 4145 quietum
1264 4072 1487 4145 patitur
1542 4074 1814 4132 allectum

167 4174 329 4226 nocte
359 4170 581 4237 fervet,
614 4164 709 4221 die
739 4162 976 4220 anhelat
1008 4203 1023 4229 ,
1055 4162 1127 4219 de
1156 4178 1385 4219 sommo
1416 4161 1651 4231 excitat,
1683 4180 1717 4219 a
1745 4163 1840 4237 ne:

161 4259 311 4331 gotio
341 4256 623 4325 abducit,
656 4271 691 4310 a
718 4253 943 4309 ratione
966 4254 1220 4321 revocat,
1251 4250 1441 4307 aufert
1495 4250 1832 4337 consilium,

163 4352 425 4404 amantes
446 4343 772 4418 inquietat,
808 4341 1007 4414 lapsos
1048 4338 1312 4406 inclinat,
1358 4338 1537 4397 castis
1592 4339 1835 4397 insidia-

162 4436 267 4505 tur,
301 4435 599 4510 potiendo
617 4432 968 4497 inﬂammat,
987 4444 1218 4502 usuque
1239 4428 1595 4487 accenditur.
1623 4430 1834 4487 Nullus

2590 2045 2822 2103 CAPUT
2866 2048 2962 2105 VI.

1956 2130 2422 2221 Virtutem-studio
2448 2141 2504 2221 et
2534 2134 2719 2221 labore
2744 2142 3074 2221 comparari.
3108 2145 3225 2221 Hoc
3247 2147 3456 2221 Jaco'ri,
3507 2149 3605 2221 qui

2019 2207 2325 2286 primatum
2353 2207 2668 2286 infratrem
2688 2207 2915 2286 adeptus
2959 2221 3073 2286 est,
3103 2216 3366 2286 probatur
3415 2207 3599 2277 eave‘m-

2020 2275 2113 2359 plo
2137 2290 2154 2359 ξ
2178 2278 2229 2329 et
2258 2275 2492 2359 mystica
2548 2278 2614 2333 de
2662 2275 2956 2359 Abraham,
3024 2275 3217 2359 Moyse,
3278 2306 3343 2346 ac
3406 2275 3601 2348 iisdem

2026 2344 2232 2402 duobus
2259 2344 2529 2431 fratribus
2556 2356 2923 2423 exponuntur.

2025 2460 2115 2516 22.
2150 2461 2380 2519 Audisti
2438 2464 2755 2539 voluptatis
2803 2472 3100 2543 mysteria,
3158 2476 3373 2533 audisti
3420 2479 3596 2536 etiam

1954 2549 2250 2620 copiarum
2283 2556 2612 2611 nostrarum
2645 2573 2909 2628 munera,
2942 2578 3089 2634 quas
3119 2579 3224 2636 ego
3254 2582 3370 2622 non
3402 2568 3598 2641 supel-

1953 2637 2132 2696 lectili
2163 2642 2528 2714 aperiendas,
2573 2646 2673 2701 sed
2731 2648 3037 2721 Scripturae
3095 2654 3270 2712 nudis
3312 2637 3595 2714 sermoni-

1951 2727 2063 2784 bus
2091 2729 2602 2803 demonstrandas,
2633 2736 2862 2808 putavi;
2892 2743 2956 2795 ut
2984 2757 3092 2797 sua
3111 2742 3382 2816 ipsaluce
3412 2746 3596 2821 fulge-

1951 2822 2100 2885 rent,
2127 2823 2184 2875 et
2214 2837 2281 2876 ex
2313 2838 2375 2877 se
2404 2821 2544 2896 ipsas
2572 2841 2774 2882 vocem
2807 2828 3139 2887 emitterent
3180 2833 3272 2889 sui
3322 2835 3591 2895 invicem.

1951 2906 2149 2979 Neque
2179 2910 2335 2965 enim
2368 2910 2453 2968 sol
2485 2918 2541 2968 et
2572 2913 2717 2971 luna
2762 2915 3076 2991 interprete
3135 2922 3418 2996 indigent.
3479 2927 3592 2983 Ha-

1948 2996 2090 3086 bent
2117 2997 2491 3070 interpretem
2524 3002 2809 3076 fulgorem
2843 3006 2933 3063 sui
2965 3007 3231 3083 luminis,
3265 3030 3381 3086 quo
3432 3018 3594 3073 totus

1950 3085 2207 3159 repletus
2238 3088 2395 3143 orbis
2427 3093 2533 3145 est.
2569 3090 2690 3148 Illis
2725 3094 3076 3153 illuminatio
3134 3104 3225 3156 est
3278 3085 3424 3159 fides
3468 3105 3595 3162 sine

1948 3173 2158 3264 indice,
2192 3177 2483 3248 quaedam,
2516 3183 2580 3234 ut
2608 3180 2689 3237 ita
2717 3182 2929 3252 dicam,
2967 3184 3243 3244 intestata
3268 3191 3435 3247 testis
3466 3208 3592 3264 quae

1949 3262 2138 3321 alieno
2170 3282 2286 3321 non
2314 3266 2537 3339 indiget
2565 3271 2921 3340 testimonio,
2954 3278 3021 3330 ut
3048 3276 3240 3333 subito
3272 3294 3333 3335 se
3364 3262 3595 3337 univer-

1949 3370 2151 3410 eorum
2183 3355 2367 3412 oculis
2397 3356 2661 3415 effundit.
2699 3360 2822 3419 Non
2845 3379 2981 3436 ergo
3013 3365 3361 3423 nuntiantur
3418 3386 3593 3443 opera

1948 3447 2167 3510 nostra,
2200 3444 2301 3501 sed
2333 3444 2609 3515 clamant,
2642 3452 2699 3505 et
2726 3467 2788 3506 se
2817 3450 2947 3523 ipsa
2974 3454 3269 3512 nuntiant.
3318 3458 3469 3515 Sane
3527 3465 3594 3517 ut

1947 3536 2006 3589 et
2036 3532 2145 3588 hoc
2175 3533 2328 3604 quod
2359 3534 2717 3593 laboriosum
2778 3539 2837 3595 in
2898 3542 3111 3599 nostris
3169 3546 3421 3615 ducitur,
3475 3566 3589 3606 non

1947 3625 2306 3695 praeteream,
2365 3624 2508 3681 fides
2555 3625 2821 3700 exigitur,
2882 3632 3145 3689 studium
3201 3635 3586 3707 desideratur,

1946 3711 2100 3767 facta
2128 3716 2489 3783 quaeruntur.
2524 3713 2626 3771 His
2650 3716 2808 3772 enim
2838 3718 3026 3776 tribus
3081 3721 3365 3781 Dominus
3415 3727 3589 3785 Jesus

1948 3801 2270 3859 devotionis
2300 3802 2573 3860 humanae
2604 3805 2799 3862 officia
2827 3808 3091 3866 definivit
3119 3812 3356 3870 dicens:
3390 3817 3582 3886 Petite,

1947 3898 1999 3950 et
2026 3893 2248 3949 dabitur
2276 3895 2423 3950 vobis
2456 3910 2468 3948 :
2503 3898 2754 3966 quaerite,
2780 3901 2833 3952 et
2856 3900 3147 3956 invenietis
3179 3917 3192 3955 :
3242 3904 3476 3974 pulsate,
3533 3912 3587 3963 et

1947 3984 2227 4054 aperietur
2254 3983 2402 4037 vobis
2445 3983 2652 4057 (Matth.
2706 4001 2806 4054 vn,
2864 3986 2941 4058 7),
3003 3987 3069 4042 Et
3120 3989 3274 4044 infra
3323 4006 3336 4045 :
3398 3993 3587 4050 Omnis

1946 4087 2074 4141 ergo
2105 4072 2201 4143 qui
2229 4071 2381 4126 audit
2411 4073 2574 4127 verba
2608 4089 2730 4128 mea
2775 4072 2912 4143 haec,
2973 4078 3025 4130 et
3069 4077 3204 4146 facit
3247 4092 3333 4149 ea,
3384 4080 3586 4138 similis

1948 4165 2027 4217 est
2046 4163 2164 4217 viro
2192 4162 2433 4232 sapienti
2463 4159 2620 4232 (Ibid.
2648 4162 2760 4231 24).

2016 4251 2106 4308 23.
2139 4251 2271 4307 Haec
2302 4249 2401 4322 qui
2423 4248 2681 4306 studiose
2712 4250 2886 4306 fuerit
2912 4256 3277 4324 prosecutus,
3297 4256 3585 4329 primatus

1944 4337 2365 4397 benedictionis
2397 4338 2659 4412 accipiet,
2691 4340 2839 4395 sicut
2871 4340 3201 4412 patriarcha
3226 4343 3428 4416 Jacob,
3482 4351 3585 4422 qui

1943 4428 2302 4488 continentia
2331 4430 2387 4483 et
2416 4427 2529 4483 fide
2552 4427 2946 4484 humanarum
2976 4430 3368 4503 supplantavit
3410 4434 3585 4495 vesti-

1942 4519 2039 4593 gia
2066 4516 2430 4592 passionum.
2481 4516 2594 4573 Iste
2624 4516 2742 4573 ait:
2775 4520 3209 4576 Misericordimn
3249 4526 3361 4580 mei
3394 4527 3587 4586 habuit

160 4526 447 4595 peccandi
512 4522 751 4592 modus,
801 4524 860 4576 et
918 4517 1286 4590 inexplebilis
1341 4517 1629 4577 scelerum
1686 4519 1829 4588 sitit,

164 4600 269 4670 nisi
302 4619 507 4672 morte
533 4610 790 4670 amantis
837 4607 1098 4680 extingui
1133 4623 1250 4664 non
1309 4610 1518 4680 potest.
1576 4609 1641 4665 Et
1694 4609 1825 4666 ideo
1855 4616 1903 4681 Ι)
1933 4611 2092 4678 Deus,
2125 4613 2177 4665 et
2203 4615 2330 4664 sunt
2358 4605 2502 4662 mihi
2540 4608 2725 4664 omnia
2784 4607 2936 4681 (Gen.
2999 4627 3197 4679 xxxm,
3253 4612 3364 4687 41).
3425 4616 3586 4675 Hanc

158 4701 232 4757 ait
253 4703 630 4777 Apostolus:
661 4701 849 4771 Fugite
869 4698 1295 4771 fornicationem
1323 4697 1371 4768 (I
1395 4699 1519 4753 Cor.
1552 4714 1632 4766 v1,
1694 4698 1819 4771 18);
1933 4700 2136 4771 itaque
2169 4695 2633 4755 misericordiam
2656 4714 2763 4754 nos
2795 4697 2928 4768 fide,
2963 4700 3161 4755 studio
3191 4703 3585 4779 operibusque

160 4792 219 4846 ut
242 4792 431 4850 veloci
467 4792 622 4866 fuga
649 4793 934 4861 tanquam
966 4787 1201 4844 furiosa
1225 4785 1474 4849 dominas
1530 4786 1825 4844 declinare
1932 4804 2287 4853 mereamur,
2321 4786 2536 4859 quibus
2567 4785 2895 4859 disciplinis
2938 4787 3162 4845 invenit
3220 4791 3399 4847 Israel
3450 4810 3582 4865 grn-

156 4881 461 4948 sevitiam,
498 4883 744 4951 ettetro
775 4876 1010 4934 servitio
1036 4875 1191 4933 exire
1216 4875 1533 4949 possimus.
1929 4876 2073 4934 tiam
2105 4875 2228 4945 Dei,
2261 4879 2319 4932 et
2348 4892 2451 4948 per
2473 4874 2664 4947 ipsam
2717 4875 2937 4931 omnia.
2996 4877 3120 4933 Non
3180 4879 3335 4935 enim
3376 4883 3581 4938 mundi

216 4971 305 5025 21.
337 4971 499 5028 Nam
535 4969 681 5042 quid
714 4968 787 5024 de
815 4966 1059 5023 avaritia
1086 4965 1298 5033 dicam,
1341 4964 1663 5023 insatiabili
1720 4982 1820 5039 pe-
1930 4966 2109 5039 hujus
2139 4966 2357 5038 copias,
2389 4965 2489 5020 sed
2518 4964 2801 5020 virtutum
2834 4964 3175 5037 disciplinas
3205 4965 3318 5023 sibi
3362 4985 3581 5042 suppe-

154 5059 326 5136 cnnie
358 5059 726 5135 cupiditate,
756 5059 815 5112 et
845 5055 1103 5129 quadam
1134 5052 1264 5112 atris
1294 5052 1820 5127 libidine,quzequo

155 5145 313 5215 plura
342 5146 695 5215 abstulerit,
729 5163 796 5202 eo
826 5144 1016 5217 magis
1048 5144 1285 5216 inopem
1315 5160 1445 5200 esse
1474 5160 1537 5200 se
1588 5143 1819 5201 credit?

155 5224 443 5295 Omnibus
460 5236 691 5303 invida,
715 5234 828 5291 sibi
857 5234 1008 5301 vilis,
1034 5233 1092 5289 in
1119 5233 1373 5290 summis
1387 5233 1604 5290 divitiis
1626 5233 1817 5306 inops,

153 5324 349 5382 all‘cctu
378 5329 680 5385 extenuat
703 5325 857 5398 quod
898 5340 1080 5382 censu
1126 5323 1406 5380 abundat.
1457 5322 1666 5379 Nullus
1722 5341 1807 5380 ra-

152 5409 333 5482 piendi
379 5417 638 5483 modus,
687 5414 789 5470 ubi
839 5413 1002 5470 nulla
1058 5429 1336 5471 mensura
1374 5412 1667 5484 cupiendi.
1723 5413 1818 5468 Sic

150 5497 479 5563 inﬂammat
499 5505 801 5571 animum,
836 5503 921 5560 sic
946 5503 1083 5576 igne
1111 5518 1218 5558 suo
1231 5501 1419 5574 pascit
1439 5516 1595 5568 eum,
1619 5505 1683 5555 ut
1706 5500 1818 5557 hoc

1930 5059 2050 5112 tere
2079 5054 2390 5128 gaudebat.
2424 5053 2541 5109 Has
2592 5052 2764 5110 nobis
2821 5055 3252 5111 substituamus
3299 5056 3579 5127 haeredes,

1931 5162 2080 5217 quas
2110 5147 2349 5200 sanctus
2380 5142 2673 5199 Abraham
2702 5143 2761 5197 in
2795 5142 2957 5199 Isaac
2987 5144 3110 5199 filio
3135 5160 3242 5199 suo
3273 5145 3580 5203 substituit

1930 5232 2062 5298 sibi,
2095 5247 2327 5287 omnem
2358 5247 2597 5302 cperam
2644 5247 2885 5286 suorum
2945 5232 3231 5304 deputans
3278 5232 3578 5291 haeredita-

1926 5326 2044 5378 tem
2078 5318 2325 5393 sapienti
2355 5323 2412 5374 ct
2427 5320 2591 5389 justo
2622 5319 2767 5389 viro,
2799 5336 2905 5376 nec
2936 5320 3123 5377 ullum
3173 5322 3277 5393 jus
3334 5322 3576 5381 haeredi-

1928 5409 2143 5465 tnrium
2176 5406 2404 5462 ancillis
2432 5403 2520 5461 vel
2552 5406 2899 5462 ancillarum
2942 5408 3078 5464 filiis
3137 5410 3571 5484 derelinquens,

1928 5498 2028 5555 sed
2084 5494 2492 5553 tantummodo
2552 5494 2883 5551 donationis
2938 5513 3204 5554 munera.
3303 5501 3571 5558 Perfecta;

211 5646 547 5721 (2l)Edit.,
584 5650 641 5721 et
694 5646 941 5721 sculpsit.
992 5645 1159 5721 Mss.,
1208 5645 1274 5701 Et
1328 5644 1502 5714 fulsit.
1542 5642 1761 5716 Nempe
1815 5659 1883 5699 ex
1922 5640 2062 5721 LXX
2139 5640 2410 5712 Interpr.,
2486 5636 2581 5693 ubi
2670 5635 2884 5709 legitur
2939 5648 3021 5695 aut
3071 5646 3302 5713 ὑπήρεισε
3358 5650 3567 5714 στύλσυ;

151 5718 282 5778 ⁸πά.
304 5718 525 5794 Vulg”
561 5720 645 5776 Et
675 5718 903 5790 excidit,
951 5720 1060 5776 etc.
