  <div class='ocr_page' id='page_1' title='image "/cluster/home/n/w/nwhite01/storage/ocr_20150623/14/uva.x000826552/188.png"; bbox 0 0 3862 6210; ppageno 0'>
   <div class='ocr_carea' id='block_1_1' title="bbox 286 443 397 509">
    <p class='ocr_par' dir='ltr' id='par_1_1' title="bbox 286 443 397 509">
     <span class='ocr_line' id='line_1_1' title="bbox 286 443 397 509; baseline 0 -1"><span class='ocrx_word' id='word_1_1' title='bbox 286 443 397 509; x_wconf 77' lang='lat'><strong>341</strong></span> 
     </span>
    </p>
   </div>
   <div class='ocr_carea' id='block_1_2' title="bbox 1746 444 2226 515">
    <p class='ocr_par' dir='ltr' id='par_1_2' title="bbox 1746 444 2226 515">
     <span class='ocr_line' id='line_1_2' title="bbox 1746 444 2226 515; baseline 0.01 -5"><span class='ocrx_word' id='word_1_2' title='bbox 1746 444 1808 510; x_wconf 75' lang='lat' dir='ltr'><strong>S.</strong></span> <span class='ocrx_word' id='word_1_3' title='bbox 1856 448 2226 515; x_wconf 76' lang='lat' dir='ltr'><strong>AMBROSII</strong></span> 
     </span>
    </p>
   </div>
   <div class='ocr_carea' id='block_1_3' title="bbox 3567 457 3683 521">
    <p class='ocr_par' dir='ltr' id='par_1_3' title="bbox 3567 457 3683 521">
     <span class='ocr_line' id='line_1_3' title="bbox 3567 457 3683 521; baseline -0.017 0"><span class='ocrx_word' id='word_1_4' title='bbox 3567 457 3683 521; x_wconf 67' lang='lat'><strong>348</strong></span> 
     </span>
    </p>
   </div>
   <div class='ocr_carea' id='block_1_4' title="bbox 280 585 1901 676">
    <p class='ocr_par' dir='ltr' id='par_1_4' title="bbox 280 595 1890 676">
     <span class='ocr_line' id='line_1_4' title="bbox 280 595 1890 676; baseline 0.002 -22"><span class='ocrx_word' id='word_1_5' title='bbox 280 595 434 654; x_wconf 89' lang='lat' dir='ltr'><strong>enim</strong></span> <span class='ocrx_word' id='word_1_6' title='bbox 457 596 702 656; x_wconf 78' lang='lat' dir='ltr'><strong>virtutes</strong></span> <span class='ocrx_word' id='word_1_7' title='bbox 733 603 919 656; x_wconf 87' lang='lat' dir='ltr'><strong>toturn</strong></span> <span class='ocrx_word' id='word_1_8' title='bbox 938 600 1233 673; x_wconf 89' lang='lat' dir='ltr'><strong>accipiunt</strong></span> <span class='ocrx_word' id='word_1_9' title='bbox 1253 599 1449 674; x_wconf 64' lang='lat' dir='ltr'><strong>gloriae</strong></span> <span class='ocrx_word' id='word_1_10' title='bbox 1473 601 1890 676; x_wconf 82' lang='lat' dir='ltr'><strong>patrimonium</strong></span> 
     </span>
    </p>
   </div>
   <div class='ocr_carea' id='block_1_5' title="bbox 2064 585 3683 676">
    <p class='ocr_par' dir='ltr' id='par_1_5' title="bbox 2064 587 3683 666">
     <span class='ocr_line' id='line_1_5' title="bbox 2064 587 3683 666; baseline 0.002 -22"><span class='ocrx_word' id='word_1_11' title='bbox 2064 587 2207 644; x_wconf 83' lang='lat' dir='ltr'><strong>tibus</strong></span> <span class='ocrx_word' id='word_1_12' title='bbox 2255 592 2420 648; x_wconf 75' lang='lat' dir='ltr'><strong>terra:</strong></span> <span class='ocrx_word' id='word_1_13' title='bbox 2479 604 2681 646; x_wconf 84' lang='lat' dir='ltr'><strong>munus</strong></span> <span class='ocrx_word' id='word_1_14' title='bbox 2729 587 2956 647; x_wconf 87' lang='lat' dir='ltr'><strong>Domino</strong></span> <span class='ocrx_word' id='word_1_15' title='bbox 2999 588 3150 662; x_wconf 82' lang='lat' dir='ltr'><strong>(Gen,</strong></span> <span class='ocrx_word' id='word_1_16' title='bbox 3197 606 3270 646; x_wconf 80' lang='grc' dir='ltr'><strong>ιν.</strong></span> <span class='ocrx_word' id='word_1_17' title='bbox 3317 588 3392 663; x_wconf 89' lang='grc'><strong>3).</strong></span> <span class='ocrx_word' id='word_1_18' title='bbox 3459 588 3683 666; x_wconf 78' lang='lat' dir='ltr'><strong>Duplex</strong></span> 
     </span>
    </p>
   </div>
   <div class='ocr_carea' id='block_1_6' title="bbox 280 687 1924 764">
    <p class='ocr_par' dir='ltr' id='par_1_6' title="bbox 280 687 1924 764">
     <span class='ocr_line' id='line_1_6' title="bbox 280 687 1924 764; baseline 0.002 -22"><span class='ocrx_word' id='word_1_19' title='bbox 280 687 512 743; x_wconf 80' lang='lat' dir='ltr'><strong>usitatis</strong></span> <span class='ocrx_word' id='word_1_20' title='bbox 544 693 600 743; x_wconf 90' lang='lat' dir='ltr'><strong>et</strong></span> <span class='ocrx_word' id='word_1_21' title='bbox 631 690 1022 744; x_wconf 79' lang='lat' dir='ltr'><strong>mediocribus</strong></span> <span class='ocrx_word' id='word_1_22' title='bbox 1051 689 1162 746; x_wconf 89' lang='lat' dir='ltr'><strong>vile</strong></span> <span class='ocrx_word' id='word_1_23' title='bbox 1193 689 1413 762; x_wconf 89' lang='lat' dir='ltr'><strong>aliquid</strong></span> <span class='ocrx_word' id='word_1_24' title='bbox 1447 690 1798 764; x_wconf 80' lang='lat' dir='ltr'><strong>aspergitur.</strong></span> <span class='ocrx_word' id='word_1_25' title='bbox 1861 693 1924 746; x_wconf 89' lang='lat' dir='ltr'><strong>Et</strong></span> 
     </span>
    </p>
   </div>
   <div class='ocr_carea' id='block_1_7' title="bbox 282 776 1922 852">
    <p class='ocr_par' dir='ltr' id='par_1_7' title="bbox 282 776 1922 852">
     <span class='ocr_line' id='line_1_7' title="bbox 282 776 1922 852; baseline 0.003 -22"><span class='ocrx_word' id='word_1_26' title='bbox 282 776 409 832; x_wconf 92' lang='lat' dir='ltr'><strong>ideo</strong></span> <span class='ocrx_word' id='word_1_27' title='bbox 441 781 614 850; x_wconf 84' lang='lat' dir='ltr'><strong>Agar,</strong></span> <span class='ocrx_word' id='word_1_28' title='bbox 647 795 772 850; x_wconf 65' lang='lat' dir='ltr'><strong>quas</strong></span> <span class='ocrx_word' id='word_1_29' title='bbox 803 779 1012 833; x_wconf 78' lang='lat' dir='ltr'><strong>advena</strong></span> <span class='ocrx_word' id='word_1_30' title='bbox 1057 780 1255 834; x_wconf 84' lang='lat' dir='ltr'><strong>Latine</strong></span> <span class='ocrx_word' id='word_1_31' title='bbox 1277 781 1492 835; x_wconf 90' lang='lat' dir='ltr'><strong>dicitur</strong></span> <span class='ocrx_word' id='word_1_32' title='bbox 1523 787 1695 852; x_wconf 88' lang='lat' dir='ltr'><strong>atque</strong></span> <span class='ocrx_word' id='word_1_33' title='bbox 1721 782 1922 846; x_wconf 84' lang='lat' dir='ltr'><strong>accola,</strong></span> 
     </span>
    </p>
   </div>
   <div class='ocr_carea' id='block_1_8' title="bbox 280 866 1924 940">
    <p class='ocr_par' dir='ltr' id='par_1_8' title="bbox 280 866 1924 940">
     <span class='ocr_line' id='line_1_8' title="bbox 280 866 1924 940; baseline 0.002 -20"><span class='ocrx_word' id='word_1_34' title='bbox 280 869 337 920; x_wconf 89' lang='lat' dir='ltr'><strong>et</strong></span> <span class='ocrx_word' id='word_1_35' title='bbox 393 866 661 932; x_wconf 87' lang='lat' dir='ltr'><strong>Cetbura,</strong></span> <span class='ocrx_word' id='word_1_36' title='bbox 719 884 841 938; x_wconf 71' lang='lat' dir='ltr'><strong>qua:</strong></span> <span class='ocrx_word' id='word_1_37' title='bbox 898 868 1171 938; x_wconf 76' lang='lat' dir='ltr'><strong>odorifero</strong></span> <span class='ocrx_word' id='word_1_38' title='bbox 1229 868 1610 940; x_wconf 65' lang='lat' dir='ltr'><strong>significatur,</strong></span> <span class='ocrx_word' id='word_1_39' title='bbox 1669 869 1924 924; x_wconf 63' lang='lat' dir='ltr'><strong>baredes</strong></span> 
     </span>
    </p>
   </div>
   <div class='ocr_carea' id='block_1_9' title="bbox 279 955 1922 1028">
    <p class='ocr_par' dir='ltr' id='par_1_9' title="bbox 279 955 1922 1028">
     <span class='ocr_line' id='line_1_9' title="bbox 279 955 1922 1028; baseline 0.002 -20"><span class='ocrx_word' id='word_1_40' title='bbox 279 970 391 1008; x_wconf 89' lang='lat' dir='ltr'><strong>non</strong></span> <span class='ocrx_word' id='word_1_41' title='bbox 425 959 580 1009; x_wconf 90' lang='lat' dir='ltr'><strong>sunt.</strong></span> <span class='ocrx_word' id='word_1_42' title='bbox 614 955 717 1018; x_wconf 88' lang='lat' dir='ltr'><strong>Qui</strong></span> <span class='ocrx_word' id='word_1_43' title='bbox 753 955 906 1010; x_wconf 87' lang='lat' dir='ltr'><strong>enim</strong></span> <span class='ocrx_word' id='word_1_44' title='bbox 933 957 1142 1011; x_wconf 88' lang='lat' dir='ltr'><strong>mediis</strong></span> <span class='ocrx_word' id='word_1_45' title='bbox 1175 958 1361 1011; x_wconf 78' lang='lat' dir='ltr'><strong>utitur</strong></span> <span class='ocrx_word' id='word_1_46' title='bbox 1418 957 1766 1028; x_wconf 85' lang='lat' dir='ltr'><strong>disciplinis,</strong></span> <span class='ocrx_word' id='word_1_47' title='bbox 1829 974 1922 1012; x_wconf 87' lang='lat' dir='ltr'><strong>ac-</strong></span> 
     </span>
    </p>
   </div>
   <div class='ocr_carea' id='block_1_10' title="bbox 277 1043 1922 1118">
    <p class='ocr_par' dir='ltr' id='par_1_10' title="bbox 277 1043 1922 1118">
     <span class='ocr_line' id='line_1_10' title="bbox 277 1043 1922 1118; baseline 0.002 -21"><span class='ocrx_word' id='word_1_48' title='bbox 277 1043 421 1114; x_wconf 85' lang='lat' dir='ltr'><strong>cola,</strong></span> <span class='ocrx_word' id='word_1_49' title='bbox 455 1061 567 1098; x_wconf 88' lang='lat' dir='ltr'><strong>non</strong></span> <span class='ocrx_word' id='word_1_50' title='bbox 609 1043 908 1099; x_wconf 87' lang='lat' dir='ltr'><strong>inhabitor</strong></span> <span class='ocrx_word' id='word_1_51' title='bbox 964 1050 1053 1098; x_wconf 85' lang='lat' dir='ltr'><strong>est</strong></span> <span class='ocrx_word' id='word_1_52' title='bbox 1109 1046 1429 1115; x_wconf 58' lang='lat' dir='ltr'><strong>sapientia.</strong></span> <span class='ocrx_word' id='word_1_53' title='bbox 1488 1047 1672 1101; x_wconf 82' lang='lat' dir='ltr'><strong>Odore</strong></span> <span class='ocrx_word' id='word_1_54' title='bbox 1727 1063 1922 1118; x_wconf 87' lang='lat' dir='ltr'><strong>asper-</strong></span> 
     </span>
    </p>
   </div>
   <div class='ocr_carea' id='block_1_11' title="bbox 276 1133 1922 1204">
    <p class='ocr_par' dir='ltr' id='par_1_11' title="bbox 276 1133 1922 1204">
     <span class='ocr_line' id='line_1_11' title="bbox 276 1133 1922 1204; baseline 0.002 -18"><span class='ocrx_word' id='word_1_55' title='bbox 276 1148 398 1199; x_wconf 88' lang='lat' dir='ltr'><strong>sus,</strong></span> <span class='ocrx_word' id='word_1_56' title='bbox 442 1149 556 1187; x_wconf 90' lang='lat' dir='ltr'><strong>non</strong></span> <span class='ocrx_word' id='word_1_57' title='bbox 590 1133 778 1186; x_wconf 86' lang='lat' dir='ltr'><strong>fructu</strong></span> <span class='ocrx_word' id='word_1_58' title='bbox 813 1133 1094 1204; x_wconf 78' lang='lat' dir='ltr'><strong>expletur.</strong></span> <span class='ocrx_word' id='word_1_59' title='bbox 1128 1134 1445 1188; x_wconf 83' lang='lat' dir='ltr'><strong>Sanitatem</strong></span> <span class='ocrx_word' id='word_1_60' title='bbox 1479 1139 1671 1188; x_wconf 88' lang='lat' dir='ltr'><strong>autem</strong></span> <span class='ocrx_word' id='word_1_61' title='bbox 1733 1135 1922 1200; x_wconf 87' lang='lat' dir='ltr'><strong>cibus,</strong></span> 
     </span>
    </p>
   </div>
   <div class='ocr_carea' id='block_1_12' title="bbox 272 1221 1919 1292">
    <p class='ocr_par' dir='ltr' id='par_1_12' title="bbox 272 1221 1919 1292">
     <span class='ocr_line' id='line_1_12' title="bbox 272 1221 1919 1292; baseline 0.002 -18"><span class='ocrx_word' id='word_1_62' title='bbox 272 1236 387 1276; x_wconf 85' lang='lat' dir='ltr'><strong>non</strong></span> <span class='ocrx_word' id='word_1_63' title='bbox 420 1221 563 1275; x_wconf 85' lang='lat' dir='ltr'><strong>odor</strong></span> <span class='ocrx_word' id='word_1_64' title='bbox 595 1221 830 1280; x_wconf 88' lang='lat' dir='ltr'><strong>invehit,</strong></span> <span class='ocrx_word' id='word_1_65' title='bbox 865 1222 1002 1292; x_wconf 85' lang='lat' dir='ltr'><strong>quia</strong></span> <span class='ocrx_word' id='word_1_66' title='bbox 1033 1223 1174 1276; x_wconf 86' lang='lat' dir='ltr'><strong>odor</strong></span> <span class='ocrx_word' id='word_1_67' title='bbox 1203 1224 1494 1276; x_wconf 85' lang='lat' dir='ltr'><strong>fructuum</strong></span> <span class='ocrx_word' id='word_1_68' title='bbox 1525 1224 1769 1277; x_wconf 86' lang='lat' dir='ltr'><strong>nuntius</strong></span> <span class='ocrx_word' id='word_1_69' title='bbox 1812 1228 1919 1278; x_wconf 82' lang='lat' dir='ltr'><strong>est.</strong></span> 
     </span>
    </p>
   </div>
   <div class='ocr_carea' id='block_1_13' title="bbox 272 1309 1918 1381">
    <p class='ocr_par' dir='ltr' id='par_1_13' title="bbox 272 1309 1918 1381">
     <span class='ocr_line' id='line_1_13' title="bbox 272 1309 1918 1381; baseline 0.002 -17"><span class='ocrx_word' id='word_1_70' title='bbox 272 1309 628 1381; x_wconf 85' lang='lat' dir='ltr'><strong>Principales</strong></span> <span class='ocrx_word' id='word_1_71' title='bbox 659 1310 850 1381; x_wconf 83' lang='lat' dir='ltr'>itaque</span> <span class='ocrx_word' id='word_1_72' title='bbox 881 1310 1222 1380; x_wconf 80' lang='lat' dir='ltr'><strong>disciplinas</strong></span> <span class='ocrx_word' id='word_1_73' title='bbox 1255 1312 1656 1381; x_wconf 74' lang='lat' dir='ltr'><strong>sequentibus,</strong></span> <span class='ocrx_word' id='word_1_74' title='bbox 1691 1317 1747 1365; x_wconf 83' lang='lat' dir='ltr'><strong>et</strong></span> <span class='ocrx_word' id='word_1_75' title='bbox 1769 1312 1918 1368; x_wconf 78' lang='lat' dir='ltr'><strong>I95</strong></span> 
     </span>
    </p>
   </div>
   <div class='ocr_carea' id='block_1_14' title="bbox 273 1397 1675 1470">
    <p class='ocr_par' dir='ltr' id='par_1_14' title="bbox 273 1397 1675 1470">
     <span class='ocr_line' id='line_1_14' title="bbox 273 1397 1675 1470; baseline 0.002 -19"><span class='ocrx_word' id='word_1_76' title='bbox 273 1397 579 1469; x_wconf 79' lang='lat' dir='ltr'><strong>indigenas</strong></span> <span class='ocrx_word' id='word_1_77' title='bbox 611 1397 824 1452; x_wconf 84' lang='lat' dir='ltr'><strong>accolis</strong></span> <span class='ocrx_word' id='word_1_78' title='bbox 853 1400 1229 1470; x_wconf 80' lang='lat' dir='ltr'><strong>agnoscimus</strong></span> <span class='ocrx_word' id='word_1_79' title='bbox 1262 1401 1675 1469; x_wconf 59' lang='lat' dir='ltr'><strong>praeferendas.</strong></span> 
     </span>
    </p>
   </div>
   <div class='ocr_carea' id='block_1_15' title="bbox 341 1487 1918 1555">
    <p class='ocr_par' dir='ltr' id='par_1_15' title="bbox 341 1487 1918 1555">
     <span class='ocr_line' id='line_1_15' title="bbox 341 1487 1918 1555; baseline 0.003 -15"><span class='ocrx_word' id='word_1_80' title='bbox 341 1488 428 1540; x_wconf 78' lang='grc'><strong>24.</strong></span> <span class='ocrx_word' id='word_1_81' title='bbox 465 1487 579 1540; x_wconf 85' lang='lat' dir='ltr'><strong>Hoc</strong></span> <span class='ocrx_word' id='word_1_82' title='bbox 608 1487 932 1541; x_wconf 87' lang='lat' dir='ltr'><strong>secundum</strong></span> <span class='ocrx_word' id='word_1_83' title='bbox 969 1487 1290 1555; x_wconf 86' lang='lat' dir='ltr'><strong>ingenium.</strong></span> <span class='ocrx_word' id='word_1_84' title='bbox 1326 1493 1401 1542; x_wconf 85' lang='lat' dir='ltr'><strong>At</strong></span> <span class='ocrx_word' id='word_1_85' title='bbox 1433 1505 1563 1544; x_wconf 90' lang='lat' dir='ltr'><strong>vero</strong></span> <span class='ocrx_word' id='word_1_86' title='bbox 1595 1491 1918 1546; x_wconf 87' lang='lat' dir='ltr'><strong>secundum</strong></span> 
     </span>
    </p>
   </div>
   <div class='ocr_carea' id='block_1_16' title="bbox 271 1575 1918 1648">
    <p class='ocr_par' dir='ltr' id='par_1_16' title="bbox 271 1575 1918 1648">
     <span class='ocr_line' id='line_1_16' title="bbox 271 1575 1918 1648; baseline 0.002 -18"><span class='ocrx_word' id='word_1_87' title='bbox 271 1576 610 1647; x_wconf 76' lang='lat' dir='ltr'><strong>mysterium</strong></span> <span class='ocrx_word' id='word_1_88' title='bbox 646 1577 757 1641; x_wconf 87' lang='grc'>(22)</span> <span class='ocrx_word' id='word_1_89' title='bbox 801 1575 1096 1630; x_wconf 84' lang='lat' dir='ltr'><strong>Abraham</strong></span> <span class='ocrx_word' id='word_1_90' title='bbox 1158 1582 1320 1648; x_wconf 88' lang='lat' dir='ltr'><strong>pater</strong></span> <span class='ocrx_word' id='word_1_91' title='bbox 1380 1578 1644 1647; x_wconf 90' lang='lat' dir='ltr'><strong>gentium</strong></span> <span class='ocrx_word' id='word_1_92' title='bbox 1705 1579 1918 1634; x_wconf 88' lang='lat' dir='ltr'><strong>semini</strong></span> 
     </span>
    </p>
   </div>
   <div class='ocr_carea' id='block_1_17' title="bbox 269 1663 1916 1736">
    <p class='ocr_par' dir='ltr' id='par_1_17' title="bbox 269 1663 1916 1736">
     <span class='ocr_line' id='line_1_17' title="bbox 269 1663 1916 1736; baseline 0.003 -17"><span class='ocrx_word' id='word_1_93' title='bbox 269 1681 374 1719; x_wconf 88' lang='lat' dir='ltr'><strong>suo</strong></span> <span class='ocrx_word' id='word_1_94' title='bbox 406 1663 688 1736; x_wconf 86' lang='lat' dir='ltr'><strong>legitimo,</strong></span> <span class='ocrx_word' id='word_1_95' title='bbox 721 1665 873 1734; x_wconf 93' lang='lat' dir='ltr'><strong>quod</strong></span> <span class='ocrx_word' id='word_1_96' title='bbox 909 1669 997 1719; x_wconf 88' lang='lat' dir='ltr'><strong>est</strong></span> <span class='ocrx_word' id='word_1_97' title='bbox 1025 1665 1316 1728; x_wconf 85' lang='lat' dir='ltr'><strong>Christus,</strong></span> <span class='ocrx_word' id='word_1_98' title='bbox 1349 1665 1748 1722; x_wconf 66' lang='lat' dir='ltr'><strong>haereditatcm</strong></span> <span class='ocrx_word' id='word_1_99' title='bbox 1792 1684 1916 1723; x_wconf 91' lang='lat' dir='ltr'><strong>om-</strong></span> 
     </span>
    </p>
   </div>
   <div class='ocr_carea' id='block_1_18' title="bbox 268 1752 1916 1824">
    <p class='ocr_par' dir='ltr' id='par_1_18' title="bbox 268 1752 1916 1824">
     <span class='ocr_line' id='line_1_18' title="bbox 268 1752 1916 1824; baseline 0.002 -16"><span class='ocrx_word' id='word_1_100' title='bbox 268 1770 398 1808; x_wconf 90' lang='lat' dir='ltr'><strong>nem</strong></span> <span class='ocrx_word' id='word_1_101' title='bbox 433 1753 564 1807; x_wconf 82' lang='lat' dir='ltr'><strong>ﬁdei</strong></span> <span class='ocrx_word' id='word_1_102' title='bbox 598 1771 714 1808; x_wconf 64' lang='lat' dir='ltr'><strong>suae</strong></span> <span class='ocrx_word' id='word_1_103' title='bbox 742 1752 968 1819; x_wconf 86' lang='lat' dir='ltr'><strong>detulit,</strong></span> <span class='ocrx_word' id='word_1_104' title='bbox 1005 1755 1103 1824; x_wconf 90' lang='lat' dir='ltr'><strong>qui</strong></span> <span class='ocrx_word' id='word_1_105' title='bbox 1152 1754 1209 1808; x_wconf 92' lang='lat' dir='ltr'><strong>in</strong></span> <span class='ocrx_word' id='word_1_106' title='bbox 1271 1754 1381 1810; x_wconf 89' lang='lat' dir='ltr'><strong>hac</strong></span> <span class='ocrx_word' id='word_1_107' title='bbox 1424 1759 1578 1810; x_wconf 87' lang='lat' dir='ltr'><strong>terra</strong></span> <span class='ocrx_word' id='word_1_108' title='bbox 1608 1755 1764 1811; x_wconf 90' lang='lat' dir='ltr'><strong>velut</strong></span> <span class='ocrx_word' id='word_1_109' title='bbox 1815 1757 1916 1811; x_wconf 89' lang='lat' dir='ltr'><strong>ad-</strong></span> 
     </span>
    </p>
   </div>
   <div class='ocr_carea' id='block_1_19' title="bbox 264 1841 1915 1917">
    <p class='ocr_par' dir='ltr' id='par_1_19' title="bbox 264 1841 1915 1917">
     <span class='ocr_line' id='line_1_19' title="bbox 264 1841 1915 1917; baseline 0.002 -20"><span class='ocrx_word' id='word_1_110' title='bbox 264 1859 409 1897; x_wconf 85' lang='lat' dir='ltr'><strong>vena</strong></span> <span class='ocrx_word' id='word_1_111' title='bbox 449 1841 596 1908; x_wconf 85' lang='lat' dir='ltr'><strong>fuit;</strong></span> <span class='ocrx_word' id='word_1_112' title='bbox 657 1846 723 1896; x_wconf 94' lang='lat' dir='ltr'><strong>ut</strong></span> <span class='ocrx_word' id='word_1_113' title='bbox 773 1843 900 1896; x_wconf 73' lang='lat' dir='ltr'><strong>vitze</strong></span> <span class='ocrx_word' id='word_1_114' title='bbox 960 1842 1136 1914; x_wconf 85' lang='lat' dir='ltr'><strong>hujus</strong></span> <span class='ocrx_word' id='word_1_115' title='bbox 1193 1844 1431 1899; x_wconf 90' lang='lat' dir='ltr'><strong>odorem</strong></span> <span class='ocrx_word' id='word_1_116' title='bbox 1495 1845 1682 1917; x_wconf 88' lang='lat' dir='ltr'><strong>magis</strong></span> <span class='ocrx_word' id='word_1_117' title='bbox 1736 1863 1915 1916; x_wconf 89' lang='lat' dir='ltr'><strong>quam</strong></span> 
     </span>
    </p>
   </div>
   <div class='ocr_carea' id='block_1_20' title="bbox 267 1931 1994 2018">
    <p class='ocr_par' dir='ltr' id='par_1_20' title="bbox 267 1931 1994 2018">
     <span class='ocr_line' id='line_1_20' title="bbox 267 1931 1994 2018; baseline 0.002 -33"><span class='ocrx_word' id='word_1_118' title='bbox 267 1931 519 1985; x_wconf 85' lang='lat' dir='ltr'><strong>fructum</strong></span> <span class='ocrx_word' id='word_1_119' title='bbox 552 1932 806 1985; x_wconf 82' lang='lat' dir='ltr'><strong>referret.</strong></span> <span class='ocrx_word' id='word_1_120' title='bbox 837 1931 964 1985; x_wconf 78' lang='lat' dir='ltr'><strong>Haec</strong></span> <span class='ocrx_word' id='word_1_121' title='bbox 999 1948 1132 1986; x_wconf 91' lang='lat' dir='ltr'><strong>cum</strong></span> <span class='ocrx_word' id='word_1_122' title='bbox 1159 1933 1323 1986; x_wconf 88' lang='lat' dir='ltr'><strong>audit</strong></span> <span class='ocrx_word' id='word_1_123' title='bbox 1357 1950 1542 1999; x_wconf 89' lang='lat' dir='ltr'><strong>mens,</strong></span> <span class='ocrx_word' id='word_1_124' title='bbox 1594 1936 1798 1989; x_wconf 83' lang='lat' dir='ltr'><strong>avertit</strong></span> <span class='ocrx_word' id='word_1_125' title='bbox 1854 1951 1915 1990; x_wconf 91' lang='lat' dir='ltr'><strong>se</strong></span> <span class='ocrx_word' id='word_1_126' title='bbox 1948 1955 1994 2018; x_wconf 82' lang='lat' dir='ltr'><strong>B</strong></span> 
     </span>
    </p>
   </div>
   <div class='ocr_carea' id='block_1_21' title="bbox 266 2019 1912 2092">
    <p class='ocr_par' dir='ltr' id='par_1_21' title="bbox 266 2019 1912 2092">
     <span class='ocr_line' id='line_1_21' title="bbox 266 2019 1912 2092; baseline 0.003 -18"><span class='ocrx_word' id='word_1_127' title='bbox 266 2035 299 2074; x_wconf 87' lang='lat' dir='ltr'><strong>a</strong></span> <span class='ocrx_word' id='word_1_128' title='bbox 329 2019 642 2090; x_wconf 85' lang='lat' dir='ltr'><strong>voluptate,</strong></span> <span class='ocrx_word' id='word_1_129' title='bbox 673 2019 990 2090; x_wconf 85' lang='lat' dir='ltr'><strong>virtutique</strong></span> <span class='ocrx_word' id='word_1_130' title='bbox 1020 2019 1308 2092; x_wconf 89' lang='lat' dir='ltr'><strong>adjungit,</strong></span> <span class='ocrx_word' id='word_1_131' title='bbox 1365 2022 1484 2076; x_wconf 90' lang='lat' dir='ltr'><strong>veri</strong></span> <span class='ocrx_word' id='word_1_132' title='bbox 1531 2023 1755 2078; x_wconf 90' lang='lat' dir='ltr'><strong>decoris</strong></span> <span class='ocrx_word' id='word_1_133' title='bbox 1813 2025 1912 2079; x_wconf 87' lang='lat' dir='ltr'><strong>ad-</strong></span> 
     </span>
    </p>
   </div>
   <div class='ocr_carea' id='block_1_22' title="bbox 263 2107 1936 2180">
    <p class='ocr_par' dir='ltr' id='par_1_22' title="bbox 263 2107 1936 2180">
     <span class='ocr_line' id='line_1_22' title="bbox 263 2107 1936 2180; baseline 0.003 -17"><span class='ocrx_word' id='word_1_134' title='bbox 263 2108 485 2164; x_wconf 90' lang='lat' dir='ltr'><strong>mirans</strong></span> <span class='ocrx_word' id='word_1_135' title='bbox 515 2107 782 2180; x_wconf 85' lang='lat' dir='ltr'><strong>gratiam.</strong></span> <span class='ocrx_word' id='word_1_136' title='bbox 811 2124 1023 2178; x_wconf 92' lang='lat' dir='ltr'><strong>purum</strong></span> <span class='ocrx_word' id='word_1_137' title='bbox 1057 2109 1350 2176; x_wconf 69' lang='lat' dir='ltr'><strong>allectum,</strong></span> <span class='ocrx_word' id='word_1_138' title='bbox 1377 2109 1724 2180; x_wconf 60' lang='lat' dir='ltr'><strong>{simplicem</strong></span> <span class='ocrx_word' id='word_1_139' title='bbox 1783 2128 1936 2170; x_wconf 87' lang='lat' dir='ltr'><strong>sen-.</strong></span> 
     </span>
    </p>
   </div>
   <div class='ocr_carea' id='block_1_23' title="bbox 262 2197 1916 2271">
    <p class='ocr_par' dir='ltr' id='par_1_23' title="bbox 262 2197 1916 2271">
     <span class='ocr_line' id='line_1_23' title="bbox 262 2197 1916 2271; baseline 0.002 -19"><span class='ocrx_word' id='word_1_140' title='bbox 262 2198 526 2263; x_wconf 85' lang='lat' dir='ltr'><strong>tentiam,</strong></span> <span class='ocrx_word' id='word_1_141' title='bbox 560 2197 911 2251; x_wconf 87' lang='lat' dir='ltr'><strong>mediocrem</strong></span> <span class='ocrx_word' id='word_1_142' title='bbox 945 2201 1184 2263; x_wconf 83' lang='lat' dir='ltr'><strong>vestem,</strong></span> <span class='ocrx_word' id='word_1_143' title='bbox 1221 2197 1330 2252; x_wconf 87' lang='lat' dir='ltr'><strong>hoc</strong></span> <span class='ocrx_word' id='word_1_144' title='bbox 1365 2204 1471 2258; x_wconf 86' lang='lat' dir='ltr'><strong>est,</strong></span> <span class='ocrx_word' id='word_1_145' title='bbox 1507 2216 1620 2254; x_wconf 92' lang='lat' dir='ltr'><strong>non</strong></span> <span class='ocrx_word' id='word_1_146' title='bbox 1679 2199 1737 2253; x_wconf 92' lang='lat' dir='ltr'><strong>in</strong></span> <span class='ocrx_word' id='word_1_147' title='bbox 1794 2217 1916 2271; x_wconf 88' lang='lat' dir='ltr'><strong>per-</strong></span> 
     </span>
    </p>
   </div>
   <div class='ocr_carea' id='block_1_24' title="bbox 263 2285 1914 2360">
    <p class='ocr_par' dir='ltr' id='par_1_24' title="bbox 263 2285 1914 2360">
     <span class='ocr_line' id='line_1_24' title="bbox 263 2285 1914 2360; baseline 0.001 -18"><span class='ocrx_word' id='word_1_148' title='bbox 263 2286 536 2342; x_wconf 86' lang='lat' dir='ltr'><strong>suasione</strong></span> <span class='ocrx_word' id='word_1_149' title='bbox 595 2285 908 2346; x_wconf 90' lang='lat' dir='ltr'><strong>sermonis.</strong></span> <span class='ocrx_word' id='word_1_150' title='bbox 963 2286 1063 2340; x_wconf 90' lang='lat' dir='ltr'><strong>sed</strong></span> <span class='ocrx_word' id='word_1_151' title='bbox 1136 2285 1196 2340; x_wconf 91' lang='lat' dir='ltr'><strong>in</strong></span> <span class='ocrx_word' id='word_1_152' title='bbox 1257 2287 1592 2342; x_wconf 84' lang='lat' dir='ltr'><strong>ostensione</strong></span> <span class='ocrx_word' id='word_1_153' title='bbox 1661 2288 1914 2360; x_wconf 89' lang='lat' dir='ltr'><strong>Spiritus</strong></span> 
     </span>
    </p>
   </div>
   <div class='ocr_carea' id='block_1_25' title="bbox 263 2373 1910 2445">
    <p class='ocr_par' dir='ltr' id='par_1_25' title="bbox 263 2373 1910 2445">
     <span class='ocr_line' id='line_1_25' title="bbox 263 2373 1910 2445; baseline 0.001 -15"><span class='ocrx_word' id='word_1_154' title='bbox 263 2375 308 2445; x_wconf 88' lang='lat' dir='ltr'><strong>(l</strong></span> <span class='ocrx_word' id='word_1_155' title='bbox 364 2376 482 2430; x_wconf 84' lang='lat' dir='ltr'><strong>Cor.</strong></span> <span class='ocrx_word' id='word_1_156' title='bbox 531 2389 592 2440; x_wconf 82' lang='grc' dir='ltr'><strong>η,</strong></span> <span class='ocrx_word' id='word_1_157' title='bbox 627 2375 701 2445; x_wconf 77' lang='grc'><strong>4),</strong></span> <span class='ocrx_word' id='word_1_158' title='bbox 736 2373 926 2444; x_wconf 87' lang='lat' dir='ltr'><strong>qualis</strong></span> <span class='ocrx_word' id='word_1_159' title='bbox 956 2379 1044 2429; x_wconf 89' lang='lat' dir='ltr'><strong>est</strong></span> <span class='ocrx_word' id='word_1_160' title='bbox 1074 2374 1407 2445; x_wconf 70' lang='lat' dir='ltr'><strong>apostolica:</strong></span> <span class='ocrx_word' id='word_1_161' title='bbox 1438 2378 1625 2432; x_wconf 87' lang='lat' dir='ltr'><strong>forma</strong></span> <span class='ocrx_word' id='word_1_162' title='bbox 1680 2383 1910 2434; x_wconf 89' lang='lat' dir='ltr'><strong>senten-</strong></span> 
     </span>
    </p>
   </div>
   <div class='ocr_carea' id='block_1_26' title="bbox 259 2462 1908 2536">
    <p class='ocr_par' dir='ltr' id='par_1_26' title="bbox 259 2462 1908 2536">
     <span class='ocr_line' id='line_1_26' title="bbox 259 2462 1908 2536; baseline 0.001 -17"><span class='ocrx_word' id='word_1_163' title='bbox 259 2463 374 2528; x_wconf 77' lang='lat' dir='ltr'><strong>tiae,</strong></span> <span class='ocrx_word' id='word_1_164' title='bbox 406 2462 686 2518; x_wconf 86' lang='lat' dir='ltr'><strong>amictum</strong></span> <span class='ocrx_word' id='word_1_165' title='bbox 718 2462 1017 2534; x_wconf 73' lang='lat' dir='ltr'><strong>sapientiae</strong></span> <span class='ocrx_word' id='word_1_166' title='bbox 1069 2467 1244 2534; x_wconf 90' lang='lat' dir='ltr'><strong>atque</strong></span> <span class='ocrx_word' id='word_1_167' title='bbox 1274 2465 1508 2533; x_wconf 90' lang='lat' dir='ltr'><strong>pietatis</strong></span> <span class='ocrx_word' id='word_1_168' title='bbox 1566 2466 1726 2520; x_wconf 92' lang='lat' dir='ltr'><strong>omni</strong></span> <span class='ocrx_word' id='word_1_169' title='bbox 1781 2483 1908 2536; x_wconf 90' lang='lat' dir='ltr'><strong>pre-</strong></span> 
     </span>
    </p>
   </div>
   <div class='ocr_carea' id='block_1_27' title="bbox 259 2551 1907 2625">
    <p class='ocr_par' dir='ltr' id='par_1_27' title="bbox 259 2551 1907 2625">
     <span class='ocr_line' id='line_1_27' title="bbox 259 2551 1907 2625; baseline 0.001 -18"><span class='ocrx_word' id='word_1_170' title='bbox 259 2552 558 2608; x_wconf 90' lang='lat' dir='ltr'><strong>tiosiorem</strong></span> <span class='ocrx_word' id='word_1_171' title='bbox 593 2568 734 2607; x_wconf 89' lang='lat' dir='ltr'><strong>auro</strong></span> <span class='ocrx_word' id='word_1_172' title='bbox 767 2551 1081 2622; x_wconf 79' lang='lat' dir='ltr'><strong>refulgens,</strong></span> <span class='ocrx_word' id='word_1_173' title='bbox 1117 2557 1253 2606; x_wconf 90' lang='lat' dir='ltr'><strong>tunc</strong></span> <span class='ocrx_word' id='word_1_174' title='bbox 1285 2552 1528 2608; x_wconf 88' lang='lat' dir='ltr'><strong>chorum</strong></span> <span class='ocrx_word' id='word_1_175' title='bbox 1565 2555 1907 2625; x_wconf 70' lang='lat' dir='ltr'><strong>prudentiae,</strong></span> 
     </span>
    </p>
   </div>
   <div class='ocr_carea' id='block_1_28' title="bbox 257 2641 1906 2714">
    <p class='ocr_par' dir='ltr' id='par_1_28' title="bbox 257 2641 1906 2714">
     <span class='ocr_line' id='line_1_28' title="bbox 257 2641 1906 2714; baseline 0.001 -18"><span class='ocrx_word' id='word_1_176' title='bbox 257 2641 676 2714; x_wconf 68' lang='lat' dir='ltr'><strong>temperantiae,</strong></span> <span class='ocrx_word' id='word_1_177' title='bbox 721 2641 1099 2710; x_wconf 77' lang='lat' dir='ltr'><strong>fortitudinis,</strong></span> <span class='ocrx_word' id='word_1_178' title='bbox 1162 2657 1228 2695; x_wconf 91' lang='lat' dir='ltr'><strong>ac</strong></span> <span class='ocrx_word' id='word_1_179' title='bbox 1269 2643 1514 2710; x_wconf 80' lang='lat' dir='ltr'><strong>justitiae</strong></span> <span class='ocrx_word' id='word_1_180' title='bbox 1575 2643 1906 2714; x_wconf 90' lang='lat' dir='ltr'><strong>suscipiens</strong></span> 
     </span>
    </p>
   </div>
   <div class='ocr_carea' id='block_1_29' title="bbox 259 2729 1910 2803">
    <p class='ocr_par' dir='ltr' id='par_1_29' title="bbox 259 2729 1910 2803">
     <span class='ocr_line' id='line_1_29' title="bbox 259 2729 1910 2803; baseline 0.001 -18"><span class='ocrx_word' id='word_1_181' title='bbox 259 2748 383 2803; x_wconf 69' lang='lat' dir='ltr'><strong>quae</strong></span> <span class='ocrx_word' id='word_1_182' title='bbox 416 2730 755 2802; x_wconf 84' lang='lat' dir='ltr'><strong>fragrabant</strong></span> <span class='ocrx_word' id='word_1_183' title='bbox 793 2731 1025 2785; x_wconf 88' lang='lat' dir='ltr'><strong>odorem</strong></span> <span class='ocrx_word' id='word_1_184' title='bbox 1089 2729 1555 2800; x_wconf 89' lang='lat' dir='ltr'><strong>disciplinarum,</strong></span> <span class='ocrx_word' id='word_1_185' title='bbox 1616 2731 1910 2788; x_wconf 88' lang='lat' dir='ltr'><strong>incutiens</strong></span> 
     </span>
    </p>
   </div>
   <div class='ocr_carea' id='block_1_30' title="bbox 258 2819 1903 2890">
    <p class='ocr_par' dir='ltr' id='par_1_30' title="bbox 258 2819 1903 2890">
     <span class='ocr_line' id='line_1_30' title="bbox 258 2819 1903 2890; baseline 0 -15"><span class='ocrx_word' id='word_1_186' title='bbox 258 2820 662 2876; x_wconf 86' lang='lat' dir='ltr'><strong>reverentiam.</strong></span> <span class='ocrx_word' id='word_1_187' title='bbox 720 2819 1038 2873; x_wconf 86' lang='lat' dir='ltr'><strong>infundens</strong></span> <span class='ocrx_word' id='word_1_188' title='bbox 1099 2819 1367 2889; x_wconf 84' lang='lat' dir='ltr'><strong>gratiam.</strong></span> <span class='ocrx_word' id='word_1_189' title='bbox 1431 2819 1631 2890; x_wconf 89' lang='lat' dir='ltr'><strong>Itaque</strong></span> <span class='ocrx_word' id='word_1_190' title='bbox 1686 2821 1903 2875; x_wconf 91' lang='lat' dir='ltr'><strong>talibus</strong></span> 
     </span>
    </p>
   </div>
   <div class='ocr_carea' id='block_1_31' title="bbox 259 2905 1907 2981">
    <p class='ocr_par' dir='ltr' id='par_1_31' title="bbox 259 2905 1907 2981">
     <span class='ocr_line' id='line_1_31' title="bbox 259 2905 1907 2981; baseline 0.001 -19"><span class='ocrx_word' id='word_1_191' title='bbox 259 2912 418 2963; x_wconf 90' lang='lat' dir='ltr'><strong>mota</strong></span> <span class='ocrx_word' id='word_1_192' title='bbox 445 2906 616 2977; x_wconf 81' lang='lat' dir='ltr'><strong>elegit</strong></span> <span class='ocrx_word' id='word_1_193' title='bbox 649 2907 844 2961; x_wconf 90' lang='lat' dir='ltr'><strong>studia</strong></span> <span class='ocrx_word' id='word_1_194' title='bbox 871 2905 1124 2974; x_wconf 90' lang='lat' dir='ltr'><strong>virtutis,</strong></span> <span class='ocrx_word' id='word_1_195' title='bbox 1167 2906 1384 2976; x_wconf 88' lang='lat' dir='ltr'><strong>quibus</strong></span> <span class='ocrx_word' id='word_1_196' title='bbox 1415 2908 1593 2962; x_wconf 86' lang='lat' dir='ltr'><strong>Jacob</strong></span> <span class='ocrx_word' id='word_1_197' title='bbox 1644 2909 1731 2963; x_wconf 92' lang='lat' dir='ltr'><strong>vir</strong></span> <span class='ocrx_word' id='word_1_198' title='bbox 1788 2910 1907 2981; x_wconf 90' lang='lat' dir='ltr'><strong>ple-</strong></span> 
     </span>
    </p>
   </div>
   <div class='ocr_carea' id='block_1_32' title="bbox 258 2994 1906 3053">
    <p class='ocr_par' dir='ltr' id='par_1_32' title="bbox 258 2994 1906 3053">
     <span class='ocr_line' id='line_1_32' title="bbox 258 2994 1906 3053; baseline 0.001 -1"><span class='ocrx_word' id='word_1_199' title='bbox 258 3014 371 3052; x_wconf 89' lang='lat' dir='ltr'><strong>nus</strong></span> <span class='ocrx_word' id='word_1_200' title='bbox 397 2995 825 3051; x_wconf 84' lang='lat' dir='ltr'><strong>exercitationis</strong></span> <span class='ocrx_word' id='word_1_201' title='bbox 884 2998 1137 3048; x_wconf 89' lang='lat' dir='ltr'><strong>mentem</strong></span> <span class='ocrx_word' id='word_1_202' title='bbox 1171 2994 1424 3051; x_wconf 90' lang='lat' dir='ltr'><strong>intendit</strong></span> <span class='ocrx_word' id='word_1_203' title='bbox 1455 3013 1645 3052; x_wconf 90' lang='lat' dir='ltr'><strong>suam.</strong></span> <span class='ocrx_word' id='word_1_204' title='bbox 1681 2998 1749 3052; x_wconf 88' lang='lat' dir='ltr'><strong>Et</strong></span> <span class='ocrx_word' id='word_1_205' title='bbox 1780 2998 1906 3053; x_wconf 91' lang='lat' dir='ltr'><strong>ideo</strong></span> 
     </span>
    </p>
   </div>
   <div class='ocr_carea' id='block_1_33' title="bbox 257 3082 1906 3157">
    <p class='ocr_par' dir='ltr' id='par_1_33' title="bbox 257 3082 1906 3157">
     <span class='ocr_line' id='line_1_33' title="bbox 257 3082 1906 3157; baseline 0 -16"><span class='ocrx_word' id='word_1_206' title='bbox 257 3085 452 3141; x_wconf 90' lang='lat' dir='ltr'><strong>ovium</strong></span> <span class='ocrx_word' id='word_1_207' title='bbox 499 3089 696 3156; x_wconf 86' lang='lat' dir='ltr'><strong>pastor</strong></span> <span class='ocrx_word' id='word_1_208' title='bbox 739 3082 1042 3138; x_wconf 87' lang='lat' dir='ltr'><strong>inducitur</strong></span> <span class='ocrx_word' id='word_1_209' title='bbox 1093 3082 1250 3149; x_wconf 81' lang='lat' dir='ltr'><strong>(Gen.</strong></span> <span class='ocrx_word' id='word_1_210' title='bbox 1278 3101 1410 3148; x_wconf 83' lang='lat' dir='ltr'><strong>xxx,</strong></span> <span class='ocrx_word' id='word_1_211' title='bbox 1445 3086 1578 3156; x_wconf 77' lang='lat'><strong>31);</strong></span> <span class='ocrx_word' id='word_1_212' title='bbox 1628 3102 1694 3141; x_wconf 89' lang='lat' dir='ltr'><strong>eo</strong></span> <span class='ocrx_word' id='word_1_213' title='bbox 1751 3087 1906 3157; x_wconf 91' lang='lat' dir='ltr'><strong>quod</strong></span> 
     </span>
    </p>
   </div>
   <div class='ocr_carea' id='block_1_34' title="bbox 253 3171 1908 3246">
    <p class='ocr_par' dir='ltr' id='par_1_34' title="bbox 253 3171 1908 3246">
     <span class='ocr_line' id='line_1_34' title="bbox 253 3171 1908 3246; baseline 0 -17"><span class='ocrx_word' id='word_1_214' title='bbox 253 3173 587 3246; x_wconf 86' lang='lat' dir='ltr'><strong>imperitare</strong></span> <span class='ocrx_word' id='word_1_215' title='bbox 618 3173 846 3243; x_wconf 87' lang='lat' dir='ltr'><strong>corpori</strong></span> <span class='ocrx_word' id='word_1_216' title='bbox 877 3176 934 3226; x_wconf 89' lang='lat' dir='ltr'><strong>et</strong></span> <span class='ocrx_word' id='word_1_217' title='bbox 981 3171 1256 3226; x_wconf 88' lang='lat' dir='ltr'><strong>sensibus</strong></span> <span class='ocrx_word' id='word_1_218' title='bbox 1311 3174 1441 3243; x_wconf 86' lang='lat' dir='ltr'><strong>ejus</strong></span> <span class='ocrx_word' id='word_1_219' title='bbox 1488 3191 1554 3229; x_wconf 88' lang='lat' dir='ltr'><strong>ac</strong></span> <span class='ocrx_word' id='word_1_220' title='bbox 1601 3174 1908 3246; x_wconf 89' lang='lat' dir='ltr'><strong>voluptati-</strong></span> 
     </span>
    </p>
   </div>
   <div class='ocr_carea' id='block_1_35' title="bbox 253 3261 1905 3336">
    <p class='ocr_par' dir='ltr' id='par_1_35' title="bbox 253 3261 1905 3336">
     <span class='ocr_line' id='line_1_35' title="bbox 253 3261 1905 3336; baseline -0.001 -16"><span class='ocrx_word' id='word_1_221' title='bbox 253 3264 383 3330; x_wconf 89' lang='lat' dir='ltr'><strong>bus,</strong></span> <span class='ocrx_word' id='word_1_222' title='bbox 417 3263 650 3333; x_wconf 91' lang='lat' dir='ltr'><strong>votique</strong></span> <span class='ocrx_word' id='word_1_223' title='bbox 683 3261 922 3316; x_wconf 88' lang='lat' dir='ltr'><strong>modum</strong></span> <span class='ocrx_word' id='word_1_224' title='bbox 955 3265 1168 3326; x_wconf 88' lang='lat' dir='ltr'><strong>tenere,</strong></span> <span class='ocrx_word' id='word_1_225' title='bbox 1201 3279 1272 3317; x_wconf 90' lang='lat' dir='ltr'><strong>ne</strong></span> <span class='ocrx_word' id='word_1_226' title='bbox 1303 3261 1461 3316; x_wconf 91' lang='lat' dir='ltr'><strong>velut</strong></span> <span class='ocrx_word' id='word_1_227' title='bbox 1492 3263 1615 3317; x_wconf 90' lang='lat' dir='ltr'><strong>ovis</strong></span> <span class='ocrx_word' id='word_1_228' title='bbox 1667 3270 1905 3336; x_wconf 85' lang='lat' dir='ltr'><strong>vagetur</strong></span> 
     </span>
    </p>
   </div>
   <div class='ocr_carea' id='block_1_36' title="bbox 251 3350 1902 3424">
    <p class='ocr_par' dir='ltr' id='par_1_36' title="bbox 251 3350 1902 3424">
     <span class='ocr_line' id='line_1_36' title="bbox 251 3350 1902 3424; baseline -0.001 -16"><span class='ocrx_word' id='word_1_229' title='bbox 251 3353 490 3418; x_wconf 87' lang='lat' dir='ltr'><strong>incerta,</strong></span> <span class='ocrx_word' id='word_1_230' title='bbox 518 3351 895 3423; x_wconf 71' lang='lat' dir='ltr'><strong>praestantius</strong></span> <span class='ocrx_word' id='word_1_231' title='bbox 926 3350 1272 3413; x_wconf 74' lang='lat' dir='ltr'><strong>zestimatur,</strong></span> <span class='ocrx_word' id='word_1_232' title='bbox 1330 3367 1506 3422; x_wconf 90' lang='lat' dir='ltr'><strong>quam</strong></span> <span class='ocrx_word' id='word_1_233' title='bbox 1559 3367 1756 3424; x_wconf 88' lang='lat' dir='ltr'><strong>regere</strong></span> <span class='ocrx_word' id='word_1_234' title='bbox 1802 3369 1902 3423; x_wconf 91' lang='lat' dir='ltr'><strong>po-</strong></span> 
     </span>
    </p>
   </div>
   <div class='ocr_carea' id='block_1_37' title="bbox 251 3439 1900 3514">
    <p class='ocr_par' dir='ltr' id='par_1_37' title="bbox 251 3439 1900 3514">
     <span class='ocr_line' id='line_1_37' title="bbox 251 3439 1900 3514; baseline -0.001 -18"><span class='ocrx_word' id='word_1_235' title='bbox 251 3440 539 3514; x_wconf 90' lang='lat' dir='ltr'><strong>pulos,vel</strong></span> <span class='ocrx_word' id='word_1_236' title='bbox 559 3455 805 3511; x_wconf 66' lang='lat' dir='ltr'><strong>praeesse</strong></span> <span class='ocrx_word' id='word_1_237' title='bbox 822 3439 1088 3494; x_wconf 88' lang='lat' dir='ltr'><strong>urbibus.</strong></span> <span class='ocrx_word' id='word_1_238' title='bbox 1114 3439 1414 3494; x_wconf 78' lang='lat' dir='ltr'><strong>Difficilius</strong></span> <span class='ocrx_word' id='word_1_239' title='bbox 1427 3439 1582 3495; x_wconf 90' lang='lat' dir='ltr'><strong>enim</strong></span> <span class='ocrx_word' id='word_1_240' title='bbox 1602 3441 1900 3512; x_wconf 88' lang='lat' dir='ltr'><strong>quispiam</strong></span> 
     </span>
    </p>
   </div>
   <div class='ocr_carea' id='block_1_38' title="bbox 251 3529 1900 3601">
    <p class='ocr_par' dir='ltr' id='par_1_38' title="bbox 251 3529 1900 3601">
     <span class='ocr_line' id='line_1_38' title="bbox 251 3529 1900 3601; baseline -0.001 -15"><span class='ocrx_word' id='word_1_241' title='bbox 251 3547 333 3597; x_wconf 88' lang='lat' dir='ltr'><strong>se,</strong></span> <span class='ocrx_word' id='word_1_242' title='bbox 367 3545 543 3601; x_wconf 89' lang='lat' dir='ltr'><strong>quam</strong></span> <span class='ocrx_word' id='word_1_243' title='bbox 577 3529 826 3584; x_wconf 89' lang='lat' dir='ltr'><strong>alterum</strong></span> <span class='ocrx_word' id='word_1_244' title='bbox 858 3529 1023 3599; x_wconf 83' lang='lat' dir='ltr'><strong>regit.</strong></span> <span class='ocrx_word' id='word_1_245' title='bbox 1057 3530 1336 3583; x_wconf 86' lang='lat' dir='ltr'><strong>Animum</strong></span> <span class='ocrx_word' id='word_1_246' title='bbox 1369 3529 1618 3596; x_wconf 89' lang='lat' dir='ltr'><strong>vincere,</strong></span> <span class='ocrx_word' id='word_1_247' title='bbox 1669 3530 1900 3584; x_wconf 89' lang='lat' dir='ltr'><strong>iracun-</strong></span> 
     </span>
    </p>
   </div>
   <div class='ocr_carea' id='block_1_39' title="bbox 251 3615 1904 3688">
    <p class='ocr_par' dir='ltr' id='par_1_39' title="bbox 251 3615 1904 3688">
     <span class='ocr_line' id='line_1_39' title="bbox 251 3615 1904 3688; baseline -0.001 -14"><span class='ocrx_word' id='word_1_248' title='bbox 251 3619 408 3674; x_wconf 90' lang='lat' dir='ltr'><strong>diam</strong></span> <span class='ocrx_word' id='word_1_249' title='bbox 441 3617 730 3682; x_wconf 79' lang='lat' dir='ltr'><strong>cohibere,</strong></span> <span class='ocrx_word' id='word_1_250' title='bbox 778 3620 1358 3687; x_wconf 83' lang='lat' dir='ltr'><strong>compugnantesque</strong></span> <span class='ocrx_word' id='word_1_251' title='bbox 1404 3615 1560 3688; x_wconf 87' lang='lat' dir='ltr'><strong>leges</strong></span> <span class='ocrx_word' id='word_1_252' title='bbox 1609 3617 1802 3672; x_wconf 89' lang='lat' dir='ltr'><strong>carnis</strong></span> <span class='ocrx_word' id='word_1_253' title='bbox 1846 3623 1904 3673; x_wconf 91' lang='lat' dir='ltr'><strong>et</strong></span> 
     </span>
    </p>
   </div>
   <div class='ocr_carea' id='block_1_40' title="bbox 251 3704 1905 3776">
    <p class='ocr_par' dir='ltr' id='par_1_40' title="bbox 251 3704 1905 3776">
     <span class='ocr_line' id='line_1_40' title="bbox 251 3704 1905 3776; baseline -0.002 -12"><span class='ocrx_word' id='word_1_254' title='bbox 251 3706 466 3764; x_wconf 90' lang='lat' dir='ltr'><strong>mentis</strong></span> <span class='ocrx_word' id='word_1_255' title='bbox 499 3706 556 3760; x_wconf 91' lang='lat' dir='ltr'><strong>in</strong></span> <span class='ocrx_word' id='word_1_256' title='bbox 591 3722 775 3760; x_wconf 90' lang='lat' dir='ltr'><strong>unum</strong></span> <span class='ocrx_word' id='word_1_257' title='bbox 809 3720 1034 3776; x_wconf 86' lang='lat' dir='ltr'><strong>cogere,</strong></span> <span class='ocrx_word' id='word_1_258' title='bbox 1066 3704 1420 3760; x_wconf 75' lang='lat' dir='ltr'><strong>immortalis</strong></span> <span class='ocrx_word' id='word_1_259' title='bbox 1455 3706 1765 3776; x_wconf 84' lang='lat' dir='ltr'><strong>cujusdam</strong></span> <span class='ocrx_word' id='word_1_260' title='bbox 1815 3711 1905 3762; x_wconf 91' lang='lat' dir='ltr'><strong>est</strong></span> 
     </span>
    </p>
   </div>
   <div class='ocr_carea' id='block_1_41' title="bbox 248 3801 1906 3876">
    <p class='ocr_par' dir='ltr' id='par_1_41' title="bbox 248 3801 1906 3876">
     <span class='ocr_line' id='line_1_41' title="bbox 248 3801 1906 3876; baseline 0 -16"><span class='ocrx_word' id='word_1_261' title='bbox 248 3804 353 3860; x_wconf 92' lang='lat' dir='ltr'><strong>viri</strong></span> <span class='ocrx_word' id='word_1_262' title='bbox 394 3819 568 3876; x_wconf 87' lang='lat' dir='ltr'><strong>quem</strong></span> <span class='ocrx_word' id='word_1_263' title='bbox 601 3801 811 3856; x_wconf 86' lang='lat' dir='ltr'><strong>inferni</strong></span> <span class='ocrx_word' id='word_1_264' title='bbox 846 3806 1012 3872; x_wconf 88' lang='lat' dir='ltr'><strong>porta</strong></span> <span class='ocrx_word' id='word_1_265' title='bbox 1043 3818 1155 3855; x_wconf 89' lang='lat' dir='ltr'><strong>non</strong></span> <span class='ocrx_word' id='word_1_266' title='bbox 1199 3802 1436 3872; x_wconf 86' lang='lat' dir='ltr'><strong>ceperit.</strong></span> <span class='ocrx_word' id='word_1_267' title='bbox 1489 3802 1750 3874; x_wconf 91' lang='lat' dir='ltr'><strong>Denique</strong></span> <span class='ocrx_word' id='word_1_268' title='bbox 1783 3804 1906 3875; x_wconf 88' lang='lat' dir='ltr'><strong>ipse</strong></span> 
     </span>
    </p>
   </div>
   <div class='ocr_carea' id='block_1_42' title="bbox 249 3890 1904 3965">
    <p class='ocr_par' dir='ltr' id='par_1_42' title="bbox 249 3890 1904 3965">
     <span class='ocr_line' id='line_1_42' title="bbox 249 3890 1904 3965; baseline -0.001 -15"><span class='ocrx_word' id='word_1_269' title='bbox 249 3894 359 3950; x_wconf 90' lang='lat' dir='ltr'><strong>sibi</strong></span> <span class='ocrx_word' id='word_1_270' title='bbox 391 3891 690 3965; x_wconf 88' lang='lat' dir='ltr'><strong>legislator</strong></span> <span class='ocrx_word' id='word_1_271' title='bbox 717 3890 1032 3945; x_wconf 82' lang='lat' dir='ltr'><strong>vindicavit</strong></span> <span class='ocrx_word' id='word_1_272' title='bbox 1063 3890 1171 3944; x_wconf 89' lang='lat' dir='ltr'><strong>hoc</strong></span> <span class='ocrx_word' id='word_1_273' title='bbox 1203 3907 1457 3946; x_wconf 91' lang='lat' dir='ltr'><strong>munus:</strong></span> <span class='ocrx_word' id='word_1_274' title='bbox 1515 3895 1580 3946; x_wconf 90' lang='lat' dir='ltr'><strong>ut</strong></span> <span class='ocrx_word' id='word_1_275' title='bbox 1610 3908 1743 3948; x_wconf 88' lang='lat' dir='ltr'><strong>oves</strong></span> <span class='ocrx_word' id='word_1_276' title='bbox 1796 3910 1904 3965; x_wconf 88' lang='lat' dir='ltr'><strong>pa-</strong></span> 
     </span>
    </p>
   </div>
   <div class='ocr_carea' id='block_1_43' title="bbox 249 3978 1903 4052">
    <p class='ocr_par' dir='ltr' id='par_1_43' title="bbox 249 3978 1903 4052">
     <span class='ocr_line' id='line_1_43' title="bbox 249 3978 1903 4052; baseline -0.001 -13"><span class='ocrx_word' id='word_1_277' title='bbox 249 3986 434 4039; x_wconf 85' lang='lat' dir='ltr'><strong>sceret</strong></span> <span class='ocrx_word' id='word_1_278' title='bbox 464 3981 664 4036; x_wconf 80' lang='lat' dir='ltr'><strong>Jethro</strong></span> <span class='ocrx_word' id='word_1_279' title='bbox 696 3978 889 4051; x_wconf 73' lang='lat' dir='ltr'><strong>(Evod.</strong></span> <span class='ocrx_word' id='word_1_280' title='bbox 925 3996 1008 4045; x_wconf 76' lang='grc' dir='ltr'>ιιι,</span> <span class='ocrx_word' id='word_1_281' title='bbox 1051 3979 1120 4047; x_wconf 87' lang='lat' dir='ltr'><strong>l),</strong></span> <span class='ocrx_word' id='word_1_282' title='bbox 1153 3979 1251 4050; x_wconf 91' lang='lat' dir='ltr'><strong>qui</strong></span> <span class='ocrx_word' id='word_1_283' title='bbox 1283 3979 1497 4034; x_wconf 88' lang='lat' dir='ltr'><strong>dicitur</strong></span> <span class='ocrx_word' id='word_1_284' title='bbox 1547 3982 1903 4052; x_wconf 86' lang='lat' dir='ltr'><strong>superfluus,</strong></span> 
     </span>
    </p>
   </div>
   <div class='ocr_carea' id='block_1_44' title="bbox 247 4068 1904 4144">
    <p class='ocr_par' dir='ltr' id='par_1_44' title="bbox 247 4068 1904 4144">
     <span class='ocr_line' id='line_1_44' title="bbox 247 4068 1904 4144; baseline -0.002 -16"><span class='ocrx_word' id='word_1_285' title='bbox 247 4078 303 4128; x_wconf 92' lang='lat' dir='ltr'><strong>et</strong></span> <span class='ocrx_word' id='word_1_286' title='bbox 331 4083 528 4144; x_wconf 84' lang='lat' dir='ltr'><strong>ageret</strong></span> <span class='ocrx_word' id='word_1_287' title='bbox 549 4069 607 4125; x_wconf 88' lang='lat' dir='ltr'><strong>in</strong></span> <span class='ocrx_word' id='word_1_288' title='bbox 627 4071 959 4126; x_wconf 89' lang='lat' dir='ltr'><strong>desertum:</strong></span> <span class='ocrx_word' id='word_1_289' title='bbox 983 4069 1216 4140; x_wconf 86' lang='lat' dir='ltr'><strong>eoquod</strong></span> <span class='ocrx_word' id='word_1_290' title='bbox 1242 4068 1706 4124; x_wconf 86' lang='lat' dir='ltr'><strong>irrationabilem</strong></span> <span class='ocrx_word' id='word_1_291' title='bbox 1724 4075 1780 4124; x_wconf 89' lang='lat' dir='ltr'><strong>et</strong></span> <span class='ocrx_word' id='word_1_292' title='bbox 1807 4087 1904 4126; x_wconf 88' lang='lat' dir='ltr'><strong>su-</strong></span> 
     </span>
    </p>
   </div>
   <div class='ocr_carea' id='block_1_45' title="bbox 246 4157 1906 4234">
    <p class='ocr_par' dir='ltr' id='par_1_45' title="bbox 246 4157 1906 4234">
     <span class='ocr_line' id='line_1_45' title="bbox 246 4157 1906 4234; baseline -0.002 -17"><span class='ocrx_word' id='word_1_293' title='bbox 246 4159 452 4234; x_wconf 89' lang='lat' dir='ltr'><strong>pertlui</strong></span> <span class='ocrx_word' id='word_1_294' title='bbox 485 4158 858 4229; x_wconf 84' lang='lat' dir='ltr'><strong>vulgarisque</strong></span> <span class='ocrx_word' id='word_1_295' title='bbox 905 4157 1196 4212; x_wconf 89' lang='lat' dir='ltr'><strong>sermonis</strong></span> <span class='ocrx_word' id='word_1_296' title='bbox 1247 4157 1662 4228; x_wconf 89' lang='lat' dir='ltr'><strong>loquacittaem</strong></span> <span class='ocrx_word' id='word_1_297' title='bbox 1720 4158 1906 4215; x_wconf 88' lang='lat' dir='ltr'><strong>indis-</strong></span> 
     </span>
    </p>
   </div>
   <div class='ocr_carea' id='block_1_46' title="bbox 245 4246 1905 4320">
    <p class='ocr_par' dir='ltr' id='par_1_46' title="bbox 245 4246 1905 4320">
     <span class='ocr_line' id='line_1_46' title="bbox 245 4246 1905 4320; baseline -0.001 -16"><span class='ocrx_word' id='word_1_298' title='bbox 245 4255 403 4306; x_wconf 87' lang='lat' dir='ltr'><strong>creta</strong></span> <span class='ocrx_word' id='word_1_299' title='bbox 451 4248 716 4320; x_wconf 70' lang='lat' dir='ltr'><strong>quazdam</strong></span> <span class='ocrx_word' id='word_1_300' title='bbox 779 4247 986 4302; x_wconf 59' lang='lat' dir='ltr'><strong>sobria»</strong></span> <span class='ocrx_word' id='word_1_301' title='bbox 1035 4246 1310 4301; x_wconf 63' lang='lat' dir='ltr'><strong>doctrinae</strong></span> <span class='ocrx_word' id='word_1_302' title='bbox 1372 4246 1561 4319; x_wconf 88' lang='lat' dir='ltr'><strong>coegit</strong></span> <span class='ocrx_word' id='word_1_303' title='bbox 1608 4247 1905 4320; x_wconf 48' lang='lat' dir='ltr'><strong>mysteria.</strong></span> 
     </span>
    </p>
   </div>
   <div class='ocr_carea' id='block_1_47' title="bbox 245 4335 1907 4409">
    <p class='ocr_par' dir='ltr' id='par_1_47' title="bbox 245 4335 1907 4409">
     <span class='ocr_line' id='line_1_47' title="bbox 245 4335 1907 4409; baseline -0.001 -15"><span class='ocrx_word' id='word_1_304' title='bbox 245 4339 493 4409; x_wconf 90' lang='lat' dir='ltr'><strong>Ideoque</strong></span> <span class='ocrx_word' id='word_1_305' title='bbox 557 4335 837 4408; x_wconf 62' lang='lat' dir='ltr'><strong>[Egyptiis</strong></span> <span class='ocrx_word' id='word_1_306' title='bbox 902 4335 1333 4390; x_wconf 88' lang='lat' dir='ltr'><strong>abominationi</strong></span> <span class='ocrx_word' id='word_1_307' title='bbox 1398 4341 1563 4390; x_wconf 88' lang='lat' dir='ltr'><strong>erant</strong></span> <span class='ocrx_word' id='word_1_308' title='bbox 1640 4342 1907 4408; x_wconf 87' lang='lat' dir='ltr'><strong>pastores</strong></span> 
     </span>
    </p>
   </div>
   <div class='ocr_carea' id='block_1_48' title="bbox 243 4423 1909 4496">
    <p class='ocr_par' dir='ltr' id='par_1_48' title="bbox 243 4423 1909 4496">
     <span class='ocr_line' id='line_1_48' title="bbox 243 4423 1909 4496; baseline -0.001 -14"><span class='ocrx_word' id='word_1_309' title='bbox 243 4428 458 4482; x_wconf 90' lang='lat' dir='ltr'><strong>ovium.</strong></span> <span class='ocrx_word' id='word_1_310' title='bbox 493 4425 708 4479; x_wconf 90' lang='lat' dir='ltr'><strong>Omnes</strong></span> <span class='ocrx_word' id='word_1_311' title='bbox 739 4423 893 4479; x_wconf 90' lang='lat' dir='ltr'><strong>enim</strong></span> <span class='ocrx_word' id='word_1_312' title='bbox 929 4425 1028 4495; x_wconf 88' lang='lat' dir='ltr'><strong>qui</strong></span> <span class='ocrx_word' id='word_1_313' title='bbox 1081 4425 1345 4495; x_wconf 90' lang='lat' dir='ltr'><strong>corporis</strong></span> <span class='ocrx_word' id='word_1_314' title='bbox 1397 4425 1579 4479; x_wconf 87' lang='lat' dir='ltr'><strong>dediti</strong></span> <span class='ocrx_word' id='word_1_315' title='bbox 1625 4426 1909 4496; x_wconf 89' lang='lat' dir='ltr'><strong>passioni-</strong></span> 
     </span>
    </p>
   </div>
   <div class='ocr_carea' id='block_1_49' title="bbox 241 4511 1902 4586">
    <p class='ocr_par' dir='ltr' id='par_1_49' title="bbox 241 4511 1902 4586">
     <span class='ocr_line' id='line_1_49' title="bbox 241 4511 1902 4586; baseline -0.002 -15"><span class='ocrx_word' id='word_1_316' title='bbox 241 4516 354 4571; x_wconf 89' lang='lat' dir='ltr'><strong>bus</strong></span> <span class='ocrx_word' id='word_1_317' title='bbox 412 4512 774 4579; x_wconf 82' lang='lat' dir='ltr'><strong>hujusmodi,</strong></span> <span class='ocrx_word' id='word_1_318' title='bbox 853 4516 911 4566; x_wconf 90' lang='lat' dir='ltr'><strong>et</strong></span> <span class='ocrx_word' id='word_1_319' title='bbox 960 4511 1360 4584; x_wconf 84' lang='lat' dir='ltr'><strong>voluptatibus</strong></span> <span class='ocrx_word' id='word_1_320' title='bbox 1409 4513 1713 4586; x_wconf 88' lang='lat' dir='ltr'><strong>indulgent</strong></span> <span class='ocrx_word' id='word_1_321' title='bbox 1757 4515 1902 4570; x_wconf 70' lang='lat' dir='ltr'><strong>suis.</strong></span> 
     </span>
    </p>
   </div>
   <div class='ocr_carea' id='block_1_50' title="bbox 243 4601 1900 4674">
    <p class='ocr_par' dir='ltr' id='par_1_50' title="bbox 243 4601 1900 4674">
     <span class='ocr_line' id='line_1_50' title="bbox 243 4601 1900 4674; baseline 0 -16"><span class='ocrx_word' id='word_1_322' title='bbox 243 4604 687 4674; x_wconf 82' lang='lat' dir='ltr'><strong>disceptatorem</strong></span> <span class='ocrx_word' id='word_1_323' title='bbox 720 4601 901 4660; x_wconf 87' lang='lat' dir='ltr'><strong>verbi.</strong></span> <span class='ocrx_word' id='word_1_324' title='bbox 937 4602 1352 4672; x_wconf 90' lang='lat' dir='ltr'><strong>doctoremque</strong></span> <span class='ocrx_word' id='word_1_325' title='bbox 1383 4602 1614 4657; x_wconf 89' lang='lat' dir='ltr'><strong>virtutis</strong></span> <span class='ocrx_word' id='word_1_326' title='bbox 1646 4605 1900 4674; x_wconf 86' lang='lat' dir='ltr'><strong>quadam</strong></span> 
     </span>
    </p>
   </div>
   <div class='ocr_carea' id='block_1_51' title="bbox 241 4655 2430 4763">
    <p class='ocr_par' dir='ltr' id='par_1_51' title="bbox 241 4655 2430 4763">
     <span class='ocr_line' id='line_1_51' title="bbox 250 4655 2326 4674; baseline -0.019 17"><span class='ocrx_word' id='word_1_327' title='bbox 250 4655 422 4674; x_wconf 50' lang='lat'><strong>—&quot;&quot;‘</strong></span> <span class='ocrx_word' id='word_1_328' title='bbox 893 4655 901 4660; x_wconf 79' lang='lat'><strong>&#39;</strong></span> <span class='ocrx_word' id='word_1_329' title='bbox 1082 4655 1089 4656; x_wconf 47' lang='grc' dir='ltr'>ί</span> <span class='ocrx_word' id='word_1_330' title='bbox 1150 4655 1157 4656; x_wconf 48' lang='grc' dir='ltr'>ί</span> <span class='ocrx_word' id='word_1_331' title='bbox 1220 4655 1270 4672; x_wconf 48' lang='grc' dir='ltr'><strong>ί]</strong></span> <span class='ocrx_word' id='word_1_332' title='bbox 1334 4655 1341 4656; x_wconf 48' lang='grc' dir='ltr'>ί</span> <span class='ocrx_word' id='word_1_333' title='bbox 1452 4655 1610 4657; x_wconf 26' lang='lat' dir='ltr'><strong>ww—</strong></span> <span class='ocrx_word' id='word_1_334' title='bbox 1665 4655 1721 4674; x_wconf 52' lang='grc' dir='ltr'><strong>ιη</strong></span> <span class='ocrx_word' id='word_1_335' title='bbox 1775 4655 1899 4658; x_wconf 22' lang='lat' dir='ltr'><strong>vi&quot;-</strong></span> <span class='ocrx_word' id='word_1_336' title='bbox 2026 4659 2036 4668; x_wconf 52' lang='lat'>.</span> <span class='ocrx_word' id='word_1_337' title='bbox 2317 4657 2326 4666; x_wconf 51' lang='lat'>.</span> 
     </span>
     <span class='ocr_line' id='line_1_52' title="bbox 241 4655 2430 4763; baseline -0.005 -14"><span class='ocrx_word' id='word_1_338' title='bbox 241 4690 634 4748; x_wconf 75' lang='lat' dir='ltr'><strong>exsecratione</strong></span> <span class='ocrx_word' id='word_1_339' title='bbox 665 4689 995 4745; x_wconf 85' lang='lat' dir='ltr'><strong>declinant.</strong></span> <span class='ocrx_word' id='word_1_340' title='bbox 1030 4691 1097 4745; x_wconf 86' lang='lat' dir='ltr'><strong>Et</strong></span> <span class='ocrx_word' id='word_1_341' title='bbox 1127 4689 1255 4744; x_wconf 88' lang='lat' dir='ltr'><strong>ideo</strong></span> <span class='ocrx_word' id='word_1_342' title='bbox 1297 4707 1399 4761; x_wconf 91' lang='lat' dir='ltr'><strong>per</strong></span> <span class='ocrx_word' id='word_1_343' title='bbox 1445 4691 1757 4763; x_wconf 75' lang='lat' dir='ltr'><strong>zegnimata</strong></span> <span class='ocrx_word' id='word_1_344' title='bbox 1787 4693 1906 4748; x_wconf 68' lang='lat' dir='ltr'><strong>haic</strong></span> <span class='ocrx_word' id='word_1_345' title='bbox 1935 4687 1982 4752; x_wconf 92' lang='lat' dir='ltr'><strong>D</strong></span> <span class='ocrx_word' id='word_1_346' title='bbox 2012 4673 2127 4763; x_wconf 61' lang='grc' dir='ltr'><strong>ξρδθ</strong></span> <span class='ocrx_word' id='word_1_347' title='bbox 2149 4655 2430 4763; x_wconf 34' lang='lat' dir='ltr'><strong>det???&quot;</strong></span> 
     </span>
    </p>
   </div>
   <div class='ocr_carea' id='block_1_52' title="bbox 240 4779 1898 4853">
    <p class='ocr_par' dir='ltr' id='par_1_52' title="bbox 240 4779 1898 4853">
     <span class='ocr_line' id='line_1_53' title="bbox 240 4779 1898 4853; baseline -0.001 -16"><span class='ocrx_word' id='word_1_348' title='bbox 240 4781 440 4838; x_wconf 89' lang='lat' dir='ltr'><strong>docuit</strong></span> <span class='ocrx_word' id='word_1_349' title='bbox 470 4781 695 4849; x_wconf 79' lang='lat' dir='ltr'><strong>Moyses</strong></span> <span class='ocrx_word' id='word_1_350' title='bbox 728 4783 862 4850; x_wconf 87' lang='lat' dir='ltr'><strong>apta</strong></span> <span class='ocrx_word' id='word_1_351' title='bbox 896 4779 1012 4834; x_wconf 86' lang='lat' dir='ltr'><strong>Deo</strong></span> <span class='ocrx_word' id='word_1_352' title='bbox 1045 4795 1174 4833; x_wconf 75' lang='lat' dir='ltr'><strong>esse</strong></span> <span class='ocrx_word' id='word_1_353' title='bbox 1207 4779 1495 4834; x_wconf 84' lang='lat' dir='ltr'><strong>sacriﬁcia</strong></span> <span class='ocrx_word' id='word_1_354' title='bbox 1526 4780 1678 4849; x_wconf 72' lang='lat' dir='ltr'><strong>(Gen.</strong></span> <span class='ocrx_word' id='word_1_355' title='bbox 1715 4798 1788 4848; x_wconf 82' lang='grc' dir='ltr'><strong>ιν,</strong></span> <span class='ocrx_word' id='word_1_356' title='bbox 1825 4783 1898 4853; x_wconf 81' lang='grc'><strong>4),</strong></span> 
     </span>
    </p>
   </div>
   <div class='ocr_carea' id='block_1_53' title="bbox 240 4866 1902 4942">
    <p class='ocr_par' dir='ltr' id='par_1_53' title="bbox 240 4866 1902 4942">
     <span class='ocr_line' id='line_1_54' title="bbox 240 4866 1902 4942; baseline 0 -16"><span class='ocrx_word' id='word_1_357' title='bbox 240 4887 366 4942; x_wconf 67' lang='lat' dir='ltr'><strong>qua:</strong></span> <span class='ocrx_word' id='word_1_358' title='bbox 415 4869 630 4940; x_wconf 81' lang='lat' dir='ltr'><strong>refugit</strong></span> <span class='ocrx_word' id='word_1_359' title='bbox 679 4868 874 4922; x_wconf 90' lang='lat' dir='ltr'><strong>omnis</strong></span> <span class='ocrx_word' id='word_1_360' title='bbox 924 4866 1230 4938; x_wconf 89' lang='lat' dir='ltr'><strong>insipiens,</strong></span> <span class='ocrx_word' id='word_1_361' title='bbox 1306 4868 1414 4922; x_wconf 93' lang='lat' dir='ltr'><strong>hoc</strong></span> <span class='ocrx_word' id='word_1_362' title='bbox 1479 4873 1568 4923; x_wconf 90' lang='lat' dir='ltr'><strong>est</strong></span> <span class='ocrx_word' id='word_1_363' title='bbox 1629 4886 1803 4940; x_wconf 89' lang='lat' dir='ltr'><strong>opera</strong></span> <span class='ocrx_word' id='word_1_364' title='bbox 1845 4877 1902 4926; x_wconf 93' lang='lat' dir='ltr'><strong>et</strong></span> 
     </span>
    </p>
   </div>
   <div class='ocr_carea' id='block_1_54' title="bbox 238 4957 1895 5032">
    <p class='ocr_par' dir='ltr' id='par_1_54' title="bbox 238 4957 1895 5032">
     <span class='ocr_line' id='line_1_55' title="bbox 238 4957 1895 5032; baseline -0.001 -17"><span class='ocrx_word' id='word_1_365' title='bbox 238 4963 524 5032; x_wconf 61' lang='lat' dir='ltr'><strong>pracepta</strong></span> <span class='ocrx_word' id='word_1_366' title='bbox 551 4957 807 5012; x_wconf 91' lang='lat' dir='ltr'><strong>virtutis.</strong></span> <span class='ocrx_word' id='word_1_367' title='bbox 846 4957 1094 5027; x_wconf 89' lang='lat' dir='ltr'><strong>Ideoque</strong></span> <span class='ocrx_word' id='word_1_368' title='bbox 1135 4962 1336 5028; x_wconf 88' lang='lat' dir='ltr'><strong>pastor</strong></span> <span class='ocrx_word' id='word_1_369' title='bbox 1384 4957 1546 5024; x_wconf 85' lang='lat' dir='ltr'><strong>Abel,</strong></span> <span class='ocrx_word' id='word_1_370' title='bbox 1599 4957 1737 5013; x_wconf 90' lang='lat' dir='ltr'><strong>Cain</strong></span> <span class='ocrx_word' id='word_1_371' title='bbox 1789 4976 1895 5014; x_wconf 88' lang='lat' dir='ltr'><strong>au-</strong></span> 
     </span>
    </p>
   </div>
   <div class='ocr_carea' id='block_1_55' title="bbox 237 5044 1899 5119">
    <p class='ocr_par' dir='ltr' id='par_1_55' title="bbox 237 5044 1899 5119">
     <span class='ocr_line' id='line_1_56' title="bbox 237 5044 1899 5119; baseline 0 -16"><span class='ocrx_word' id='word_1_372' title='bbox 237 5052 354 5104; x_wconf 91' lang='lat' dir='ltr'><strong>tem</strong></span> <span class='ocrx_word' id='word_1_373' title='bbox 387 5051 658 5119; x_wconf 88' lang='lat' dir='ltr'><strong>operator</strong></span> <span class='ocrx_word' id='word_1_374' title='bbox 697 5050 862 5101; x_wconf 60' lang='lat' dir='ltr'><strong>terra:</strong></span> <span class='ocrx_word' id='word_1_375' title='bbox 905 5044 1121 5115; x_wconf 79' lang='lat' dir='ltr'><strong>legitur</strong></span> <span class='ocrx_word' id='word_1_376' title='bbox 1154 5045 1324 5115; x_wconf 91' lang='lat' dir='ltr'><strong>(lbib.</strong></span> <span class='ocrx_word' id='word_1_377' title='bbox 1375 5048 1452 5114; x_wconf 89' lang='lat'><strong>2),</strong></span> <span class='ocrx_word' id='word_1_378' title='bbox 1487 5047 1585 5117; x_wconf 92' lang='lat' dir='ltr'>qui</span> <span class='ocrx_word' id='word_1_379' title='bbox 1616 5045 1672 5100; x_wconf 93' lang='lat' dir='ltr'><strong>in</strong></span> <span class='ocrx_word' id='word_1_380' title='bbox 1721 5048 1899 5104; x_wconf 84' lang='lat' dir='ltr'><strong>fratre</strong></span> 
     </span>
    </p>
   </div>
   <div class='ocr_carea' id='block_1_56' title="bbox 239 5134 1898 5207">
    <p class='ocr_par' dir='ltr' id='par_1_56' title="bbox 239 5134 1898 5207">
     <span class='ocr_line' id='line_1_57' title="bbox 239 5134 1898 5207; baseline 0 -14"><span class='ocrx_word' id='word_1_381' title='bbox 239 5154 366 5203; x_wconf 89' lang='lat' dir='ltr'><strong>suo,</strong></span> <span class='ocrx_word' id='word_1_382' title='bbox 399 5136 486 5190; x_wconf 90' lang='lat' dir='ltr'><strong>vir</strong></span> <span class='ocrx_word' id='word_1_383' title='bbox 515 5135 824 5207; x_wconf 88' lang='lat' dir='ltr'><strong>insipiens,</strong></span> <span class='ocrx_word' id='word_1_384' title='bbox 858 5135 1109 5189; x_wconf 84' lang='lat' dir='ltr'><strong>formam</strong></span> <span class='ocrx_word' id='word_1_385' title='bbox 1145 5134 1516 5206; x_wconf 89' lang='lat' dir='ltr'><strong>speciemque</strong></span> <span class='ocrx_word' id='word_1_386' title='bbox 1549 5135 1781 5192; x_wconf 90' lang='lat' dir='ltr'><strong>virtutis</strong></span> <span class='ocrx_word' id='word_1_387' title='bbox 1803 5155 1898 5193; x_wconf 81' lang='lat' dir='ltr'><strong>ex-</strong></span> 
     </span>
    </p>
   </div>
   <div class='ocr_carea' id='block_1_57' title="bbox 239 5224 1062 5296">
    <p class='ocr_par' dir='ltr' id='par_1_57' title="bbox 239 5224 1062 5296">
     <span class='ocr_line' id='line_1_58' title="bbox 239 5224 1062 5296; baseline -0.005 -15"><span class='ocrx_word' id='word_1_388' title='bbox 239 5241 502 5296; x_wconf 88' lang='lat' dir='ltr'><strong>pressam</strong></span> <span class='ocrx_word' id='word_1_389' title='bbox 530 5226 675 5281; x_wconf 82' lang='lat' dir='ltr'><strong>ferre</strong></span> <span class='ocrx_word' id='word_1_390' title='bbox 707 5241 821 5279; x_wconf 90' lang='lat' dir='ltr'><strong>non</strong></span> <span class='ocrx_word' id='word_1_391' title='bbox 854 5224 1062 5295; x_wconf 92' lang='lat' dir='ltr'><strong>potuit.</strong></span> 
     </span>
    </p>
   </div>
   <div class='ocr_carea' id='block_1_58' title="bbox 880 5321 1246 5377">
    <p class='ocr_par' dir='ltr' id='par_1_58' title="bbox 880 5321 1246 5377">
     <span class='ocr_line' id='line_1_59' title="bbox 880 5321 1246 5377; baseline 0.003 -1"><span class='ocrx_word' id='word_1_392' title='bbox 880 5322 1114 5376; x_wconf 83' lang='lat' dir='ltr'><strong>CAPUT</strong></span> <span class='ocrx_word' id='word_1_393' title='bbox 1144 5321 1246 5377; x_wconf 86' lang='lat' dir='ltr'><strong>VII</strong></span> 
     </span>
    </p>
   </div>
   <div class='ocr_carea' id='block_1_59' title="bbox 238 5409 1897 5482">
    <p class='ocr_par' dir='ltr' id='par_1_59' title="bbox 238 5409 1897 5482">
     <span class='ocr_line' id='line_1_60' title="bbox 238 5409 1897 5482; baseline 0.001 -18"><span class='ocrx_word' id='word_1_394' title='bbox 238 5411 479 5467; x_wconf 85' lang='lat' dir='ltr'><strong>Indicato</strong></span> <span class='ocrx_word' id='word_1_395' title='bbox 534 5411 744 5482; x_wconf 76' lang='lat' dir='ltr'><strong>duplici</strong></span> <span class='ocrx_word' id='word_1_396' title='bbox 772 5411 985 5480; x_wconf 79' lang='lat' dir='ltr'><strong>defectu</strong></span> <span class='ocrx_word' id='word_1_397' title='bbox 1013 5411 1279 5480; x_wconf 72' lang='lat' dir='ltr'><strong>sacrificii</strong></span> <span class='ocrx_word' id='word_1_398' title='bbox 1312 5409 1468 5475; x_wconf 84' lang='lat' dir='ltr'><strong>Cain,</strong></span> <span class='ocrx_word' id='word_1_399' title='bbox 1511 5411 1740 5466; x_wconf 80' lang='lat' dir='ltr'><strong>ostendit</strong></span> <span class='ocrx_word' id='word_1_400' title='bbox 1784 5413 1897 5467; x_wconf 88' lang='lat' dir='ltr'><strong>tria</strong></span> 
     </span>
    </p>
   </div>
   <div class='ocr_carea' id='block_1_60' title="bbox 309 5482 1896 5552">
    <p class='ocr_par' dir='ltr' id='par_1_60' title="bbox 309 5482 1896 5552">
     <span class='ocr_line' id='line_1_61' title="bbox 309 5482 1896 5552; baseline 0.003 -18"><span class='ocrx_word' id='word_1_401' title='bbox 309 5483 443 5536; x_wconf 72' lang='lat' dir='ltr'><strong>vitia</strong></span> <span class='ocrx_word' id='word_1_402' title='bbox 485 5484 543 5535; x_wconf 82' lang='lat' dir='ltr'><strong>in</strong></span> <span class='ocrx_word' id='word_1_403' title='bbox 593 5484 790 5535; x_wconf 77' lang='lat' dir='ltr'><strong>nostris</strong></span> <span class='ocrx_word' id='word_1_404' title='bbox 827 5482 1191 5536; x_wconf 68' lang='lat' dir='ltr'><strong>oblationilms</strong></span> <span class='ocrx_word' id='word_1_405' title='bbox 1238 5482 1494 5552; x_wconf 76' lang='lat' dir='ltr'><strong>obrepere</strong></span> <span class='ocrx_word' id='word_1_406' title='bbox 1563 5500 1741 5552; x_wconf 85' lang='lat' dir='ltr'><strong>posse,</strong></span> <span class='ocrx_word' id='word_1_407' title='bbox 1795 5499 1896 5538; x_wconf 87' lang='lat' dir='ltr'><strong>nec</strong></span> 
     </span>
    </p>
   </div>
   <div class='ocr_carea' id='block_1_61' title="bbox 309 5552 1896 5624">
    <p class='ocr_par' dir='ltr' id='par_1_61' title="bbox 309 5552 1896 5624">
     <span class='ocr_line' id='line_1_62' title="bbox 309 5552 1896 5624; baseline 0.002 -18"><span class='ocrx_word' id='word_1_408' title='bbox 309 5569 419 5608; x_wconf 87' lang='lat' dir='ltr'><strong>non</strong></span> <span class='ocrx_word' id='word_1_409' title='bbox 449 5552 641 5624; x_wconf 85' lang='lat' dir='ltr'><strong>divina</strong></span> <span class='ocrx_word' id='word_1_410' title='bbox 666 5554 986 5624; x_wconf 80' lang='lat' dir='ltr'><strong>testimonia</strong></span> <span class='ocrx_word' id='word_1_411' title='bbox 1024 5556 1221 5622; x_wconf 80' lang='lat' dir='ltr'><strong>quibus</strong></span> <span class='ocrx_word' id='word_1_412' title='bbox 1265 5553 1450 5607; x_wconf 85' lang='lat' dir='ltr'><strong>eadem</strong></span> <span class='ocrx_word' id='word_1_413' title='bbox 1481 5555 1619 5608; x_wconf 85' lang='lat' dir='ltr'><strong>vitia</strong></span> <span class='ocrx_word' id='word_1_414' title='bbox 1663 5557 1896 5624; x_wconf 85' lang='lat' dir='ltr'><strong>proscri-</strong></span> 
     </span>
    </p>
   </div>
   <div class='ocr_carea' id='block_1_62' title="bbox 312 5622 812 5690">
    <p class='ocr_par' dir='ltr' id='par_1_62' title="bbox 312 5622 812 5690">
     <span class='ocr_line' id='line_1_63' title="bbox 312 5622 812 5690; baseline -0.004 -12"><span class='ocrx_word' id='word_1_415' title='bbox 312 5624 537 5690; x_wconf 80' lang='lat' dir='ltr'><strong>buntur,</strong></span> <span class='ocrx_word' id='word_1_416' title='bbox 571 5622 812 5676; x_wconf 83' lang='lat' dir='ltr'><strong>adducit.</strong></span> 
     </span>
    </p>
   </div>
   <div class='ocr_carea' id='block_1_63' title="bbox 310 5719 1895 5794">
    <p class='ocr_par' dir='ltr' id='par_1_63' title="bbox 310 5719 1895 5794">
     <span class='ocr_line' id='line_1_64' title="bbox 310 5719 1895 5794; baseline -0.006 -18"><span class='ocrx_word' id='word_1_417' title='bbox 310 5724 397 5779; x_wconf 84' lang='lat'><strong>25.</strong></span> <span class='ocrx_word' id='word_1_418' title='bbox 435 5727 500 5778; x_wconf 86' lang='lat' dir='ltr'><strong>Et</strong></span> <span class='ocrx_word' id='word_1_419' title='bbox 528 5724 736 5792; x_wconf 82' lang='lat' dir='ltr'><strong>factum</strong></span> <span class='ocrx_word' id='word_1_420' title='bbox 765 5728 859 5789; x_wconf 89' lang='lat' dir='ltr'><strong>est,</strong></span> <span class='ocrx_word' id='word_1_421' title='bbox 908 5729 1024 5790; x_wconf 76' lang='lat' dir='ltr'><strong>post</strong></span> <span class='ocrx_word' id='word_1_422' title='bbox 1079 5719 1192 5774; x_wconf 83' lang='lat' dir='ltr'><strong>dies</strong></span> <span class='ocrx_word' id='word_1_423' title='bbox 1241 5719 1437 5775; x_wconf 78' lang='lat' dir='ltr'><strong>obtulit</strong></span> <span class='ocrx_word' id='word_1_424' title='bbox 1486 5719 1622 5774; x_wconf 85' lang='lat' dir='ltr'><strong>Cain</strong></span> <span class='ocrx_word' id='word_1_425' title='bbox 1668 5738 1738 5778; x_wconf 74' lang='lat' dir='ltr'><strong>ea:</strong></span> <span class='ocrx_word' id='word_1_426' title='bbox 1773 5726 1895 5794; x_wconf 74' lang='grc' dir='ltr'><strong>[νη-</strong></span> 
     </span>
    </p>
   </div>
   <div class='ocr_carea' id='block_1_64' title="bbox 307 5835 1751 5907">
    <p class='ocr_par' dir='ltr' id='par_1_64' title="bbox 307 5835 1751 5907">
     <span class='ocr_line' id='line_1_65' title="bbox 307 5835 1751 5907; baseline 0.002 -14"><span class='ocrx_word' id='word_1_427' title='bbox 307 5838 417 5907; x_wconf 81' lang='grc'>(22)</span> <span class='ocrx_word' id='word_1_428' title='bbox 445 5837 585 5896; x_wconf 84' lang='lat' dir='ltr'><strong>Cod.</strong></span> <span class='ocrx_word' id='word_1_429' title='bbox 618 5835 766 5906; x_wconf 90' lang='lat' dir='ltr'><strong>Div.,</strong></span> <span class='ocrx_word' id='word_1_430' title='bbox 789 5836 858 5892; x_wconf 78' lang='lat' dir='ltr'><strong>At</strong></span> <span class='ocrx_word' id='word_1_431' title='bbox 885 5849 1010 5892; x_wconf 86' lang='lat' dir='ltr'><strong>vero</strong></span> <span class='ocrx_word' id='word_1_432' title='bbox 1034 5835 1334 5894; x_wconf 82' lang='lat' dir='ltr'><strong>secundum</strong></span> <span class='ocrx_word' id='word_1_433' title='bbox 1355 5835 1751 5896; x_wconf 74' lang='lat' dir='ltr'><strong>ministerium.</strong></span> 
     </span>
    </p>
   </div>
   <div class='ocr_carea' id='block_1_65' title="bbox 2034 677 3683 754">
    <p class='ocr_par' dir='ltr' id='par_1_65' title="bbox 2034 677 3683 754">
     <span class='ocr_line' id='line_1_66' title="bbox 2034 677 3683 754; baseline 0.004 -22"><span class='ocrx_word' id='word_1_434' title='bbox 2034 677 2204 751; x_wconf 87' lang='lat' dir='ltr'><strong>culpa</strong></span> <span class='ocrx_word' id='word_1_435' title='bbox 2237 698 2256 734; x_wconf 60' lang='grc' dir='ltr'>ε</span> <span class='ocrx_word' id='word_1_436' title='bbox 2287 698 2402 735; x_wconf 87' lang='lat' dir='ltr'><strong>uua</strong></span> <span class='ocrx_word' id='word_1_437' title='bbox 2459 681 2610 753; x_wconf 91' lang='lat' dir='ltr'><strong>quod</strong></span> <span class='ocrx_word' id='word_1_438' title='bbox 2637 684 2769 754; x_wconf 90' lang='lat' dir='ltr'><strong>post</strong></span> <span class='ocrx_word' id='word_1_439' title='bbox 2797 680 2922 736; x_wconf 91' lang='lat' dir='ltr'><strong>dies</strong></span> <span class='ocrx_word' id='word_1_440' title='bbox 2953 680 3183 748; x_wconf 90' lang='lat' dir='ltr'><strong>obtulit,</strong></span> <span class='ocrx_word' id='word_1_441' title='bbox 3215 679 3396 738; x_wconf 85' lang='lat' dir='ltr'><strong>altera</strong></span> <span class='ocrx_word' id='word_1_442' title='bbox 3427 683 3583 754; x_wconf 91' lang='lat' dir='ltr'><strong>quod</strong></span> <span class='ocrx_word' id='word_1_443' title='bbox 3617 699 3683 738; x_wconf 82' lang='lat' dir='ltr'><strong>ex</strong></span> 
     </span>
    </p>
   </div>
   <div class='ocr_carea' id='block_1_66' title="bbox 2034 767 3678 842">
    <p class='ocr_par' dir='ltr' id='par_1_66' title="bbox 2034 767 3678 842">
     <span class='ocr_line' id='line_1_67' title="bbox 2034 767 3678 842; baseline 0.003 -21"><span class='ocrx_word' id='word_1_444' title='bbox 2034 767 2340 836; x_wconf 84' lang='lat' dir='ltr'><strong>fructibus,</strong></span> <span class='ocrx_word' id='word_1_445' title='bbox 2403 787 2516 826; x_wconf 83' lang='lat' dir='ltr'><strong>non</strong></span> <span class='ocrx_word' id='word_1_446' title='bbox 2565 787 2634 826; x_wconf 88' lang='lat' dir='ltr'><strong>ex</strong></span> <span class='ocrx_word' id='word_1_447' title='bbox 2681 769 2889 842; x_wconf 90' lang='lat' dir='ltr'><strong>primis</strong></span> <span class='ocrx_word' id='word_1_448' title='bbox 2939 771 3248 826; x_wconf 84' lang='lat' dir='ltr'><strong>fructibus.</strong></span> <span class='ocrx_word' id='word_1_449' title='bbox 3315 771 3678 827; x_wconf 84' lang='lat' dir='ltr'><strong>Sacriﬁcium</strong></span> 
     </span>
    </p>
   </div>
   <div class='ocr_carea' id='block_1_67' title="bbox 2033 859 3680 933">
    <p class='ocr_par' dir='ltr' id='par_1_67' title="bbox 2033 859 3680 933">
     <span class='ocr_line' id='line_1_68' title="bbox 2033 859 3680 933; baseline 0.004 -23"><span class='ocrx_word' id='word_1_450' title='bbox 2033 861 2228 912; x_wconf 89' lang='lat' dir='ltr'><strong>autem</strong></span> <span class='ocrx_word' id='word_1_451' title='bbox 2276 867 2332 914; x_wconf 92' lang='lat' dir='ltr'><strong>et</strong></span> <span class='ocrx_word' id='word_1_452' title='bbox 2393 859 2684 915; x_wconf 90' lang='lat' dir='ltr'><strong>celeritate</strong></span> <span class='ocrx_word' id='word_1_453' title='bbox 2721 861 3168 915; x_wconf 85' lang='lat' dir='ltr'><strong>commendatur</strong></span> <span class='ocrx_word' id='word_1_454' title='bbox 3197 864 3252 914; x_wconf 89' lang='lat' dir='ltr'><strong>et</strong></span> <span class='ocrx_word' id='word_1_455' title='bbox 3273 861 3480 933; x_wconf 84' lang='lat' dir='ltr'><strong>gratia.</strong></span> <span class='ocrx_word' id='word_1_456' title='bbox 3523 860 3680 916; x_wconf 85' lang='lat' dir='ltr'><strong>Unde</strong></span> 
     </span>
    </p>
   </div>
   <div class='ocr_carea' id='block_1_68' title="bbox 2034 949 3680 1019">
    <p class='ocr_par' dir='ltr' id='par_1_68' title="bbox 2034 949 3680 1019">
     <span class='ocr_line' id='line_1_69' title="bbox 2034 949 3680 1019; baseline 0.003 -18"><span class='ocrx_word' id='word_1_457' title='bbox 2034 951 2384 1019; x_wconf 76' lang='lat' dir='ltr'><strong>praeceptum</strong></span> <span class='ocrx_word' id='word_1_458' title='bbox 2419 955 2533 1003; x_wconf 91' lang='lat' dir='ltr'><strong>est:</strong></span> <span class='ocrx_word' id='word_1_459' title='bbox 2569 949 2630 1003; x_wconf 90' lang='lat' dir='ltr'><strong>Si</strong></span> <span class='ocrx_word' id='word_1_460' title='bbox 2657 951 2862 1004; x_wconf 84' lang='lat' dir='ltr'><strong>voveris</strong></span> <span class='ocrx_word' id='word_1_461' title='bbox 2907 953 3106 1016; x_wconf 87' lang='lat' dir='ltr'><strong>votum,</strong></span> <span class='ocrx_word' id='word_1_462' title='bbox 3159 964 3270 1002; x_wconf 87' lang='lat' dir='ltr'><strong>non</strong></span> <span class='ocrx_word' id='word_1_463' title='bbox 3331 950 3509 1018; x_wconf 88' lang='lat' dir='ltr'><strong>facias</strong></span> <span class='ocrx_word' id='word_1_464' title='bbox 3567 965 3680 1006; x_wconf 89' lang='lat' dir='ltr'><strong>mo-</strong></span> 
     </span>
    </p>
   </div>
   <div class='ocr_carea' id='block_1_69' title="bbox 2031 1037 3678 1107">
    <p class='ocr_par' dir='ltr' id='par_1_69' title="bbox 2031 1037 3678 1107">
     <span class='ocr_line' id='line_1_70' title="bbox 2031 1037 3678 1107; baseline 0.002 -18"><span class='ocrx_word' id='word_1_465' title='bbox 2031 1053 2151 1090; x_wconf 90' lang='lat' dir='ltr'><strong>ram</strong></span> <span class='ocrx_word' id='word_1_466' title='bbox 2175 1037 2402 1092; x_wconf 80' lang='lat' dir='ltr'><strong>reddere</strong></span> <span class='ocrx_word' id='word_1_467' title='bbox 2432 1038 2591 1093; x_wconf 85' lang='lat' dir='ltr'><strong>illud.</strong></span> <span class='ocrx_word' id='word_1_468' title='bbox 2621 1039 2810 1094; x_wconf 82' lang='lat' dir='ltr'><strong>Melius</strong></span> <span class='ocrx_word' id='word_1_469' title='bbox 2840 1042 2920 1094; x_wconf 88' lang='lat' dir='ltr'><strong>est</strong></span> <span class='ocrx_word' id='word_1_470' title='bbox 2941 1040 3091 1093; x_wconf 86' lang='lat' dir='ltr'><strong>enim</strong></span> <span class='ocrx_word' id='word_1_471' title='bbox 3116 1054 3222 1092; x_wconf 87' lang='lat' dir='ltr'><strong>non</strong></span> <span class='ocrx_word' id='word_1_472' title='bbox 3251 1053 3438 1093; x_wconf 81' lang='lat' dir='ltr'><strong>vovere</strong></span> <span class='ocrx_word' id='word_1_473' title='bbox 3478 1042 3678 1107; x_wconf 85' lang='lat' dir='ltr'><strong>votum,</strong></span> 
     </span>
    </p>
   </div>
   <div class='ocr_carea' id='block_1_70' title="bbox 2031 1126 3677 1197">
    <p class='ocr_par' dir='ltr' id='par_1_70' title="bbox 2031 1126 3677 1197">
     <span class='ocr_line' id='line_1_71' title="bbox 2031 1126 3677 1197; baseline 0.002 -18"><span class='ocrx_word' id='word_1_474' title='bbox 2031 1141 2196 1195; x_wconf 85' lang='lat' dir='ltr'><strong>quam</strong></span> <span class='ocrx_word' id='word_1_475' title='bbox 2227 1143 2428 1191; x_wconf 80' lang='lat' dir='ltr'><strong>vovere,</strong></span> <span class='ocrx_word' id='word_1_476' title='bbox 2461 1131 2513 1181; x_wconf 86' lang='lat' dir='ltr'><strong>et</strong></span> <span class='ocrx_word' id='word_1_477' title='bbox 2543 1143 2649 1184; x_wconf 86' lang='lat' dir='ltr'><strong>non</strong></span> <span class='ocrx_word' id='word_1_478' title='bbox 2680 1127 2905 1182; x_wconf 80' lang='lat' dir='ltr'><strong>reddere</strong></span> <span class='ocrx_word' id='word_1_479' title='bbox 2960 1128 3151 1197; x_wconf 87' lang='lat' dir='ltr'><strong>(Eccle.</strong></span> <span class='ocrx_word' id='word_1_480' title='bbox 3188 1144 3243 1190; x_wconf 89' lang='lat' dir='ltr'><strong>v,</strong></span> <span class='ocrx_word' id='word_1_481' title='bbox 3299 1127 3354 1191; x_wconf 89' lang='lat'><strong>3,</strong></span> <span class='ocrx_word' id='word_1_482' title='bbox 3407 1127 3482 1197; x_wconf 84' lang='grc'><strong>4).</strong></span> <span class='ocrx_word' id='word_1_483' title='bbox 3533 1126 3677 1182; x_wconf 88' lang='lat' dir='ltr'><strong>Cum</strong></span> 
     </span>
    </p>
   </div>
   <div class='ocr_carea' id='block_1_71' title="bbox 2031 1214 3678 1285">
    <p class='ocr_par' dir='ltr' id='par_1_71' title="bbox 2031 1214 3678 1285">
     <span class='ocr_line' id='line_1_72' title="bbox 2031 1214 3678 1285; baseline 0.001 -17"><span class='ocrx_word' id='word_1_484' title='bbox 2031 1214 2187 1269; x_wconf 88' lang='lat' dir='ltr'><strong>enim</strong></span> <span class='ocrx_word' id='word_1_485' title='bbox 2217 1231 2441 1270; x_wconf 81' lang='lat' dir='ltr'><strong>moram</strong></span> <span class='ocrx_word' id='word_1_486' title='bbox 2467 1216 2632 1285; x_wconf 85' lang='lat' dir='ltr'><strong>facis,</strong></span> <span class='ocrx_word' id='word_1_487' title='bbox 2665 1233 2778 1271; x_wconf 91' lang='lat' dir='ltr'><strong>non</strong></span> <span class='ocrx_word' id='word_1_488' title='bbox 2811 1215 3025 1273; x_wconf 90' lang='lat' dir='ltr'><strong>reddis.</strong></span> <span class='ocrx_word' id='word_1_489' title='bbox 3071 1215 3287 1271; x_wconf 85' lang='lat' dir='ltr'><strong>Votum</strong></span> <span class='ocrx_word' id='word_1_490' title='bbox 3335 1221 3423 1271; x_wconf 89' lang='lat' dir='ltr'><strong>est</strong></span> <span class='ocrx_word' id='word_1_491' title='bbox 3481 1220 3678 1271; x_wconf 89' lang='lat' dir='ltr'><strong>autem</strong></span> 
     </span>
    </p>
   </div>
   <div class='ocr_carea' id='block_1_72' title="bbox 2030 1304 3676 1374">
    <p class='ocr_par' dir='ltr' id='par_1_72' title="bbox 2030 1304 3676 1374">
     <span class='ocr_line' id='line_1_73' title="bbox 2030 1304 3676 1374; baseline 0.002 -17"><span class='ocrx_word' id='word_1_492' title='bbox 2030 1304 2341 1374; x_wconf 88' lang='lat' dir='ltr'><strong>postulatio</strong></span> <span class='ocrx_word' id='word_1_493' title='bbox 2389 1307 2673 1361; x_wconf 89' lang='lat' dir='ltr'><strong>bonorum</strong></span> <span class='ocrx_word' id='word_1_494' title='bbox 2704 1323 2738 1361; x_wconf 89' lang='lat' dir='ltr'><strong>a</strong></span> <span class='ocrx_word' id='word_1_495' title='bbox 2783 1305 2900 1362; x_wconf 92' lang='lat' dir='ltr'><strong>Deo</strong></span> <span class='ocrx_word' id='word_1_496' title='bbox 2931 1322 3065 1361; x_wconf 89' lang='lat' dir='ltr'><strong>cum</strong></span> <span class='ocrx_word' id='word_1_497' title='bbox 3109 1305 3367 1361; x_wconf 84' lang='lat' dir='ltr'><strong>solvendi</strong></span> <span class='ocrx_word' id='word_1_498' title='bbox 3413 1305 3676 1360; x_wconf 89' lang='lat' dir='ltr'><strong>muneris</strong></span> 
     </span>
    </p>
   </div>
   <div class='ocr_carea' id='block_1_73' title="bbox 2033 1394 3676 1467">
    <p class='ocr_par' dir='ltr' id='par_1_73' title="bbox 2033 1394 3676 1467">
     <span class='ocr_line' id='line_1_74' title="bbox 2033 1394 3676 1467; baseline 0.001 -20"><span class='ocrx_word' id='word_1_499' title='bbox 2033 1394 2439 1464; x_wconf 78' lang='lat' dir='ltr'><strong>promissione.</strong></span> <span class='ocrx_word' id='word_1_500' title='bbox 2476 1396 2545 1450; x_wconf 90' lang='lat' dir='ltr'><strong>Et</strong></span> <span class='ocrx_word' id='word_1_501' title='bbox 2576 1395 2702 1451; x_wconf 92' lang='lat' dir='ltr'><strong>ideo</strong></span> <span class='ocrx_word' id='word_1_502' title='bbox 2743 1412 2877 1450; x_wconf 91' lang='lat' dir='ltr'><strong>cum</strong></span> <span class='ocrx_word' id='word_1_503' title='bbox 2910 1394 3311 1467; x_wconf 87' lang='lat' dir='ltr'><strong>impetraveris</strong></span> <span class='ocrx_word' id='word_1_504' title='bbox 3341 1395 3495 1466; x_wconf 83' lang='lat' dir='ltr'><strong>quod</strong></span> <span class='ocrx_word' id='word_1_505' title='bbox 3532 1394 3676 1467; x_wconf 87' lang='lat' dir='ltr'><strong>peti-</strong></span> 
     </span>
    </p>
   </div>
   <div class='ocr_carea' id='block_1_74' title="bbox 2029 1483 3675 1556">
    <p class='ocr_par' dir='ltr' id='par_1_74' title="bbox 2029 1483 3675 1556">
     <span class='ocr_line' id='line_1_75' title="bbox 2029 1483 3675 1556; baseline 0.001 -20"><span class='ocrx_word' id='word_1_506' title='bbox 2029 1483 2124 1552; x_wconf 91' lang='lat' dir='ltr'><strong>sti,</strong></span> <span class='ocrx_word' id='word_1_507' title='bbox 2159 1483 2373 1555; x_wconf 87' lang='lat' dir='ltr'><strong>ingrati</strong></span> <span class='ocrx_word' id='word_1_508' title='bbox 2405 1488 2494 1539; x_wconf 91' lang='lat' dir='ltr'><strong>est</strong></span> <span class='ocrx_word' id='word_1_509' title='bbox 2537 1485 2768 1539; x_wconf 89' lang='lat' dir='ltr'><strong>tardare</strong></span> <span class='ocrx_word' id='word_1_510' title='bbox 2803 1483 3178 1556; x_wconf 89' lang='lat' dir='ltr'><strong>promissum.</strong></span> <span class='ocrx_word' id='word_1_511' title='bbox 3213 1484 3323 1539; x_wconf 89' lang='lat' dir='ltr'><strong>Sed</strong></span> <span class='ocrx_word' id='word_1_512' title='bbox 3376 1484 3675 1539; x_wconf 90' lang='lat' dir='ltr'><strong>interdum</strong></span> 
     </span>
    </p>
   </div>
   <div class='ocr_carea' id='block_1_75' title="bbox 2029 1572 3679 1645">
    <p class='ocr_par' dir='ltr' id='par_1_75' title="bbox 2029 1572 3679 1645">
     <span class='ocr_line' id='line_1_76' title="bbox 2029 1572 3679 1645; baseline 0.001 -20"><span class='ocrx_word' id='word_1_513' title='bbox 2029 1575 2129 1626; x_wconf 88' lang='lat' dir='ltr'><strong>aut</strong></span> <span class='ocrx_word' id='word_1_514' title='bbox 2161 1572 2591 1644; x_wconf 77' lang='lat' dir='ltr'><strong>negligentibus</strong></span> <span class='ocrx_word' id='word_1_515' title='bbox 2621 1573 2824 1645; x_wconf 90' lang='lat' dir='ltr'><strong>irrepit</strong></span> <span class='ocrx_word' id='word_1_516' title='bbox 2843 1572 3053 1628; x_wconf 90' lang='lat' dir='ltr'><strong>oblivio</strong></span> <span class='ocrx_word' id='word_1_517' title='bbox 3086 1572 3552 1644; x_wconf 85' lang='lat' dir='ltr'><strong>impetratorum,</strong></span> <span class='ocrx_word' id='word_1_518' title='bbox 3577 1580 3679 1628; x_wconf 88' lang='lat' dir='ltr'><strong>aut</strong></span> 
     </span>
    </p>
   </div>
   <div class='ocr_carea' id='block_1_76' title="bbox 2030 1660 3675 1735">
    <p class='ocr_par' dir='ltr' id='par_1_76' title="bbox 2030 1660 3675 1735">
     <span class='ocr_line' id='line_1_77' title="bbox 2030 1660 3675 1735; baseline 0.001 -21"><span class='ocrx_word' id='word_1_519' title='bbox 2030 1661 2271 1715; x_wconf 88' lang='lat' dir='ltr'><strong>tumidis</strong></span> <span class='ocrx_word' id='word_1_520' title='bbox 2301 1667 2358 1716; x_wconf 91' lang='lat' dir='ltr'><strong>et</strong></span> <span class='ocrx_word' id='word_1_521' title='bbox 2390 1661 2575 1717; x_wconf 88' lang='lat' dir='ltr'><strong>elatis.</strong></span> <span class='ocrx_word' id='word_1_522' title='bbox 2608 1664 2892 1735; x_wconf 86' lang='lat' dir='ltr'><strong>Arrogare</strong></span> <span class='ocrx_word' id='word_1_523' title='bbox 2921 1669 3162 1718; x_wconf 87' lang='lat' dir='ltr'><strong>eventus</strong></span> <span class='ocrx_word' id='word_1_524' title='bbox 3213 1663 3364 1718; x_wconf 73' lang='lat'><strong>196</strong></span> <span class='ocrx_word' id='word_1_525' title='bbox 3409 1660 3520 1717; x_wconf 89' lang='lat' dir='ltr'><strong>sibi</strong></span> <span class='ocrx_word' id='word_1_526' title='bbox 3570 1661 3675 1716; x_wconf 87' lang='lat' dir='ltr'><strong>he-</strong></span> 
     </span>
    </p>
   </div>
   <div class='ocr_carea' id='block_1_77' title="bbox 2029 1749 3674 1822">
    <p class='ocr_par' dir='ltr' id='par_1_77' title="bbox 2029 1749 3674 1822">
     <span class='ocr_line' id='line_1_78' title="bbox 2029 1749 3674 1822; baseline 0.002 -20"><span class='ocrx_word' id='word_1_527' title='bbox 2029 1749 2178 1804; x_wconf 89' lang='lat' dir='ltr'><strong>betis</strong></span> <span class='ocrx_word' id='word_1_528' title='bbox 2211 1751 2403 1805; x_wconf 90' lang='lat' dir='ltr'><strong>cordis</strong></span> <span class='ocrx_word' id='word_1_529' title='bbox 2443 1756 2551 1816; x_wconf 92' lang='lat' dir='ltr'><strong>est,</strong></span> <span class='ocrx_word' id='word_1_530' title='bbox 2586 1756 2642 1807; x_wconf 90' lang='lat' dir='ltr'><strong>et</strong></span> <span class='ocrx_word' id='word_1_531' title='bbox 2689 1751 2909 1807; x_wconf 91' lang='lat' dir='ltr'><strong>bonum</strong></span> <span class='ocrx_word' id='word_1_532' title='bbox 2943 1751 3098 1822; x_wconf 88' lang='lat' dir='ltr'><strong>quod</strong></span> <span class='ocrx_word' id='word_1_533' title='bbox 3150 1750 3272 1822; x_wconf 88' lang='lat' dir='ltr'><strong>agit</strong></span> <span class='ocrx_word' id='word_1_534' title='bbox 3299 1749 3387 1805; x_wconf 91' lang='lat' dir='ltr'><strong>vel</strong></span> <span class='ocrx_word' id='word_1_535' title='bbox 3419 1749 3576 1822; x_wconf 91' lang='lat' dir='ltr'><strong>quod</strong></span> <span class='ocrx_word' id='word_1_536' title='bbox 3640 1768 3674 1806; x_wconf 89' lang='lat' dir='ltr'><strong>a</strong></span> 
     </span>
    </p>
   </div>
   <div class='ocr_carea' id='block_1_78' title="bbox 2026 1837 3680 1912">
    <p class='ocr_par' dir='ltr' id='par_1_78' title="bbox 2026 1837 3680 1912">
     <span class='ocr_line' id='line_1_79' title="bbox 2026 1837 3680 1912; baseline 0.002 -20"><span class='ocrx_word' id='word_1_537' title='bbox 2026 1837 2142 1893; x_wconf 91' lang='lat' dir='ltr'><strong>Deo</strong></span> <span class='ocrx_word' id='word_1_538' title='bbox 2174 1841 2572 1912; x_wconf 90' lang='lat' dir='ltr'><strong>consequitur,</strong></span> <span class='ocrx_word' id='word_1_539' title='bbox 2604 1840 2855 1912; x_wconf 88' lang='lat' dir='ltr'><strong>prOpriis</strong></span> <span class='ocrx_word' id='word_1_540' title='bbox 2886 1840 3199 1895; x_wconf 91' lang='lat' dir='ltr'><strong>virtutibus</strong></span> <span class='ocrx_word' id='word_1_541' title='bbox 3223 1839 3538 1905; x_wconf 87' lang='lat' dir='ltr'><strong>vindicare,</strong></span> <span class='ocrx_word' id='word_1_542' title='bbox 3572 1856 3680 1895; x_wconf 90' lang='lat' dir='ltr'><strong>nec</strong></span> 
     </span>
    </p>
   </div>
   <div class='ocr_carea' id='block_1_79' title="bbox 2026 1929 3677 2002">
    <p class='ocr_par' dir='ltr' id='par_1_79' title="bbox 2026 1929 3677 2002">
     <span class='ocr_line' id='line_1_80' title="bbox 2026 1929 3677 2002; baseline 0.001 -21"><span class='ocrx_word' id='word_1_543' title='bbox 2026 1929 2279 1983; x_wconf 90' lang='lat' dir='ltr'><strong>auctoris</strong></span> <span class='ocrx_word' id='word_1_544' title='bbox 2309 1929 2590 2002; x_wconf 86' lang='lat' dir='ltr'><strong>deputare</strong></span> <span class='ocrx_word' id='word_1_545' title='bbox 2637 1931 2857 2001; x_wconf 61' lang='lat' dir='ltr'><strong>gratiae,</strong></span> <span class='ocrx_word' id='word_1_546' title='bbox 2909 1930 3011 1985; x_wconf 91' lang='lat' dir='ltr'><strong>sed</strong></span> <span class='ocrx_word' id='word_1_547' title='bbox 3064 1929 3258 2001; x_wconf 89' lang='lat' dir='ltr'><strong>ipsum</strong></span> <span class='ocrx_word' id='word_1_548' title='bbox 3310 1945 3370 1984; x_wconf 89' lang='lat' dir='ltr'><strong>se</strong></span> <span class='ocrx_word' id='word_1_549' title='bbox 3428 1945 3677 1984; x_wconf 89' lang='lat' dir='ltr'><strong>suorum</strong></span> 
     </span>
    </p>
   </div>
   <div class='ocr_carea' id='block_1_80' title="bbox 2025 2015 3678 2090">
    <p class='ocr_par' dir='ltr' id='par_1_80' title="bbox 2025 2015 3678 2090">
     <span class='ocr_line' id='line_1_81' title="bbox 2025 2015 3678 2090; baseline 0.001 -20"><span class='ocrx_word' id='word_1_550' title='bbox 2025 2015 2308 2072; x_wconf 92' lang='lat' dir='ltr'><strong>bonorum</strong></span> <span class='ocrx_word' id='word_1_551' title='bbox 2343 2022 2636 2074; x_wconf 89' lang='lat' dir='ltr'><strong>auctorem</strong></span> <span class='ocrx_word' id='word_1_552' title='bbox 2663 2019 2892 2074; x_wconf 90' lang='lat' dir='ltr'><strong>ducere.</strong></span> <span class='ocrx_word' id='word_1_553' title='bbox 2935 2017 3195 2074; x_wconf 89' lang='lat' dir='ltr'><strong>Tertium</strong></span> <span class='ocrx_word' id='word_1_554' title='bbox 3227 2033 3412 2090; x_wconf 88' lang='lat' dir='ltr'><strong>genus</strong></span> <span class='ocrx_word' id='word_1_555' title='bbox 3441 2022 3678 2090; x_wconf 81' lang='lat' dir='ltr'><strong>estpec-</strong></span> 
     </span>
    </p>
   </div>
   <div class='ocr_carea' id='block_1_81' title="bbox 2024 2106 3678 2180">
    <p class='ocr_par' dir='ltr' id='par_1_81' title="bbox 2024 2106 3678 2180">
     <span class='ocr_line' id='line_1_82' title="bbox 2024 2106 3678 2180; baseline 0 -20"><span class='ocrx_word' id='word_1_556' title='bbox 2024 2106 2136 2160; x_wconf 89' lang='lat' dir='ltr'><strong>cati</strong></span> <span class='ocrx_word' id='word_1_557' title='bbox 2168 2107 2406 2176; x_wconf 90' lang='lat' dir='ltr'><strong>quidem</strong></span> <span class='ocrx_word' id='word_1_558' title='bbox 2437 2106 2702 2175; x_wconf 89' lang='lat' dir='ltr'><strong>minoris,</strong></span> <span class='ocrx_word' id='word_1_559' title='bbox 2735 2108 2836 2162; x_wconf 91' lang='lat' dir='ltr'><strong>sed</strong></span> <span class='ocrx_word' id='word_1_560' title='bbox 2865 2107 3140 2180; x_wconf 89' lang='lat' dir='ltr'><strong>supparis</strong></span> <span class='ocrx_word' id='word_1_561' title='bbox 3170 2106 3514 2180; x_wconf 68' lang='lat' dir='ltr'><strong>arrogantiae</strong></span> <span class='ocrx_word' id='word_1_562' title='bbox 3574 2122 3678 2162; x_wconf 91' lang='lat' dir='ltr'><strong>eo-</strong></span> 
     </span>
    </p>
   </div>
   <div class='ocr_carea' id='block_1_82' title="bbox 2025 2194 3678 2267">
    <p class='ocr_par' dir='ltr' id='par_1_82' title="bbox 2025 2194 3678 2267">
     <span class='ocr_line' id='line_1_83' title="bbox 2025 2194 3678 2267; baseline 0.002 -20"><span class='ocrx_word' id='word_1_563' title='bbox 2025 2210 2152 2248; x_wconf 88' lang='lat' dir='ltr'><strong>rum</strong></span> <span class='ocrx_word' id='word_1_564' title='bbox 2187 2194 2408 2250; x_wconf 90' lang='lat' dir='ltr'><strong>scilicet</strong></span> <span class='ocrx_word' id='word_1_565' title='bbox 2435 2196 2535 2267; x_wconf 93' lang='lat' dir='ltr'><strong>qui</strong></span> <span class='ocrx_word' id='word_1_566' title='bbox 2566 2195 2827 2251; x_wconf 88' lang='lat' dir='ltr'><strong>datorem</strong></span> <span class='ocrx_word' id='word_1_567' title='bbox 2861 2196 3148 2251; x_wconf 89' lang='lat' dir='ltr'><strong>bonorum</strong></span> <span class='ocrx_word' id='word_1_568' title='bbox 3190 2195 3376 2250; x_wconf 91' lang='lat' dir='ltr'><strong>Deum</strong></span> <span class='ocrx_word' id='word_1_569' title='bbox 3407 2212 3525 2250; x_wconf 89' lang='lat' dir='ltr'><strong>non</strong></span> <span class='ocrx_word' id='word_1_570' title='bbox 3576 2213 3678 2252; x_wconf 84' lang='lat' dir='ltr'><strong>ne-</strong></span> 
     </span>
    </p>
   </div>
   <div class='ocr_carea' id='block_1_83' title="bbox 2022 2283 3677 2356">
    <p class='ocr_par' dir='ltr' id='par_1_83' title="bbox 2022 2283 3677 2356">
     <span class='ocr_line' id='line_1_84' title="bbox 2022 2283 3677 2356; baseline 0.002 -20"><span class='ocrx_word' id='word_1_571' title='bbox 2022 2287 2199 2354; x_wconf 88' lang='lat' dir='ltr'><strong>gant:</strong></span> <span class='ocrx_word' id='word_1_572' title='bbox 2234 2283 2334 2338; x_wconf 91' lang='lat' dir='ltr'><strong>sed</strong></span> <span class='ocrx_word' id='word_1_573' title='bbox 2376 2301 2502 2355; x_wconf 70' lang='lat' dir='ltr'><strong>quae</strong></span> <span class='ocrx_word' id='word_1_574' title='bbox 2533 2283 2868 2352; x_wconf 88' lang='lat' dir='ltr'><strong>acciderint,</strong></span> <span class='ocrx_word' id='word_1_575' title='bbox 2903 2301 2970 2340; x_wconf 90' lang='lat' dir='ltr'><strong>ea</strong></span> <span class='ocrx_word' id='word_1_576' title='bbox 2998 2284 3107 2339; x_wconf 90' lang='lat' dir='ltr'><strong>sibi</strong></span> <span class='ocrx_word' id='word_1_577' title='bbox 3143 2288 3377 2356; x_wconf 87' lang='lat' dir='ltr'><strong>prOpter</strong></span> <span class='ocrx_word' id='word_1_578' title='bbox 3416 2283 3677 2356; x_wconf 90' lang='lat' dir='ltr'><strong>pruden-</strong></span> 
     </span>
    </p>
   </div>
   <div class='ocr_carea' id='block_1_84' title="bbox 2023 2370 3678 2446">
    <p class='ocr_par' dir='ltr' id='par_1_84' title="bbox 2023 2370 3678 2446">
     <span class='ocr_line' id='line_1_85' title="bbox 2023 2370 3678 2446; baseline 0.004 -21"><span class='ocrx_word' id='word_1_579' title='bbox 2023 2370 2167 2426; x_wconf 89' lang='lat' dir='ltr'><strong>tiam</strong></span> <span class='ocrx_word' id='word_1_580' title='bbox 2201 2387 2392 2437; x_wconf 89' lang='lat' dir='ltr'><strong>suam,</strong></span> <span class='ocrx_word' id='word_1_581' title='bbox 2422 2377 2883 2446; x_wconf 67' lang='lat' dir='ltr'><strong>caeterarumque</strong></span> <span class='ocrx_word' id='word_1_582' title='bbox 2936 2375 3144 2430; x_wconf 87' lang='lat' dir='ltr'><strong>merita</strong></span> <span class='ocrx_word' id='word_1_583' title='bbox 3201 2375 3484 2430; x_wconf 87' lang='lat' dir='ltr'><strong>virtutum</strong></span> <span class='ocrx_word' id='word_1_584' title='bbox 3539 2375 3678 2444; x_wconf 85' lang='lat' dir='ltr'><strong>jure</strong></span> 
     </span>
    </p>
   </div>
   <div class='ocr_carea' id='block_1_85' title="bbox 2025 2459 3677 2535">
    <p class='ocr_par' dir='ltr' id='par_1_85' title="bbox 2025 2459 3677 2535">
     <span class='ocr_line' id='line_1_86' title="bbox 2025 2459 3677 2535; baseline 0.003 -21"><span class='ocrx_word' id='word_1_585' title='bbox 2025 2459 2219 2515; x_wconf 86' lang='lat' dir='ltr'><strong>delata</strong></span> <span class='ocrx_word' id='word_1_586' title='bbox 2248 2461 2632 2517; x_wconf 85' lang='lat' dir='ltr'><strong>arbitrantur.</strong></span> <span class='ocrx_word' id='word_1_587' title='bbox 2663 2462 2974 2534; x_wconf 87' lang='lat' dir='ltr'><strong>Propterea</strong></span> <span class='ocrx_word' id='word_1_588' title='bbox 3003 2463 3180 2519; x_wconf 88' lang='lat' dir='ltr'><strong>etiam</strong></span> <span class='ocrx_word' id='word_1_589' title='bbox 3206 2463 3402 2519; x_wconf 87' lang='lat' dir='ltr'><strong>divina</strong></span> <span class='ocrx_word' id='word_1_590' title='bbox 3459 2463 3677 2535; x_wconf 87' lang='lat' dir='ltr'><strong>dignos</strong></span> 
     </span>
    </p>
   </div>
   <div class='ocr_carea' id='block_1_86' title="bbox 2021 2547 3676 2627">
    <p class='ocr_par' dir='ltr' id='par_1_86' title="bbox 2021 2547 3676 2627">
     <span class='ocr_line' id='line_1_87' title="bbox 2021 2547 3676 2627; baseline 0.004 -25"><span class='ocrx_word' id='word_1_591' title='bbox 2021 2547 2251 2604; x_wconf 91' lang='lat' dir='ltr'><strong>habitos</strong></span> <span class='ocrx_word' id='word_1_592' title='bbox 2277 2549 2483 2622; x_wconf 86' lang='lat' dir='ltr'><strong>gratia,</strong></span> <span class='ocrx_word' id='word_1_593' title='bbox 2503 2551 2658 2622; x_wconf 90' lang='lat' dir='ltr'><strong>quod</strong></span> <span class='ocrx_word' id='word_1_594' title='bbox 2683 2567 3057 2624; x_wconf 89' lang='lat' dir='ltr'><strong>nequaquam</strong></span> <span class='ocrx_word' id='word_1_595' title='bbox 3081 2552 3413 2608; x_wconf 86' lang='lat' dir='ltr'><strong>viderentur</strong></span> <span class='ocrx_word' id='word_1_596' title='bbox 3440 2553 3676 2627; x_wconf 86' lang='lat' dir='ltr'><strong>indigni</strong></span> 
     </span>
    </p>
   </div>
   <div class='ocr_carea' id='block_1_87' title="bbox 2020 2638 3378 2713">
    <p class='ocr_par' dir='ltr' id='par_1_87' title="bbox 2020 2638 3378 2713">
     <span class='ocr_line' id='line_1_88' title="bbox 2020 2638 3378 2713; baseline 0.004 -23"><span class='ocrx_word' id='word_1_597' title='bbox 2020 2638 2235 2708; x_wconf 88' lang='lat' dir='ltr'><strong>quibus</strong></span> <span class='ocrx_word' id='word_1_598' title='bbox 2267 2638 2404 2694; x_wconf 89' lang='lat' dir='ltr'><strong>talia</strong></span> <span class='ocrx_word' id='word_1_599' title='bbox 2432 2640 2647 2696; x_wconf 89' lang='lat' dir='ltr'><strong>divinis</strong></span> <span class='ocrx_word' id='word_1_600' title='bbox 2670 2640 2965 2697; x_wconf 78' lang='lat' dir='ltr'><strong>beneficiis</strong></span> <span class='ocrx_word' id='word_1_601' title='bbox 2987 2643 3378 2713; x_wconf 86' lang='lat' dir='ltr'><strong>provenirent.</strong></span> 
     </span>
    </p>
   </div>
   <div class='ocr_carea' id='block_1_88' title="bbox 2088 2753 3678 2828">
    <p class='ocr_par' dir='ltr' id='par_1_88' title="bbox 2088 2753 3678 2828">
     <span class='ocr_line' id='line_1_89' title="bbox 2088 2753 3678 2828; baseline 0.005 -21"><span class='ocrx_word' id='word_1_602' title='bbox 2088 2753 2178 2808; x_wconf 85' lang='lat'><strong>26.</strong></span> <span class='ocrx_word' id='word_1_603' title='bbox 2213 2754 2294 2809; x_wconf 90' lang='lat' dir='ltr'><strong>Ne</strong></span> <span class='ocrx_word' id='word_1_604' title='bbox 2327 2755 2466 2826; x_wconf 90' lang='lat' dir='ltr'><strong>quid</strong></span> <span class='ocrx_word' id='word_1_605' title='bbox 2497 2771 2634 2827; x_wconf 85' lang='lat' dir='ltr'><strong>ergo</strong></span> <span class='ocrx_word' id='word_1_606' title='bbox 2665 2756 3008 2828; x_wconf 88' lang='lat' dir='ltr'><strong>hujusmodi</strong></span> <span class='ocrx_word' id='word_1_607' title='bbox 3031 2758 3276 2822; x_wconf 88' lang='lat' dir='ltr'><strong>accidat,</strong></span> <span class='ocrx_word' id='word_1_608' title='bbox 3301 2758 3678 2815; x_wconf 88' lang='lat' dir='ltr'><strong>undevotum</strong></span> 
     </span>
    </p>
   </div>
   <div class='ocr_carea' id='block_1_89' title="bbox 2019 2843 3680 2916">
    <p class='ocr_par' dir='ltr' id='par_1_89' title="bbox 2019 2843 3680 2916">
     <span class='ocr_line' id='line_1_90' title="bbox 2019 2843 3680 2916; baseline 0.005 -20"><span class='ocrx_word' id='word_1_609' title='bbox 2019 2845 2189 2898; x_wconf 89' lang='lat' dir='ltr'><strong>tuum</strong></span> <span class='ocrx_word' id='word_1_610' title='bbox 2212 2843 2317 2898; x_wconf 88' lang='lat' dir='ltr'><strong>tibi</strong></span> <span class='ocrx_word' id='word_1_611' title='bbox 2351 2843 2409 2898; x_wconf 92' lang='lat' dir='ltr'><strong>in</strong></span> <span class='ocrx_word' id='word_1_612' title='bbox 2451 2850 2752 2916; x_wconf 88' lang='lat' dir='ltr'><strong>peccatum</strong></span> <span class='ocrx_word' id='word_1_613' title='bbox 2805 2847 2924 2914; x_wconf 83' lang='lat' dir='ltr'><strong>fiat,</strong></span> <span class='ocrx_word' id='word_1_614' title='bbox 2972 2846 3063 2902; x_wconf 90' lang='lat' dir='ltr'><strong>lex</strong></span> <span class='ocrx_word' id='word_1_615' title='bbox 3100 2851 3156 2901; x_wconf 90' lang='lat' dir='ltr'><strong>te</strong></span> <span class='ocrx_word' id='word_1_616' title='bbox 3206 2847 3543 2902; x_wconf 80' lang='lat' dir='ltr'><strong>informavit</strong></span> <span class='ocrx_word' id='word_1_617' title='bbox 3587 2855 3680 2904; x_wconf 84' lang='lat' dir='ltr'><strong>at-</strong></span> 
     </span>
    </p>
   </div>
   <div class='ocr_carea' id='block_1_90' title="bbox 2019 2931 3676 3008">
    <p class='ocr_par' dir='ltr' id='par_1_90' title="bbox 2019 2931 3676 3008">
     <span class='ocr_line' id='line_1_91' title="bbox 2019 2931 3676 3008; baseline 0.004 -22"><span class='ocrx_word' id='word_1_618' title='bbox 2019 2931 2450 3003; x_wconf 82' lang='lat' dir='ltr'><strong>queinstruxit,</strong></span> <span class='ocrx_word' id='word_1_619' title='bbox 2482 2933 2712 2990; x_wconf 91' lang='lat' dir='ltr'><strong>dicente</strong></span> <span class='ocrx_word' id='word_1_620' title='bbox 2756 2935 3023 3002; x_wconf 90' lang='lat' dir='ltr'><strong>Domino,</strong></span> <span class='ocrx_word' id='word_1_621' title='bbox 3073 2935 3176 3007; x_wconf 91' lang='lat' dir='ltr'><strong>qui</strong></span> <span class='ocrx_word' id='word_1_622' title='bbox 3221 2935 3405 3008; x_wconf 88' lang='lat' dir='ltr'><strong>legem</strong></span> <span class='ocrx_word' id='word_1_623' title='bbox 3466 2937 3676 2992; x_wconf 85' lang='lat' dir='ltr'><strong>dedit:</strong></span> 
     </span>
    </p>
   </div>
   <div class='ocr_carea' id='block_1_91' title="bbox 2018 3020 3680 3095">
    <p class='ocr_par' dir='ltr' id='par_1_91' title="bbox 2018 3020 3680 3095">
     <span class='ocr_line' id='line_1_92' title="bbox 2018 3020 3680 3095; baseline 0.003 -20"><span class='ocrx_word' id='word_1_624' title='bbox 2018 3020 2241 3076; x_wconf 83' lang='lat' dir='ltr'><strong>Attende</strong></span> <span class='ocrx_word' id='word_1_625' title='bbox 2268 3021 2390 3086; x_wconf 86' lang='lat' dir='ltr'><strong>tibi,</strong></span> <span class='ocrx_word' id='word_1_626' title='bbox 2422 3039 2490 3077; x_wconf 87' lang='lat' dir='ltr'><strong>ne</strong></span> <span class='ocrx_word' id='word_1_627' title='bbox 2509 3023 2850 3079; x_wconf 81' lang='lat' dir='ltr'><strong>obliviscaris</strong></span> <span class='ocrx_word' id='word_1_628' title='bbox 2881 3026 3143 3095; x_wconf 81' lang='lat' dir='ltr'><strong>beneﬁcia</strong></span> <span class='ocrx_word' id='word_1_629' title='bbox 3192 3026 3414 3080; x_wconf 87' lang='lat' dir='ltr'><strong>Domini</strong></span> <span class='ocrx_word' id='word_1_630' title='bbox 3442 3026 3540 3080; x_wconf 86' lang='lat' dir='ltr'><strong>Dei</strong></span> <span class='ocrx_word' id='word_1_631' title='bbox 3561 3029 3680 3082; x_wconf 79' lang='lat' dir='ltr'><strong>tui:</strong></span> 
     </span>
    </p>
   </div>
   <div class='ocr_carea' id='block_1_92' title="bbox 2018 3111 3681 3185">
    <p class='ocr_par' dir='ltr' id='par_1_92' title="bbox 2018 3111 3681 3185">
     <span class='ocr_line' id='line_1_93' title="bbox 2018 3111 3681 3185; baseline 0.004 -21"><span class='ocrx_word' id='word_1_632' title='bbox 2018 3114 2067 3164; x_wconf 89' lang='lat' dir='ltr'><strong>et</strong></span> <span class='ocrx_word' id='word_1_633' title='bbox 2109 3125 2220 3163; x_wconf 84' lang='lat' dir='ltr'><strong>non</strong></span> <span class='ocrx_word' id='word_1_634' title='bbox 2257 3111 2528 3168; x_wconf 82' lang='lat' dir='ltr'><strong>custodias</strong></span> <span class='ocrx_word' id='word_1_635' title='bbox 2575 3113 2838 3169; x_wconf 86' lang='lat' dir='ltr'><strong>mandata</strong></span> <span class='ocrx_word' id='word_1_636' title='bbox 2858 3123 2910 3169; x_wconf 90' lang='lat' dir='ltr'><strong>et</strong></span> <span class='ocrx_word' id='word_1_637' title='bbox 2922 3114 3156 3185; x_wconf 84' lang='lat' dir='ltr'><strong>judicia,</strong></span> <span class='ocrx_word' id='word_1_638' title='bbox 3197 3117 3248 3168; x_wconf 91' lang='lat' dir='ltr'><strong>et</strong></span> <span class='ocrx_word' id='word_1_639' title='bbox 3297 3115 3554 3185; x_wconf 85' lang='lat' dir='ltr'><strong>justitias</strong></span> <span class='ocrx_word' id='word_1_640' title='bbox 3613 3116 3681 3171; x_wconf 87' lang='lat' dir='ltr'><strong>il-</strong></span> 
     </span>
    </p>
   </div>
   <div class='ocr_carea' id='block_1_93' title="bbox 2019 3200 3678 3274">
    <p class='ocr_par' dir='ltr' id='par_1_93' title="bbox 2019 3200 3678 3274">
     <span class='ocr_line' id='line_1_94' title="bbox 2019 3200 3678 3274; baseline 0.004 -21"><span class='ocrx_word' id='word_1_641' title='bbox 2019 3200 2127 3254; x_wconf 86' lang='lat' dir='ltr'><strong>lius</strong></span> <span class='ocrx_word' id='word_1_642' title='bbox 2155 3213 2280 3269; x_wconf 49' lang='lat' dir='ltr'><strong>qum</strong></span> <span class='ocrx_word' id='word_1_643' title='bbox 2299 3216 2396 3268; x_wconf 86' lang='lat' dir='ltr'><strong>ego</strong></span> <span class='ocrx_word' id='word_1_644' title='bbox 2432 3204 2689 3274; x_wconf 75' lang='lat' dir='ltr'><strong>praecipio</strong></span> <span class='ocrx_word' id='word_1_645' title='bbox 2718 3203 2822 3259; x_wconf 86' lang='lat' dir='ltr'><strong>tibi</strong></span> <span class='ocrx_word' id='word_1_646' title='bbox 2858 3203 3047 3259; x_wconf 86' lang='lat' dir='ltr'><strong>hodie:</strong></span> <span class='ocrx_word' id='word_1_647' title='bbox 3089 3219 3157 3258; x_wconf 87' lang='lat' dir='ltr'><strong>ne</strong></span> <span class='ocrx_word' id='word_1_648' title='bbox 3193 3219 3315 3257; x_wconf 82' lang='lat' dir='ltr'><strong>cum</strong></span> <span class='ocrx_word' id='word_1_649' title='bbox 3363 3204 3678 3259; x_wconf 79' lang='lat' dir='ltr'><strong>manduca-</strong></span> 
     </span>
    </p>
   </div>
   <div class='ocr_carea' id='block_1_94' title="bbox 2016 3291 3681 3363">
    <p class='ocr_par' dir='ltr' id='par_1_94' title="bbox 2016 3291 3681 3363">
     <span class='ocr_line' id='line_1_95' title="bbox 2016 3291 3681 3363; baseline -0.003 -12"><span class='ocrx_word' id='word_1_650' title='bbox 2016 3296 2179 3360; x_wconf 80' lang='lat' dir='ltr'><strong>veris,</strong></span> <span class='ocrx_word' id='word_1_651' title='bbox 2208 3298 2257 3347; x_wconf 91' lang='lat' dir='ltr'><strong>et</strong></span> <span class='ocrx_word' id='word_1_652' title='bbox 2300 3292 2538 3363; x_wconf 85' lang='lat' dir='ltr'><strong>repletus</strong></span> <span class='ocrx_word' id='word_1_653' title='bbox 2565 3293 2759 3362; x_wconf 85' lang='lat' dir='ltr'><strong>fueris,</strong></span> <span class='ocrx_word' id='word_1_654' title='bbox 2801 3299 3004 3346; x_wconf 81' lang='lat' dir='ltr'><strong>etcum</strong></span> <span class='ocrx_word' id='word_1_655' title='bbox 3059 3291 3243 3346; x_wconf 89' lang='lat' dir='ltr'><strong>domos</strong></span> <span class='ocrx_word' id='word_1_656' title='bbox 3284 3292 3450 3346; x_wconf 83' lang='lat' dir='ltr'><strong>bonas</strong></span> <span class='ocrx_word' id='word_1_657' title='bbox 3494 3293 3681 3363; x_wconf 73' lang='lat' dir='ltr'><strong>(ediﬁ-</strong></span> 
     </span>
    </p>
   </div>
   <div class='ocr_carea' id='block_1_95' title="bbox 2013 3381 3678 3451">
    <p class='ocr_par' dir='ltr' id='par_1_95' title="bbox 2013 3381 3678 3451">
     <span class='ocr_line' id='line_1_96' title="bbox 2013 3381 3678 3451; baseline -0.001 -12"><span class='ocrx_word' id='word_1_658' title='bbox 2013 3384 2244 3449; x_wconf 80' lang='lat' dir='ltr'><strong>caveris,</strong></span> <span class='ocrx_word' id='word_1_659' title='bbox 2274 3386 2326 3437; x_wconf 86' lang='lat' dir='ltr'><strong>et</strong></span> <span class='ocrx_word' id='word_1_660' title='bbox 2354 3381 2605 3436; x_wconf 83' lang='lat' dir='ltr'><strong>habitare</strong></span> <span class='ocrx_word' id='word_1_661' title='bbox 2659 3381 2878 3451; x_wconf 63' lang='lat' dir='ltr'><strong>carperis</strong></span> <span class='ocrx_word' id='word_1_662' title='bbox 2933 3381 2993 3434; x_wconf 86' lang='lat' dir='ltr'><strong>in</strong></span> <span class='ocrx_word' id='word_1_663' title='bbox 3038 3381 3137 3446; x_wconf 87' lang='lat' dir='ltr'><strong>eis,</strong></span> <span class='ocrx_word' id='word_1_664' title='bbox 3184 3388 3236 3435; x_wconf 88' lang='lat' dir='ltr'><strong>et</strong></span> <span class='ocrx_word' id='word_1_665' title='bbox 3291 3395 3411 3435; x_wconf 88' lang='lat' dir='ltr'><strong>oves</strong></span> <span class='ocrx_word' id='word_1_666' title='bbox 3459 3389 3581 3437; x_wconf 72' lang='lat' dir='ltr'><strong>tuae</strong></span> <span class='ocrx_word' id='word_1_667' title='bbox 3628 3389 3678 3438; x_wconf 79' lang='lat' dir='ltr'><strong>et.</strong></span> 
     </span>
    </p>
   </div>
   <div class='ocr_carea' id='block_1_96' title="bbox 2012 3469 3675 3541">
    <p class='ocr_par' dir='ltr' id='par_1_96' title="bbox 2012 3469 3675 3541">
     <span class='ocr_line' id='line_1_97' title="bbox 2012 3469 3675 3541; baseline -0.001 -13"><span class='ocrx_word' id='word_1_668' title='bbox 2012 3474 2166 3528; x_wconf 89' lang='lat' dir='ltr'><strong>boves</strong></span> <span class='ocrx_word' id='word_1_669' title='bbox 2195 3473 2278 3527; x_wconf 86' lang='lat' dir='ltr'><strong>tui</strong></span> <span class='ocrx_word' id='word_1_670' title='bbox 2295 3487 2421 3526; x_wconf 84' lang='lat' dir='ltr'><strong>cum</strong></span> <span class='ocrx_word' id='word_1_671' title='bbox 2460 3470 2655 3540; x_wconf 87' lang='lat' dir='ltr'><strong>repleti</strong></span> <span class='ocrx_word' id='word_1_672' title='bbox 2703 3469 2932 3539; x_wconf 80' lang='lat' dir='ltr'><strong>fuerint,</strong></span> <span class='ocrx_word' id='word_1_673' title='bbox 2964 3477 3016 3524; x_wconf 86' lang='lat' dir='ltr'><strong>et</strong></span> <span class='ocrx_word' id='word_1_674' title='bbox 3060 3484 3186 3524; x_wconf 88' lang='lat' dir='ltr'><strong>cum</strong></span> <span class='ocrx_word' id='word_1_675' title='bbox 3239 3484 3369 3534; x_wconf 56' lang='lat' dir='ltr'><strong>aere,</strong></span> <span class='ocrx_word' id='word_1_676' title='bbox 3416 3479 3675 3541; x_wconf 80' lang='lat' dir='ltr'><strong>argenta</strong></span> 
     </span>
    </p>
   </div>
   <div class='ocr_carea' id='block_1_97' title="bbox 2009 3556 3678 3631">
    <p class='ocr_par' dir='ltr' id='par_1_97' title="bbox 2009 3556 3678 3631">
     <span class='ocr_line' id='line_1_98' title="bbox 2009 3556 3678 3631; baseline -0.004 -14"><span class='ocrx_word' id='word_1_677' title='bbox 2009 3569 2065 3617; x_wconf 86' lang='lat' dir='ltr'><strong>et</strong></span> <span class='ocrx_word' id='word_1_678' title='bbox 2117 3576 2264 3616; x_wconf 84' lang='lat' dir='ltr'><strong>auro</strong></span> <span class='ocrx_word' id='word_1_679' title='bbox 2304 3556 2620 3626; x_wconf 77' lang='lat' dir='ltr'><strong>completus</strong></span> <span class='ocrx_word' id='word_1_680' title='bbox 2643 3557 2848 3627; x_wconf 85' lang='lat' dir='ltr'><strong>fueris,</strong></span> <span class='ocrx_word' id='word_1_681' title='bbox 2879 3559 2928 3612; x_wconf 84' lang='lat' dir='ltr'><strong>et</strong></span> <span class='ocrx_word' id='word_1_682' title='bbox 2954 3559 3143 3612; x_wconf 88' lang='lat' dir='ltr'><strong>omnia</strong></span> <span class='ocrx_word' id='word_1_683' title='bbox 3187 3557 3466 3627; x_wconf 83' lang='lat' dir='ltr'><strong>possidere</strong></span> <span class='ocrx_word' id='word_1_684' title='bbox 3495 3575 3678 3631; x_wconf 69' lang='lat' dir='ltr'><strong>caepe-</strong></span> 
     </span>
    </p>
   </div>
   <div class='ocr_carea' id='block_1_98' title="bbox 2011 3647 3683 3720">
    <p class='ocr_par' dir='ltr' id='par_1_98' title="bbox 2011 3647 3683 3720">
     <span class='ocr_line' id='line_1_99' title="bbox 2011 3647 3683 3720; baseline -0.001 -15"><span class='ocrx_word' id='word_1_685' title='bbox 2011 3653 2110 3717; x_wconf 86' lang='lat' dir='ltr'><strong>ris,</strong></span> <span class='ocrx_word' id='word_1_686' title='bbox 2134 3654 2184 3704; x_wconf 87' lang='lat' dir='ltr'><strong>et</strong></span> <span class='ocrx_word' id='word_1_687' title='bbox 2209 3649 2377 3720; x_wconf 85' lang='lat' dir='ltr'><strong>plena</strong></span> <span class='ocrx_word' id='word_1_688' title='bbox 2404 3647 2616 3718; x_wconf 84' lang='lat' dir='ltr'><strong>fuerint</strong></span> <span class='ocrx_word' id='word_1_689' title='bbox 2645 3647 2840 3701; x_wconf 85' lang='lat' dir='ltr'><strong>horrea</strong></span> <span class='ocrx_word' id='word_1_690' title='bbox 2872 3650 2988 3714; x_wconf 85' lang='lat' dir='ltr'><strong>tua,</strong></span> <span class='ocrx_word' id='word_1_691' title='bbox 3045 3647 3248 3701; x_wconf 76' lang='lat' dir='ltr'><strong>exultes</strong></span> <span class='ocrx_word' id='word_1_692' title='bbox 3279 3662 3373 3702; x_wconf 89' lang='lat' dir='ltr'><strong>cor</strong></span> <span class='ocrx_word' id='word_1_693' title='bbox 3403 3655 3587 3713; x_wconf 87' lang='lat' dir='ltr'><strong>tuum,</strong></span> <span class='ocrx_word' id='word_1_694' title='bbox 3631 3654 3683 3704; x_wconf 82' lang='lat' dir='ltr'><strong>et</strong></span> 
     </span>
    </p>
   </div>
   <div class='ocr_carea' id='block_1_99' title="bbox 2011 3736 3677 3806">
    <p class='ocr_par' dir='ltr' id='par_1_99' title="bbox 2011 3736 3677 3806">
     <span class='ocr_line' id='line_1_100' title="bbox 2011 3736 3677 3806; baseline -0.004 -10"><span class='ocrx_word' id='word_1_695' title='bbox 2011 3738 2350 3796; x_wconf 87' lang='lat' dir='ltr'><strong>obliviscaris</strong></span> <span class='ocrx_word' id='word_1_696' title='bbox 2380 3737 2671 3792; x_wconf 85' lang='lat' dir='ltr'><strong>Dominum</strong></span> <span class='ocrx_word' id='word_1_697' title='bbox 2708 3736 2881 3790; x_wconf 87' lang='lat' dir='ltr'><strong>Deum</strong></span> <span class='ocrx_word' id='word_1_698' title='bbox 2912 3743 3066 3790; x_wconf 84' lang='lat' dir='ltr'><strong>tuum</strong></span> <span class='ocrx_word' id='word_1_699' title='bbox 3095 3736 3273 3804; x_wconf 85' lang='lat' dir='ltr'><strong>(Deut.</strong></span> <span class='ocrx_word' id='word_1_700' title='bbox 3307 3749 3424 3803; x_wconf 84' lang='lat' dir='ltr'><strong>vul,</strong></span> <span class='ocrx_word' id='word_1_701' title='bbox 3467 3737 3677 3806; x_wconf 84' lang='grc'><strong>11-14).</strong></span> 
     </span>
    </p>
   </div>
   <div class='ocr_carea' id='block_1_100' title="bbox 2011 3823 3682 3898">
    <p class='ocr_par' dir='ltr' id='par_1_100' title="bbox 2011 3823 3682 3898">
     <span class='ocr_line' id='line_1_101' title="bbox 2011 3823 3682 3898; baseline -0.002 -13"><span class='ocrx_word' id='word_1_702' title='bbox 2011 3831 2173 3885; x_wconf 90' lang='lat' dir='ltr'><strong>Tunc</strong></span> <span class='ocrx_word' id='word_1_703' title='bbox 2201 3842 2338 3898; x_wconf 89' lang='lat' dir='ltr'><strong>ergo</strong></span> <span class='ocrx_word' id='word_1_704' title='bbox 2367 3824 2725 3880; x_wconf 83' lang='lat' dir='ltr'><strong>Oblivisceris</strong></span> <span class='ocrx_word' id='word_1_705' title='bbox 2753 3823 3089 3890; x_wconf 89' lang='lat' dir='ltr'><strong>Dominum,</strong></span> <span class='ocrx_word' id='word_1_706' title='bbox 3124 3841 3256 3880; x_wconf 88' lang='lat' dir='ltr'><strong>cum</strong></span> <span class='ocrx_word' id='word_1_707' title='bbox 3291 3823 3509 3880; x_wconf 88' lang='lat' dir='ltr'><strong>oblitus</strong></span> <span class='ocrx_word' id='word_1_708' title='bbox 3561 3828 3682 3882; x_wconf 78' lang='lat' dir='ltr'><strong>tue-</strong></span> 
     </span>
    </p>
   </div>
   <div class='ocr_carea' id='block_1_101' title="bbox 2015 3914 3682 3985">
    <p class='ocr_par' dir='ltr' id='par_1_101' title="bbox 2015 3914 3682 3985">
     <span class='ocr_line' id='line_1_102' title="bbox 2015 3914 3682 3985; baseline -0.002 -12"><span class='ocrx_word' id='word_1_709' title='bbox 2015 3917 2095 3973; x_wconf 87' lang='lat' dir='ltr'><strong>ris</strong></span> <span class='ocrx_word' id='word_1_710' title='bbox 2127 3916 2232 3972; x_wconf 92' lang='lat' dir='ltr'><strong>tui.</strong></span> <span class='ocrx_word' id='word_1_711' title='bbox 2283 3916 2340 3970; x_wconf 86' lang='lat' dir='ltr'><strong>Si</strong></span> <span class='ocrx_word' id='word_1_712' title='bbox 2375 3918 2570 3970; x_wconf 88' lang='lat' dir='ltr'><strong>autem</strong></span> <span class='ocrx_word' id='word_1_713' title='bbox 2597 3929 2915 3985; x_wconf 88' lang='lat' dir='ltr'><strong>cognoscas</strong></span> <span class='ocrx_word' id='word_1_714' title='bbox 2943 3914 3244 3968; x_wconf 82' lang='lat' dir='ltr'><strong>inﬁrmum</strong></span> <span class='ocrx_word' id='word_1_715' title='bbox 3277 3918 3332 3968; x_wconf 90' lang='lat' dir='ltr'><strong>te</strong></span> <span class='ocrx_word' id='word_1_716' title='bbox 3389 3930 3542 3978; x_wconf 87' lang='lat' dir='ltr'><strong>esse,</strong></span> <span class='ocrx_word' id='word_1_717' title='bbox 3583 3932 3682 3970; x_wconf 76' lang='lat' dir='ltr'><strong>eo-</strong></span> 
     </span>
    </p>
   </div>
   <div class='ocr_carea' id='block_1_102' title="bbox 2014 4001 3683 4080">
    <p class='ocr_par' dir='ltr' id='par_1_102' title="bbox 2014 4001 3683 4080">
     <span class='ocr_line' id='line_1_103' title="bbox 2014 4001 3683 4080; baseline -0.001 -20"><span class='ocrx_word' id='word_1_718' title='bbox 2014 4021 2261 4080; x_wconf 86' lang='lat' dir='ltr'><strong>gnosoes</strong></span> <span class='ocrx_word' id='word_1_719' title='bbox 2293 4005 2474 4059; x_wconf 89' lang='lat' dir='ltr'><strong>Deum</strong></span> <span class='ocrx_word' id='word_1_720' title='bbox 2499 4018 2628 4058; x_wconf 89' lang='lat' dir='ltr'><strong>esse</strong></span> <span class='ocrx_word' id='word_1_721' title='bbox 2659 4018 2839 4074; x_wconf 88' lang='lat' dir='ltr'><strong>supra</strong></span> <span class='ocrx_word' id='word_1_722' title='bbox 2867 4002 3086 4067; x_wconf 88' lang='lat' dir='ltr'><strong>omnia,</strong></span> <span class='ocrx_word' id='word_1_723' title='bbox 3121 4007 3176 4057; x_wconf 90' lang='lat' dir='ltr'><strong>et</strong></span> <span class='ocrx_word' id='word_1_724' title='bbox 3206 4001 3518 4058; x_wconf 89' lang='lat' dir='ltr'><strong>immemor</strong></span> <span class='ocrx_word' id='word_1_725' title='bbox 3548 4020 3683 4059; x_wconf 87' lang='lat' dir='ltr'><strong>esse</strong></span> 
     </span>
    </p>
   </div>
   <div class='ocr_carea' id='block_1_103' title="bbox 2017 4088 3528 4166">
    <p class='ocr_par' dir='ltr' id='par_1_103' title="bbox 2017 4088 3528 4166">
     <span class='ocr_line' id='line_1_104' title="bbox 2017 4088 3528 4166; baseline -0.003 -16"><span class='ocrx_word' id='word_1_726' title='bbox 2017 4112 2133 4150; x_wconf 91' lang='lat' dir='ltr'><strong>non</strong></span> <span class='ocrx_word' id='word_1_727' title='bbox 2165 4092 2410 4166; x_wconf 90' lang='lat' dir='ltr'><strong>poteris,</strong></span> <span class='ocrx_word' id='word_1_728' title='bbox 2444 4097 2510 4147; x_wconf 92' lang='lat' dir='ltr'><strong>ut</strong></span> <span class='ocrx_word' id='word_1_729' title='bbox 2538 4090 2586 4146; x_wconf 89' lang='lat' dir='ltr'><strong>ei</strong></span> <span class='ocrx_word' id='word_1_730' title='bbox 2621 4091 3001 4146; x_wconf 88' lang='lat' dir='ltr'><strong>reverentiam</strong></span> <span class='ocrx_word' id='word_1_731' title='bbox 3027 4091 3284 4145; x_wconf 89' lang='lat' dir='ltr'><strong>debitam</strong></span> <span class='ocrx_word' id='word_1_732' title='bbox 3318 4088 3528 4146; x_wconf 86' lang='lat' dir='ltr'><strong>solvas.</strong></span> 
     </span>
    </p>
   </div>
   <div class='ocr_carea' id='block_1_104' title="bbox 2087 4204 3685 4278">
    <p class='ocr_par' dir='ltr' id='par_1_104' title="bbox 2087 4204 3685 4278">
     <span class='ocr_line' id='line_1_105' title="bbox 2087 4204 3685 4278; baseline 0 -14"><span class='ocrx_word' id='word_1_733' title='bbox 2087 4212 2176 4264; x_wconf 89' lang='lat'><strong>27.</strong></span> <span class='ocrx_word' id='word_1_734' title='bbox 2209 4208 2379 4264; x_wconf 91' lang='lat' dir='ltr'><strong>Disce</strong></span> <span class='ocrx_word' id='word_1_735' title='bbox 2408 4223 2562 4262; x_wconf 91' lang='lat' dir='ltr'><strong>nunc</strong></span> <span class='ocrx_word' id='word_1_736' title='bbox 2591 4205 3090 4278; x_wconf 83' lang='lat' dir='ltr'><strong>quemadmodum</strong></span> <span class='ocrx_word' id='word_1_737' title='bbox 3124 4204 3538 4278; x_wconf 86' lang='lat' dir='ltr'><strong>unusquisque</strong></span> <span class='ocrx_word' id='word_1_738' title='bbox 3563 4225 3685 4264; x_wconf 78' lang='lat' dir='ltr'><strong>mo-</strong></span> 
     </span>
    </p>
   </div>
   <div class='ocr_carea' id='block_1_105' title="bbox 2017 4295 3678 4368">
    <p class='ocr_par' dir='ltr' id='par_1_105' title="bbox 2017 4295 3678 4368">
     <span class='ocr_line' id='line_1_106' title="bbox 2017 4295 3678 4368; baseline -0.004 -13"><span class='ocrx_word' id='word_1_739' title='bbox 2017 4303 2245 4366; x_wconf 80' lang='lat' dir='ltr'><strong>nentur,</strong></span> <span class='ocrx_word' id='word_1_740' title='bbox 2279 4313 2351 4352; x_wconf 88' lang='lat' dir='ltr'><strong>ne</strong></span> <span class='ocrx_word' id='word_1_741' title='bbox 2380 4312 2442 4352; x_wconf 90' lang='lat' dir='ltr'><strong>se</strong></span> <span class='ocrx_word' id='word_1_742' title='bbox 2471 4295 2596 4368; x_wconf 86' lang='lat' dir='ltr'><strong>ipse</strong></span> <span class='ocrx_word' id='word_1_743' title='bbox 2618 4298 2910 4350; x_wconf 89' lang='lat' dir='ltr'><strong>auctorem</strong></span> <span class='ocrx_word' id='word_1_744' title='bbox 2924 4310 3167 4350; x_wconf 90' lang='lat' dir='ltr'><strong>suorum</strong></span> <span class='ocrx_word' id='word_1_745' title='bbox 3184 4295 3678 4366; x_wconf 84' lang='lat' dir='ltr'><strong>putetbonorum.</strong></span> 
     </span>
    </p>
   </div>
   <div class='ocr_carea' id='block_1_106' title="bbox 2016 4383 3677 4458">
    <p class='ocr_par' dir='ltr' id='par_1_106' title="bbox 2016 4383 3677 4458">
     <span class='ocr_line' id='line_1_107' title="bbox 2016 4383 3677 4458; baseline -0.001 -14"><span class='ocrx_word' id='word_1_746' title='bbox 2016 4391 2092 4445; x_wconf 88' lang='lat' dir='ltr'><strong>Ne</strong></span> <span class='ocrx_word' id='word_1_747' title='bbox 2117 4387 2290 4456; x_wconf 88' lang='lat' dir='ltr'><strong>dicas,</strong></span> <span class='ocrx_word' id='word_1_748' title='bbox 2315 4385 2525 4458; x_wconf 91' lang='lat' dir='ltr'><strong>inquit,</strong></span> <span class='ocrx_word' id='word_1_749' title='bbox 2587 4386 2647 4440; x_wconf 85' lang='lat' dir='ltr'><strong>in</strong></span> <span class='ocrx_word' id='word_1_750' title='bbox 2685 4383 2843 4439; x_wconf 89' lang='lat' dir='ltr'><strong>corde</strong></span> <span class='ocrx_word' id='word_1_751' title='bbox 2880 4392 3010 4438; x_wconf 85' lang='lat' dir='ltr'><strong>tuo:</strong></span> <span class='ocrx_word' id='word_1_752' title='bbox 3077 4385 3256 4440; x_wconf 83' lang='lat' dir='ltr'><strong>Virtus</strong></span> <span class='ocrx_word' id='word_1_753' title='bbox 3307 4400 3427 4440; x_wconf 84' lang='lat' dir='ltr'><strong>mea</strong></span> <span class='ocrx_word' id='word_1_754' title='bbox 3483 4393 3539 4441; x_wconf 85' lang='lat' dir='ltr'><strong>ct</strong></span> <span class='ocrx_word' id='word_1_755' title='bbox 3581 4403 3677 4458; x_wconf 81' lang='lat' dir='ltr'><strong>po-</strong></span> 
     </span>
    </p>
   </div>
   <div class='ocr_carea' id='block_1_107' title="bbox 2016 4473 3678 4547">
    <p class='ocr_par' dir='ltr' id='par_1_107' title="bbox 2016 4473 3678 4547">
     <span class='ocr_line' id='line_1_108' title="bbox 2016 4473 3678 4547; baseline -0.003 -13"><span class='ocrx_word' id='word_1_756' title='bbox 2016 4481 2188 4535; x_wconf 85' lang='lat' dir='ltr'><strong>tentia</strong></span> <span class='ocrx_word' id='word_1_757' title='bbox 2218 4492 2336 4532; x_wconf 87' lang='lat' dir='ltr'><strong>mea</strong></span> <span class='ocrx_word' id='word_1_758' title='bbox 2358 4476 2486 4547; x_wconf 86' lang='lat' dir='ltr'><strong>fecit</strong></span> <span class='ocrx_word' id='word_1_759' title='bbox 2541 4473 2685 4529; x_wconf 85' lang='lat' dir='ltr'><strong>mihi</strong></span> <span class='ocrx_word' id='word_1_760' title='bbox 2740 4474 2994 4528; x_wconf 81' lang='lat' dir='ltr'><strong>virtutem</strong></span> <span class='ocrx_word' id='word_1_761' title='bbox 3049 4473 3188 4528; x_wconf 85' lang='lat' dir='ltr'><strong>hanc</strong></span> <span class='ocrx_word' id='word_1_762' title='bbox 3233 4491 3531 4543; x_wconf 83' lang='lat' dir='ltr'><strong>magnam:</strong></span> <span class='ocrx_word' id='word_1_763' title='bbox 3586 4476 3678 4530; x_wconf 83' lang='lat' dir='ltr'><strong>sed</strong></span> 
     </span>
    </p>
   </div>
   <div class='ocr_carea' id='block_1_108' title="bbox 2016 4563 3678 4636">
    <p class='ocr_par' dir='ltr' id='par_1_108' title="bbox 2016 4563 3678 4636">
     <span class='ocr_line' id='line_1_109' title="bbox 2016 4563 3678 4636; baseline -0.002 -12"><span class='ocrx_word' id='word_1_764' title='bbox 2016 4572 2074 4624; x_wconf 86' lang='lat' dir='ltr'><strong>in</strong></span> <span class='ocrx_word' id='word_1_765' title='bbox 2107 4575 2284 4623; x_wconf 89' lang='lat' dir='ltr'><strong>mente</strong></span> <span class='ocrx_word' id='word_1_766' title='bbox 2313 4573 2406 4620; x_wconf 85' lang='lat' dir='ltr'><strong>tua</strong></span> <span class='ocrx_word' id='word_1_767' title='bbox 2429 4563 2650 4626; x_wconf 83' lang='lat' dir='ltr'><strong>habebis</strong></span> <span class='ocrx_word' id='word_1_768' title='bbox 2679 4564 2971 4618; x_wconf 88' lang='lat' dir='ltr'><strong>Dominum</strong></span> <span class='ocrx_word' id='word_1_769' title='bbox 2998 4563 3169 4618; x_wconf 87' lang='lat' dir='ltr'><strong>Deum</strong></span> <span class='ocrx_word' id='word_1_770' title='bbox 3187 4567 3344 4618; x_wconf 84' lang='lat' dir='ltr'><strong>tuum</strong></span> <span class='ocrx_word' id='word_1_771' title='bbox 3363 4581 3381 4618; x_wconf 88' lang='lat'><strong><em>:</em></strong></span> <span class='ocrx_word' id='word_1_772' title='bbox 3408 4568 3678 4636; x_wconf 86' lang='lat' dir='ltr'><strong>quoniam</strong></span> 
     </span>
    </p>
   </div>
   <div class='ocr_carea' id='block_1_109' title="bbox 2463 4651 3677 4728">
    <p class='ocr_par' dir='ltr' id='par_1_109' title="bbox 2463 4651 3677 4728">
     <span class='ocr_line' id='line_1_110' title="bbox 2463 4651 3677 4728; baseline 0.001 -19"><span class='ocrx_word' id='word_1_773' title='bbox 2463 4662 2524 4709; x_wconf 82' lang='lat' dir='ltr'><strong>ut</strong></span> <span class='ocrx_word' id='word_1_774' title='bbox 2548 4651 2727 4728; x_wconf 84' lang='lat' dir='ltr'><strong>facias</strong></span> <span class='ocrx_word' id='word_1_775' title='bbox 2756 4653 2983 4708; x_wconf 86' lang='lat' dir='ltr'><strong>virtutes</strong></span> <span class='ocrx_word' id='word_1_776' title='bbox 3011 4652 3172 4722; x_wconf 88' lang='lat' dir='ltr'><strong>(Ibid.</strong></span> <span class='ocrx_word' id='word_1_777' title='bbox 3211 4653 3295 4720; x_wconf 88' lang='grc'><strong>17,</strong></span> <span class='ocrx_word' id='word_1_778' title='bbox 3333 4653 3443 4724; x_wconf 86' lang='lat' dir='ltr'><strong>l8).</strong></span> <span class='ocrx_word' id='word_1_779' title='bbox 3506 4653 3677 4710; x_wconf 87' lang='lat' dir='ltr'><strong>Unde</strong></span> 
     </span>
    </p>
   </div>
   <div class='ocr_carea' id='block_1_110' title="bbox 2012 4739 3676 4816">
    <p class='ocr_par' dir='ltr' id='par_1_110' title="bbox 2012 4739 3676 4816">
     <span class='ocr_line' id='line_1_111' title="bbox 2012 4739 3676 4816; baseline -0.002 -14"><span class='ocrx_word' id='word_1_780' title='bbox 2012 4747 2160 4802; x_wconf 90' lang='lat' dir='ltr'><strong>bene</strong></span> <span class='ocrx_word' id='word_1_781' title='bbox 2187 4742 2504 4816; x_wconf 86' lang='lat' dir='ltr'><strong>Apostolus</strong></span> <span class='ocrx_word' id='word_1_782' title='bbox 2536 4741 2704 4814; x_wconf 89' lang='lat' dir='ltr'><strong>quasi</strong></span> <span class='ocrx_word' id='word_1_783' title='bbox 2735 4740 2881 4814; x_wconf 85' lang='lat' dir='ltr'><strong>legis</strong></span> <span class='ocrx_word' id='word_1_784' title='bbox 2912 4741 3197 4813; x_wconf 79' lang='lat' dir='ltr'><strong>interpres</strong></span> <span class='ocrx_word' id='word_1_785' title='bbox 3228 4758 3344 4798; x_wconf 92' lang='lat' dir='ltr'><strong>non</strong></span> <span class='ocrx_word' id='word_1_786' title='bbox 3375 4739 3676 4813; x_wconf 73' lang='lat' dir='ltr'><strong>gloriaba~</strong></span> 
     </span>
    </p>
   </div>
   <div class='ocr_carea' id='block_1_111' title="bbox 2010 4829 3677 4902">
    <p class='ocr_par' dir='ltr' id='par_1_111' title="bbox 2010 4829 3677 4902">
     <span class='ocr_line' id='line_1_112' title="bbox 2010 4829 3677 4902; baseline -0.001 -12"><span class='ocrx_word' id='word_1_787' title='bbox 2010 4840 2110 4891; x_wconf 89' lang='lat' dir='ltr'><strong>tur</strong></span> <span class='ocrx_word' id='word_1_788' title='bbox 2139 4835 2200 4890; x_wconf 91' lang='lat' dir='ltr'><strong>in</strong></span> <span class='ocrx_word' id='word_1_789' title='bbox 2220 4834 2432 4889; x_wconf 91' lang='lat' dir='ltr'><strong>virtute</strong></span> <span class='ocrx_word' id='word_1_790' title='bbox 2462 4848 2573 4888; x_wconf 88' lang='lat' dir='ltr'><strong>sua</strong></span> <span class='ocrx_word' id='word_1_791' title='bbox 2606 4851 2619 4887; x_wconf 89' lang='lat'><strong>:</strong></span> <span class='ocrx_word' id='word_1_792' title='bbox 2659 4831 2763 4887; x_wconf 90' lang='lat' dir='ltr'><strong>sed</strong></span> <span class='ocrx_word' id='word_1_793' title='bbox 2797 4830 3110 4885; x_wconf 89' lang='lat' dir='ltr'><strong>minimum</strong></span> <span class='ocrx_word' id='word_1_794' title='bbox 3145 4829 3548 4902; x_wconf 85' lang='lat' dir='ltr'><strong>apostolorum</strong></span> <span class='ocrx_word' id='word_1_795' title='bbox 3613 4849 3677 4888; x_wconf 89' lang='lat' dir='ltr'><strong>se</strong></span> 
     </span>
    </p>
   </div>
   <div class='ocr_carea' id='block_1_112' title="bbox 2009 4919 3674 4994">
    <p class='ocr_par' dir='ltr' id='par_1_112' title="bbox 2009 4919 3674 4994">
     <span class='ocr_line' id='line_1_113' title="bbox 2009 4919 3674 4994; baseline -0.003 -13"><span class='ocrx_word' id='word_1_796' title='bbox 2009 4942 2137 4981; x_wconf 88' lang='lat' dir='ltr'><strong>esse</strong></span> <span class='ocrx_word' id='word_1_797' title='bbox 2163 4923 2396 4979; x_wconf 88' lang='lat' dir='ltr'><strong>dicebat</strong></span> <span class='ocrx_word' id='word_1_798' title='bbox 2424 4922 2472 4993; x_wconf 91' lang='grc' dir='ltr'><strong>(Ι</strong></span> <span class='ocrx_word' id='word_1_799' title='bbox 2503 4923 2628 4978; x_wconf 84' lang='lat' dir='ltr'><strong>Cor.</strong></span> <span class='ocrx_word' id='word_1_800' title='bbox 2661 4938 2754 4988; x_wconf 85' lang='lat' dir='ltr'><strong>xv,</strong></span> <span class='ocrx_word' id='word_1_801' title='bbox 2785 4920 2863 4992; x_wconf 89' lang='lat'><strong>9),</strong></span> <span class='ocrx_word' id='word_1_802' title='bbox 2895 4923 2953 4974; x_wconf 91' lang='lat' dir='ltr'><strong>et</strong></span> <span class='ocrx_word' id='word_1_803' title='bbox 2983 4919 3270 4991; x_wconf 89' lang='lat' dir='ltr'><strong>quidquid</strong></span> <span class='ocrx_word' id='word_1_804' title='bbox 3301 4925 3476 4987; x_wconf 88' lang='lat' dir='ltr'><strong>esset,</strong></span> <span class='ocrx_word' id='word_1_805' title='bbox 3536 4937 3674 4994; x_wconf 84' lang='lat' dir='ltr'><strong>gra-</strong></span> 
     </span>
    </p>
   </div>
   <div class='ocr_carea' id='block_1_113' title="bbox 2008 5007 3677 5080">
    <p class='ocr_par' dir='ltr' id='par_1_113' title="bbox 2008 5007 3677 5080">
     <span class='ocr_line' id='line_1_114' title="bbox 2008 5007 3677 5080; baseline -0.004 -11"><span class='ocrx_word' id='word_1_806' title='bbox 2008 5014 2098 5069; x_wconf 65' lang='lat' dir='ltr'><strong>tia</strong></span> <span class='ocrx_word' id='word_1_807' title='bbox 2131 5011 2340 5067; x_wconf 63' lang='lat' dir='ltr'><strong>divinae</strong></span> <span class='ocrx_word' id='word_1_808' title='bbox 2372 5026 2502 5067; x_wconf 89' lang='lat' dir='ltr'><strong>esse</strong></span> <span class='ocrx_word' id='word_1_809' title='bbox 2535 5026 2650 5066; x_wconf 88' lang='lat' dir='ltr'><strong>non</strong></span> <span class='ocrx_word' id='word_1_810' title='bbox 2705 5007 2897 5064; x_wconf 90' lang='lat' dir='ltr'><strong>meriti</strong></span> <span class='ocrx_word' id='word_1_811' title='bbox 2947 5007 3060 5073; x_wconf 87' lang='lat' dir='ltr'><strong>sui,</strong></span> <span class='ocrx_word' id='word_1_812' title='bbox 3102 5007 3368 5080; x_wconf 90' lang='lat' dir='ltr'><strong>nihilque</strong></span> <span class='ocrx_word' id='word_1_813' title='bbox 3407 5024 3514 5064; x_wconf 86' lang='lat' dir='ltr'><strong>nos</strong></span> <span class='ocrx_word' id='word_1_814' title='bbox 3567 5009 3677 5064; x_wconf 84' lang='lat' dir='ltr'><strong>ha-</strong></span> 
     </span>
    </p>
   </div>
   <div class='ocr_carea' id='block_1_114' title="bbox 2007 5097 3675 5173">
    <p class='ocr_par' dir='ltr' id='par_1_114' title="bbox 2007 5097 3675 5173">
     <span class='ocr_line' id='line_1_115' title="bbox 2007 5097 3675 5173; baseline -0.004 -15"><span class='ocrx_word' id='word_1_815' title='bbox 2007 5104 2140 5158; x_wconf 88' lang='lat' dir='ltr'><strong>bere</strong></span> <span class='ocrx_word' id='word_1_816' title='bbox 2165 5101 2322 5173; x_wconf 91' lang='lat' dir='ltr'><strong>quod</strong></span> <span class='ocrx_word' id='word_1_817' title='bbox 2355 5116 2472 5155; x_wconf 91' lang='lat' dir='ltr'><strong>non</strong></span> <span class='ocrx_word' id='word_1_818' title='bbox 2504 5099 2921 5165; x_wconf 84' lang='lat' dir='ltr'><strong>acceperimus.</strong></span> <span class='ocrx_word' id='word_1_819' title='bbox 2954 5097 3100 5167; x_wconf 82' lang='lat' dir='ltr'><strong>Quid</strong></span> <span class='ocrx_word' id='word_1_820' title='bbox 3127 5099 3296 5166; x_wconf 87' lang='lat' dir='ltr'><strong>enim,</strong></span> <span class='ocrx_word' id='word_1_821' title='bbox 3318 5097 3530 5168; x_wconf 87' lang='lat' dir='ltr'><strong>inquit,</strong></span> <span class='ocrx_word' id='word_1_822' title='bbox 3566 5097 3675 5153; x_wconf 86' lang='lat' dir='ltr'><strong>ha-</strong></span> 
     </span>
    </p>
   </div>
   <div class='ocr_carea' id='block_1_115' title="bbox 2008 5186 3681 5262">
    <p class='ocr_par' dir='ltr' id='par_1_115' title="bbox 2008 5186 3681 5262">
     <span class='ocr_line' id='line_1_116' title="bbox 2008 5186 3681 5262; baseline -0.002 -16"><span class='ocrx_word' id='word_1_823' title='bbox 2008 5193 2096 5246; x_wconf 85' lang='lat' dir='ltr'><strong>bes</strong></span> <span class='ocrx_word' id='word_1_824' title='bbox 2144 5190 2283 5262; x_wconf 85' lang='lat' dir='ltr'><strong>quod</strong></span> <span class='ocrx_word' id='word_1_825' title='bbox 2345 5205 2452 5245; x_wconf 86' lang='lat' dir='ltr'><strong>non</strong></span> <span class='ocrx_word' id='word_1_826' title='bbox 2518 5188 2828 5261; x_wconf 81' lang='lat' dir='ltr'><strong>recepisti?</strong></span> <span class='ocrx_word' id='word_1_827' title='bbox 2857 5187 2918 5242; x_wconf 90' lang='lat' dir='ltr'><strong>Si</strong></span> <span class='ocrx_word' id='word_1_828' title='bbox 2945 5195 3139 5243; x_wconf 83' lang='lat' dir='ltr'><strong>autem</strong></span> <span class='ocrx_word' id='word_1_829' title='bbox 3174 5186 3472 5258; x_wconf 81' lang='lat' dir='ltr'><strong>accepisti.</strong></span> <span class='ocrx_word' id='word_1_830' title='bbox 3527 5187 3681 5259; x_wconf 84' lang='lat' dir='ltr'><strong>quid</strong></span> 
     </span>
    </p>
   </div>
   <div class='ocr_carea' id='block_1_116' title="bbox 2006 5274 3675 5350">
    <p class='ocr_par' dir='ltr' id='par_1_116' title="bbox 2006 5274 3675 5350">
     <span class='ocr_line' id='line_1_117' title="bbox 2006 5274 3675 5350; baseline -0.003 -15"><span class='ocrx_word' id='word_1_831' title='bbox 2006 5281 2282 5350; x_wconf 82' lang='lat' dir='ltr'><strong>gloriaris</strong></span> <span class='ocrx_word' id='word_1_832' title='bbox 2311 5278 2475 5350; x_wconf 86' lang='lat' dir='ltr'><strong>quasi</strong></span> <span class='ocrx_word' id='word_1_833' title='bbox 2514 5294 2630 5332; x_wconf 83' lang='lat' dir='ltr'><strong>non</strong></span> <span class='ocrx_word' id='word_1_834' title='bbox 2651 5279 2920 5349; x_wconf 88' lang='lat' dir='ltr'><strong>acceperis</strong></span> <span class='ocrx_word' id='word_1_835' title='bbox 2986 5278 3035 5343; x_wconf 91' lang='lat' dir='ltr'><strong>(I</strong></span> <span class='ocrx_word' id='word_1_836' title='bbox 3077 5275 3198 5332; x_wconf 85' lang='lat' dir='ltr'><strong>Cor.</strong></span> <span class='ocrx_word' id='word_1_837' title='bbox 3252 5293 3331 5343; x_wconf 82' lang='grc' dir='ltr'><strong>ιν,</strong></span> <span class='ocrx_word' id='word_1_838' title='bbox 3362 5275 3419 5345; x_wconf 90' lang='grc'><strong>7)</strong></span> <span class='ocrx_word' id='word_1_839' title='bbox 3445 5274 3675 5331; x_wconf 87' lang='lat' dir='ltr'><strong>Didici-</strong></span> 
     </span>
    </p>
   </div>
   <div class='ocr_carea' id='block_1_117' title="bbox 2006 5365 3675 5440">
    <p class='ocr_par' dir='ltr' id='par_1_117' title="bbox 2006 5365 3675 5440">
     <span class='ocr_line' id='line_1_118' title="bbox 2006 5365 3675 5440; baseline -0.002 -16"><span class='ocrx_word' id='word_1_840' title='bbox 2006 5369 2080 5424; x_wconf 90' lang='lat' dir='ltr'><strong>sti</strong></span> <span class='ocrx_word' id='word_1_841' title='bbox 2103 5384 2240 5440; x_wconf 89' lang='lat' dir='ltr'><strong>ergo</strong></span> <span class='ocrx_word' id='word_1_842' title='bbox 2273 5365 2668 5422; x_wconf 89' lang='lat' dir='ltr'><strong>humilitatem</strong></span> <span class='ocrx_word' id='word_1_843' title='bbox 2702 5366 2891 5437; x_wconf 89' lang='lat' dir='ltr'><strong>magis</strong></span> <span class='ocrx_word' id='word_1_844' title='bbox 2936 5365 3102 5436; x_wconf 90' lang='lat' dir='ltr'><strong>sequi</strong></span> <span class='ocrx_word' id='word_1_845' title='bbox 3153 5381 3332 5435; x_wconf 86' lang='lat' dir='ltr'><strong>quam</strong></span> <span class='ocrx_word' id='word_1_846' title='bbox 3381 5380 3675 5436; x_wconf 78' lang='lat' dir='ltr'><strong>arrogan-</strong></span> 
     </span>
    </p>
   </div>
   <div class='ocr_carea' id='block_1_118' title="bbox 2004 5455 3678 5525">
    <p class='ocr_par' dir='ltr' id='par_1_118' title="bbox 2004 5455 3678 5525">
     <span class='ocr_line' id='line_1_119' title="bbox 2004 5455 3678 5525; baseline -0.002 -13"><span class='ocrx_word' id='word_1_847' title='bbox 2004 5458 2168 5524; x_wconf 83' lang='lat' dir='ltr'><strong>tiam;</strong></span> <span class='ocrx_word' id='word_1_848' title='bbox 2203 5455 2574 5512; x_wconf 87' lang='lat' dir='ltr'><strong>sedulitatem</strong></span> <span class='ocrx_word' id='word_1_849' title='bbox 2602 5455 3084 5525; x_wconf 74' lang='lat' dir='ltr'><strong>alfectare,quam</strong></span> <span class='ocrx_word' id='word_1_850' title='bbox 3105 5457 3678 5524; x_wconf 87' lang='lat' dir='ltr'><strong>potestatem,Acce-</strong></span> 
     </span>
    </p>
   </div>
   <div class='ocr_carea' id='block_1_119' title="bbox 2003 5539 3678 5618">
    <p class='ocr_par' dir='ltr' id='par_1_119' title="bbox 2003 5539 3678 5618">
     <span class='ocr_line' id='line_1_120' title="bbox 2003 5539 3678 5618; baseline -0.002 -18"><span class='ocrx_word' id='word_1_851' title='bbox 2003 5545 2140 5618; x_wconf 91' lang='lat' dir='ltr'><strong>pisti</strong></span> <span class='ocrx_word' id='word_1_852' title='bbox 2164 5544 2445 5601; x_wconf 85' lang='lat' dir='ltr'><strong>salutaria</strong></span> <span class='ocrx_word' id='word_1_853' title='bbox 2497 5546 2800 5616; x_wconf 60' lang='lat' dir='ltr'><strong>praecepta,</strong></span> <span class='ocrx_word' id='word_1_854' title='bbox 2861 5541 2977 5597; x_wconf 88' lang='lat' dir='ltr'><strong>noli</strong></span> <span class='ocrx_word' id='word_1_855' title='bbox 3035 5541 3331 5614; x_wconf 87' lang='lat' dir='ltr'><strong>negligere</strong></span> <span class='ocrx_word' id='word_1_856' title='bbox 3386 5539 3561 5596; x_wconf 85' lang='lat' dir='ltr'><strong>utilia</strong></span> <span class='ocrx_word' id='word_1_857' title='bbox 3588 5542 3678 5597; x_wconf 90' lang='lat' dir='ltr'><strong>in-</strong></span> 
     </span>
    </p>
   </div>
   <div class='ocr_carea' id='block_1_120' title="bbox 2003 5629 3676 5704">
    <p class='ocr_par' dir='ltr' id='par_1_120' title="bbox 2003 5629 3676 5704">
     <span class='ocr_line' id='line_1_121' title="bbox 2003 5629 3676 5704; baseline -0.004 -13"><span class='ocrx_word' id='word_1_858' title='bbox 2003 5638 2332 5691; x_wconf 90' lang='lat' dir='ltr'><strong>strumenta</strong></span> <span class='ocrx_word' id='word_1_859' title='bbox 2363 5631 2686 5703; x_wconf 68' lang='lat' dir='ltr'><strong>medicinae,</strong></span> <span class='ocrx_word' id='word_1_860' title='bbox 2721 5632 2937 5704; x_wconf 88' lang='lat' dir='ltr'><strong>quibus</strong></span> <span class='ocrx_word' id='word_1_861' title='bbox 2987 5631 3134 5686; x_wconf 83' lang='lat' dir='ltr'><strong>fibra</strong></span> <span class='ocrx_word' id='word_1_862' title='bbox 3189 5630 3384 5686; x_wconf 89' lang='lat' dir='ltr'><strong>omnis</strong></span> <span class='ocrx_word' id='word_1_863' title='bbox 3428 5629 3676 5686; x_wconf 83' lang='lat' dir='ltr'><strong>lethalis</strong></span> 
     </span>
    </p>
   </div>
   <div class='ocr_carea' id='block_1_121' title="bbox 1999 5723 2615 5782">
    <p class='ocr_par' dir='ltr' id='par_1_121' title="bbox 1999 5723 2615 5782">
     <span class='ocr_line' id='line_1_122' title="bbox 1999 5723 2615 5782; baseline -0.011 0"><span class='ocrx_word' id='word_1_864' title='bbox 1999 5723 2261 5782; x_wconf 90' lang='lat' dir='ltr'><strong>vulneris</strong></span> <span class='ocrx_word' id='word_1_865' title='bbox 2291 5726 2615 5780; x_wconf 76' lang='lat' dir='ltr'><strong>exsecetur.</strong></span> 
     </span>
    </p>
   </div>
  </div>
