3862 6210
200 341 331 433 4.5.1.

1658 340 1728 419 S-
1774 337 2149 437 AMPEQSU

3499 340 3631 429 35.1

199 477 531 533 mentorum
575 472 767 557 induti
797 473 1133 551 vinculis,et
1168 478 1452 549 tanquam
1501 489 1846 550 corporeum
1875 476 1931 544 Α
1959 478 2094 545 trat,
2127 473 2442 535 immemor
2487 471 2664 551 ﬂebat
2711 473 2940 550 gratias;
2987 476 3045 535 ot
3090 473 3387 559 exaltatus,
3424 478 3624 535 mente

199 565 470 639 (26)onus
500 565 953 643 depo_nentes,ut
972 569 1167 623 essent
1187 566 1376 640 parati
1399 566 1469 622 ad
1491 565 1808 622 transitum
1832 583 1846 631 ;

197 655 415 727 pascha
443 655 599 710 enim
630 656 856 711 Domini
886 656 1170 712 transitus
1193 659 1283 712 est
1314 672 1348 710 a
1376 654 1752 726 passionibus
1776 654 1849 709 ad

196 743 807 799 exorcitiavirtutis.Et
824 745 951 800 ideo
975 744 1193 817 pascha
1218 743 1442 799 Domini
1466 743 1852 816 dicitur;quo-

196 832 356 887 niam
385 835 442 887 et
458 837 598 887 tunc
628 832 686 887 in
718 838 852 905 typo
870 832 967 887 illo
985 833 1119 906 agni
1137 832 1352 889 veritas
1374 832 1691 889 Dominicae
1715 848 1847 903 pas-

194 920 377 977 sionis
397 920 940 987 annuntiabatur,et
958 939 1113 977 nunc
1132 923 1261 993 ejus
1284 920 1611 977 celebratur
1632 921 1843 993 gratia.

264 1011 354 1065 32.
386 1009 509 1065 Cito
541 1026 677 1083 ergo
707 1009 817 1066 hoc
849 1027 1062 1083 quaere,
1115 1011 1340 1079 anima;
1394 1014 1458 1065 ut
1508 1010 1621 1065 cito
1670 1009 1847 1065 etiam

194 1099 418 1167 audias,
462 1099 615 1154 sicut
665 1100 888 1155 audivit
935 1105 993 1155 et
1039 1100 1219 1155 Jacob
1253 1116 1266 1154 :
1303 1100 1445 1168 Quid
1475 1104 1554 1155 est
1583 1099 1681 1175 hoc
1709 1099 1851 1170 quod

193 1195 305 1243 tam
346 1188 453 1241 cito
501 1188 781 1257 invenisti,
834 1188 916 1256 ﬁli
964 1187 1115 1252 (Gen.
1150 1206 1324 1256 xxvn,
1355 1187 1486 1260 20)?
1516 1188 1585 1243 Et
1615 1186 1711 1243 ille
1759 1203 1849 1243 se-

193 1275 451 1330 cundum
493 1274 705 1348 dogma
750 1277 1091 1349 respondit:
1131 1277 1278 1344 Quod
1321 1276 1551 1332 tradidit
1589 1277 1849 1332 Dominus

191 1364 330 1418 Deus
381 1366 503 1417 tuus
552 1366 609 1419 in
659 1381 859 1420 manus
906 1380 1054 1421 meas
1104 1365 1307 1437 (Ibid)
1342 1365 1464 1421 Cito
1509 1365 1609 1420 dat
1661 1365 1845 1431 Deus;

191 1451 330 1524 quia
351 1451 584 1519 dixit,et
615 1453 769 1508 facta
801 1456 942 1509 sunt
971 1469 984 1507 :
1019 1453 1339 1519 mandavit,
1372 1458 1429 1509 et
1460 1457 1651 1508 creata
1682 1457 1840 1508 sunt.

188 1540 442 1596 Verbum
473 1541 632 1596 enim
664 1541 764 1596 Dei
799 1558 912 1597 non
946 1540 1100 1598 sicut
1144 1543 1385 1614 quidam
1432 1542 1530 1607 ait,
1563 1558 1712 1614 opus
1737 1541 1844 1610 est,

188 1629 289 1685 sed
322 1644 570 1700 operans
600 1628 711 1700 (27)
746 1630 902 1685 sicut
931 1630 1115 1687 habes
1146 1630 1430 1703 scriptum
1463 1647 1477 1686 :
1512 1632 1676 1687 Pater
1692 1646 1846 1686 meus

187 1733 357 1790 usque
403 1717 558 1773 modo
607 1722 890 1790 operatur,
938 1722 990 1775 et
1040 1735 1135 1790 ego
1182 1735 1374 1791 operor
1402 1721 1580 1792 (Joan.
1624 1738 1679 1788 v,
1729 1720 1840 1791 l7).

186 1806 467 1862 Prevenit
497 1806 725 1874 omnia;
760 1810 849 1863 est
877 1807 1033 1863 enim
1066 1811 1200 1864 ante
1230 1808 1427 1864 omnia
1454 1808 1607 1864 sicut
1649 1808 1839 1877 Pater,

187 1898 247 1951 et
274 1895 335 1950 in
365 1895 640 1951 omnibus
672 1895 826 1952 sicut
856 1896 1011 1952 idem
1048 1901 1234 1964 Pater,
1268 1901 1582 1970 penetrans
1622 1898 1837 1953 omnia.

186 1983 460 2041 Validum
491 1983 647 2041 enim
676 1989 734 2041 et
765 1989 1023 2053 acutum,
1056 1990 1113 2042 et
1160 1987 1319 2042 omni
1369 1986 1565 2059 gladio
1610 1986 1842 2042 acutius

185 2077 611 2146 est,penetrans
641 2090 829 2147 usque
857 2076 927 2131 ad
961 2074 1311 2131 divisionem
1344 2076 1554 2131 animae
1586 2080 1644 2132 et
1677 2074 1843 2148 spiri-

184 2166 666 2235 tus,artuumqne
682 2169 739 2219 et
767 2165 898 2220 med
909 2163 1556 2220 ullarum.Praavenieus
1575 2164 1841 2220 omnium

186 2252 670 2325 cogitationes,de
700 2269 817 2325 quo
849 2253 929 2308 ait
958 2252 1128 2308 Pater
1157 2253 1312 2308 Deus
1344 2268 1359 2307 :
1390 2254 1515 2309 Iam
1559 2253 1768 2309 videbis
1794 2255 1843 2309 si

186 2341 590 2413 comprehendit
636 2350 685 2398 te
736 2342 963 2398 Verbum
1009 2359 1211 2410 meum,
1244 2352 1345 2399 aut
1390 2360 1502 2399 non
1542 2343 1726 2414 (Num.
1761 2361 1842 2411 x1,

183 2430 297 2502 23).
330 2429 436 2486 Ubi
466 2428 623 2486 enim
675 2430 851 2497 Deus,
902 2434 959 2487 et
1006 2431 1268 2487 Verbum
1313 2435 1420 2500 est,
1465 2431 1617 2488 sicut
1646 2431 1839 2489 dixit:

191 2521 471 2576 Veniemus
501 2522 553 2574 et
595 2521 936 2576 mansionem
983 2521 1130 2593 apud
1179 2538 1303 2578 eum
1350 2523 1620 2594 facimus
1652 2516 1839 2595 (Joan.

184 2625 299 2677 xxv,
330 2609 442 2680 23).
470 2608 537 2664 Et
565 2609 717 2664 sicut
752 2609 935 2665 habes
978 2610 1037 2665 in
1090 2609 1222 2666 aliis
1270 2610 1340 2665 de
1388 2611 1504 2668 Deo
1552 2610 1773 2666 lectum
1826 2627 1839 2664 :

186 2702 299 2769 Ego
343 2699 469 2754 steti
515 2699 606 2754 hic
646 2701 808 2770 prius
848 2715 1016 2770 quam
1046 2703 1105 2755 tu
1137 2699 1327 2771 (Brod.
1364 2716 1501 2769 xvu,
1530 2700 1588 2767 6)
1623 2717 1636 2755 :
1668 2698 1749 2754 ita
1787 2703 1846 2755 et

184 2785 439 2842 Verbum
479 2786 620 2843 dicit
668 2804 681 2844 :
730 2789 1062 2860 Priusquam
1118 2795 1292 2844 stares
1338 2789 1439 2842 sub
1486 2788 1682 2845 arbore
1720 2790 1841 2860 fici,

185 2874 300 2931 vidi
330 2883 379 2930 te
407 2876 584 2947 (Joan.
622 2893 656 2945 ι,
692 2876 802 2947 48).
834 2877 904 2930 Et
949 2877 1020 2931 de
1069 2876 1198 2948 ipso
1242 2877 1465 2932 dictum
1497 2882 1587 2933 est
1625 2878 1838 2946 Verbo,

190 2962 300 3019 hoc
331 2967 440 3027 est,
474 2961 617 3018 Filio
647 2964 748 3019 Dei
781 2981 794 3019 :
829 2964 1034 3019 Medius
1057 2967 1240 3021 autem
1264 2968 1508 3020 vestrum
1538 2970 1644 3021 stat
1685 2982 1844 3038 quem

187 3068 279 3108 vos
324 3052 546 3108 nescitis
575 3052 731 3123 (Ibid.
763 3053 874 3125 26).
909 3053 1252 3126 Ubicunque
1286 3054 1443 3110 enim
1495 3054 1705 3122 sancti,
1759 3055 1840 3111 ibi

187 3140 247 3197 in
277 3157 478 3198 eorum
505 3140 696 3197 medio
728 3142 827 3198 Dei
864 3144 1013 3199 I99
1044 3142 1299 3198 Verbum
1323 3144 1436 3215 (28)
1473 3144 1531 3198 in
1577 3143 1839 3217 singulo-

1871 1852 1920 1916 B

1957 566 2152 622 carnis
2187 584 2328 635 suae,
2352 565 2812 624 obliviscebatur
2839 565 3046 623 Deum.

2029 654 2117 710 3t.
2151 653 2466 711 Humilitas
2495 658 2692 712 autem
2731 646 3107 712 commendat
3155 655 3512 713 orationem.
3545 656 3627 713 Si-

1959 742 2195 816 quidem
2229 746 2285 799 et
2314 744 2644 801 Phariszsus
2691 742 2790 801 ille
2843 745 3235 817 reprehensus
3265 749 3355 801 est
3387 746 3494 818 qui
3534 746 3621 817 je-

1948 832 2123 903 junia
2154 849 2262 888 sua
2289 831 2446 889 velut
2475 833 2757 890 beneficia
2786 834 3185 903 enumerabat,
3227 837 3285 889 et
3332 838 3622 907 tanquam

1958 921 2285 992 objectabat
2314 921 2451 992 Deo,
2487 925 2544 978 et
2574 938 2635 979 se
2664 922 2985 978 criminum
3016 923 3386 979 memorabat
3424 939 3620 979 exsor-

1957 1013 2096 1067 tem.
2131 1010 2484 1068 Publicanus
2514 1015 2713 1079 autem
2746 1012 3098 1084 praedicatus
3129 1015 3239 1079 est,
3273 1013 3370 1083 qui
3398 1028 3432 1067 a
3464 1012 3621 1083 longe

1955 1105 2108 1156 stans
2136 1100 2352 1157 nolebat
2379 1102 2562 1158 oculos
2591 1101 2663 1157 ad
2690 1102 2887 1157 calum
2916 1103 3118 1169 levare,
3148 1101 3240 1157 sed
3277 1103 3626 1173 percutiebat

1952 1192 2140 1260 pectus
2186 1206 2369 1255 suum,
2400 1189 2586 1246 dicens
2635 1208 2655 1245 :
2710 1189 2936 1246 Domine
2979 1192 3137 1257 Deus,
3180 1191 3459 1262 propitius
3512 1178 3621 1248 esto

1956 1278 2100 1335 mihi
2121 1280 2395 1351 peccatori
2423 1279 2573 1350 (Luc.
2605 1295 2767 1345 xvm,
2802 1280 2913 1348 13).
2945 1279 3011 1334 Et
3059 1278 3188 1334 ideo
3242 1277 3440 1333 divina
3483 1294 3620 1334 eum

1957 1369 2243 1425 sententia
2285 1365 2542 1440 praatulit
2586 1367 2788 1424 dicens
2823 1386 2835 1424 :
2873 1368 3015 1437 Quia
3042 1366 3319 1423 descendit
3371 1366 3465 1423 hic
3510 1384 3616 1439 pu—

1958 1457 2203 1513 blicanus
2248 1457 2577 1529 iustificatus
2618 1459 2816 1528 magis,
2876 1474 3044 1529 quam
3091 1457 3405 1528 pharisaeus
3453 1457 3618 1526 (Ibid.

1961 1546 2067 1618 14).
2104 1545 2202 1602 llle
2235 1545 2392 1601 enim
2414 1546 2781 1617 justiﬁcatur
2821 1545 2921 1618 qui
2967 1549 3271 1617 peccatum
3305 1545 3613 1619 proprium

1954 1635 2286 1701 confitetur,
2338 1635 2491 1691 sicut
2533 1633 2763 1691 locutus
2809 1637 2901 1690 est
2950 1634 3078 1707 ipse
3125 1633 3412 1692 Dominus
3448 1651 3462 1690 :
3498 1637 3619 1693 Dic.

1954 1718 2273 1796 iniquitates
2328 1729 2453 1780 tuas
2504 1726 2565 1779 ut
2613 1725 2941 1795 justiﬁceris
2999 1724 3123 1795 (Isa.
3183 1740 3341 1791 XLIII,
3391 1725 3507 1796 26).
3549 1724 3621 1785 Et

1956 1812 2130 1869 David
2181 1813 2263 1870 ait
2306 1812 2706 1884 :Saeriﬁcium
2752 1813 2885 1879 Deo,
2935 1814 3167 1885 spiritus
3214 1812 3619 1895 contribulatus

1948 1903 2121 1975 (Psal.
2155 1921 2205 1971 L,
2241 1902 2351 1976 19).
2388 1902 2455 1959 Et
2494 1901 2709 1958 iterum
2766 1918 2780 1957 :
2834 1902 2937 1957 Cor
2984 1902 3281 1958 contritum
3326 1910 3379 1958 et
3426 1903 3617 1959 humi-

1949 1992 2148 2048 liatum
2193 1993 2331 2047 Deus
2379 2007 2493 2048 non
2522 1992 2733 2063 spernit
2763 1990 2968 2061 (Ibid.),
2999 1990 3286 2047 Jeremias
3318 1990 3431 2064 (29)
3466 2008 3611 2064 quo-

1950 2097 2064 2152 que
2122 2080 2205 2137 ait
2264 2097 2277 2135 :
2328 2079 2615 2159 Animalia
2646 2081 2939 2151 angustiis,
2988 2082 3041 2135 et
3098 2081 3325 2152 spiritus
3351 2082 3618 2137 anxiatus

1947 2169 2150 2225 clamat
2170 2168 2239 2224 ad
2266 2171 2319 2224 te
2347 2167 2609 2239 (Baruch.
2642 2185 2729 2235 ιιι,
2779 2168 2850 2240 ι).
2882 2168 3031 2238 Ergo
3062 2171 3121 2223 et
3150 2167 3385 2223 Pharao
3418 2166 3614 2239 (Emod.

1948 2275 2003 2325 v,
2034 2259 2112 2331 2),
2145 2262 2203 2314 et
2234 2275 2332 2313 rex
2361 2256 2636 2330 Assyrius
2679 2256 2793 2335 (30)
2847 2257 2947 2328 qui
2995 2256 3226 2313 dicebat
3257 2274 3271 2312 :
3304 2257 3441 2325 Quis
3489 2256 3618 2312 deo-

1950 2363 2076 2402 rum
2142 2349 2393 2416 gentium
2454 2348 2690 2402 istarum
2751 2344 3005 2401 liberabit
3065 2349 3272 2401 terram
3328 2362 3494 2401 suam
3553 2347 3619 2402 de

1949 2452 2121 2493 mam:
2167 2439 2327 2492 mea?
2373 2422 2632 2509 quoniam
2676 2434 2932 2490 liberabit
2976 2435 3239 2490 Dominus
3292 2439 3444 2491 Deus
3491 2438 3620 2491 tuus

1950 2525 2257 2582 Jerusalem
2286 2524 2351 2581 de
2378 2540 2550 2580 manu
2578 2539 2703 2580 mea
2734 2522 2829 2596 (IV
2863 2525 2993 2595 Reg.
3024 2539 3185 2593 xvm,
3217 2523 3352 2596 35)?
3394 2522 3620 2580 exalta-

1951 2614 2110 2671 tione
2143 2630 2253 2670 sua
2283 2613 2490 2684 dejecti
2523 2615 2682 2668 sunt.
2710 2611 2921 2668 Justus
2953 2615 3172 2680 autem,
3206 2611 3362 2670 sicut
3406 2611 3616 2683 Jacob,

1953 2702 2025 2759 ad
2052 2706 2351 2759 auctorem
2399 2702 2586 2758 Deum
2638 2700 2813 2757 refert
2860 2716 3223 2773 quaecunque
3254 2700 3429 2757 fuerit
3460 2701 3617 2759 bona

1953 2794 2323 2859 consecutus,
2369 2790 2571 2847 dicens
2627 2789 2700 2845 de
2748 2789 3026 2846 omnibus
3083 2805 3451 2862 quaecunque
3503 2791 3617 2847 sibi

1952 2896 2297 2954 prosperare
2337 2877 2669 2952 cognoverit
2701 2894 2714 2933 :
2751 2878 3022 2947 Quoniam
3066 2879 3297 2934 tradidit
3325 2896 3389 2935 ea
3419 2881 3617 2936 Domi-

1953 2988 2059 3026 nus
2117 2971 2256 3025 Deus
2303 2970 2365 3024 in
2412 2984 2612 3024 manus
2662 2984 2811 3026 meas
2866 2967 3022 3040 (Gen.
3079 2985 3253 3034 xxvu,
3312 2969 3428 3040 20).
3485 2969 3617 3025 Haec

1952 3059 2133 3133 igitur
2163 3056 2371 3115 melior
2399 3061 2666 3113 votorum
2698 3072 2943 3115 suorum
2973 3056 3186 3114 solutio
3215 3061 3323 3124 est,
3359 3057 3517 3114 sicut
3559 3063 3623 3116 et

1949 3147 2129 3205 David
2162 3147 2244 3203 ait
2276 3162 2288 3203 :
2324 3147 2553 3203 Immola
2578 3147 2685 3203 Deo
2722 3146 3063 3216 sacriﬁcium
3109 3145 3310 3213 laudis,
3352 3150 3407 3201 et
3452 3147 3622 3204 redde

193 3247 321 3286 rum
355 3230 691 3303 praecordiis
722 3230 1021 3305 complens
1053 3232 1257 3288 maria
1286 3236 1344 3289 et
1370 3239 1578 3289 terras.
1613 3233 1679 3288 Et
1707 3250 1842 3289 cum
1875 3223 1919 3290 C
1957 3237 2234 3293 Altissimo
2260 3242 2380 3291 vota
2410 3238 2507 3289 tua
2531 3234 2705 3305 (Psal.
2754 3251 2905 3302 xux,
2959 3235 3069 3302 14).
3126 3234 3391 3291 Laudare
3428 3234 3620 3293 Deum

192 3320 289 3376 hic
317 3322 427 3385 est,
459 3320 636 3376 etiam
669 3319 808 3376 alibi
840 3324 961 3389 est;
1015 3338 1133 3377 non
1183 3325 1410 3378 mutato
1443 3321 1591 3390 loco,
1618 3322 1719 3378 sed
1750 3339 1839 3378 re-

191 3408 346 3481 pleto
379 3407 581 3480 utique
615 3409 706 3465 sui
738 3409 1068 3482 praesentia.
1121 3409 1345 3483 Ubique
1391 3410 1548 3467 enim
1597 3415 1707 3477 est,
1739 3411 1840 3484 qui

192 3513 295 3569 per
326 3497 544 3566 omnia,
577 3502 635 3554 et
663 3499 723 3553 in
754 3499 1052 3568 omnibus,
1106 3498 1338 3555 nullum
1382 3498 1578 3555 locum
1621 3499 1838 3555 immu-

184 3583 327 3641 'nem
377 3584 470 3641 sui
513 3585 871 3658 relinquens.
918 3588 988 3643 Et
1037 3587 1137 3643 ubi
1186 3588 1376 3657 adest,
1428 3592 1599 3644 erat:
1634 3593 1692 3644 et
1739 3587 1840 3645 ubi

191 3678 335 3742 erat,
370 3674 552 3730 adest.
585 3675 653 3731 Et
682 3674 813 3732 ideo
844 3676 945 3747 qui
976 3676 1136 3732 novit
1179 3676 1347 3733 velox
1391 3693 1538 3734 esse.
1581 3678 1838 3735 Verbum

194 3762 318 3831 Dei,
342 3762 456 3819 cito
488 3764 655 3836 petit,
677 3767 733 3821 et
762 3764 873 3821 cito
900 3764 1197 3837 impetrat.

190 3925 423 3997 Pharao
434 3928 656 3997 propter
685 3940 899 3980 moram
946 3926 1007 3981 in
1053 3925 1347 3982 obediendo
1376 3928 1651 3995 arguitur.
1687 3928 1840 3983 Com-

260 3996 554 4053 mendatur
598 3999 657 4052 in
704 3999 952 4053 oratione
991 3998 1301 4064 humilitas,
1330 4007 1596 4055 secretum
1627 4015 1691 4054 ac
1723 3999 1842 4055 bre-

261 4070 421 4136 vitas,
481 4085 606 4124 cum
659 4068 1105 4140 reprehensione,
1144 4070 1500 4126 verbositatis.
1572 4071 1844 4139 Quomodo

249 4140 460 4215 orandi
485 4139 725 4212 formam
756 4142 1018 4215 Dominus
1072 4139 1343 4204 docuerit;
1386 4159 1451 4198 ac
1497 4141 1716 4198 tandem
1738 4158 1843 4215 pro

264 4212 458 4284 quibus
483 4215 762 4284 praecipue
784 4213 1065 4269 orandum
1079 4216 1105 4267 .9

266 4301 355 4355 33.
386 4302 458 4356 At
488 4318 618 4357 vero
650 4301 893 4369 Pharao,
916 4301 1017 4375 qui
1046 4302 1422 4374 opinionibus
1451 4303 1618 4359 vanis
1648 4307 1705 4358 et
1725 4303 1845 4358 ina-

196 4390 371 4445 nibus
421 4390 686 4445 studium
734 4390 1113 4463 impendebat
1160 4408 1336 4448 suum
1395 4392 1577 4464 (ranis
1627 4391 1846 4464 repleta

197 4478 443 4549 [Egypto
493 4495 705 4533 sonum
754 4479 994 4536 inanem
1043 4498 1237 4536 rerum
1287 4484 1344 4535 et
1390 4481 1700 4554 strepitum
1753 4499 1847 4537 va-

199 4582 344 4619 num
390 4566 795 4638 reddentibus)
841 4567 1057 4624 dicenti
1108 4567 1292 4641 Moysi
1344 4587 1357 4624 :

198 4651 416 4725 quando
455 4669 555 4724 pro
600 4658 652 4709 te
697 4669 866 4725 orem,
915 4652 964 4711 et
1011 4673 1111 4728 pro
1140 4658 1370 4727 famulis
1401 4661 1529 4728 tuis,
1557 4664 1606 4714 et
1632 4675 1733 4730 pro
1760 4677 1852 4732 po-

194 4743 329 4816 pulo
360 4745 472 4809 tuo,
506 4748 570 4797 ut
595 4746 923 4800 exterminet
950 4746 1213 4801 Dominus
1242 4763 1407 4802 ranas
1437 4748 1847 4820 (Exod.vm,9);

202 4848 338 4888 cum
370 4831 640 4888 debuerit
668 4833 729 4887 in
758 4836 922 4889 tanta
960 4833 1188 4907 positus
1233 4836 1581 4892 necessitate
1626 4853 1848 4910 rogare,

202 4925 267 4978 ut
288 4922 414 4993 jam
448 4926 640 4979 oraret
670 4939 775 4978 nec
805 4923 1082 4989 differret,
1103 4925 1405 4997 respondit
1436 4943 1448 4981 :
1485 4925 1737 4982 Crastina
1767 4927 1856 4983 die

201 5010 357 5082 (Ibid.
418 5010 506 5076 40)
568 5029 581 5067 :
632 5014 859 5070 otiosus
918 5018 974 5070 et
1019 5013 1346 5087 negligens,
1397 5031 1570 5071 moras
1620 5033 1853 5089 pinnam

201 5100 429 5174 [Egypti
474 5102 778 5160 soluturus
829 5102 1072 5160 excidio.
1124 5105 1323 5176 Itaque
1369 5104 1479 5161 iste
1525 5105 1625 5160 ubi
1669 5106 1855 5180 impe-

274 5243 387 5316 (26)
437 5245 603 5303 Rom.
653 5247 791 5304 edit.
845 5247 988 5313 sola,
1041 5248 1306 5302 succincti
1353 5247 1546 5303 lunbos
1594 5257 1858 5319 tanquam

203 5331 519 5391 corporeum
547 5334 685 5374 onus
714 5321 1062 5391 deponentes,
1094 5323 1146 5375 et
1173 5319 1330 5391 pedes
1358 5335 1484 5375 suos
1512 5319 1858 5376 calceamen-

207 5388 397 5510 torumt
414 5387 601 5509 induti
632 5387 885 5457 vinculis,
916 5400 967 5446 et
997 5387 1215 5446 baculos
1265 5390 1325 5445 in
1375 5391 1632 5447 manibus
1661 5395 1859 5446 tenen-

226 5470 303 5510 es.
336 5473 376 5509 u
405 5500 418 5510 .
451 5473 481 5510 e
510 5474 561 5510 c.

226 5470 303 5522 es,
336 5470 419 5519 ut,
451 5470 561 5512 etc.

277 5526 396 5606 ('27)
426 5527 510 5606 Ita
538 5544 742 5606 omnes
775 5548 917 5588 mss.
952 5536 1010 5587 et
1054 5535 1166 5586 vet.
1187 5532 1361 5606 _edit,;
1419 5533 1586 5588 Rom.
1639 5537 1858 5602 autem,

208 5599 487 5679 nonfuit!
518 5599 951 5679 quo‘ddamgopus
979 5607 1078 5679 est,
1097 5603 1309 5679 _sedest
1338 5619 1590 5679 operans.

281 5667 394 5740 (28)
427 5667 567 5724 Mss.
601 5668 725 5724 Div.
758 5676 814 5727 et
843 5667 1018 5741 Flos,
1052 5667 1169 5729 ideo
1196 5675 1259 5728 in
1286 5667 1462 5731 medio
1482 5677 1585 5731 Dei
1608 5677 1858 5734 Verbum.

1946 3325 2356 3383 commendare
2387 3327 2477 3380 est
2504 3325 2725 3391 votum,
2758 3327 2816 3379 et
2844 3322 3089 3380 solvere.
3124 3322 3288 3381 Unde
3319 3326 3377 3379 et
3406 3322 3625 3381 Sama-

1948 3415 2174 3472 ritanus
2203 3413 2300 3470 ille
2332 3412 2462 3468 aliis
2495 3412 2834 3481 antefertur,
2865 3411 2968 3484 qui
3014 3429 3149 3468 cum
3195 3411 3444 3485 leprosis
3475 3411 3617 3469 aliis

1949 3519 2153 3561 novem
2177 3502 2500 3559 secundum
2533 3505 2890 3575 praeceptum
2916 3501 3172 3572 Domini,
3206 3502 3530 3561 mundatus
3585 3520 3621 3558 a

1948 3592 2130 3667 lepra,
2182 3591 2344 3648 solus
2392 3606 2696 3663 regressus
2741 3591 2816 3646 ad
2860 3589 3158 3646 Christum
3207 3590 3621 3663 amplificabat

1947 3674 2218 3739 Deum'et
2245 3679 2455 3754 agebat
2482 3679 2721 3752 gratias.
2760 3678 2841 3737 De
2885 3695 3012 3751 quo
3059 3678 3233 3736 Jesus
3280 3678 3362 3734 ait
3419 3697 3431 3734 :
3491 3680 3621 3736 Non

1945 3772 2055 3845 fuit
2083 3770 2298 3841 exiillis
2326 3770 2424 3842 qui
2450 3768 2654 3825 rediret
2684 3772 2735 3824 et
2766 3769 2979 3841 gratias
3009 3771 3192 3840 ageret
3221 3770 3347 3838 Deo,
3380 3769 3497 3823 nisi
3525 3767 3626 3825 hic

1950 3861 2328 3934 alienigena...
2379 3859 2445 3913 Et
2492 3859 2572 3913 ait
2622 3858 2776 3915 πω)
2807 3858 2899 3913 illi
2928 3875 2946 3911 :
2979 3855 3169 3929 Surge,
3197 3862 3249 3913 et
3280 3855 3449 3919 vade;
3480 3858 3624 3928 quia

1948 3950 2079 4023 ﬁdes
2111 3958 2205 4005 tua
2236 3956 2286 4003 te
2304 3947 2519 4004 salvum
2545 3946 2675 4018 fecit
2706 3948 2857 4019 (Luc.
2880 3963 3017 4015 xvn,
3048 3945 3267 4017 48-19).

2020 4039 2108 4094 35.
2144 4037 2243 4093 Est
2270 4036 2451 4092 etiam
2483 4034 2584 4092 illa
2615 4034 3091 4091 commendandae
3119 4032 3367 4091 orationi
3400 4037 3458 4090 et
3484 4034 3613 4090 voti

1951 4125 2267 4200 disciplina
2298 4142 2311 4181 :
2347 4127 2412 4179 ut
2444 4141 2559 4180 non
2593 4122 2967 4198 divulgemus
2997 4122 3321 4180 orationem
3354 4123 3456 4178 sed
3480 4123 3622 4179 abs-

1952 4215 2185 4274 condita
2214 4217 2522 4269 teneamus
2552 4211 2852 4285 mysteria,
2890 4211 3045 4267 sicut
3074 4210 3267 4267 tenuit
3292 4209 3624 4282 Abraham,

1952 4305 2053 4379 qui
2110 4301 2529 4360 subcinericias
2568 4299 2705 4358 fecit
2735 4302 2891 4373 (Gen.
2951 4317 3113 4369 xvm,
3143 4300 3222 4372 6).
3270 4300 3628 4356 Tenueruut

1953 4399 2012 4452 et
2041 4397 2236 4468 patres
2265 4391 2365 4463 qui
2393 4406 2597 4455 coxere
2640 4405 3027 4462 conspersum
3078 4390 3234 4462 quod
3287 4387 3631 4445 extulerant

1954 4486 2025 4542 de
2054 4482 2317 4556 Egypto,
2341 4479 2731 4536 subcinericia
2761 4479 3043 4536 facientes
3075 4495 3435 4551 azyma,quaa
3454 4468 3633 4545 Grai-

1411 4569 1686 4625 Constitue
1710 4572 1850 4626 mihi
1879 4595 1927 4660 D
1956 4589 2020 4629 ce
2059 4579 2295 4644 ἐγχρύφια
2326 4569 2623 4649 dicuntur,
2658 4585 2724 4625 eo
2755 4569 2910 4640 quod
2943 4567 3383 4624 abscondantur
3428 4568 3488 4621 in
3533 4568 3631 4623 ci-

1959 4676 2096 4718 nere
2131 4678 2143 4715 :
2177 4658 2578 4733 signiﬁcantes
2606 4657 2960 4714 fermentum
2994 4656 3140 4712 illud
3173 4656 3330 4729 quod
3372 4656 3633 4712 abscon-

1960 4750 2048 4806 dit
2095 4747 2306 4805 mulier
2351 4746 2456 4803 illa
2499 4745 2836 4820 evangelica
2865 4746 3014 4818 (Luc.
3047 4763 3170 4813 xui,
3202 4745 3291 4816 21)
3323 4744 3385 4800 in
3419 4743 3635 4801 farina:

1960 4838 2260 4896 mensuris
2287 4837 2501 4904 tribus,
2530 4825 2713 4893 donec
2761 4836 3210 4893 fermentaretur
3255 4838 3469 4903 totum,
3504 4849 3640 4908 my-

1962 4927 2274 4986 steriorum
2307 4941 2540 4998 quoque
2572 4925 2886 4981 innuentes
2916 4924 3299 4997 premendam
3347 4938 3479 4978 esse
3518 4922 3638 4980 do-

1962 5016 2235 5074 ctrinam.
2269 5013 2432 5079 Quod
2464 5014 2724 5088 apertius
2757 5013 3042 5071 Dominus
3092 5012 3151 5068 in
3183 5009 3490 5083 Evangelio
3521 5010 3640 5069 do-

1964 5104 2083 5162 cuit
2113 5104 2313 5160 dicens
2347 5121 2360 5160 :
2399 5105 2473 5158 Tu
2502 5107 2687 5160 autem
2712 5119 2836 5160 cum
2866 5102 3068 5171 orabis,
3104 5104 3251 5157 intra
3302 5101 3363 5156 in
3407 5100 3642 5180 cubicuf

2039 5247 2151 5327 (29)
2181 5247 2566 5327 Nonmoveat
2613 5246 2773 5327 quod
2819 5244 3016 5327 locum
3066 5244 3227 5327 hung
3266 5242 3507 5327 nomine
3528 5242 3640 5301 Je-

1967 5313 2161 5390 remiae
2191 5318 2434 5385 citatum
2463 5333 2580 5374 non
2613 5313 2727 5390 nisi
2758 5317 2820 5373 in
2850 5315 3159 5390 prophetia
3188 5313 3417 5390 Baruch
3459 5331 3645 5388 repe-

1968 5392 2081 5447 rire
2110 5389 2205 5446 sit.
2239 5391 2325 5446 Ita
2371 5389 2529 5444 enim
2582 5386 2870 5445 ultimum—
2916 5386 3074 5444 hunc
3132 5386 3437 5442 laudatum
3498 5386 3644 5444 esse

1969 5462 2127 5547 apud
2159 5459 2727 5547 plurimosconstat,
2761 5459 2987 5537 quodgis
3015 5463 3171 5515 esset
3193 5456 3462 5514 Jeremim
3494 5473 3646 5515 cou-

1967 5534 2152 5590 victor
2182 5548 2249 5588 ac
2282 5534 2567 5588 notarius.
2684 5540 2693 5547 ’
2920 5534 2925 5537 '

2042 5606 2298 5685 (mlitem
2327 5604 2696 5685 desideratur
2715 5603 2794 5685 in
2817 5605 3078 5685 quatuor
3098 5616 3266 5683 mss.”
3284 5615 3390 5673 pro
3419 5616 3546 5674 quo
3576 5601 3645 5658 in

1970 5672 2088 5734 uno
2117 5672 2399 5733 Vaticano
2429 5674 2646 5750 legitur
2674 5683 2724 5732 et
2753 5672 3014 5749 Rapsaees
3041 5672 3313 5745 Assyrius.
