3862 6210
188 338 289 402 353

1367 338 1470 400 DE
1514 339 1701 400 CAlN
1748 338 1850 400 ET
1894 336 2093 400 ABEL
2139 341 2286 402 LIB.
2334 343 2384 406 Ι.

3472 349 3586 411 3M

186 472 489 541 tumtuum,
523 474 576 527 et
602 472 788 529 clauso
816 473 952 531 ostio
998 474 1223 529 Patrem
1248 476 1409 528 tuum
1462 488 1561 528 ora
1588 473 1649 527 in
1705 471 1822 526 abs-
1848 471 1905 537 Α
1934 470 2220 528 dicentem
2256 492 2268 529 :
2329 477 2413 532 Sit
2473 480 2623 533 enim
2667 483 2822 551 pater
2876 488 3052 535 vester
3078 483 3211 552 quia
3251 481 3403 537 vobis
3458 485 3593 556 opus

187 560 463 631 condito,et
484 571 649 633 pater
675 564 805 618 tuus
835 564 934 635 qui
970 562 1117 618 videt
1143 564 1204 617 in
1261 561 1595 628 abscondito,
1639 560 1825 628 reddet
1930 560 2004 614 sit
2050 570 2348 634 antequam
2403 568 2600 638 petatis
2671 568 2738 622 ab
2779 584 2838 623 eo
2894 567 3063 637 (Matt.
3140 586 3218 635 vr,
3251 570 3330 640 8).
3391 569 3595 643 Coque

188 644 280 707 tibi
298 666 317 705 :
336 658 553 707 orantes
572 659 756 707 autem
774 652 949 708 uotite
973 652 1209 707 multum
1231 650 1665 724 toqui(M’ath,v1,
1684 648 1825 721 6,7.)

188 741 250 796 Et
277 739 428 795 infra
459 758 473 796 :
504 741 623 798 Scit
650 742 799 797 enim
827 742 994 798 Pater
1021 745 1195 797 vester
1223 740 1356 813 quid
1394 741 1544 797 vobis
1579 754 1713 812 opus
1732 743 1824 807 sit,

184 833 472 902 antequam
496 832 695 902 petatis
721 831 788 886 ab
817 845 878 886 eo
934 830 1092 902 (Ibid,
1125 829 1204 902 8).
1236 828 1585 887 Cubiculum
1632 834 1825 896 tuum,

185 918 394 975 mentis
424 934 727 986 arcanum,
786 918 1090 991 animique
1136 922 1427 976 secretum
1456 922 1566 976 est.
1601 920 1663 975 In
1720 919 1828 975 hoc

183 1007 516 1064 cubiculum
547 1013 721 1064 tuum
752 1007 929 1079 intra,
961 1007 1071 1064 hoc
1101 1010 1209 1075 est,
1232 1008 1387 1064 intra
1438 1008 1500 1064 in
1532 1008 1651 1064 alta
1679 1025 1829 1081 prae-

184 1097 399 1166 c‘ordia,
429 1102 585 1153 totus
641 1097 947 1171 ingredere
978 1098 1049 1154 de
1108 1096 1367 1170 corporis
1425 1098 1513 1153 tui
1564 1096 1832 1154 exteriori

179 1186 468 1243 vestibulo
498 1186 634 1258 (31),
663 1190 723 1242 et
752 1186 959 1242 claude
990 1186 1208 1243 ostium
1241 1191 1437 1243 tuum.

247 1276 340 1331 36.
372 1276 539 1349 Quod
572 1276 651 1332 sit
670 1275 891 1332 ostium
921 1279 1114 1347 tuum,
1145 1276 1303 1333 disce
1336 1293 1350 1332 :
1380 1277 1529 1333 Pone
1582 1277 1831 1348 Domine,

174 1364 484 1421 custodiam
532 1366 621 1420 ori
645 1380 790 1432 meo,
829 1371 885 1421 et
932 1367 1135 1422 ostium
1184 1367 1447 1422 circuitus
1492 1367 1656 1422 labiis
1695 1368 1836 1423 meis

175 1455 354 1523 (Psal.
388 1470 517 1521 exn,
537 1453 614 1526 3).
648 1454 717 1509 Et
746 1448 965 1509 Paulus
995 1454 1142 1526 petit
1170 1455 1326 1510 orari
1355 1472 1461 1528 pro
1485 1472 1547 1512 se
1581 1474 1594 1511 :
1633 1457 1693 1513 Ut
1713 1470 1836 1528 ape-

175 1544 369 1598 riatur
440 1542 602 1610 mihi,
660 1542 873 1615 inquit,
903 1544 1103 1599 ostium
1154 1543 1329 1612 verbi,
1379 1544 1451 1599 ad
1506 1544 1836 1616 loquendum

177 1633 508 1704 mysterium
549 1630 758 1687 Christi
809 1630 1031 1703 (Coloss.
1094 1648 1170 1701 ιν,
1203 1632 1282 1703 3).
1343 1633 1453 1689 Sed
1480 1632 1579 1690 ille
1636 1638 1836 1707 utpote

181 1719 403 1778 electus
434 1720 507 1775 ad
536 1720 832 1793 Evangelii
861 1718 1360 1792 pradicationem,
1415 1726 1568 1778 recte
1595 1722 1708 1778 sibi
1741 1740 1833 1779 os-

180 1810 329 1865 tium
362 1808 522 1864 verbi
553 1808 791 1881 optabat
819 1807 1031 1881 aperiri
1060 1825 1074 1865 :
1137 1807 1277 1881 quia
1303 1809 1376 1865 de
1405 1825 1504 1867 ore
1558 1811 1689 1883 ejus
1718 1812 1835 1869 exi-

181 1898 281 1954 bat
296 1895 467 1953 salus
497 1897 788 1971 gentium,
819 1898 892 1954 de
910 1914 1008 1954 ore
1037 1897 1167 1970 ejus
1193 1899 1466 1972 prodibat
1491 1901 1612 1957 vita
1658 1917 1838 1976 popu-

179 1986 397 2044 lorum.
456 1987 573 2043 Nos
601 1990 798 2043 autem
830 1985 1180 2043 claudamus
1239 1988 1483 2060 ostium,
1538 2005 1611 2047 ne
1668 1990 1841 2064 culpa

182 2076 466 2145 iutret,ne
493 2075 697 2149 lapsus
728 2075 945 2149 aliquis
964 2077 1256 2134 sermonis
1284 2083 1470 2135 exeat.
1508 2083 1695 2137 Intrat
1715 2081 1837 2137 cul-

181 2183 273 2238 pa,
304 2166 358 2222 si
388 2164 593 2238 lapsus
619 2165 841 2222 exierit.
874 2167 1027 2222 Audi
1060 2168 1353 2240 quomodo
1409 2168 1590 2225 intret
1643 2169 1835 2244 culpa.

181 2256 244 2309 In
269 2255 647 2327 multiloquio,
688 2254 902 2327 inquit,
934 2271 1046 2312 non
1092 2256 1318 2329 effugies
1342 2261 1626 2330 peccatum
1655 2260 1838 2331 (Prov.

178 2360 235 2412 ι,
268 2344 407 2417 (19).
464 2343 649 2400 Exivit
692 2343 1156 2417 multiloquium,
1188 2350 1496 2418 peccatum
1553 2347 1793 2405 intravit
1824 2367 1837 2417 ;

183 2432 323 2504 quia
351 2433 416 2488 in
469 2431 845 2505 multiloquio
875 2440 1250 2507 nequaquam
1301 2435 1403 2508 qui
1428 2441 1595 2493 exeat
1623 2453 1838 2506 sermo,

179 2522 530 2590 trutinatur,
561 2521 968 2595 imprudenter
1010 2520 1247 2596 labitur,
1278 2522 1413 2581 licet
1441 2525 1637 2597 ipsum
1689 2525 1844 2583 ultra

186 2625 533 2667 mensuram
564 2610 788 2683 aliquid
819 2611 980 2684 loqui
1012 2613 1233 2686 grande
1262 2608 1567 2686 peccatum
1599 2614 1695 2672 sit.

249 2701 342 2757 37.
376 2701 454 2757 Et
480 2700 611 2757 ideo
641 2717 777 2757 cave
806 2717 880 2758 ne
909 2694 1312 2774 imprudenter
1339 2701 1601 2775 loquaris
1635 2721 1648 2771 ;
1684 2702 1843 2759 labia

170 2784 335 2845 enim
366 2784 768 2863 imprudentis
797 2788 1091 2846 inducunt
1114 2806 1247 2847 eum
1280 2791 1351 2847 ad
1384 2786 1560 2848 mala.
1593 2792 1743 2848 Cave
1769 2808 1841 2848 ne

183 2877 547 2936 in'oratione
575 2882 633 2935 te
660 2878 903 2935 extollas
937 2896 951 2947 ;
985 2879 1168 2936 oratio
1199 2879 1358 2936 enim
1389 2880 1756 2937 humiliantis‘
1779 2897 1842 2937 se

176 2969 381 3024 nubes
408 2967 762 3040 penetrabit.
822 2968 970 3024 Cave
1020 2983 1098 3025 ne
1143 2968 1379 3025 incaute
1435 2964 1697 3043 Symboli
1752 2970 1842 3027 vel

188 3048 514 3114 Dominicis
543 3056 835 3113 Orationis
859 3056 1125 3131 divulges
1148 3052 1447 3131 mysteria.
1503 3061 1589 3115 An
1648 3061 1842 3118 nescis

182 3158 364 3216 quam
397 3159 573 3218 grave
628 3145 707 3201 sit
732 3144 793 3199 in
852 3146 1116 3203 oratione
1141 3140 1481 3204 contrahere
1536 3152 1837 3221 peccatum

182 3232 279 3290 ubi
309 3244 528 3308 speras
557 3234 885 3291 remedium
910 3234 940 3290 Τ
966 3235 1135 3292 Certe
1162 3235 1444 3292 Dominus
1474 3250 1578 3309 per
1594 3237 1841 3310 Prophe-

172 3326 302 3379 tam
346 3320 560 3379 docuit
611 3323 723 3380 hoc
754 3338 927 3387 grave
958 3334 1087 3380 esse
1143 3323 1525 3381 maledictum
1592 3325 1794 3383 dicens
1830 3345 1843 3383 :

179 3413 255 3467 Et
280 3414 469 3468 oratio
524 3413 641 3485 ejus
690 3411 800 3483 ﬁat
854 3415 915 3468 in
969 3421 1251 3485 peccatum
1308 3413 1481 3485 (Psal.
1542 3428 1701 3481 cvm,
1748 3418 1844 3485 7);

176 3500 301 3557 nisi
326 3501 487 3558 forte
515 3499 815 3558 mediocre
840 3502 899 3558 id
925 3502 1027 3557 tibi
1061 3506 1235 3575 putas
1259 3517 1409 3559 esse.
1443 3500 1720 3560 Difﬁdere
1760 3509 1850 3562 est

174 3590 337 3645 enim
369 3591 449 3647 de
483 3589 742 3663 potentia
770 3590 895 3658 Dei,
958 3590 1248 3647 aestimare
1295 3593 1453 3664 quod
1485 3608 1600 3649 non
1643 3594 1847 3651 audia-

176 3676 281 3745 ris,
310 3677 440 3736 nisi
470 3678 836 3735 clamaveris.
898 3677 1165 3735 Clament
1218 3694 1398 3752 opera
1451 3684 1575 3742 tua.
1636 3680 1848 3739 clamet

172 3766 348 3834 fides,
373 3768 597 3824 clamet
626 3768 890 3836 affectus,
920 3767 1177 3824 clament
1208 3768 1516 3841 passiones
1544 3773 1682 3839 tuae,
1723 3771 1846 3829 cla-

178 3860 301 3912 met
328 3856 587 3930 sanguis
613 3859 775 3927 tuus,
807 3856 962 3914 sicut
990 3854 1177 3913 sancti
1211 3856 1378 3927 Abel,
1400 3856 1481 3914 'de
1529 3874 1645 3931 quo
1704 3859 1848 3916 dixit

178 3942 337 4000 Deus
369 3945 450 4002 ad
482 3945 622 4001 Cain
657 3963 670 4002 :
710 3947 819 4003 Vos:
839 3947 1130 4018 sanguinis
1160 3948 1353 4018 fratris
1378 3948 1467 4003 tui
1493 3947 1569 4004 ad
1591 3964 1681 4004 me
1724 3950 1846 4007 cla-

178 4039 291 4089 mat
328 4033 496 4105 (Gen.
529 4051 609 4104 IV,
641 4035 749 4106 10).
780 4035 959 4091 Audit
1003 4036 1163 4092 enim
1193 4040 1251 4092 te
1306 4034 1367 4092 in
1416 4034 1683 4106 occultis,
1742 4041 1844 4111 qui

1934 663 2070 722 ergo
2102 652 2554 710 subcinericiam
2590 659 2750 711 tuam
2790 674 3000 729 vapore
3028 656 3282 730 Spiritus
3341 660 3532 716 sancti
3578 687 3594 730 ς

1935 753 2119 811 coque
2147 742 2325 798 etiam
2371 744 2552 799 animi
2610 745 2916 816 passiones
2972 745 3130 800 verbi
3189 746 3399 803 calore.
3440 748 3593 804 Etsi

1937 830 2240 887 crudiores
2270 836 2411 888 sunt
2457 834 2763 905 passiones
2816 839 2946 900 tuae,
3007 851 3194 907 nuper
3246 836 3491 893 fortasse
3524 838 3595 895 de

1937 919 2179 992 Egypto
2216 922 2603 996 egredientes,
2664 923 2886 995 operite
2936 939 3055 992 eas,
3082 928 3139 978 et
3187 923 3344 979 lento
3402 925 3589 982 calore

1939 1025 2190 1081 excoque
2226 1029 2239 1079 ;
2272 1028 2343 1067 ne
2374 1011 2669 1068 fortiorem
2702 1013 2899 1084 ignem
2959 1014 3107 1068 ferre
3167 1030 3281 1068 non
3343 1014 3589 1085 possint,

1938 1102 1995 1153 et
2024 1099 2511 1156 semiustulentur
2568 1101 2764 1174 potius
2805 1117 2979 1172 quam
3046 1104 3391 1173 coquantur.
3443 1103 3591 1158 Sunt

1940 1187 2095 1242 enim
2127 1188 2382 1261 plurima
2411 1207 2536 1261 quae
2567 1191 2749 1246 cruda
2777 1190 3126 1263 displiceant
3155 1190 3459 1261 (3'2),cocta
3489 1192 3585 1248 de-

1941 1274 2172 1332 lectent.
2207 1278 2352 1334 Fove
2378 1279 2557 1351 igitur
2586 1282 2814 1352 pectore
2848 1285 2945 1334 tuo
2978 1279 3094 1334 alta
3125 1280 3403 1353 mysteria
3436 1298 3450 1348 ;
3514 1297 3588 1335 ne

1944 1371 2293 1437 praematuro
2324 1384 2595 1424 sermone
2622 1372 2681 1425 et
2711 1369 2910 1424 inﬁdis
2940 1370 3190 1425 auribus
3218 1369 3306 1426 vel
3335 1368 3591 1426 inﬁrmis

1944 1456 2112 1527 quasi
2144 1455 2369 1513 incocta
2398 1457 2752 1523 committas,
2786 1462 2960 1530 atque
3004 1458 3238 1515 auditor
3293 1462 3589 1516 avertatur

1945 1549 2003 1600 et
2031 1561 2165 1600 cum
2198 1545 2436 1602 horrore
2471 1546 2751 1617 fastidiat,
2787 1546 2885 1619 qui
2920 1547 2969 1603 si
3008 1548 3259 1604 coctiora
3313 1552 3595 1621 gustaret,

1945 1633 2230 1705 spiritalis
2253 1635 2365 1691 cibi
2399 1636 2722 1709 perciperet
2752 1635 3117 1693 suavitatem.

2012 1768 2103 1824 38.
2136 1769 2339 1825 llivine
2371 1777 2563 1825 autem
2595 1769 2878 1826 Dominus
2909 1770 3082 1825 Jesus
3112 1773 3169 1828 et
3197 1769 3518 1827 bonitatem
3541 1774 3599 1828 te

1863 1843 1913 1909 B
1946 1857 2143 1913 docuit
2172 1858 2383 1927 Patris,
2417 1859 2518 1931 qui
2552 1860 2705 1915 bona
2736 1858 2959 1915 noverit
2988 1859 3125 1915 dare
3151 1858 3301 1931 (Luc.
3336 1875 3418 1928 x1,
3452 1860 3541 1931 13)
3579 1878 3593 1930 ;

1947 1951 2012 2003 ut
2043 1964 2168 2019 quae
2198 1948 2351 2004 bona
2401 1953 2543 2004 sunt
2592 1965 2626 2003 a
2672 1949 2823 2003 bono
2856 1964 3062 2021 poscas
3096 1965 3109 2004 :
3170 1953 3227 2006 et
3249 1949 3514 2021 impense
3542 1955 3600 2007 et

1949 2036 2283 2109 frequenter
2339 2037 2568 2093 monuit
2623 2038 2944 2106 orandum;
3004 2054 3118 2093 non
3179 2041 3245 2093 ut
3295 2038 3602 2095 fastidiosa

1948 2112 2539 2192 continuetureratio,
2576 2126 2677 2182 sed
2710 2132 2773 2182 ut
2802 2127 3393 2198 assiduat‘requenter
3416 2128 3599 2184 effun-

1949 2216 2121 2285 datur
2176 2214 2360 2288 (Ibid.)
2415 2215 2466 2270 9.
2528 2214 2878 2287 Plerumque
2935 2215 3093 2270 enim
3156 2216 3351 2271 inanis
3406 2215 3594 2289 gloria

1947 2304 2130 2378 longae
2163 2303 2480 2377 precationi
2513 2304 2645 2377 (33),
2699 2304 3044 2361 intermissa:
3104 2308 3297 2360 autem
3353 2322 3597 2378 prorsus

1950 2394 2178 2467 obrepit
2207 2393 2451 2449 incuria.
2486 2393 2704 2451 Deinde
2735 2397 2934 2449 monet
2964 2392 3173 2464 (Matth.
3221 2410 3379 2461 xvm,
3412 2394 3505 2465 35)
3537 2398 3603 2450 ut

1951 2482 2241 2553 eumipsa
2274 2468 2657 2537 veniam'tibi
2714 2482 2928 2553 poscis,
2989 2485 3115 2537 tum
3172 2483 3427 2539 maxime
3486 2482 3599 2538 lar-

1949 2570 2219 2644 giendam
2264 2569 2393 2640 aliis
2423 2569 2671 2637 noveris,
2728 2587 2842 2642 quo
2902 2587 3132 2643 precem
3181 2575 3345 2627 tuam
3407 2571 3601 2644 operis

1950 2659 2035 2716 tui
2066 2676 2202 2715 voce
2233 2660 2632 2715 commendes.
2692 2657 3007 2732 Apostolus
3035 2675 3272 2732 quoque
3323 2659 3493 2715 docet
3557 2661 3609 2730 (I

1953 2750 2215 2821 Tim.u,8)
2245 2748 2535 2803 orandum
2564 2748 2691 2803 sine
2722 2748 2809 2803 ira
2839 2752 2892 2803 et
2925 2746 3370 2820 disceptatione,
3390 2752 3455 2803 ut
3483 2765 3600 2803 non

1948 2837 2237 2905 turbetur,
2271 2852 2385 2892 non
2410 2836 2797 2909 interpoletur
2826 2836 3007 2891 oratio
3039 2840 3160 2893 tua.
3193 2836 3369 2892 Docet
3425 2836 3604 2892 etiam

1951 2925 2238 2982 orandum
2270 2925 2331 2980 in
2362 2925 2519 2980 omni
2552 2924 2697 2992 loco,
2734 2942 2872 2981 cum
2904 2924 3167 2981 Salvator
3194 2925 3348 2981 dicat
3386 2942 3400 2983 :
3455 2926 3607 2982 Intra

1951 3016 2011 3070 in
2039 3015 2283 3071 cubitum
2310 3017 2470 3069 tuum
2499 3013 2707 3083 (Matth.
2738 3031 2815 3083 v1,
2867 3015 2945 3086 6).
3007 3013 3120 3069 Sed
3172 3014 3430 3088 intellige
3487 3032 3603 3070 non

1950 3102 2290 3161 cubiculum
2322 3101 2665 3159 conclusum
2698 3102 3177 3174 parietibus,quo
3211 3107 3310 3159 tua
3340 3105 3606 3159 membra

1869 3213 1913 3281 ρ
1953 3192 2343 3281 claudantur:
2378 3190 2852 3281 sedcubiculum
2885 3192 3039 3281 quod
3071 3189 3131 3245 in
3163 3196 3219 3245 te
3250 3195 3358 3259 est,
3392 3191 3451 3245 in
3485 3208 3600 3262 quo

1962 3280 2347 3337 includuntur
2376 3278 2766 3352 cogitationes
2808 3282 2943 3345 tuae,
3005 3277 3064 3332 in
3134 3295 3247 3349 quo
3304 3283 3613 3336 versantur

1957 3386 2168 3426 sensus
2214 3368 2320 3423 tui.
2359 3368 2476 3423 Hoc
2527 3366 2807 3442 oratignis
2834 3371 2946 3421 tuae
3000 3365 3335 3421 cubiculum
3392 3366 3610 3438 ubique

1955 3464 2149 3515 tecum
2180 3460 2292 3523 est,
2326 3459 2383 3512 et
2413 3455 2630 3528 ubique
2677 3459 2964 3511 secretum
3031 3459 3138 3523 est,
3173 3456 3342 3527 cujus
3396 3455 3612 3512 arbiter

1956 3546 2154 3605 nullus
2182 3550 2272 3602 est
2301 3544 2413 3601 nisi
2444 3543 2607 3601 solus
2637 3544 2811 3599 Deus.

2023 3682 2112 3737 39.
2146 3679 2443 3736 Orandum
2477 3682 2673 3734 autem
2705 3677 2995 3751 prtecipue
3023 3682 3080 3733 et
3110 3693 3214 3751 pro
3242 3676 3457 3750 populo
3498 3678 3608 3733 do-

1955 3770 2103 3827 ceris
2134 3768 2342 3838 (I'1im.
2366 3785 2428 3835 ιι,
2463 3767 2537 3839 1),
2570 3766 2681 3822 hoc
2711 3771 2800 3823 est
2849 3782 2952 3839 pro
3010 3770 3130 3821 toto
3180 3782 3439 3838 corpore,
3500 3783 3607 3838 pro

1954 3858 2235 3915 membris
2265 3856 2540 3913 omnibus
2573 3855 2780 3912 matris
2808 3860 2944 3924 tuae,
2977 3853 3037 3910 in
3072 3872 3187 3928 quo
3217 3858 3433 3910 mutum
3464 3854 3607 3911 eba-

1944 3947 2144 4003 ritatis
2168 3949 2258 4002 est
2278 3944 2525 4017 insigne.
2557 3943 2615 3999 Si
2648 3944 2803 3999 enim
2862 3960 2964 4015 pro
3021 3947 3079 3998 te
3126 3958 3297 4015 roges
3352 3946 3604 4008 tantum,

1952 4037 2116 4094 solus
2145 4051 2249 4108 pro
2279 4038 2337 4089 te
2366 4032 2599 4105 rogabis
2634 4033 2763 4104 (34).
2797 4032 2869 4086 Et
2895 4031 2944 4086 si
2978 4048 3081 4103 pro
3112 4047 3175 4086 se
3204 4035 3434 4086 tantum
3484 4031 3605 4087 sin-

172 4124 435 4179 mundat
468 4124 533 4179 in
565 4122 832 4180 occultis.
875 4124 991 4180 Nos
1041 4125 1156 4181 nisi
1211 4122 1549 4197 loquentem
1586 4125 1840 4200 aliquem
1951 4125 2074 4200 guli
2103 4128 2286 4190 orent,
2339 4121 2531 4177 minor
2586 4120 2908 4192 peccatoris
2961 4120 3074 4191 (35)
3129 4135 3305 4192 quam
3359 4118 3606 4176 interce-

172 4211 381 4268 audire
414 4229 542 4269 non
572 4230 891 4286 possumus
920 4231 933 4269 :
968 4214 1124 4288 apud
1156 4214 1339 4270 Deum
1366 4213 1683 4288 loquentur
1724 4234 1841 4274 non
1951 4213 2145 4271 dentis
2169 4215 2258 4269 est
2286 4210 2492 4283 gratia.
2517 4209 2683 4264 Nunc
2764 4211 2959 4263 autem
2994 4207 3134 4280 quia
3163 4206 3379 4279 singuli
3438 4212 3608 4263 orant

168 4290 367 4371 verba,
435 4302 548 4360 sed
606 4301 1005 4375 cogitationes.
1055 4304 1126 4359 Et
1173 4307 1240 4359 ut
1281 4303 1390 4360 hoc
1418 4321 1622 4361 verum
1663 4307 1838 4377 scias,

169 4388 407 4447 diccbat
437 4390 735 4448 Dominus
769 4391 943 4448 Jesus
973 4391 1046 4447 ad
1074 4391 1311 4448 Judaeos
1346 4409 1359 4448 :
1396 4393 1539 4461 Quid
1593 4397 1840 4465 cogitatis

166 4479 317 4534 mala
352 4482 420 4536 in
444 4480 708 4535 cordibus
739 4481 931 4536 vestris
958 4480 1167 4549 (Matth.
1202 4498 1279 4550 1x,
1304 4482 1358 4553 4)
1386 4480 1415 4538 ?
1443 4482 1570 4538 Non
1599 4482 1839 4541 interro-

1948 4320 2053 4376 pro
2078 4300 2375 4367 omnibus,
2408 4297 2585 4353 etiam
2617 4311 2830 4353 omnes
2860 4301 3030 4353 orant
3057 4313 3161 4370 pro
3193 4295 3465 4367 singulis.
3500 4298 3602 4353 Er-

1947 4408 2020 4466 go
2052 4395 2119 4447 ut
2138 4387 2579 4454 concludamus,
2620 4385 2668 4442 si
2702 4402 2806 4458 pro
2839 4389 2894 4441 te
2928 4401 3097 4458 roges
3127 4388 3381 4454 tantum,
3416 4385 3603 4455 solus,

1946 4487 2015 4538 ut
2042 4480 2317 4547 diximus,
2352 4493 2456 4549 pro
2485 4479 2543 4531 te
2573 4475 2830 4547 rogabis.
2864 4474 2923 4530 Si
2958 4478 3156 4531 autem
3186 4491 3291 4547 pro
3322 4475 3604 4531 omnibus

167 4567 364 4637 gantis
396 4585 518 4624 vox
548 4568 662 4624 ista
690 4572 802 4638 est,
837 4568 940 4624 sed
971 4568 1231 4625 scientis.
1266 4570 1431 4635 Quod
1480 4570 1588 4627 tibi
1647 4573 1834 4629 mani-
1866 4587 1916 4651 ι)
1945 4587 2137 4644 roges,
2170 4583 2375 4625 omnes
2406 4581 2510 4638 pro
2540 4568 2598 4620 te
2629 4562 2944 4636 rogabunt.
2980 4563 3289 4636 Siquidem
3338 4568 3396 4620 et
3453 4568 3515 4619 tu
3548 4564 3609 4619 in

167 4653 341 4712 festat
369 4654 765 4729 evangelista,
814 4657 1017 4713 dicens
1050 4674 1064 4713 :
1095 4658 1250 4714 Jesus
1281 4659 1423 4716 πω
1492 4664 1674 4716 autem
1704 4663 1840 4718 scie-

167 4741 255 4799 bat
280 4746 655 4816 cogitationes
683 4761 870 4802 eorum
915 4745 1065 4818 (Luc.
1101 4762 1175 4802 v1.
1206 4747 1283 4820 8).
1342 4746 1504 4803 Sicut
1558 4765 1695 4822 ergo
1754 4748 1842 4806 Fi-

165 4828 277 4889 lius
308 4833 513 4902 novit,
544 4834 706 4890 novit
731 4838 788 4890 et
811 4835 1000 4891 Pater.
1038 4833 1251 4891 Filium
1284 4852 1460 4894 nosse
1497 4839 1839 4911 cognovisti,

168 4918 398 4979 Patrem
437 4938 646 4986 nosse,
692 4924 830 4979 audi
871 4922 1271 4980 consiliarium
1301 4929 1359 4981 et
1386 4929 1597 4982 testem
1653 4926 1843 4983 Patris

1951 4659 2228 4718 omnibus
2258 4673 2341 4713 es.
2376 4655 2459 4711 Ita
2488 4669 2703 4727 magna
2731 4669 2875 4709 remi
2901 4653 3125 4710 neratio
3155 4657 3263 4717 est,
3296 4657 3362 4711 ut
3391 4653 3603 4710 oratio-

1950 4750 2127 4806 nibus
2156 4744 2524 4820 singulorum
2558 4741 2939 4815 acquirantur
2969 4741 3223 4816 singulis
3254 4743 3436 4798 totius
3481 4741 3603 4813 ple-

1949 4839 2043 4895 bis
2074 4835 2369 4908 sul‘t‘ragia.
2406 4833 2469 4889 In
2503 4849 2617 4904 quo
2650 4831 2985 4905 arrogantia
3017 4831 3197 4900 nulla,
3232 4830 3333 4887 sed
3356 4828 3602 4886 humili-

1950 4931 2041 4985 tas
2072 4927 2260 4998 major
2283 4926 2392 4991 est,
2425 4926 2482 4977 et
2513 4922 2738 4977 fructus
2769 4920 3022 4976 uberior.
3184 4922 3197 4929 ‘

234 5038 354 5109 (31)
383 5037 556 5094 Edit.
588 5037 755 5094 Rom.
789 5042 994 5095 contra
1042 5055 1186 5096 mss.
1223 5042 1280 5096 et
1318 5043 1439 5096 ant.
1478 5041 1635 5109 pedit.
1664 5041 1841 5099 ﬁdem

162 5107 249 5184 ita
274 5107 487 5184 locum
514 5110 973 5184 consarcinarat,
990 5109 1088 5167 hoc
1114 5107 1481 5184 est,egredere
1500 5112 1565 5168 dc
1600 5117 1843 5184 corporis

160 5182 246 5236 tut
274 5182 575 5257 μεθήσω-ε
602 5182 887 5251 vestibulo,
921 5187 972 5239 et
997 5187 1138 5239 totus
1169 5178 1321 5239 intra
1336 5185 1397 5239 in
1411 5183 1526 5240 alta
1540 5178 1841 5257 praebrdia
1950 5189 2190 5257 tantum,
2222 5178 2284 5237 ut
2307 5178 2568 5257 discimus,
2600 5194 2698 5257 pro
2726 5180 2778 5232 te
2800 5178 3040 5257 rogabis.
3115 5246 3172 5257 Μ
3408 5244 3420 5257 ¹

164 5252 344 5308 cordis
372 5254 495 5325 tui.
584 5324 615 5325 η
706 5323 729 5325 _
875 5245 883 5251 ’
1530 5245 1556 5325 γ’
2021 5255 2135 5325 (35)
2159 5245 2243 5309 Ita
2270 5249 2537 5325 v_et._edit
2566 5245 2622 5304 et
2644 5245 3084 5325 mss.,_excepto
3115 5245 3445 5325 Floruqui,
3477 5245 3603 5302 loco

234 5324 349 5400 (32)
382 5324 664 5400 Sic_edit.
702 5323 869 5400 Rom.
895 5325 1285 5400 cumgduobus
1311 5342 1456 5400 mss.
1489 5324 1615 5400 Yet.
1641 5330 1837 5382 autem
1946 5318 2266 5400 peccatoris,
2299 5322 2440 5400 legit
2466 5321 2785 5400 precatoris.
2819 5318 3220 5400 Hanc—vocem.
3265 5318 3439 5400 etiam
3504 5334 3599 5400 es;-

234 5344 349 5390 (JZ)
382 5344 490 5380 διο
526 5344 664 5379 eum
702 5344 869 5379 nom.
895 5344 1029 5380 cum
1054 5344 1285 5382 (11100118
1311 5344 1456 5382 mss.
1500 5344 1615 5381 Yet.
1641 5344 1837 5382 antem
1986 5344 2266 5387 creatoris,
2300 5344 2440 5393 leg".
2466 5344 2785 5391 prccawrzs.
2819 5344 2979 5373 nam:
3010 5344 3202 5375 vuucul
3265 5344 3439 5373 cuuui
3504 5344 3599 5372 υλ-

167 5393 547 5474 θᾶὶιηθνεειιὶἰ
581 5411 726 5450 mss.
760 5395 986 5474 legunt,
1026 5396 1333 5474 Suatenim
1370 5396 1643 5474 plurima,
1717 5412 1842 5469 quae
1946 5344 2110 5474 gibet
2152 5394 2299 5474 edit,
2324 5392 2493 5474 Rom.
2529 5407 2543 5474 ξ
2576 5391 2679 5473 sed
2704 5391 2986 5474 expunxit
3014 5407 3179 5460 quam
3200 5389 3599 5474 intercedentis.

154 5461 1246 5543 ‘przcma'turo‘semz‘oae,'etc.,’_omissis
1268 5461 1423 5539 ’ἐμὼ
1450 5461 1839 5541 interponim-
1949 5463 2302 5543 Forte_quod
2325 5461 2623 5543 videretur
2664 5461 2840 5543 idem
2874 5476 3016 5543 esse.
3037 5461 3478 5543 precatorheui
3508 5461 3602 5543 in-

167 5530 259 5592 tur
287 5538 354 5593 in
390 5541 609 5593 nostra
637 5541 695 5592 et
724 5530 890 5593 Rom.
912 5530 1051 5594 edit.
1292 5530 1312 5539 ’
1604 5530 1624 5541 ’
1948 5530 2253 5594 tercedens
2286 5550 2299 5602 ;
2350 5535 2714 5603 cumtamen
2761 5530 3129 5603 intercedens
3174 5530 3605 5603 intelligendus

234 5608 351 5692 (33)
382 5609 550 5692 Mss.
582 5611 849 5691 quatuor,
878 5608 972 5692 sed
1000 5608 1244 5692 assidua.
1294 5609 1626 5692 Frequenter
1655 5610 1837 5684 offun-
1949 5609 2027 5666 sit
2055 5607 2107 5666 is
2128 5606 2230 5692 qui
2258 5598 2583 5674 intercedit,
2616 5601 2674 5659 id
2701 5605 2809 5681 est,
2838 5605 2901 5658 ut
2927 5600 3100 5675 vulgo
3125 5602 3349 5670 dicunt,
3377 5598 3483 5676 qui
3537 5616 3600 5656 se

166 5680 373 5739 duntur
402 5682 744 5757 plerumque
774 5681 967 5737 inania
997 5680 1176 5757 longae
1192 5681 1513 5758 precationi,
1546 5683 1657 5739 etc.
1686 5680 1713 5684 ⁷⁷
1949 5680 2209 5758 opponit.

2022 5043 2134 5116 (34)
2165 5041 2291 5116 Yet.
2323 5038 2459 5116 edit.
2495 5041 2550 5092 et
2580 5040 3005 5116 quatuormss.
3035 5051 3135 5106 pro
3162 5041 3214 5113 ple
3274 5049 3446 5116 roges,
3478 5036 3602 5088 ian-

1949 5107 2223 5169 tummodo
2259 5126 2359 5183 pro
2391 5113 2444 5183 te
2490 5107 2743 5183 rogabiss
2790 5108 2858 5162 Et
2889 5107 3059 5183 intra,
3120 5112 3167 5161 si
3192 5120 3293 5177 pro
3323 5108 3372 5159 te
3424 5118 3598 5175 roges,
