3862 6210
306 361 424 422 355

868 488 1022 545 202
1076 486 1305 542 CAPUT
1342 485 1408 540 X.

306 540 572 634 Exposita
597 562 777 633 primo
792 632 799 634 ἓ
822 540 1103 634 sacriﬁcii—
1122 540 1283 634 iCain;
1321 556 1549 634 defecta.
1565 554 1858 634 transitur
1873 553 1954 634 ad

376 626 633 699 alterum,
665 632 803 704 quod
831 626 1038 686 scilicet
1075 646 1185 704 non
1231 626 1491 704 obtulerit
1542 626 1625 704 de
1661 626 1949 704 primitiis.

375 696 894 761 Primitias-animm
921 703 1197 773 praecipue
1225 699 1549 773 offerendas,
1578 701 1628 752 et
1657 696 1783 773 qua:
1838 696 1954 773 illa:

375 780 507 833 sint.
540 775 765 831 Easdem
785 766 998 828 Abelem
1027 766 1304 832 obtulisse,
1339 786 1401 825 ac
1430 771 1606 837 legem
1653 766 1954 839 oﬂerendas

374 849 705 921 praecipisse.
729 844 932 921 Ibidem
987 844 1218 914 quinam
1271 842 1528 921 dicantur
1603 838 1904 921 Chananaei
1933 855 1952 892 :

376 911 505 976 item
528 911 628 972 cur
655 919 793 972 Deus
842 911 1062 986 juras'se
1105 917 1439 969 memoretur
1463 911 1485 986 ’ς
1514 927 1625 986 non
1650 926 1806 986 posse
1833 911 1953 986 sine

376 992 531 1046 illius
617 1005 713 1057 cpe
797 980 975 1040 aizimi
1064 988 1240 1057 motus
1292 980 1786 1057 pacariUDen’iqae
1859 980 1954 1057 bos

366 1063 561 1135 partus
589 1052 777 1131 oﬂ'erri
799 1057 988 1112 debere
1017 1056 1087 1111 ad
1116 1072 1248 1127 quos
1272 1052 1431 1111 sexus
1476 1053 1754 1109 distinctio
1808 1052 1953 1107 nihil

370 1135 637 1191 conferat.

374 1132 475 1191 con
505 1135 637 1187 erat.

374 1132 609 1279 110.rSed
645 1220 771 1289 jam
806 1220 895 1272 est
924 1220 1159 1288 tempus
1190 1215 1303 1271 alio
1346 1214 1616 1281 transire,
1673 1212 1951 1284 quoniam

309 1316 385 1370 de
411 1328 478 1368 eo
509 1308 662 1382 quod
699 1309 828 1378 post
860 1304 983 1361 dies
1014 1303 1226 1359 obtulit
1289 1304 1428 1359 Cain
1480 1302 1647 1375 plene
1672 1301 1949 1356 diximus.

304 1404 514 1459 Factus
544 1401 634 1454 est
661 1394 949 1451 indicium
983 1393 1266 1465 resupini,
1300 1408 1433 1447 cum
1468 1391 1597 1462 ipsa
1638 1388 1953 1462 postulatio

300 1488 418 1546 voti
449 1490 661 1543 natura
680 1499 809 1541 esse
837 1482 1046 1538 debeat
1079 1498 1093 1547 ;
1126 1498 1196 1536 ne
1224 1480 1528 1535 videamur
1555 1479 1626 1534 de
1676 1478 1951 1533 humanis

300 1579 545 1642 artibus,
608 1574 716 1629 hoc
760 1576 849 1628 est
896 1570 1169 1627 medendi
1230 1569 1456 1642 peritia,
1517 1567 1953 1638 herbarumque

299 1666 492 1723 succis
567 1677 836 1735 sperasse
910 1659 1101 1730 magis
1174 1658 1523 1717 remedium.
1599 1672 1776 1728 quam
1880 1656 1950 1710 de

300 1763 414 1813 Deo
454 1753 784 1811 subsidium
826 1748 1181 1822 poposcisse.
1224 1748 1305 1802 Ad
1351 1748 1543 1819 ipsum
1586 1745 1741 1800 enim
1785 1745 1951 1817 prius

1773 352 1838 412 S.
1883 346 2258 411 AMBROSII

3574 339 3679 405 356

1978 482 2033 547 Α
2063 480 2306 552 plicium
2326 477 2732 550 deprehendas
2762 480 2937 548 atque
2968 475 3208 545 haurias
3237 475 3348 545 (36)
3380 473 3678 538 ubertatem

2060 569 2258 642 gratiae
2290 566 2571 639 spiritalis
2596 565 2624 619 ‘?
2654 564 2966 620 Chananaei
2997 563 3154 619 enim
3213 562 3451 618 mobiles
3498 565 3551 618 et
3598 563 3678 618 in-

2024 688 2027 691 π
2062 658 2244 730 quieti
2275 659 2433 713 sunt.
2466 657 2613 712 Cum
2642 653 2824 727 igitur
2852 654 2911 708 in
2935 669 3138 709 eorum
3166 656 3377 708 terram
3409 651 3576 708 fueris
3600 651 3678 708 in-

2061 763 2319 821 gressus,
2353 762 2500 817 quos
2529 744 2784 799 advertis
2817 750 3052 815 propter
3080 740 3391 809 levitatem,
3419 740 3681 812 inquietu-

2064 838 2282 901 dinem,
2314 838 2373 890 et
2398 830 2843 888 instabilitatem
2874 847 3127 897 morum,
3166 828 3523 901 possessione
3549 829 3682 900 deje-

2063 930 2205 991 ctos,
2230 929 2291 979 tu
2324 927 2515 978 teneto
2536 920 2949 977 constantiam.
2970 920 3095 975 Non
3128 925 3186 974 te
3214 918 3344 973 vilis
3370 917 3529 983 ratio,
3581 933 3680 973 non

2061 1015 2203 1072 levis
2235 1028 2427 1069 sermo
2466 1009 2772 1082 perturbet
2803 1025 2816 1063 :
2877 1007 2985 1063 hoc
3015 1012 3106 1064 est
3134 1009 3292 1062 enim
3323 1007 3678 1078 Chananeus,

2061 1102 2297 1159 mobilis
2322 1116 2535 1167 sermo,
2559 1098 2797 1154 allectus
2828 1096 3147 1162 instabilis,
3195 1101 3253 1151 et
3281 1095 3535 1168 inquieta
3559 1110 3679 1150 con-

2060 1192 2242 1248 tentio
2276 1207 2289 1245 :
2324 1189 2425 1246 sed
2448 1187 2635 1260 magis
2666 1185 3154 1257 tranquillitatem
3193 1185 3407 1252 cordis,
3440 1188 3495 1241 et
3522 1182 3684 1240 animi

2061 1279 2431 1338 serenitatem
2455 1275 2721 1348 placidus
2752 1279 2977 1331 servato
3011 1293 3025 1342 ;
3063 1280 3127 1329 ut
3154 1277 3433 1346 tanquam
3466 1273 3521 1328 in
3573 1271 3679 1328 salo

2061 1368 2243 1425 maris
2264 1372 2450 1423 tutam
2471 1363 2717 1421 navibus
2747 1363 3086 1431 stationem,
3111 1366 3283 1434 portu
3314 1362 3556 1434 quodam
3582 1364 3682 1416 tua

2061 1457 2276 1519 mentis
2306 1454 2602 1510 exhibeas.

2132 1566 2218 1619 43.
2254 1563 2415 1617 Hanc
2441 1560 2873 1632 possessionem
2905 1557 3011 1614 tibi
3044 1556 3329 1613 Dominus
3385 1553 3685 1627 pollicetur,-

2059 1660 2114 1710 et
2146 1652 2399 1725 quodam
2434 1647 2783 1705 sacramenti
2823 1646 3111 1719 promittit
3164 1643 3420 1712 vinculo,
3450 1647 3511 1698 ut
3562 1658 3685 1698 con-

2062 1741 2340 1798 stantiam
2366 1743 2526 1793 tuam
2563 1737 2776 1791 ﬁrmet.
2804 1735 3002 1806 Neque
3041 1733 3198 1789 enim
3232 1733 3362 1788 ideo
3413 1731 3556 1788 Deus
3599 1730 3686 1801 ju-

299 1851 387 1902 est
425 1818 921 1914 confugiendum;
945 1838 1043 1910 qui
1085 1841 1297 1892 nostrae
1337 1818 1541 1891 curare
1583 1833 1769 1906 possit
1823 1832 1947 1889 ani-
1979 1865 2026 1930 Β
2056 1835 2163 1897 rat,
2192 1828 2345 1901 quod
2380 1827 2493 1881 ﬁde
2523 1825 2812 1881 credentis
2841 1823 3125 1896 indigeat,
3182 1825 3287 1877 aut
3345 1818 3687 1877 testimonio-

300 1952 408 1990 mae
448 1930 769 2007 passiones.
810 1927 1029 1983 Verum
1067 1925 1336 1981 homines
1385 1924 1628 1996 quidam
1695 1938 1950 1995 praepos-

299 2030 423 2080 tero
462 2020 665 2078 ordine
696 2021 828 2074 ante
860 2015 971 2071 sibi
998 2016 1069 2070 ab
1116 2014 1460 2071 hominibus
1519 2028 1686 2085 opem
1764 2027 1952 2067 arces-

300 2112 440 2169 sunt
472 2127 485 2165 :
521 2108 619 2164 ubi
652 2111 848 2163 autem
879 2104 1138 2159 humana
1170 2101 1436 2158 subsidia
1469 2099 1949 2166 defccerint,tunc

299 2200 612 2273 opinantur
640 2194 817 2252 divini
851 2191 1263 2266 postulandam
1303 2189 1514 2244 favoris
1546 2187 1817 2260 gratiam.

371 2289 460 2344 41.
495 2284 781 2343 Concluso
820 2297 956 2353 ergo
986 2279 1085 2335 illo
1116 2284 1171 2335 et
1201 2277 1460 2334 convicto
1492 2277 1632 2333 Cain
1682 2275 1949 2345 crimine,

302 2377 460 2435 aliud
485 2372 796 2431 oblationis
825 2369 1033 2425 vitium
1065 2368 1472 2424 discutiamus.
1501 2365 1945 2437 0btulit,inquit,

299 2481 370 2522 ea:
394 2462 665 2537 fructibus
694 2467 875 2525 terrae,
910 2473 1024 2511 non
1068 2472 1102 2511 a
1132 2455 1338 2527 primis
1397 2454 1683 2509 fructibus
1740 2453 1947 2524 primi-

298 2555 411 2610 tias
439 2557 573 2608 Deo.
607 2548 725 2604 Hoc
754 2551 844 2602 est
873 2543 1165 2617 primitias
1212 2543 1325 2599 sibi
1351 2543 1545 2614 prius
1600 2541 1898 2597 vindicare
1931 2556 1945 2595 :

299 2644 414 2700 Deo
449 2643 644 2696 autem
680 2634 984 2708 sequentia
1007 2634 1252 2689 deferre.
1284 2632 1484 2704 Itaque
1513 2648 1647 2687 cum
1677 2645 1808 2686 vere
1830 2631 1951 2687 ani-

299 2748 397 2787 ma
421 2725 647 2800 corpori
676 2731 961 2797 tanquam
990 2738 1156 2777 servo
1188 2720 1429 2776 domina
1459 2719 1537 2776 sit
1565 2719 1946 2791 praeferenda,

297 2820 502 2891 utique
529 2813 823 2889 primitias
851 2812 1000 2882 ejus,
1027 2810 1136 2866 hoc
1157 2813 1267 2875 est,
1300 2809 1508 2864 animas
1550 2805 1714 2880 prius
1770 2822 1947 2880 quam

300 2906 559 2980 corporis
589 2905 794 2960 offerre
825 2900 1125 2956 debemus.
1159 2896 1435 2952 Primitiae
1468 2896 1677 2951 animae
1730 2895 1947 2968 prima-

298 3003 395 3055 tus
424 2997 565 3051 sunt
591 2992 880 3047 bonarum
910 2984 1376 3058 disciplinarum.
1407 2984 1541 3050 Quae.
1572 2983 1707 3040 licet
1722 2988 1948 3056 tempo-

299 3103 361 3143 re
393 3081 743 3159 posteriores
774 3077 895 3134 sint
923 3090 1102 3148 quam
1152 3072 1409 3146 corporis
1464 3073 1760 3145 primitiae,
1822 3089 1948 3144 quae

301 3178 441 3232 sunt
468 3187 621 3238 esca,
652 3168 1101 3229 incrementum,
1133 3163 1319 3231 visus,
1351 3162 1611 3230 auditus,
1646 3165 1704 3216 et
1731 3164 1945 3227 tactus,

2062 1936 2190 1977 rum
2223 1913 2739 1988 astipulationibus
2770 1913 3085 1969 destitutus
3117 1909 3466 1982 suti'ragium
3513 1923 3683 1963 sacra-

2060 2008 2238 2066 menti
2270 2004 2546 2076 requirat,
2572 2004 2726 2059 sicut
2745 2001 3014 2058 homines
3042 2000 3145 2071 qui
3180 1999 3356 2054 ﬁdem
3388 1997 3550 2053 nobis
3594 1995 3686 2052 ad-

2058 2096 2367 2155 sciscimus
2396 2094 2783 2155 sacramento,
2815 2092 2872 2146 et
2903 2090 3030 2144 ideo
3053 2090 3353 2160 juramus,
3384 2091 3451 2142 ut
3511 2084 3687 2141 creda-

2059 2204 2193 2244 mur
2221 2201 2358 2241 vera
2383 2182 2618 2238 dixisse.
2661 2180 2818 2236 Deus
2840 2184 3032 2235 autem
3071 2183 3129 2234 et
3158 2193 3295 2233 cum
3354 2173 3602 2248 loquitur
3625 2172 3681 2227 ﬁ-
3770 2164 3780 2174 ’

2058 2276 2206 2333 delis
2248 2278 2354 2337 est,
2424 2272 2597 2343 cujus
2660 2285 2852 2326 sermo
2918 2269 3352 2323 sacramentum
3418 2268 3521 2320 est.
3575 2262 3685 2317 Non

2058 2365 2214 2422 enim
2281 2365 2516 2436 propter
2580 2360 3013 2415 sacramentum
3069 2354 3259 2411 fidelis
3344 2353 3686 2425 omnipotens

2058 2456 2232 2521 Deus,
2266 2453 2366 2509 sed
2408 2452 2649 2523 propter
2673 2448 2859 2503 Deum
2882 2445 3059 2503 etiam
3091 2446 3523 2499 sacramentum
3562 2440 3687 2495 ﬁde-

2058 2545 2112 2601 le
2141 2548 2248 2601 est.
2283 2541 2406 2605 Qua
2437 2539 2661 2596 ratione
2692 2535 2872 2609 igitur
2902 2535 3131 2607 Moyses
3166 2534 3469 2605 jurantem
3524 2529 3689 2585 Deum

2058 2628 2285 2687 inducit
2307 2629 2335 2683 ‘I
2364 2625 2510 2691 Quia
2540 2641 2648 2680 nos
2677 2640 2789 2680 usu
2826 2621 3083 2695 quodam
3113 2618 3451 2677 mortalium
3483 2614 3692 2673 claudi-

2058 2737 2212 2787 mur,
2245 2721 2304 2773 et
2323 2714 2482 2772 velut
2510 2711 2702 2770 echini
2732 2711 2943 2767 cortice
2988 2709 3244 2782 quodam
3308 2722 3416 2765 nos
3452 2702 3687 2778 vulgaris

2057 2806 2347 2883 opinionis
2378 2802 2752 2871 involvimus,
2784 2804 2887 2856 aut
2918 2798 3077 2857 velut
3103 2796 3357 2855 cochleae
3416 2811 3539 2870 quae
3586 2790 3687 2849 nisi

2057 2901 2214 2956 intra
2242 2898 2405 2953 testis
2424 2891 2860 2966 operimentum
2874 2889 3013 2956 sint,
3036 2888 3260 2960 spirare
3291 2903 3409 2944 non
3438 2885 3687 2960 possunt,

2057 3005 2163 3046 nec
2180 3000 2373 3044 aerem
2391 2982 2644 3038 liberum
2665 2994 2869 3052 capere
2881 2982 2982 3034 aut
3005 2976 3299 3034 sustinere
3324 2992 3337 3031 :
3362 2975 3447 3031 sic
3466 2986 3686 3031 nosnos

2057 3076 2170 3134 nisi
2199 3075 2355 3131 intra
2384 3070 2649 3144 quaedam
2680 3068 2952 3124 humana:
2983 3064 3430 3123 consuetudinis
3458 3058 3686 3119 latibula

2055 3173 2288 3225 terrena
2304 3177 2627 3220 versamur.
2652 3157 2814 3214 Unde
2840 3156 2978 3228 quia
3019 3154 3161 3211 illud
3189 3154 3389 3210 verius
3446 3150 3685 3208 solemus

298 3266 365 3323 οδ
376 3281 459 3332 οῖ’,
485 3278 595 3318 νοκ
623 3258 812 3330 (mens
838 3257 1035 3311 antem
1066 3256 1122 3309 et
1151 3268 1361 3309 3911533
1387 3268 1524 3324 Pars
1544 3249 1776 3322 animia)
1808 3265 1944 3322 Pars
1972 3235 2017 3299 ο
2056 3256 2308 3323 credere,
2331 3251 2486 3324 quod
2502 3245 2887 3322 jurejurando
2907 3244 3211 3312 ﬁrmatur;
3236 3259 3312 3300 ne
3328 3244 3526 3299 nostra
3550 3237 3687 3295 clau-

300 3350 557 3427 corporis
587 3352 695 3416 est,
721 3348 921 3402 tamen
951 3342 1173 3415 priores
1200 3344 1339 3398 sunt
1386 3339 1734 3413 disciplinis.
1795 3339 1946 3403 Qua-

2058 3347 2214 3403 dicet
2242 3343 2409 3408 ﬁdes,
2436 3340 2639 3412 jurare
2671 3334 3022 3393 describitur
3049 3332 3203 3390 Deus
3252 3331 3357 3405 qui
3410 3331 3532 3404 ipse
3584 3340 3687 3383 non

300 3418 431 3499 rum
463 3436 762 3514 primitiva
789 3438 879 3491 est
908 3431 1287 3505 purocorde,
1306 3434 1363 3487 et
1392 3428 1646 3502 simplici
1677 3442 1948 3485 sermone
2049 3437 2234 3509 jumt,
2267 3430 2371 3488 sed
2393 3426 2726 3502 jurantium
2748 3423 2951 3496 judex,
2974 3426 3033 3478 et
3087 3421 3245 3477 ultor
3302 3425 3394 3477 est
3442 3418 3686 3492 pejoran-

300 3531 494 3589 oblata
523 3529 638 3584 Deo
663 3523 984 3598 gratiarum
1016 3522 1187 3578 actio.

371 3620 462 3675 42.
495 3617 623 3672 Haec
644 3629 890 3669 munera
920 3610 1133 3667 obtulit
1176 3608 1339 3675 Abel,
1387 3612 1446 3663 et
1501 3607 1627 3663 ideo
1694 3605 1949 3678 respexit

300 3711 456 3767 Deus
487 3706 544 3763 in
572 3718 820 3761 munera
851 3701 1001 3772 ejus,
1036 3698 1314 3772 quoniam
1345 3714 1377 3753 θ
1406 3694 1720 3769 primitivis
1778 3695 1946 3750 obtu-

300 3799 386 3856 lit.
420 3794 655 3853 Accedit
682 3808 818 3865 ergo
850 3789 989 3862 quia
1008 3789 1079 3843 de
1099 3787 1411 3861 primitivis
1432 3785 1712 3851 ovium,et
1730 3783 1800 3839 de
1824 3781 1946 3838 adi-

302 3888 474 3960 pibus
496 3897 719 3942 earum.
736 3877 1052 3937 Considera
1073 3876 1211 3948 quia
1232 3891 1348 3931 non
1372 3874 1443 3930 de
1482 3869 1944 3935 insensibilibus,

302 3978 401 4034 sed
423 3977 495 4032 de
514 3969 919 4031 animantibus
948 3965 1178 4023 obtulit.
1206 3964 1345 4020 Plus
1391 3967 1481 4020 est
1507 3963 1664 4019 enim
1721 3960 1948 4017 anima-

299 4066 395 4133 lis,
427 4081 605 4138 quam
626 4066 895 4117 terrenus
928 4073 943 4124 ;
978 4054 1273 4127 siquidem
1316 4050 1591 4108 animalis
1646 4049 1948 4123 proximus

300 4153 547 4230 spiritali
578 4155 685 4208 est.
716 4148 842 4204 Non
874 4145 1031 4203 enim
1062 4142 1226 4216 prius
1256 4142 1409 4215 quod
1443 4138 1703 4213 spiritale
1730 4138 1947 4207 est,sed

301 4228 455 4318 quod
488 4238 760 4305 animale,
794 4235 1004 4293 deinde
1034 4232 1189 4307 quod
1220 4229 1504 4304 spiritale.
1527 4229 1689 4294 Quod
1721 4228 1946 4284 anima-

302 4316 353 4390 le
384 4332 586 4406 spirat,
618 4327 797 4384 habet
823 4323 1054 4380 vitalem
1088 4320 1360 4393 spiritum
1396 4337 1409 4374 :
1444 4335 1560 4373 non
1592 4318 1674 4373 ita
1701 4316 1858 4389 quod
1878 4316 1949 4371 de

300 4427 588 4478 terrarum
621 4420 709 4473 est
734 4414 1037 4470 fructibus.
1074 4410 1288 4466 Deinde
1317 4406 1533 4463 obtulit
1562 4423 1679 4463 non
1739 4421 1948 4461 secun-

303 4512 398 4577 da,
431 4509 533 4565 sed
564 4504 800 4577 prima;
850 4518 966 4557 non
1022 4499 1251 4571 exigua,
1308 4496 1410 4552 sed
1469 4495 1750 4568 pinguia;
1810 4492 1952 4549 talia

304 4597 460 4654 enim
490 4595 581 4650 lex
602 4590 887 4665 probavit,
924 4593 980 4644 et
1003 4586 1184 4659 jussit
1209 4584 1426 4652 oil'erri,
1455 4583 1608 4640 sicut
1665 4582 1948 4654 scriptum
1981 4599 2028 4665 Ι)

306 4690 396 4742 est
426 4703 439 4742 :
473 4684 540 4739 Et
568 4683 694 4746 erit,
725 4678 935 4750 inquit,
961 4693 1085 4731 cum
1112 4675 1333 4730 inducet
1355 4675 1407 4728 te
1461 4674 1602 4728 Deus
1632 4673 1693 4727 in
1747 4681 1952 4727 terram

308 4776 770 4833 Chanana’orum,
805 4768 943 4822 vieut
963 4765 1178 4836 juravit
1206 4761 1455 4834 patribus
1511 4762 1642 4828 tuis,
1705 4768 1756 4815 et
1802 4760 1956 4816 dabit

306 4865 453 4921 tibi:
490 4860 642 4918 tolles
670 4872 828 4915 omne
878 4853 1017 4928 quod
1081 4853 1259 4924 aperit
1311 4850 1530 4905 vulvam
1586 4850 1955 4905 masculinum

307 4954 554 5010 Domino.
604 4948 772 5005 Omne
826 4943 967 5018 quod
1025 4943 1205 5014 aperit
1232 4940 1449 4996 vulvam
1503 4939 1568 4996 de
1622 4942 1886 4995 armentis
1906 4947 1957 4995 et

301 5042 589 5115 pecoribus
620 5039 750 5104 tuis,
781 5049 1119 5108 quaeumqua
1154 5034 1288 5086 nata
1326 5030 1539 5101 fuerint
1593 5028 1697 5083 tibi
1750 5043 1957 5083 mascu-

310 5134 449 5198 lina,
479 5129 756 5200 sancti/ica
796 5125 1045 5188 Domino,
1106 5119 1275 5177 Omne
1303 5118 1445 5191 quod
1499 5119 1678 5188 aperit
1735 5118 1957 5172 vulvam

310 5222 505 5289 asinae,
538 5216 774 5273 mutabis
822 5212 964 5269 illud
991 5227 1087 5268 ove
1117 5229 1136 5266 :
1191 5211 1243 5265 si
1293 5216 1475 5265 autem
1530 5222 1642 5263 non
1696 5205 1954 5274 mutabis,

310 5308 543 5364 redimes
572 5307 726 5364 ποι
758 5299 1124 5374 itiud(Ea:od.
1182 5315 1303 5365 xm,
1359 5297 1567 5368 41-13).
1631 5293 1780 5361 Quid
1837 5297 1958 5349 tam

313 5395 583 5468 profundi
619 5390 896 5466 mysterii,
927 5394 1046 5446 tam
1080 5387 1211 5443 alta!
1236 5390 1587 5456 secretasque
1636 5380 1959 5456 sapientiae,

2056 3508 2227 3580 tium.
2261 3520 2525 3590 Denique
2556 3515 2842 3587 scriptum
2872 3515 2963 3569 est
2994 3529 3008 3568 :
3047 3511 3268 3568 Iuravit
3317 3509 3593 3574 Dominus,
3644 3508 3689 3559 et

2055 3631 2169 3670 non
2201 3608 2486 3679 pwnitebit
2537 3620 2661 3661 eum
2689 3622 2708 3658 :
2770 3604 2845 3659 Tu
2900 3617 2957 3657 es
3012 3599 3261 3658 sacerdos
3321 3601 3381 3655 in
3439 3600 3688 3655 aeternum

2057 3703 2228 3777 (Psal.
2262 3716 2374 3766 CIX,
2409 3697 2485 3767 4).
2520 3692 2781 3750 Servavit
2810 3689 3013 3763 utique
3042 3689 3199 3762 quod
3243 3687 3491 3760 juravit,
3552 3679 3692 3740 dedit

2057 3774 2227 3848 nobis
2256 3791 2538 3844 aeternum
2569 3780 2894 3855 principem
2943 3778 3317 3836 sacerdotum
3353 3794 3366 3833 :
3427 3779 3490 3832 ut
3530 3776 3586 3830 et
3633 3774 3686 3825 tu

2056 3880 2211 3955 quod
2236 3874 2549 3951 juraveris,
2581 3871 2665 3928 ita
2709 3869 2937 3927 noveris
2993 3884 3122 3925 esse
3175 3866 3576 3931 servandum;
3628 3860 3687 3914 ut

2055 3970 2195 4043 quia
2226 3984 2329 4039 per
2353 3980 2488 4022 eum
2514 3963 2684 4034 juras
2716 3959 2819 4032 qui
2855 3974 2973 4014 non
3022 3956 3327 4025 mentitur,
3369 3955 3519 4013 scias
3567 3960 3685 4008 eum

2057 4060 2343 4121 futurum,
2377 4053 2427 4111 si
2457 4049 2784 4114 mentiaris,
2816 4047 3088 4104 ultorem.

2128 4184 2214 4238 44.
2250 4176 2519 4253 Expulsis
2538 4175 2717 4249 igitur
2738 4171 3016 4246 inquietis
3040 4174 3097 4228 et
3115 4170 3440 4227 mobilibus
3489 4163 3688 4240 cogita-

2056 4271 2334 4338 tionibus,
2369 4266 2532 4323 dabit
2552 4263 2658 4321 tibi
2685 4261 2841 4319 Deus
2855 4277 3099 4318 vacuam
3121 4258 3553 4334 possessionem
3579 4266 3689 4310 cor-

2057 4362 2149 4418 dis
2174 4365 2231 4417 et
2263 4356 2476 4414 mentis
2510 4373 2524 4424 ;
2549 4357 2613 4410 ut
2641 4369 2769 4410 eam
2801 4350 2962 4408 cultu
2985 4349 3239 4422 quodam
3264 4338 3688 4421 tranquillitatis

2059 4464 2347 4517 exerceas,
2379 4448 2435 4502 et
2457 4445 2712 4499 fructum
2744 4456 2812 4496 ex
2841 4456 2909 4496 ea
2938 4439 3155 4512 capias,
3190 4454 3297 4494 nec
3331 4435 3614 4495 sustineas
3635 4427 3688 4483 in

2057 4558 2126 4597 ea
2153 4539 2530 4606 Chananacos,
2562 4531 2672 4588 hoc
2701 4534 2810 4597 est,
2842 4527 3108 4585 turbidos
3167 4543 3383 4583 sensus
3444 4532 3684 4581 recurre-

2061 4647 2121 4686 re
2156 4647 2168 4697 ;
2208 4625 2465 4682 eradicas
2521 4618 2831 4695 gentilium
2882 4617 3157 4674 vitiorum
3205 4631 3445 4672 omnem
3503 4622 3687 4669 conce-

2060 4724 2228 4792 ptum
2267 4735 2280 4784 ;
2311 4715 2476 4770 lucos
2506 4726 2707 4768 eorum
2740 4708 2942 4764 diruas
2963 4706 3179 4779 quibus
3201 4705 3586 4762 obumbratur
3605 4710 3688 4752 ve-

2063 4782 2226 4878 ritas,
2257 4782 2314 4862 et
2342 4802 2582 4876 quidam
2622 4797 2873 4855 caelestis
2921 4795 3069 4852 liber
3123 4794 3285 4851 visus
3340 4782 3690 4866 cogitationis

2062 4899 2299 4954 horrore
2323 4892 2641 4950 tenebrosae
2673 4885 3114 4960 disceptationis
3147 4882 3547 4941 absconditur.

2139 5024 2227 5078 45.
2256 5020 2367 5077 Sed
2397 5018 2509 5073 hoc
2538 5015 2652 5071 nisi
2678 5012 2871 5069 divino
2897 5012 3148 5067 donatus
3188 5023 3435 5065 munere
3488 5001 3694 5061 efﬁcere

2065 5129 2181 5169 non
2213 5113 2379 5183 potes
2411 5125 2425 5175 ;
2458 5105 2588 5161 ideo
2610 5103 2693 5160 ait
2727 5101 2924 5158 :Dabit
2952 5101 3057 5157 tibi
3082 5101 3223 5155 Deus
3240 5096 3435 5170 (Exod.
3464 5084 3691 5181 muli),

2065 5200 2176 5258 hoc
2206 5170 2313 5265 est,
2344 5170 2502 5253 ιω
2529 5190 2910 5265 cogitationes
2938 5188 3214 5262 Optimas,
3249 5183 3472 5258 placita
3525 5170 3697 5265 consi-

2066 5290 2165 5357 lia,
2196 5257 2544 5358 tranquillas
2577 5257 3138 5336 inventiones—Cum
3169 5273 3399 5331 dederit
3423 5271 3563 5338 hac,
3606 5257 3699 5358 tol-

2067 5378 2153 5434 les
2208 5349 2382 5432 omne
2437 5370 2591 5445 quod
2644 5368 2831 5442 aperit
2879 5365 3114 5423 vulvam
3187 5358 3597 5420 masculinum,
3648 5349 3700 5403 et

316 5443 492 5555 quam
572 5487 636 5538 ut
679 5443 769 5536 din
815 5443 979 5535 vehis
1038 5475 1389 5550 quibusdam
1447 5443 1757 5530 verborum
1811 5471 1961 5528 sim-
2072 5443 2738 5525 sauciﬁcabieromino.
2770 5457 2895 5514 Non
2953 5458 3138 5512 totum
3171 5450 3353 5524 exigit
3390 5466 3426 5506 a
3453 5451 3510 5504 te
3536 5443 3702 5510 Deus.

385 5622 674 5696 (36).Mss.A
698 5636 901 5696 omnes
931 5623 988 5677 et
1027 5622 1137 5676 vet.
1200 5616 1361 5683 edit,
1421 5632 1582 5689 quam
1633 5617 1695 5675 in
1751 5613 2077 5691 quibusdam
2125 5607 2340 5669 invenis
2390 5604 2675 5665 verborum
2720 5596 3103 5677 simplicium?
3152 5588 3529 5669 Deprehendas
3564 5582 3702 5651 licet.

313 5692 489 5765 atque
506 5692 759 5760 haurias,
791 5694 902 5751 etc.
