3878 6208
245 278 363 339 357

1436 272 1538 333 DE
1580 270 1762 334 CAIN
1807 270 1907 333 ET
1949 270 2154 331 ABEL
2193 272 2343 333 LIB.
2388 271 2466 333 II.

3538 278 3660 341 358

244 405 343 482 qui
373 410 562 463 totum
593 406 849 463 donavit.
883 405 1068 463 Multa
1096 405 1252 462 enim
1284 404 1358 461 ad
1389 420 1566 461 usum
1622 403 1894 460 substan-
1926 405 1977 471 Α
2009 401 2315 458 Generatio
2344 403 2459 460 ista
2488 405 2878 461 successionis
2909 406 3179 463 humana:
3211 409 3515 466 mulierem
3556 412 3656 468 de-

236 497 335 555 tiae
366 494 619 569 largitur
641 496 936 563 humanae,
967 500 1027 551 et
1052 494 1165 551 hoc
1194 510 1313 550 non
1362 497 1555 567 potest
1582 508 1712 549 esse
1743 492 1891 547 divi-

243 603 384 642 num
416 585 799 651 sacriﬁcium,
832 585 930 640 ubi
963 589 1056 641 est
1101 601 1248 640 usus
1296 587 1539 639 natura.
1572 583 1776 651 Edere,
1807 581 1892 637 bi-

245 676 397 741 bere,
432 674 710 741 dormire,
742 673 974 746 aliaque
1021 672 1198 729 etiam
1258 671 1585 728 ministeria
1638 668 1898 742 corporis

244 765 395 820 dono
423 767 566 819 sunt
592 763 702 819 tibi
732 762 1088 830 collata,non
1120 761 1242 833 a:te
1270 760 1455 816 relata
1483 761 1598 817 Deo
1628 775 1894 815 munera.

244 852 539 924 Quidquid
574 857 770 909 autem
796 855 1066 908 sanctum
1097 849 1464 924 cogitaveris,
1495 847 1607 904 hoc
1637 848 1739 904 Dei
1772 864 1898 903 mu-

245 959 357 998 nus
385 940 605 1011 est,Dei
636 939 1066 1014 inspiratio,Dei
1098 938 1286 1014 gratia
1316 956 1330 995 :
1363 938 1518 994 sicut
1546 953 1577 993 e
1606 936 1896 993 contrario

244 1030 347 1087 illa
376 1047 507 1102 qua:
530 1046 665 1086 cum
682 1030 742 1086 in
760 1046 872 1086 usu
903 1034 1126 1085 natura
1150 1028 1424 1084 humana:
1446 1027 1709 1095 sint,non
1730 1025 1897 1082 coin-

246 1119 498 1191 quinant
544 1119 877 1186 hominem;
908 1119 1009 1174 sed
1063 1117 1217 1190 quod
1268 1117 1386 1174 exit
1434 1117 1507 1172 de
1553 1131 1673 1184 ore,
1717 1115 1896 1181 furta,

246 1206 391 1264 falsa
412 1208 775 1277 testimonia,
809 1206 1136 1279 sacrilegia,
1166 1206 1291 1262 hac
1320 1209 1462 1262 sunt
1486 1221 1614 1277 quin
1641 1202 1899 1276 coinqui—

234 1301 387 1353 nant
415 1296 746 1353 hominem.

311 1387 399 1442 46.
436 1386 727 1442 Interiora
770 1401 908 1458 ergo
954 1386 1158 1440 nostra
1199 1382 1578 1449 mundemus,
1618 1384 1684 1436 ut
1711 1380 1898 1454 possit

245 1474 464 1532 oblatio
508 1491 626 1530 non
673 1473 998 1547 displicere.
1036 1472 1119 1529 lbi
1169 1488 1502 1545 quaaramus
1534 1485 1708 1526 omne
1739 1469 1892 1541 quod

244 1563 430 1636 aperit
485 1562 720 1618 vulvam
770 1561 1189 1628 masculinum,
1236 1561 1346 1616 hoc
1393 1564 1502 1625 est,
1550 1561 1783 1631 justum
1841 1562 1899 1613 et

244 1651 595 1726 principale,
644 1652 797 1724 quod
854 1650 1220 1707 sanctiﬁcare
1267 1649 1514 1705 Domino
1554 1648 1895 1704 debeamus.

245 1742 442 1814 Neque
478 1741 636 1796 enim
665 1739 728 1794 hi
758 1756 864 1795 nos
893 1737 1152 1813 corporei
1183 1739 1371 1795 coitus
1408 1738 1541 1813 (3]),
1574 1739 1890 1809 conceptus

244 1834 576 1904 partusque
616 1829 1002 1898 sanctiﬁcant,
1035 1828 1252 1901 quibus
1302 1827 1477 1884 vulva
1529 1825 1745 1883 femina
1790 1826 1897 1881 de-

244 1920 448 1976 ﬁorato
484 1918 707 1991 pudore
751 1916 1105 1991 virginitatis
1133 1915 1414 1989 aperitur.
1447 1915 1594 1971 Nam
1625 1914 1734 1970 etsi
1766 1930 1896 1970 mu-

244 2007 350 2065 lier
377 2007 715 2064 sanctiﬁcat
742 2006 954 2075 virum,
986 2009 1043 2061 et
1071 2005 1160 2061 vir
1188 2004 1526 2073 mulierem;
1557 2008 1750 2059 tamen
1782 2002 1901 2075 ple-

248 2113 505 2170 rumque
534 2095 821 2170 contingit
846 2095 1092 2168 virginis
1119 2094 1353 2150 vulvam
1384 2094 1557 2150 etiam
1585 2093 1711 2148 sine
1759 2108 1895 2149 con-

239 2187 389 2259 jugii
420 2186 738 2243 sanctitate
764 2184 1031 2241 reserari.
1061 2184 1262 2256 Neque
1292 2199 1497 2239 rursus
1546 2181 1670 2239 sola
1712 2180 1899 2237 virilis

246 2281 333 2332 est
360 2274 580 2349 gratia,
597 2273 811 2330 mulier
838 2277 1032 2330 autem
1069 2271 1549 2329 sanctiﬁcationis
1578 2270 1767 2327 aliena
1786 2274 1895 2337 est,

246 2369 345 2420 aut
370 2363 690 2436 utriusque
722 2379 895 2419 sexus
922 2362 1169 2418 confusa
1192 2363 1403 2417 natura
1431 2364 1541 2427 est,
1556 2364 1622 2414 ut
1652 2363 1900 2431 uterque

248 2468 561 2528 corporeos
590 2451 873 2508 fundatur
918 2451 977 2507 in
1027 2454 1252 2525 partus.
1302 2449 1531 2505 Habent
1559 2464 1669 2505 sua
1697 2446 1901 2503 munia

250 2542 376 2612 viri,
408 2542 637 2598 habent
665 2539 940 2597 mulieres
966 2555 1143 2597 sexus
1170 2538 1263 2596 sui
1292 2538 1485 2595 ofﬁcia
1511 2537 1782 2594 discreta.

2003 496 2111 558 cet,
2146 492 2529 564 impossibilis
2558 494 2761 550 eadem
2790 494 2933 550 viro.

2078 581 2163 635 47.
2196 581 2346 653 Ergo
2380 582 2428 637 si
2464 583 2657 638 carnis
2689 583 2821 638 usui
2854 601 2969 639 non
3018 586 3268 656 quadrat
3296 586 3390 641 hic
3421 605 3654 656 sensus,

2004 669 2200 725 ofﬁcia
2230 670 2441 726 animae
2472 671 3067 727 discutiamusttam
3102 691 3241 729 sane
3272 675 3656 748 invenio,qua3

2002 757 2167 814 nullo
2198 759 2452 815 discreta
2480 760 2558 814 sit
2589 777 2729 822 sexu
2765 766 2847 816 :et
2878 778 3011 817 cum
3044 779 3245 817 sexum
3279 780 3396 819 non
3422 763 3654 835 habeat,

2003 848 2320 920 utriusque
2349 865 2524 904 sexus
2555 840 2799 905 munera
2840 857 3231 923 repraesentat.
3265 853 3445 919 subit,
3472 855 3657 911 conci-

2003 936 2109 1009 pit,
2143 937 2315 1008 parit.
2347 937 2416 992 Et
2441 938 2595 992 sicut
2622 938 2859 994 feminis
2889 940 3050 994 dedit
3078 941 3308 997 vulvam
3341 947 3572 1011 natura,
3597 945 3656 1000 in

2005 1042 2125 1098 qua
2157 1025 2627 1098 uniuscujusque
2674 1027 2992 1083 animantis
3024 1030 3318 1101 generatio
3344 1048 3449 1103 per
3494 1049 3656 1089 men-

2006 1118 2203 1170 struas
2234 1115 2521 1169 formatur
2552 1119 2752 1170 tetates
2777 1132 2789 1168 :
2815 1116 2895 1169 ita
2925 1120 3014 1171 est
3044 1118 3310 1188 quaedam
3331 1119 3520 1176 virtus
3539 1121 3659 1177 ani-

2006 1219 2114 1258 mae
2146 1220 2274 1275 qua:
2303 1202 2462 1259 velut
2491 1203 2747 1275 quodam
2773 1203 2959 1258 vulva:
2990 1206 3263 1274 genitalis
3310 1213 3529 1265 secreto
3559 1227 3654 1266 co-

2006 1291 2355 1364 gitationum
2387 1296 2718 1348 nostrarum
2753 1292 3049 1365 suscipere
3081 1295 3327 1363 semina,
3343 1303 3657 1370 conceptus

2006 1381 2214 1447 fovere,
2248 1384 2451 1452 partus
2480 1378 2628 1435 solet
2656 1381 2845 1435 edere.
2880 1381 3079 1453 Neque
3107 1382 3263 1438 enim
3315 1383 3462 1441 alter
3502 1385 3655 1443 dice-

2006 1474 2095 1525 ret
2152 1469 2332 1524 Isaias
2394 1486 2406 1523 :
2468 1471 2527 1524 In
2584 1478 2735 1525 utero
2791 1472 3111 1541 accepimus,
3154 1481 3205 1527 et
3256 1476 3658 1545 parturivimus

2004 1560 2262 1631 spiritum
2292 1558 2492 1614 salutis
2523 1560 2652 1629 (Isa.
2692 1576 2844 1626 xxvn,
2898 1559 3019 1629 18);
3076 1560 3191 1615 nisi
3249 1561 3479 1619 vulvam
3531 1564 3658 1619 ani-

2007 1664 2115 1702 mae
2148 1647 2420 1703 novisset.
2451 1647 2666 1703 Harum
2702 1648 3143 1715 generationum
3175 1651 3444 1722 quaedam
3490 1653 3655 1709 femi-

2008 1753 2127 1792 nea:
2158 1740 2317 1803 sunt,
2344 1736 2587 1801 malitia,
2636 1738 2980 1808 petulantia,
3033 1737 3315 1809 luxuries,
3366 1740 3657 1815 intempe-

2007 1826 2220 1892 rantia,
2252 1824 2640 1897 impudicitia,
2666 1825 2897 1898 aliaque
2926 1827 3270 1898 hujusmodi
3315 1829 3473 1895 vitia,
3526 1832 3657 1903 qui-

2006 1914 2118 1970 bus
2147 1913 2329 1970 animi
2361 1915 2546 1970 nostri
2577 1916 2844 1985 quaedam
2876 1921 3185 1973 enervatur
3208 1916 3473 1975 virilitas.
3508 1920 3658 1977 Mas-

2007 2003 2213 2059 culinas
2241 2007 2398 2070 sunt,
2431 2003 2695 2069 castitas,
2722 2004 3019 2075 patientia,
3058 2005 3390 2077 prudentia,
3437 2013 3656 2081 tempe-

2008 2093 2219 2157 rantia,
2268 2092 2567 2158 fortitudo,
2609 2093 2845 2163 justitia
2887 2093 3104 2165 quibus
3152 2111 3319 2151 meus
3349 2101 3568 2165 nostra,
3600 2102 3659 2155 et

2008 2197 2142 2237 caro
2172 2181 2297 2254 ipse
2322 2182 2613 2248 ﬁrmatur,
2643 2186 2701 2236 et
2748 2182 2818 2236 ad
2866 2183 3137 2238 obeunda
3179 2183 3425 2256 impigre
3456 2186 3660 2243 munia

2005 2272 2241 2327 virtutis
2271 2271 2533 2343 erigitur.
2567 2271 2684 2327 Hos
2734 2276 2936 2339 partus
2962 2270 3126 2328 alvus
3154 2272 3249 2328 ille
3277 2273 3656 2345 pr0pheticus

2009 2360 2341 2431 parturivit.
2370 2360 2441 2413 Et
2472 2360 2600 2416 ideo
2631 2360 2714 2415 ait
2746 2377 2759 2415 :
2795 2362 2855 2416 In
2883 2369 3039 2417 utero
3086 2365 3390 2432 accepimus
3431 2371 3484 2419 et
3525 2381 3655 2435 par-

2006 2449 2297 2504 turivimus
2325 2450 2584 2520 spiritum
2611 2451 2830 2505 salutis.
2864 2448 3195 2506 Masculum
3226 2450 3409 2523 igitur
3436 2458 3494 2508 et
3522 2470 3654 2526 par-

2007 2537 2230 2603 turivit,
2263 2544 2321 2593 et
2348 2537 2595 2611 peperit,
2629 2538 2732 2610 qui
2762 2538 3036 2610 spiritum
3068 2539 3275 2596 salutis
3306 2541 3529 2597 eﬁ‘udit.

317 2720 428 2791 (37)
460 2718 548 2775 Ita
577 2733 725 2774 mss.
760 2721 816 2773 et
847 2716 1014 2773 Rom.
1047 2716 1185 2772 edit.
1217 2716 1345 2773 Vet.
1377 2730 1512 2771 vero
1541 2713 1705 2781 edit.,
1734 2716 1987 2788 corporei
2014 2717 2175 2787 fctus.

1432 3092 1774 3182 LIBER
1833 3092 2470 3181 SECUNDUS.

677 3483 830 3542 205
871 3483 1105 3540 CAPUT
1146 3483 1456 3541 PRIMUM.

239 3573 452 3646 Animae
522 3577 724 3646 partus
780 3577 993 3629 mature
1042 3572 1415 3646 producendos
1466 3591 1485 3628 :
1530 3588 1718 3646 eorum
1764 3587 1890 3645 qua

302 3645 486 3715 forma
515 3646 606 3716 sit.
639 3644 881 3701 Plebeios
906 3644 1093 3701 sensus
1120 3645 1322 3701 mentis
1352 3646 1582 3716 imperio
1626 3644 1889 3700 .lomitari

298 3731 497 3785 posse;
525 3714 732 3788 duplex
754 3717 903 3771 enim
930 3732 1045 3772 esse
1071 3731 1331 3771 sensuum
1358 3714 1667 3788 nostrorum
1684 3731 1854 3786 genus
1865 3733 1887 3777 ;

301 3793 352 3841 et
379 3788 440 3841 in
470 3786 609 3859 utro
625 3788 926 3843 consistant
946 3788 1235 3859 primitiva
1271 3788 1378 3843 Deo
1425 3786 1715 3858 offerenda.
1754 3792 1885 3842 Pos-

304 3865 476 3913 tremo
503 3856 570 3931 de
598 3856 973 3915 commistione
1008 3874 1118 3930 qua
1159 3856 1487 3925 constamus,
1516 3860 1742 3929 ejusque
1766 3859 1885 3931 pri-

302 3931 483 3984 mitiis
514 3929 844 4000 disputatur.
1018 3929 1025 3930 7
1160 3994 1168 3998 η

302 4016 354 4072 4.
386 4017 513 4074 Hos
543 4021 746 4090 partus
776 4017 973 4073 anima
1003 4021 1206 4074 nostra
1232 4018 1542 4090 parturiat,
1558 4034 1664 4074 nec
1693 4018 1886 4075 solum

237 4107 655 4176 parturiat,sed
705 4105 881 4163 etiam
929 4106 1119 4179 pariat
1170 4106 1303 4179 (38),
1336 4111 1394 4162 et
1439 4107 1648 4164 diebus
1698 4107 1889 4180 pariat

236 4193 530 4267 impletis;
564 4211 636 4250 ne
662 4196 1016 4252 immaturos
1044 4199 1248 4268 partus
1276 4196 1404 4252 dies
1429 4195 1637 4266 judicii
1682 4196 1885 4268 depre-

236 4282 562 4340 hendat.De
593 4283 685 4341 bis
709 4284 867 4340 enim
896 4285 1181 4357 partubus
1212 4283 1360 4340 dixit
1386 4283 1673 4341 Dominus
1688 4285 1882 4342 Jesus:

241 4371 324 4429 Va?
370 4373 804 4445 praegnantibus
874 4382 925 4428 et
988 4374 1362 4430 nutrientibus
1412 4376 1470 4429 in
1536 4374 1651 4430 illis
1700 4373 1886 4431 diebus

237 4461 379 4531 (Luc.
410 4480 517 4528 xx,
546 4463 659 4533 23).
695 4462 978 4519 Maturius
1034 4461 1215 4535 igitur
1245 4461 1580 4519 absolvatur
1608 4462 1703 4518 hic
1750 4480 1883 4536 par-

236 4553 345 4623 tus,
374 4557 432 4610 et
464 4550 851 4624 cogitationes
879 4555 1091 4608 nostra
1130 4551 1416 4608 bonorum
1466 4567 1708 4623 operum
1751 4568 1882 4624 pro-

237 4640 501 4697 cessibus
544 4639 932 4712 explicentur;
978 4643 1044 4695 ut
1091 4638 1237 4694 nihil
1295 4639 1699 4712 imperfectum
1748 4641 1885 4697 ﬁnis

238 4733 425 4786 noster
453 4728 743 4797 inveniat,
776 4727 925 4783 nihil
971 4727 1389 4801 inexplicatum
1436 4729 1724 4785 terminus
1752 4729 1882 4785 vita:

1914 3489 1958 3556 (ζ
1992 3500 2091 3540 nec
2162 3484 2436 3559 formetur
2506 3484 2753 3540 Christus
2807 3486 2869 3539 in
2937 3485 3085 3541 vobis
3141 3484 3340 3556 (Gulat.
3410 3505 3466 3557 v,
3537 3490 3646 3562 19).

1996 3573 2059 3629 In
2094 3572 2245 3629 hanc
2275 3573 2521 3629 formam
2552 3577 2676 3630 tota
2705 3573 2920 3630 mentis
2951 3578 3161 3630 nostra
3201 3574 3529 3633 coalescant
3564 3578 3650 3634 vi-

1998 3679 2179 3729 scera,
2213 3668 2271 3719 et
2299 3662 2360 3717 in
2391 3662 2489 3719 illo
2519 3662 2760 3735 genitali
2807 3662 2932 3719 alvo
2976 3664 3189 3720 anima)
3240 3669 3452 3722 nostrae
3479 3667 3648 3723 Chri-

1997 3755 2127 3807 stus
2157 3751 2461 3823 refulgent.
2496 3752 2700 3808 Partus
2731 3757 2929 3808 noster
2966 3752 3112 3808 ﬁdes
3160 3754 3255 3818 sit,
3289 3755 3650 3812 nutrimenta

1996 3845 2197 3897 nostra
2223 3846 2509 3914 prgacepta
2537 3840 2810 3896 doctrinae
2846 3842 2983 3897 sint.
3021 3842 3123 3897 His
3154 3845 3421 3914 quaedam
3454 3844 3647 3901 cordis

1996 3929 2181 3984 nostri
2212 3930 2513 3985 imbuatur
2541 3929 2809 3996 infantia,
2842 3930 3186 3986 instituatur
3233 3932 3506 4002 pueritia,
3542 3933 3644 4005 ju-

1993 4016 2365 4074 venculescat
2409 4016 2819 4086 adolescentia,
2871 4024 3104 4074 senecta
3150 4026 3442 4076 canescat.
3486 4022 3647 4078 [Etas

1995 4105 2152 4161 enim
2182 4106 2499 4161 senectutis
2530 4106 2645 4160 vita
2673 4109 2763 4161 est
2788 4105 3191 4162 immaculata.
3225 4108 3425 4179 Itaque
3455 4125 3522 4165 ea
3550 4110 3647 4167 de-

1995 4210 2156 4250 mum
2188 4195 2344 4250 bona
2357 4198 2445 4250 est
2460 4192 2667 4249 anima;
2698 4197 3175 4266 senectus,quam
3197 4195 3361 4251 nulla
3382 4197 3640 4269 perﬁdia

1993 4282 2440 4355 inquinamenta
2486 4281 2923 4337 maculaverint.
2956 4283 3025 4337 Et
3078 4283 3209 4340 ideo
3251 4290 3455 4356 partus
3504 4303 3647 4344 suos

1993 4372 2065 4427 ab
2105 4371 2215 4427 hac
2267 4369 2500 4427 macula
2544 4369 2760 4426 Paulus
2807 4371 3069 4427 defendit
3103 4389 3115 4428 :
3149 4373 3256 4443 Ego
3289 4390 3397 4440 vos,
3429 4373 3644 4447 inquit,

1991 4463 2161 4530 genui
2190 4463 2248 4516 in
2280 4462 2574 4532 Evangelia
2617 4462 2662 4531 (Ι
2713 4461 2833 4516 Cor.
2884 4478 2941 4523 v,
2994 4462 3109 4532 15);
3158 4478 3228 4518 ne
3278 4465 3450 4534 cujus
3498 4481 3648 4522 saeva

1991 4549 2385 4605 insusurratio
2448 4549 2612 4605 rudis
2638 4549 2770 4604 ﬁdei
2800 4554 3052 4606 tentaret
3081 4550 3644 4610 infantiam.Mascu-

1992 4638 2113 4693 lina
2142 4638 2324 4709 igitur
2352 4639 2688 4709 generabat,
2724 4639 2824 4711 qui
2857 4639 2913 4693 in
2946 4638 3137 4695 virum
3182 4641 3503 4713 perfectum
3544 4660 3645 4715 po-

1993 4727 2163 4798 pulos
2194 4743 2342 4799 quos
2374 4729 2636 4796 docebat,
2655 4727 2790 4785 ﬁdei
2829 4728 3117 4801 gestiebat
3147 4730 3369 4786 unitate
3399 4747 3643 4787 concur-

238 4822 440 4875 nostra:
474 4817 755 4883 offendat,
787 4815 937 4872 nihil
966 4820 1249 4890 tanquam
1279 4817 1340 4872 in
1370 4817 1583 4873 incude
1626 4817 1882 4889 positum
1911 4859 1959 4924 Β
1995 4832 2141 4882 rere,
2176 4821 2231 4871 et
2261 4817 2320 4871 in
2354 4818 2650 4891 agnitione
2682 4817 2805 4873 Filii
2841 4820 2940 4875 Dei
2972 4821 3287 4890 perfectam
3330 4820 3645 4892 plenitudi-

526 4911 539 4924 ,
582 4907 593 4918 .
1698 4923 1705 4924 γ
1836 4907 1846 4917 .
1994 4903 2079 4924 -εᾲ
2131 4904 2341 4924 μιμεῖ..
2409 4911 2421 4924 ,
2584 4922 2592 4924 ξ
2670 4923 2697 4924 η
3039 4910 3099 4924 ,..
3144 4908 3156 4924 .
3394 4910 3473 4924 ...κ
3527 4909 3573 4924 ..

242 4920 375 4964 usus
403 4907 595 4964 nostri
628 4905 819 4978 operis
849 4904 1232 4978 derelinquat.
1268 4905 1501 4962 Festina
1528 4905 1729 4979 igitur,
1754 4907 1879 4962 ani-

241 5010 347 5063 ma,
379 4997 639 5053 formare
672 4999 874 5067 partus
903 4998 1057 5064 tuos,
1102 4994 1513 5068 properantius
1560 4993 1878 5064 absolvere,

241 5081 478 5141 celerius
514 5100 664 5157 quos
692 5082 968 5156 genueris
998 5082 1276 5139 enutrirc.

305 5176 356 5229 2.
390 5176 529 5242 Quae
558 5173 708 5230 tanti
740 5172 928 5229 forma
956 5171 1035 5228 sit
1062 5176 1289 5245 partus,
1331 5173 1691 5230 demonstrat
1726 5177 1879 5245 Apo-

1993 4903 2083 4960 nis
2130 4904 2344 4960 Christi
2407 4911 2602 4961 tenere
2653 4923 2990 4963 mensuram
3033 4908 3248 4980 (Ephes.
3278 4926 3353 4975 1v,
3388 4910 3497 4981 13).
3527 4909 3645 4966 Hoc

1943 5029 1947 5033 ν
1990 4994 2147 5049 enim
2180 4994 2540 5049 sacriﬁcium
2572 4995 2924 5064 acceptabile
2973 5001 3085 5050 Deo
3136 5003 3391 5062 noverat,
3426 4999 3498 5053 de
3528 5014 3644 5069 quo

1990 5081 2284 5153 scriptum
2318 5085 2406 5136 est
2439 5098 2452 5135 :
2490 5082 2780 5153 Separabis
2811 5084 2921 5151 (39)
2949 5098 3107 5137 omne
3151 5083 3293 5153 quod
3322 5088 3497 5155 aperit
3528 5087 3643 5141 vul-

1987 5187 2112 5225 vam
2160 5172 2547 5238 masculinum,
2598 5171 2828 5224 Domino
2880 5170 3071 5241 (Exod.
3122 5185 3247 5235 xm,
3292 5171 3399 5233 42).
3436 5174 3507 5228 Et
3536 5174 3639 5246 qui

242 5262 418 5321 stolus
446 5264 652 5320 dicens
683 5280 696 5318 :
724 5262 908 5317 Filiolt'
930 5263 1042 5318 mei
1070 5278 1201 5334 quos
1244 5264 1444 5318 iterum
1486 5263 1760 5335 parturio,
1792 5260 1881 5317 do-
1989 5258 2216 5314 addidit
2248 5275 2259 5313 :
2296 5259 2464 5315 Omne
2492 5258 2631 5330 quod
2660 5259 2833 5329 aperit
2876 5258 3094 5313 vulvam
3123 5259 3189 5314 dc
3217 5262 3480 5316 armentis
3509 5263 3644 5320 etde

307 5428 414 5505 (38)
441 5430 615 5505 Edit._
628 5429 946 5505 addebant,
996 5431 1295 5505 secundum
1341 5429 1483 5505 quod
1529 5432 1757 5504 legitur;
1789 5431 1880 5489 sed
1980 5429 2209 5503 parabis
2240 5447 2259 5485 :
2288 5431 2505 5505 e_t_post
2536 5443 2723 5502 pauca
2772 5427 2832 5482 in
2886 5427 3089 5486 eodem
3121 5435 3178 5488 et
3206 5429 3336 5489 Vat.
3383 5433 3642 5492 secunda

242 5500 417 5569 etiam,
449 5506 557 5561 etc.
592 5502 736 5560 Mss.
767 5518 903 5561 vero
932 5506 998 5561 ut
1026 5502 1087 5560 in
1111 5506 1291 5561 textu.

306 5571 412 5645 (39)
437 5572 500 5632 In
541 5589 689 5632 mss.
735 5572 862 5632 Div.
914 5578 972 5633 et
1023 5574 1205 5635 Laud.
1256 5573 1625 5635 desideratur
1653 5590 1763 5634 vox
1789 5590 1875 5634 se-

1984 5501 2114 5573 vox,
2145 5501 2449 5572 sanctiﬁca.
