3878 6208
234 348 352 410 359

1689 344 1756 407 S.
1799 340 2175 406 AMBROSII

3517 347 3641 412 360

231 480 515 551 pecoribus
544 494 670 552 qua
714 487 844 537 sunt
886 482 1008 549 tibi,
1058 481 1426 537 masculinum
1454 480 1737 551 sancti/ica
1776 479 1877 534 Do-
1907 482 1962 544 Α
1991 479 2166 534 nebat
2193 480 2367 549 (Rom.
2402 480 2643 552 vn,'25).
2681 478 2840 535 Unde
2869 478 3057 552 liquet
3085 481 3238 554 quod
3268 480 3354 536 he
3383 495 3642 539 commo-

231 571 384 626 mino
414 570 628 642 (Ibid.);
662 587 733 627 ne
764 569 905 642 quid
933 569 1305 627 obscuritatis
1334 569 1564 638 habeat,
1612 567 1876 625 conside-

234 675 457 716 remus.

302 749 357 804 3.
390 748 624 805 Dixerat
661 749 733 804 de
770 747 1191 821 principalibus
1239 746 1735 821 generationibus,
1768 745 1878 802 hoc

232 842 340 906 est,
369 836 559 910 plenis
610 837 1042 910 capacibusque
1087 837 1329 894 rationis
1381 856 1394 893 :
1447 836 1674 893 addidit
1721 839 1778 890 et
1806 835 1879 891 de

230 925 586 1000 gregalibus,
618 926 727 982 hoc
758 930 869 992 est,
904 926 1148 999 reliquis
1190 926 1351 983 velut
1393 925 1637 998 plebeiis
1683 923 1875 980 sensi-

230 1016 364 1082 bus,
419 1015 521 1087 qui
594 1014 1035 1072 irrationalibus
1100 1019 1517 1088 comparantur
1572 1013 1871 1086 iumentis.

229 1105 362 1169 Quae
397 1108 588 1161 tamen
620 1121 754 1159 cum
786 1121 821 1159 a
850 1108 1069 1160 rectore
1101 1103 1298 1176 aliquo
1336 1104 1758 1177 gubernantur,
1792 1102 1875 1158 fa-

228 1193 334 1250 cile
365 1198 824 1260 mansuescunt;
857 1198 914 1249 et
950 1193 1236 1266 imperata
1282 1193 1537 1266 exsequi,
1569 1197 1626 1249 et
1660 1193 1873 1266 jugum

226 1284 446 1354 subire,
477 1287 535 1339 et
562 1284 635 1338 ad
666 1299 867 1338 vocem
914 1283 1182 1356 magistri
1232 1282 1552 1340 accelerare
1601 1283 1872 1355 gradum,

225 1377 329 1429 aut
358 1375 584 1437 sistere,
617 1377 718 1428 aut
770 1372 1097 1439 deﬂectere,
1143 1376 1244 1427 aut
1292 1371 1488 1445 aliqua
1532 1371 1734 1427 munia
1781 1370 1873 1427 sui

225 1462 418 1534 Operis
465 1477 593 1534 quae
631 1462 936 1532 jubentur,
969 1461 1229 1517 humano
1276 1462 1533 1533 quodam
1585 1460 1871 1517 famulatu

223 1551 383 1608 obire
429 1554 874 1607 consueverunt.
928 1554 1179 1606 Tantum
1227 1549 1382 1606 valet
1439 1549 1755 1615 institutio,
1806 1553 1871 1605 ut

221 1641 418 1696 vincat
444 1639 747 1695 naturam!
782 1640 981 1712 Itaque
1010 1639 1113 1695 illa
1140 1641 1302 1696 ωε
1332 1656 1459 1711 quae
1508 1640 1865 1695 consortium

222 1735 433 1787 nostrae
463 1728 805 1785 substantia:
854 1744 968 1783 non
1013 1727 1248 1794 habent,
1298 1733 1628 1800 agnoscunt
1668 1732 1866 1784 tamen

221 1823 430 1876 nostra;
459 1818 617 1874 vocis
647 1816 961 1889 imperium
1016 1833 1029 1871 :

218 1908 336 1965 lam
369 1907 648 1965 rationem
678 1906 952 1973 habeant,
968 1910 1183 1963 nostra:
1210 1906 1497 1962 rationem
1528 1909 1863 1979 capessunt,

218 2004 276 2056 et
304 1996 735 2071 quodammodo
766 1996 1126 2051 transfusam
1154 1995 1689 2067 acquirunt.Equos
1711 1995 1867 2051 vide-

218 2105 354 2144 mus
385 2084 767 2160 popularibus
796 2084 1027 2139 incitari
1081 2084 1320 2151 studiis,
1346 2085 1601 2157 gaudere
1654 2083 1868 2156 plausi-

218 2178 350 2247 bus,
393 2174 695 2232 blanditiis
744 2172 1017 2229 delectari
1067 2172 1356 2244 magistri.
1408 2173 1625 2229 Torvos
1670 2171 1867 2230 leones

217 2267 512 2325 cernimus
560 2261 888 2319 naturalem
936 2261 1228 2317 feritatem
1289 2260 1576 2333 imperata
1637 2266 1865 2319 mutare

218 2354 690 2423 mansuetudine,
740 2368 909 2408 suam
972 2351 1192 2407 rabiem
1258 2350 1569 2424 deponere,
1633 2356 1865 2409 nostros

217 2462 410 2503 mores
441 2458 707 2510 sumere;
741 2445 797 2497 et
826 2457 959 2496 cum
991 2441 1111 2496 sint
1138 2439 1250 2513 ipsi
1284 2439 1596 2509 terribiles,
1629 2440 1865 2497 discunt

215 2538 441 2593 timere.
475 2532 727 2589 Caeditur
753 2530 938 2598 canis,
974 2533 1038 2585 ut
1068 2534 1341 2601 pavescat
1370 2529 1459 2586 leo
1493 2546 1506 2585 :
1540 2534 1597 2586 et
1627 2530 1727 2602 qui
1755 2546 1863 2586 sua

214 2624 431 2698 injuria
474 2622 869 2694 exasperatur,
922 2623 1220 2675 coercetur
1261 2618 1469 2687 aliena,
1504 2618 1862 2692 alteriusque

216 2712 480 2786 exemplo
513 2709 819 2783 frangitur.
854 2709 1089 2775 Quoties
1137 2712 1341 2780 parata
1399 2708 1595 2780 praeda
1624 2711 1681 2763 et
1732 2708 1860 2765 cibo

212 2804 379 2861 obvio
411 2803 624 2858 famem
654 2798 876 2871 perpeti
905 2795 1159 2863 malunt,
1182 2796 1325 2851 dum
1356 2797 1642 2852 offensam
1675 2797 1859 2870 magi-

211 2893 318 2949 stri
377 2887 684 2946 verentur?
734 2886 970 2952 Quoties
1046 2884 1349 2957 repentino
1403 2883 1646 2957 impulsi
1696 2891 1858 2942 motu

212 2984 415 3053 aperta
472 2978 543 3033 ad
592 2991 825 3031 morsus
870 2990 971 3030 ora
1007 2972 1164 3045 jussi
1211 2972 1549 3030 resolvunt?
1577 2975 1664 3030 Ita
1716 2976 1856 3030 dum

213 3072 424 3124 nostra:
452 3063 739 3122 voluntati
770 3063 1199 3134 obsequuntur,
1245 3077 1367 3118 suae
1412 3061 1854 3119 obliviscuntur.

213 3158 339 3215 Non
368 3156 450 3211 ita
480 3153 590 3210 illae
641 3154 796 3220 ferae,
840 3151 928 3207 vel
976 3150 1078 3207 illa
1113 3155 1379 3208 armenta
1419 3166 1726 3223 equorum,
1768 3152 1855 3208 vel

210 3263 396 3320 genus
426 3261 596 3301 omne
626 3242 937 3316 pecudum,
970 3257 1096 3312 quae
1140 3240 1267 3297 sine
1310 3245 1531 3297 rectore
1571 3246 1855 3314 vagantur
1884 3219 1926 3286 (ἶ

211 3336 350 3403 υΙΙο,
383 3339 440 3390 et
468 3331 627 3390 omni
657 3330 959 3387 domitoris
988 3330 1383 3402 gubernaculo
1430 3330 1714 3385 destituta
1762 3348 1857 3387 ex-

209 3421 651 3497 asperantur.Et
678 3420 808 3475 ideo
840 3418 1089 3492 appositi
1122 3422 1260 3474 sunt
1290 3419 1858 3492 armentarii,opilio—

210 3528 333 3578 nes,
383 3510 689 3582 ceterique
718 3512 1003 3580 pastores,
1035 3506 1276 3580 quidam
1314 3507 1579 3580 magistri
1610 3524 1854 3582 gregum

209 3600 402 3657 officia
430 3616 539 3654 sua
568 3596 819 3670 singulis
841 3596 1232 3653 animantium
1258 3596 1371 3652 sibi
1402 3597 1853 3654 commissorum

207 3687 538 3747 conditione
567 3686 907 3741 formantes.

278 3779 330 3833 4.
353 3776 598 3832 Videtur
627 3789 762 3846 ergo
792 3777 851 3828 et
878 3789 1160 3829 sensuum
1192 3777 1526 3830 nostrorum
1557 3775 1853 3846 quoddam

206 3883 394 3941 genus
425 3864 585 3922 aliud
608 3861 896 3919 domitum
918 3865 974 3917 et
995 3865 1403 3931 mansuetum;
1429 3861 1587 3918 aliud
1608 3862 1855 3919 indomi-

206 3962 331 4012 tum
364 3954 521 4028 quod
553 3951 906 4009 armentario
951 3951 1206 4023 quodam
1258 3954 1422 4007 motu
1455 3951 1671 4008 mentis
1698 3952 1854 4008 velut

206 4044 405 4100 deside
435 4046 609 4115 atque
640 4039 893 4097 resoluto
921 4043 1160 4112 proruat
1191 4038 1261 4094 ad
1291 4038 1721 4097 irrationabiles
1753 4040 1850 4097 de-

204 4133 543 4192 lectationes
574 4129 834 4203 corporis
855 4147 868 4184 :
889 4132 1267 4184 mansuetum
1291 4132 1488 4185 autem
1510 4129 1665 4201 quod
1697 4129 1854 4186 velut

204 4222 338 4279 duci
384 4219 616 4278 cuidam
650 4217 1034 4277 moderationi
1054 4218 1268 4274 mentis
1284 4234 1346 4274 se
1362 4217 1639 4290 subjiciat
1652 4220 1853 4277 etsub-

204 4311 324 4366 dat.
373 4311 743 4381 Quaecunque
792 4323 928 4380 ergo
976 4308 1105 4377 ejus
1161 4310 1380 4362 naturae
1432 4311 1741 4380 reguntur,
1786 4325 1855 4366 ea

204 4403 342 4455 sunt
371 4397 697 4455 masculina
726 4401 904 4468 atque
935 4395 1190 4467 perfecta
1222 4413 1235 4451 :
1263 4412 1626 4469 quaecunque
1656 4401 1851 4454 autem

203 4489 331 4545 sine
361 4488 506 4543 duce
536 4485 655 4541 ullo
683 4484 910 4557 plebeia
939 4483 1395 4556 praesumptione
1445 4486 1701 4557 quadam
1747 4486 1850 4541 do-

1989 565 2178 623 tiones
2208 583 2335 639 quae
2366 567 2691 623 secundum
2739 567 2926 641 legem
2975 570 3191 626 mentis
3237 573 3397 638 sunt,
3430 586 3500 626 ex
3546 571 3637 626 di-

1988 656 2123 712 vino
2153 657 2346 713 favore
2376 657 2717 730 procedunt,
2740 657 2842 713 alii
2872 662 3069 715 autem
3102 676 3312 716 sensus
3340 676 3410 716 ex
3438 658 3640 733 volup-

1986 747 2105 801 tate
2124 761 2421 817 corporea.

2054 835 2110 890 5.
2141 833 2248 890 111a
2277 833 2458 906 igitur
2484 850 2609 907 quae
2642 839 2846 892 sancta
2864 835 3326 909 sunt,primitiva
3354 842 3493 896 sunt
3520 854 3635 894 no-

1986 926 2243 979 strorum
2262 940 2543 980 sensuum
2563 949 2577 990 ;
2601 923 2715 980 ista
2729 923 2889 980 velut
2904 926 2973 981 de
2990 926 3244 998 quodam
3274 942 3449 1000 grege
3468 932 3633 998 sunt,

1985 1016 2042 1068 et
2069 1012 2290 1068 vilitate
2311 1012 2540 1085 plebeia
2561 1031 2574 1069 :
2595 1030 2722 1086 quae
2752 1014 2913 1070 varia
2941 1015 3169 1071 videtur
3188 1016 3415 1089 Moyses
3440 1016 3632 1072 nomi-

1983 1102 2161 1158 nibus
2193 1101 2555 1174 significasse
2585 1102 2831 1159 diversis
2860 1104 2994 1172 (40).
3028 1103 3145 1159 Hoc
3187 1104 3342 1160 enim
3375 1092 3636 1162 declarat

1983 1192 2162 1249 etiam
2191 1191 2293 1248 illa
2321 1209 2456 1248 area
2486 1191 2634 1264 legis
2664 1192 3005 1267 mystica.de
3025 1210 3143 1265 qua
3160 1194 3243 1249 ait
3265 1210 3278 1249 :
3302 1194 3467 1251 Initia
3485 1210 3633 1251 areae

1981 1284 2095 1338 tuae
2123 1289 2177 1336 et.
2206 1282 2355 1337 lacus
2385 1282 2475 1336 tui
2499 1297 2611 1336 non
2636 1284 2933 1337 novissima
2961 1284 3471 1354 facies.Priimitiva
3489 1284 3635 1355 ﬁlio-

1980 1388 2108 1426 rum
2159 1376 2380 1427 tuorum
2427 1370 2582 1426 dabis
2628 1370 2775 1426 mihi
2816 1370 3009 1442 (Exod.
3060 1387 3200 1438 xxu,
3246 1373 3359 1444 29).
3401 1372 3631 1429 Sanctae

1979 1459 2403 1516 commotiones
2435 1475 2721 1516 sensuum
2754 1464 3109 1530 nostrorum,
3141 1477 3269 1533 quae
3300 1461 3628 1518 secundum

1980 1549 2225 1606 virtutes
2255 1553 2415 1616 sunt,
2449 1549 2587 1620 ipsae
2619 1553 2761 1605 sunt
2788 1548 3059 1622 primitiae
3102 1566 3246 1606 areae
3291 1549 3577 1623 spiritalis
3608 1567 3625 1607 :

1977 1642 2282 1712 propterea
2311 1637 2490 1694 etiam
2522 1636 2699 1693 rurali
2751 1653 2897 1694 areae
2946 1642 3380 1712 comparantur,
3407 1639 3468 1695 in
3508 1655 3630 1711 qua

1976 1727 2333 1784 ventilentur
2362 1727 2845 1807 fgumentaSicut
2876 1728 3035 1784 enim
3064 1727 3123 1783 in
3154 1728 3262 1784 hac
3292 1727 3471 1785 rurali
3491 1743 3629 1786 area

1081 1821 1138 1873 et
1166 1833 1299 1872 cum
1333 1833 1451 1873 suae
1476 1821 1699 1873 natura;
1733 1816 1866 1872 nul-
1896 1848 1944 1913 Β
1974 1816 2264 1873 excutitur
2309 1815 2564 1913 triticum
2613 1820 2789 1888 atque
2829 1815 3135 1913 hordeum,
3176 1817 3325 1874 207
3376 1821 3436 1873 et
3479 1817 3624 1873 dum

1979 1906 2191 1979 saepius
2221 1904 2555 1972 ventilatur,
2584 1909 2891 1978 separatur
2935 1923 2971 1962 a
3016 1904 3234 1978 paleis;
3267 1906 3405 1979 quia
3444 1906 3623 1979 palea

1977 1999 2298 2066 cmteraque
2326 1998 2715 2066 purgamenta
2737 1994 2945 2051 messis
2967 1994 3028 2050 in
3050 1995 3344 2052 diversum
3362 1994 3505 2052 levis
3525 2011 3625 2052 au-

1976 2102 2052 2140 ris
2082 2083 2402 2156 spiramine
2430 2083 2821 2155 dissipantur;
2854 2081 2956 2139 illa
2990 2100 3123 2140 vero
3176 2099 3302 2155 quae
3344 2083 3626 2141 solidiore

1974 2177 2133 2240 sunt,
2166 2172 2227 2227 in
2258 2171 2451 2229 locum
2483 2172 2756 2228 eumdem
2786 2185 3030 2229 excusso
3058 2172 3293 2245 pulvere
3341 2172 3621 2230 relabun-

1974 2265 2088 2317 tur:
2104 2262 2185 2318 ita
2205 2261 2624 2335 cogitationum
2641 2264 2976 2318 nostrarum
3002 2262 3198 2335 fruges
3219 2279 3347 2336 quae
3369 2266 3509 2319 sunt
3528 2279 3622 2320 so-

1972 2349 2102 2406 lida:
2123 2354 2299 2423 atque
2318 2350 2574 2422 optimae,
2603 2366 2810 2422 puram
2837 2353 3012 2422 atque
3032 2350 3324 2408 sinceram
3345 2351 3623 2409 exhibent

1970 2439 2203 2495 virtutis
2225 2438 2749 2505 alimoniam,sicut
2768 2439 3053 2512 scriptum
3071 2443 3160 2496 est
3180 2443 3359 2513 :Quia
3378 2458 3487 2499 non
3507 2443 3621 2500 solo

1964 2545 2112 2603 pane
2130 2530 2263 2585 vivit
2283 2526 2557 2597 homo,sed
2576 2529 2636 2583 in
2655 2530 2813 2584 omni
2830 2528 2990 2584 verbo
3012 2529 3111 2585 Dei
3124 2530 3417 2602 (Luc.1v,4)
3440 2548 3454 2587 :
3488 2546 3619 2604 quae

1970 2624 2167 2674 autem
2190 2616 2429 2673 inutiles
2447 2621 2589 2673 sunt
2608 2620 2666 2672 et
2685 2617 3399 2692 vacuae,dispergunturut
3419 2620 3625 2678 fumus

1969 2725 2037 2763 ac
2067 2706 2316 2775 nebula;
2349 2706 2489 2777 quia
2513 2706 2667 2762 sicut
2711 2706 2914 2763 fumus
2963 2707 3173 2775 oculis,
3202 2708 3286 2766 sic
3330 2709 3625 2782 iniquitas

1970 2796 2275 2852 utentibus
2304 2811 2389 2850 ea.
2423 2795 2491 2849 Et
2520 2798 2673 2851 recte
2704 2794 2866 2851 fumo
2895 2795 3179 2868 iniquitas
3221 2802 3622 2871 comparatur,

1967 2902 2098 2957 qua:
2128 2883 2284 2941 velut
2314 2884 2572 2956 quadam
2604 2883 2865 2941 saeculari
2896 2884 3143 2958 caligine
3171 2885 3356 2943 aciem
3402 2886 3622 2946 mentis

1968 2973 2226 3030 obducit.

2034 3065 2088 3118 6.
2123 3063 2192 3118 Et
2227 3062 2356 3119 ideo
2403 3061 2688 3118 Dominus
2735 3061 2875 3118 dicit
2925 3080 2939 3118 ε
2992 3062 3127 3119 Cum
3168 3064 3505 3121 intraveritis
3552 3068 3621 3122 in

1963 3156 2172 3208 terram
2200 3153 2260 3207 in
2286 3162 2451 3222 quam
2466 3150 2675 3211 induco
2704 3167 2814 3219 vos,
2845 3160 2897 3208 et
2919 3168 3043 3208 cum
3071 3154 3407 3210 manducare
3438 3171 3616 3228 caepe-

1963 3244 2087 3297 ritis
2117 3241 2181 3297 de
2206 3241 2443 3313 panibus
2471 3244 2637 3297 terra:
2666 3241 3084 3313 illius,o/feretis
3103 3242 3431 3299 oblationem
3452 3260 3615 3317 sepa-

1965 3339 2146 3387 ratam
2176 3332 2422 3396 Domino,
2445 3332 2727 3402 primitias
2753 3333 3151 3402 conspersionis
3176 3336 3385 3399 vestrae,
3412 3350 3620 3405 panem

1963 3422 2103 3476 sicut
2131 3420 2462 3476 oblationem
2490 3419 2555 3474 de
2580 3434 2713 3475 area
2730 3436 2749 3474 :
2766 3420 2845 3475 sic
2870 3419 3114 3493 offeratis
3140 3422 3397 3493 primitia
3415 3427 3619 3496 con/u-

1962 3511 2179 3566 sionum
2205 3512 2509 3565 vestrarum
2534 3507 2666 3580 (41),
2697 3516 2748 3564 et
2793 3507 2995 3564 dabitis
3041 3510 3268 3566 Domino
3298 3510 3483 3581 (Num.
3516 3529 3616 3583 xv,

1964 3601 2018 3668 2,
2046 3598 2118 3669 3).
2145 3596 2420 3653 Cunt‘usio
2461 3613 2570 3653 nos
2618 3613 2850 3665 sumus,
2874 3590 3246 3653 diversorum
3296 3598 3619 3658 elemento-

1963 3705 2095 3744 rum
2127 3688 2380 3760 quadam
2413 3686 2824 3744 commistione
2853 3687 3489 3762 compositi.Siquidem
3511 3690 3616 3746 fri-

1962 3777 2167 3850 gidum
2197 3775 2470 3845 calido,et
2491 3775 2806 3832 humidum
2836 3775 2991 3832 sicco
3022 3777 3303 3834 miscetur
3328 3777 3389 3833 in
3419 3778 3613 3837 nobis.

1964 3868 2093 3924 Haec
2123 3865 2459 3939 conspersio
2489 3865 2706 3922 multas
2736 3866 2914 3922 habet
2959 3867 3153 3923 carnis
3200 3866 3522 3935 illecebras,
3555 3873 3617 3926 et

1961 3956 2247 4029 plurimas
2273 3954 2686 4012 delectationes
2718 3971 2731 4009 :
2764 3956 2865 4012 sed
2908 3972 3025 4011 non
3072 3959 3211 4011 sunt
3240 3956 3299 4012 hi
3330 3957 3612 4029 primitivi

1961 4045 2141 4117 hujus
2166 4043 2423 4117 corporis
2456 4060 2687 4113 sensus,
2721 4045 2862 4117 quia
2912 4061 2981 4101 ex
3028 4046 3227 4101 anima
3271 4051 3329 4103 et
3370 4060 3614 4121 corpOre

1962 4137 2300 4190 constamus
2331 4137 2389 4190 et
2418 4133 2653 4206 spiritu.
2685 4133 2817 4189 Haec
2844 4137 2934 4190 est
2964 4134 3299 4208 conspersio
3326 4136 3617 4209 principa-

1961 4222 2058 4295 lis,
2088 4223 2148 4278 in
2178 4239 2298 4295 qua
2324 4222 2680 4279 sanctiﬁcari
2729 4238 2837 4278 nos
2882 4223 3195 4296 Apostolus
3246 4225 3425 4297 cupit,
3459 4225 3617 4282 sicut

1962 4313 2078 4369 ait:
2103 4313 2219 4385 Ipse
2241 4318 2423 4368 autem
2462 4313 2598 4367 Deus
2631 4313 2785 4384 pacis
2802 4311 3212 4384 (42)sanctiﬁcct
3249 4328 3339 4368 vos
3372 4328 3470 4385 per
3495 4329 3614 4370 om-

1960 4402 2090 4464 nia;
2118 4406 2177 4457 ut
2206 4403 2414 4473 integer
2439 4402 2667 4473 spiritus
2694 4404 2869 4457 vester
2897 4405 2950 4456 et
2978 4403 3167 4457 anima
3195 4410 3245 4458 et
3272 4417 3464 4475 corpus
3490 4405 3616 4461 sine

1960 4489 2183 4562 querela
2227 4492 2289 4545 in
2326 4489 2414 4545 die
2461 4490 2686 4545 Domini
2731 4490 2908 4546 nostri
2953 4490 3081 4546 Iesu
3126 4489 3329 4546 Christi
3367 4492 3616 4548 servetur

202 4573 685 4641 minantur,velut
714 4571 965 4628 civitatis
995 4571 1243 4644 alicujus
1264 4588 1391 4645 quae
1420 4573 1576 4645 regis
1598 4573 1852 4646 optima-
1882 4591 1929 4656 ι)
1960 4578 2010 4651 (Ι
2070 4579 2244 4634 Thess.
2315 4595 2370 4647 v,
2435 4576 2553 4650 23).
2614 4575 2795 4650 Cujus
2860 4577 3293 4650 conspersionis
3340 4578 3612 4651 primitiae

202 4672 447 4736 tumque
475 4660 720 4719 consilio
750 4660 975 4733 privata
995 4659 1181 4727 sit,ita
1201 4660 1460 4733 corporis
1490 4662 1580 4716 sui
1612 4678 1847 4719 omnem

200 4758 420 4812 statum
446 4756 505 4809 et
534 4750 758 4807 virilem
787 4749 1044 4821 vigorem
1077 4749 1345 4804 muliebri
1379 4750 1632 4821 quadam
1660 4751 1847 4808 disso-

203 4843 423 4900 lutione
452 4840 810 4898 etl'eminant.
843 4838 925 4892 Ex
952 4836 1046 4893 his
1078 4835 1177 4893 illa
1216 4836 1308 4893 lex
1351 4839 1545 4895 carnis
1576 4843 1687 4909 est,
1721 4857 1847 4913 quae

201 4932 389 5006 legem
418 4927 747 5004 apostolicae
778 4925 991 4984 mentis
1017 4926 1392 5000 impugnans,
1412 4928 1699 5001 captivam
1731 4934 1848 4986 tra-

202 5021 377 5078 hebat
404 5036 533 5076 eam
558 5018 816 5091 quadam
847 5016 974 5090 lege
1002 5016 1245 5089 peccati.
1277 5016 1342 5072 Et
1385 5017 1515 5074 ideo
1546 5022 1612 5073 ut
1649 5019 1719 5074 de
1749 5017 1847 5074 illo

202 5109 407 5168 mortis
438 5124 676 5181 corpore
699 5106 1064 5173 liberaretur,
1091 5122 1256 5178 spem
1279 5122 1448 5161 suam
1482 5106 1700 5163 Paulus
1730 5124 1849 5164 om-

202 5217 333 5257 nem
364 5216 479 5256 non
510 5199 572 5254 in
602 5184 711 5255 sua
739 5196 971 5263 virtute,
1005 5195 1105 5252 sed
1132 5194 1192 5250 in
1225 5195 1439 5251 Christi
1470 5195 1656 5268 gratia
1687 5213 1849 5270 repo-

271 5392 383 5464 (40)
413 5391 499 5464 lta
526 5408 669 5448 mss.
700 5391 826 5464 Div.
857 5390 1226 5463 Caeteri,quod
1255 5392 1434 5447 varia.
1471 5432 1483 5447 .
1522 5432 1538 5447 .
1576 5434 1589 5447 .
1622 5393 1846 5464 signiﬁ-

200 5462 348 5521 casse
395 5462 643 5527 diversis,
694 5463 821 5518 Vat.
875 5480 1052 5531 unus,
1088 5462 1111 5517 ,⁷
1138 5503 1151 5515 .
1189 5503 1201 5516 .
1229 5464 1569 5533 signiﬁcasse
1616 5462 1843 5521 Judwis.

202 5537 327 5592 νει.
360 5533 524 5603 edit.,
554 5533 694 5602 quod
710 5536 862 5590 varie
894 5575 907 5588 .
945 5576 958 5589 .
994 5575 1005 5588 .
1038 5534 1368 5603 signiﬁcasse
1395 5535 1644 5590 diversis.
1675 5536 1842 5592 Rom.

201 5602 528 5677 vero,rqu_od
559 5605 775 5677 variis“.
813 5645 826 5661 .
864 5645 878 5660 .
910 5602 1248 5677 signiﬁcasse
1273 5604 1495 5662 Iudaeis.

271 5674 413 5754 (41)’
446 5674 614 5733 Rom.
677 5674 819 5732 edit.
886 5674 1330 5747 cohspersionum
1390 5680 1696 5733 vestrarum
1728 5718 1741 5733 .
1779 5719 1791 5732 .
1831 5719 1843 5734 .

1958 4667 2260 4740 spiritales
2318 4670 2475 4735 sunt,
2543 4665 2654 4722 hoc
2720 4670 2830 4734 est,
2881 4666 3246 4724 inventiones
3309 4673 3367 4723 et
3435 4684 3612 4741 gene-

1958 4756 2214 4812 rationes
2246 4770 2528 4812 sensuum
2560 4753 2660 4826 qui
2691 4770 2760 4810 ex
2788 4753 2983 4827 vigore
3015 4754 3224 4810 animae
3265 4755 3609 4829 procedunt.

1957 4844 2069 4901 Sed
2118 4860 2235 4899 non
2284 4859 2487 4899 omnes
2537 4842 2818 4916 primiviti
2868 4859 3101 4912 sensus,
3153 4843 3265 4900 nisi
3322 4844 3424 4916 qui
3484 4859 3611 4901 ma-

1956 4932 2093 4989 litiae
2125 4937 2183 4989 et
2211 4932 2629 5005 improbitatis,
2663 4935 2839 5004 atque
2868 4932 3063 4989 omnis
3092 4933 3306 4989 erroris
3351 4937 3613 4990 exsortes

1959 5021 2275 5078 sunt.Sunt
2303 5025 2503 5077 autem
2527 5020 2867 5077 necessariae
2886 5020 3150 5093 corporis
3171 5020 3607 5090 delectationes,

1956 5115 2023 5167 ut
2040 5109 3320 5180 dormiendi,edendi,bibendi,deambulandi
3341 5113 3399 5167 et
3420 5110 3609 5166 caeteri

1956 5215 2166 5257 sensus
2197 5197 2538 5270 hujusmodi
2567 5216 2580 5268 ;
2604 5199 2704 5255 sed
2740 5215 2857 5254 non
2886 5197 2947 5253 in
2974 5197 3067 5254 his
3097 5197 3607 5272 primitiaz.Etideo

1956 5397 2259 5467 conspersio
2287 5410 2386 5468 nos
2413 5411 2621 5468 sumus.
2639 5398 2731 5468 ‘At
2757 5394 2818 5468 i_n
2851 5395 3219 5468 sensuinter
3247 5393 3609 5468 conspersio-

1956 5464 2093 5523 neni
2119 5472 2176 5522 et
2203 5466 2608 5523 confusionem
2637 5464 2747 5522 hoc
2773 5466 2898 5523 loco
2932 5465 3093 5523 nulla
3122 5470 3211 5523 est
3240 5464 3545 5523 diversitas
3588 5484 3603 5537 ;

1956 5539 2213 5622 quodcf
2237 5538 2387 5622 ipsis
2417 5537 2712 5622 Ambrosii
2739 5538 2933 5622 verbis
2964 5539 3341 5622 manifeStum
3368 5542 3478 5595 est.

2029 5609 2143 5687 (42)
2173 5609 2326 5668 Edit.
2359 5624 2585 5679 omnes,
2606 5612 2728 5683 Ipse
2756 5613 2936 5667 autem
2967 5611 3107 5668 Deus
3131 5611 3317 5669 Pater.
