  <div class='ocr_page' id='page_1' title='image "/cluster/home/n/w/nwhite01/storage/ocr_20150623/14/uva.x000826552/195.png"; bbox 0 0 3878 6208; ppageno 0'>
   <div class='ocr_carea' id='block_1_1' title="bbox 103 356 193 417">
    <p class='ocr_par' dir='ltr' id='par_1_1' title="bbox 103 356 193 417">
     <span class='ocr_line' id='line_1_1' title="bbox 103 356 193 417; baseline -0.044 -1"><span class='ocrx_word' id='word_1_1' title='bbox 103 356 193 417; x_wconf 82' lang='grc'>361</span> 
     </span>
    </p>
   </div>
   <div class='ocr_carea' id='block_1_2' title="bbox 1240 347 2266 413">
    <p class='ocr_par' dir='ltr' id='par_1_2' title="bbox 1240 347 2266 413">
     <span class='ocr_line' id='line_1_2' title="bbox 1240 347 2266 413; baseline -0.003 -3"><span class='ocrx_word' id='word_1_2' title='bbox 1240 351 1342 410; x_wconf 91' lang='lat' dir='ltr'><strong>DE</strong></span> <span class='ocrx_word' id='word_1_3' title='bbox 1385 350 1565 411; x_wconf 84' lang='lat' dir='ltr'>CAIN</span> <span class='ocrx_word' id='word_1_4' title='bbox 1611 348 1713 410; x_wconf 83' lang='lat' dir='ltr'>ET</span> <span class='ocrx_word' id='word_1_5' title='bbox 1750 347 1958 413; x_wconf 78' lang='lat' dir='ltr'>ABEL</span> <span class='ocrx_word' id='word_1_6' title='bbox 2001 348 2149 411; x_wconf 85' lang='lat' dir='ltr'><strong>LIB.</strong></span> <span class='ocrx_word' id='word_1_7' title='bbox 2193 349 2266 409; x_wconf 87' lang='lat' dir='ltr'>ll.</span> 
     </span>
    </p>
   </div>
   <div class='ocr_carea' id='block_1_3' title="bbox 3345 349 3465 410">
    <p class='ocr_par' dir='ltr' id='par_1_3' title="bbox 3345 349 3465 410">
     <span class='ocr_line' id='line_1_3' title="bbox 3345 349 3465 410; baseline -0.008 0"><span class='ocrx_word' id='word_1_8' title='bbox 3345 349 3465 410; x_wconf 70' lang='lat'>362</span> 
     </span>
    </p>
   </div>
   <div class='ocr_carea' id='block_1_4' title="bbox 108 478 3469 550">
    <p class='ocr_par' dir='ltr' id='par_1_4' title="bbox 108 478 3469 550">
     <span class='ocr_line' id='line_1_4' title="bbox 108 478 3469 550; baseline -0.002 -8"><span class='ocrx_word' id='word_1_9' title='bbox 108 485 281 549; x_wconf 68' lang='lat' dir='ltr'>non,in</span> <span class='ocrx_word' id='word_1_10' title='bbox 312 484 419 550; x_wconf 90' lang='lat' dir='ltr'>his,</span> <span class='ocrx_word' id='word_1_11' title='bbox 451 483 552 539; x_wconf 90' lang='lat' dir='ltr'>sed</span> <span class='ocrx_word' id='word_1_12' title='bbox 590 483 652 538; x_wconf 91' lang='lat' dir='ltr'>in</span> <span class='ocrx_word' id='word_1_13' title='bbox 684 481 802 539; x_wconf 87' lang='lat' dir='ltr'>illis</span> <span class='ocrx_word' id='word_1_14' title='bbox 844 481 1075 538; x_wconf 87' lang='lat' dir='ltr'>Domini</span> <span class='ocrx_word' id='word_1_15' title='bbox 1124 486 1578 549; x_wconf 83' lang='lat' dir='ltr'>sacramentum,</span> <span class='ocrx_word' id='word_1_16' title='bbox 1612 480 1712 536; x_wconf 92' lang='lat' dir='ltr'>ubi</span> <span class='ocrx_word' id='word_1_17' title='bbox 1740 479 1796 547; x_wconf 80' lang='grc' dir='ltr'><strong>Α</strong></span> <span class='ocrx_word' id='word_1_18' title='bbox 1823 479 2029 537; x_wconf 88' lang='lat' dir='ltr'>talem:</span> <span class='ocrx_word' id='word_1_19' title='bbox 2064 484 2122 537; x_wconf 89' lang='lat' dir='ltr'>et</span> <span class='ocrx_word' id='word_1_20' title='bbox 2149 480 2277 536; x_wconf 90' lang='lat' dir='ltr'>ideo</span> <span class='ocrx_word' id='word_1_21' title='bbox 2302 497 2415 537; x_wconf 91' lang='lat' dir='ltr'>nou</span> <span class='ocrx_word' id='word_1_22' title='bbox 2446 482 2612 537; x_wconf 90' lang='lat' dir='ltr'>erant</span> <span class='ocrx_word' id='word_1_23' title='bbox 2637 479 2709 536; x_wconf 91' lang='lat' dir='ltr'>ab</span> <span class='ocrx_word' id='word_1_24' title='bbox 2740 482 2906 536; x_wconf 88' lang='lat' dir='ltr'>utero</span> <span class='ocrx_word' id='word_1_25' title='bbox 2935 482 3180 548; x_wconf 64' lang='lat' dir='ltr'>natura,</span> <span class='ocrx_word' id='word_1_26' title='bbox 3202 478 3356 543; x_wconf 84' lang='lat' dir='ltr'>sicut</span> <span class='ocrx_word' id='word_1_27' title='bbox 3380 478 3469 536; x_wconf 86' lang='lat' dir='ltr'>di-</span> 
     </span>
    </p>
   </div>
   <div class='ocr_carea' id='block_1_5' title="bbox 106 569 1711 643">
    <p class='ocr_par' dir='ltr' id='par_1_5' title="bbox 106 569 1711 643">
     <span class='ocr_line' id='line_1_5' title="bbox 106 569 1711 643; baseline -0.002 -14"><span class='ocrx_word' id='word_1_28' title='bbox 106 573 329 639; x_wconf 78' lang='lat' dir='ltr'>castitas,</span> <span class='ocrx_word' id='word_1_29' title='bbox 361 570 567 643; x_wconf 88' lang='lat' dir='ltr'>pietas,</span> <span class='ocrx_word' id='word_1_30' title='bbox 599 570 701 625; x_wconf 92' lang='lat' dir='ltr'>ubi</span> <span class='ocrx_word' id='word_1_31' title='bbox 750 570 893 625; x_wconf 88' lang='lat' dir='ltr'>ﬁdes</span> <span class='ocrx_word' id='word_1_32' title='bbox 925 574 1099 642; x_wconf 89' lang='lat' dir='ltr'>atque</span> <span class='ocrx_word' id='word_1_33' title='bbox 1130 570 1374 626; x_wconf 84' lang='lat' dir='ltr'>devotio.</span> <span class='ocrx_word' id='word_1_34' title='bbox 1399 570 1580 640; x_wconf 87' lang='lat' dir='ltr'>Cujus</span> <span class='ocrx_word' id='word_1_35' title='bbox 1628 569 1711 625; x_wconf 86' lang='lat' dir='ltr'>rei</span> 
     </span>
    </p>
   </div>
   <div class='ocr_carea' id='block_1_6' title="bbox 107 658 1709 731">
    <p class='ocr_par' dir='ltr' id='par_1_6' title="bbox 107 658 1709 731">
     <span class='ocr_line' id='line_1_6' title="bbox 107 658 1709 731; baseline -0.001 -14"><span class='ocrx_word' id='word_1_36' title='bbox 107 661 439 717; x_wconf 87' lang='lat' dir='ltr'>manifestum</span> <span class='ocrx_word' id='word_1_37' title='bbox 471 664 531 715; x_wconf 88' lang='lat' dir='ltr'>et</span> <span class='ocrx_word' id='word_1_38' title='bbox 558 659 794 715; x_wconf 83' lang='lat' dir='ltr'>evidens</span> <span class='ocrx_word' id='word_1_39' title='bbox 844 658 1176 731; x_wconf 85' lang='lat' dir='ltr'>exemplum</span> <span class='ocrx_word' id='word_1_40' title='bbox 1216 663 1304 715; x_wconf 87' lang='lat' dir='ltr'>est</span> <span class='ocrx_word' id='word_1_41' title='bbox 1350 658 1566 715; x_wconf 88' lang='lat' dir='ltr'>oblatio</span> <span class='ocrx_word' id='word_1_42' title='bbox 1607 676 1709 731; x_wconf 92' lang='lat' dir='ltr'>pa-</span> 
     </span>
    </p>
   </div>
   <div class='ocr_carea' id='block_1_7' title="bbox 104 746 1709 819">
    <p class='ocr_par' dir='ltr' id='par_1_7' title="bbox 104 746 1709 819">
     <span class='ocr_line' id='line_1_7' title="bbox 104 746 1709 819; baseline -0.002 -14"><span class='ocrx_word' id='word_1_43' title='bbox 104 750 327 805; x_wconf 58' lang='lat' dir='ltr'>triarcha</span> <span class='ocrx_word' id='word_1_44' title='bbox 357 748 537 815; x_wconf 87' lang='lat' dir='ltr'>Isaac,</span> <span class='ocrx_word' id='word_1_45' title='bbox 568 764 743 819; x_wconf 88' lang='lat' dir='ltr'>quem</span> <span class='ocrx_word' id='word_1_46' title='bbox 785 746 1058 802; x_wconf 88' lang='lat' dir='ltr'>sacriﬁcii</span> <span class='ocrx_word' id='word_1_47' title='bbox 1102 748 1274 802; x_wconf 91' lang='lat' dir='ltr'>modo</span> <span class='ocrx_word' id='word_1_48' title='bbox 1302 746 1516 803; x_wconf 87' lang='lat' dir='ltr'>obtulit</span> <span class='ocrx_word' id='word_1_49' title='bbox 1546 750 1709 819; x_wconf 88' lang='lat' dir='ltr'>pater</span> 
     </span>
    </p>
   </div>
   <div class='ocr_carea' id='block_1_8' title="bbox 106 835 1705 909">
    <p class='ocr_par' dir='ltr' id='par_1_8' title="bbox 106 835 1705 909">
     <span class='ocr_line' id='line_1_8' title="bbox 106 835 1705 909; baseline -0.002 -16"><span class='ocrx_word' id='word_1_50' title='bbox 106 838 292 893; x_wconf 85' lang='lat' dir='ltr'>nullius</span> <span class='ocrx_word' id='word_1_51' title='bbox 320 840 478 891; x_wconf 90' lang='lat' dir='ltr'>motu</span> <span class='ocrx_word' id='word_1_52' title='bbox 510 836 801 909; x_wconf 82' lang='lat' dir='ltr'>passionis</span> <span class='ocrx_word' id='word_1_53' title='bbox 828 836 1077 891; x_wconf 81' lang='lat' dir='ltr'>inﬂexus</span> <span class='ocrx_word' id='word_1_54' title='bbox 1106 835 1397 899; x_wconf 63' lang='lat' dir='ltr'>humanae,</span> <span class='ocrx_word' id='word_1_55' title='bbox 1422 836 1705 891; x_wconf 80' lang='lat' dir='ltr'>mundam</span> 
     </span>
    </p>
   </div>
   <div class='ocr_carea' id='block_1_9' title="bbox 106 924 1709 997">
    <p class='ocr_par' dir='ltr' id='par_1_9' title="bbox 106 924 1709 997">
     <span class='ocr_line' id='line_1_9' title="bbox 106 924 1709 997; baseline -0.001 -15"><span class='ocrx_word' id='word_1_56' title='bbox 106 927 310 982; x_wconf 83' lang='lat' dir='ltr'>offerens</span> <span class='ocrx_word' id='word_1_57' title='bbox 363 925 476 980; x_wconf 93' lang='lat' dir='ltr'>Deo</span> <span class='ocrx_word' id='word_1_58' title='bbox 535 924 806 990; x_wconf 89' lang='lat' dir='ltr'>hostiam,</span> <span class='ocrx_word' id='word_1_59' title='bbox 831 941 1194 997; x_wconf 89' lang='lat' dir='ltr'>vacuamque</span> <span class='ocrx_word' id='word_1_60' title='bbox 1249 924 1600 991; x_wconf 82' lang='lat' dir='ltr'>formidinis,</span> <span class='ocrx_word' id='word_1_61' title='bbox 1650 928 1709 980; x_wconf 91' lang='lat' dir='ltr'>et</span> 
     </span>
    </p>
   </div>
   <div class='ocr_carea' id='block_1_10' title="bbox 104 1013 1709 1086">
    <p class='ocr_par' dir='ltr' id='par_1_10' title="bbox 104 1013 1709 1086">
     <span class='ocr_line' id='line_1_10' title="bbox 104 1013 1709 1086; baseline -0.001 -16"><span class='ocrx_word' id='word_1_62' title='bbox 104 1031 347 1086; x_wconf 70' lang='lat' dir='ltr'>corporeae</span> <span class='ocrx_word' id='word_1_63' title='bbox 370 1013 708 1086; x_wconf 82' lang='lat' dir='ltr'>cupiditatis</span> <span class='ocrx_word' id='word_1_64' title='bbox 734 1014 1231 1079; x_wconf 85' lang='lat' dir='ltr'>immunem,cum</span> <span class='ocrx_word' id='word_1_65' title='bbox 1255 1013 1380 1086; x_wconf 89' lang='lat' dir='ltr'>ipsa</span> <span class='ocrx_word' id='word_1_66' title='bbox 1405 1013 1589 1085; x_wconf 91' lang='lat' dir='ltr'>pietas</span> <span class='ocrx_word' id='word_1_67' title='bbox 1611 1030 1709 1085; x_wconf 87' lang='lat' dir='ltr'>pa-</span> 
     </span>
    </p>
   </div>
   <div class='ocr_carea' id='block_1_11' title="bbox 105 1100 1157 1159">
    <p class='ocr_par' dir='ltr' id='par_1_11' title="bbox 105 1100 1157 1159">
     <span class='ocr_line' id='line_1_11' title="bbox 105 1100 1157 1159; baseline -0.001 -1"><span class='ocrx_word' id='word_1_68' title='bbox 105 1105 188 1159; x_wconf 90' lang='lat' dir='ltr'>tris</span> <span class='ocrx_word' id='word_1_69' title='bbox 212 1103 484 1159; x_wconf 81' lang='lat' dir='ltr'>devotioni</span> <span class='ocrx_word' id='word_1_70' title='bbox 518 1103 742 1158; x_wconf 89' lang='lat' dir='ltr'>cederet</span> <span class='ocrx_word' id='word_1_71' title='bbox 772 1100 1157 1157; x_wconf 88' lang='lat' dir='ltr'>immolantis.</span> 
     </span>
    </p>
   </div>
   <div class='ocr_carea' id='block_1_12' title="bbox 103 1190 1706 1332">
    <p class='ocr_par' dir='ltr' id='par_1_12' title="bbox 103 1190 1706 1332">
     <span class='ocr_line' id='line_1_12' title="bbox 103 1190 1706 1332; baseline -0.001 -15"><span class='ocrx_word' id='word_1_72' title='bbox 103 1264 343 1317; x_wconf 75' lang='lat' dir='ltr'>Primitias</span> <span class='ocrx_word' id='word_1_73' title='bbox 370 1278 478 1329; x_wconf 78' lang='lat' dir='ltr'>non</span> <span class='ocrx_word' id='word_1_74' title='bbox 508 1190 1213 1332; x_wconf 34' lang='grc' dir='ltr'>ἐθωρονὲῥξεῐᾶἲαῗέιὶἰαιθ</span> <span class='ocrx_word' id='word_1_75' title='bbox 1241 1263 1516 1318; x_wconf 65' lang='lat' dir='ltr'>aestimari</span> <span class='ocrx_word' id='word_1_76' title='bbox 1532 1277 1706 1332; x_wconf 53' lang='lat' dir='ltr'>{cum</span> 
     </span>
    </p>
   </div>
   <div class='ocr_carea' id='block_1_13' title="bbox 157 1331 1705 1405">
    <p class='ocr_par' dir='ltr' id='par_1_13' title="bbox 157 1331 1705 1405">
     <span class='ocr_line' id='line_1_13' title="bbox 157 1331 1705 1405; baseline -0.003 -14"><span class='ocrx_word' id='word_1_77' title='bbox 157 1333 243 1401; x_wconf 74' lang='lat' dir='ltr'>ﬁde</span> <span class='ocrx_word' id='word_1_78' title='bbox 265 1349 383 1404; x_wconf 59' lang='lat' dir='ltr'>qua</span> <span class='ocrx_word' id='word_1_79' title='bbox 418 1331 696 1403; x_wconf 83' lang='lat' dir='ltr'>imprimis</span> <span class='ocrx_word' id='word_1_80' title='bbox 736 1335 1042 1388; x_wconf 83' lang='lat' dir='ltr'>necessaria</span> <span class='ocrx_word' id='word_1_81' title='bbox 1086 1338 1187 1399; x_wconf 83' lang='lat' dir='ltr'>est,</span> <span class='ocrx_word' id='word_1_82' title='bbox 1232 1331 1609 1405; x_wconf 65' lang='lat' dir='ltr'>coniungenda</span> <span class='ocrx_word' id='word_1_83' title='bbox 1636 1332 1705 1387; x_wconf 82' lang='lat' dir='ltr'>ad</span> 
     </span>
    </p>
   </div>
   <div class='ocr_carea' id='block_1_14' title="bbox 157 1403 1707 1474">
    <p class='ocr_par' dir='ltr' id='par_1_14' title="bbox 157 1403 1707 1474">
     <span class='ocr_line' id='line_1_14' title="bbox 157 1403 1707 1474; baseline -0.001 -15"><span class='ocrx_word' id='word_1_84' title='bbox 157 1403 319 1459; x_wconf 83' lang='lat' dir='ltr'>verum</span> <span class='ocrx_word' id='word_1_85' title='bbox 362 1406 696 1474; x_wconf 79' lang='lat' dir='ltr'>sacriﬁcium</span> <span class='ocrx_word' id='word_1_86' title='bbox 738 1405 880 1460; x_wconf 85' lang='lat' dir='ltr'>bona</span> <span class='ocrx_word' id='word_1_87' title='bbox 907 1420 1076 1474; x_wconf 82' lang='lat' dir='ltr'>opera</span> <span class='ocrx_word' id='word_1_88' title='bbox 1103 1422 1122 1457; x_wconf 89' lang='lat'><strong><em>:</em></strong></span> <span class='ocrx_word' id='word_1_89' title='bbox 1150 1403 1335 1473; x_wconf 80' lang='lat' dir='ltr'>fructu</span> <span class='ocrx_word' id='word_1_90' title='bbox 1380 1403 1707 1459; x_wconf 86' lang='lat' dir='ltr'>mutandum</span> 
     </span>
    </p>
   </div>
   <div class='ocr_carea' id='block_1_15' title="bbox 157 1474 1706 1548">
    <p class='ocr_par' dir='ltr' id='par_1_15' title="bbox 157 1474 1706 1548">
     <span class='ocr_line' id='line_1_15' title="bbox 157 1474 1706 1548; baseline 0 -19"><span class='ocrx_word' id='word_1_91' title='bbox 157 1476 384 1545; x_wconf 85' lang='lat' dir='ltr'>laborem,</span> <span class='ocrx_word' id='word_1_92' title='bbox 416 1481 577 1548; x_wconf 85' lang='lat' dir='ltr'>atque</span> <span class='ocrx_word' id='word_1_93' title='bbox 621 1478 870 1531; x_wconf 87' lang='lat' dir='ltr'>animam</span> <span class='ocrx_word' id='word_1_94' title='bbox 916 1476 982 1531; x_wconf 92' lang='lat' dir='ltr'>ab</span> <span class='ocrx_word' id='word_1_95' title='bbox 1024 1476 1315 1531; x_wconf 74' lang='lat' dir='ltr'>inutilibus</span> <span class='ocrx_word' id='word_1_96' title='bbox 1362 1474 1706 1530; x_wconf 77' lang='lat' dir='ltr'>liberandam</span> 
     </span>
    </p>
   </div>
   <div class='ocr_carea' id='block_1_16' title="bbox 155 1563 260 1602">
    <p class='ocr_par' dir='ltr' id='par_1_16' title="bbox 155 1563 260 1602">
     <span class='ocr_line' id='line_1_16' title="bbox 155 1563 260 1602; baseline 0.01 -1"><span class='ocrx_word' id='word_1_97' title='bbox 155 1563 260 1602; x_wconf 69' lang='grc' dir='ltr'>εδδε.</span> 
     </span>
    </p>
   </div>
   <div class='ocr_carea' id='block_1_17' title="bbox 155 1632 1701 1707">
    <p class='ocr_par' dir='ltr' id='par_1_17' title="bbox 155 1632 1701 1707">
     <span class='ocr_line' id='line_1_17' title="bbox 155 1632 1701 1707; baseline 0 -20"><span class='ocrx_word' id='word_1_98' title='bbox 155 1637 197 1687; x_wconf 93' lang='grc'>7.</span> <span class='ocrx_word' id='word_1_99' title='bbox 224 1635 373 1690; x_wconf 89' lang='lat' dir='ltr'>Nunc</span> <span class='ocrx_word' id='word_1_100' title='bbox 403 1634 849 1689; x_wconf 85' lang='lat' dir='ltr'>consideremus</span> <span class='ocrx_word' id='word_1_101' title='bbox 880 1649 1007 1704; x_wconf 67' lang='lat' dir='ltr'>quae</span> <span class='ocrx_word' id='word_1_102' title='bbox 1052 1633 1131 1689; x_wconf 88' lang='lat' dir='ltr'>sit</span> <span class='ocrx_word' id='word_1_103' title='bbox 1157 1634 1245 1689; x_wconf 91' lang='lat' dir='ltr'>vis</span> <span class='ocrx_word' id='word_1_104' title='bbox 1286 1632 1701 1707; x_wconf 91' lang='lat' dir='ltr'>primitiarum,</span> 
     </span>
    </p>
   </div>
   <div class='ocr_carea' id='block_1_18' title="bbox 100 1721 1705 1795">
    <p class='ocr_par' dir='ltr' id='par_1_18' title="bbox 100 1721 1705 1795">
     <span class='ocr_line' id='line_1_18' title="bbox 100 1721 1705 1795; baseline -0.001 -18"><span class='ocrx_word' id='word_1_105' title='bbox 100 1728 143 1777; x_wconf 81' lang='lat' dir='ltr'>et</span> <span class='ocrx_word' id='word_1_106' title='bbox 158 1728 327 1779; x_wconf 85' lang='lat' dir='ltr'>utrum</span> <span class='ocrx_word' id='word_1_107' title='bbox 349 1728 612 1795; x_wconf 92' lang='lat' dir='ltr'>tempore</span> <span class='ocrx_word' id='word_1_108' title='bbox 635 1721 999 1777; x_wconf 76' lang='lat' dir='ltr'>aestimentur</span> <span class='ocrx_word' id='word_1_109' title='bbox 1020 1722 1310 1794; x_wconf 67' lang='lat' dir='ltr'>primitim,</span> <span class='ocrx_word' id='word_1_110' title='bbox 1335 1739 1407 1778; x_wconf 93' lang='lat' dir='ltr'>an</span> <span class='ocrx_word' id='word_1_111' title='bbox 1430 1721 1705 1778; x_wconf 88' lang='lat' dir='ltr'>sanctita-</span> 
     </span>
    </p>
   </div>
   <div class='ocr_carea' id='block_1_19' title="bbox 100 1791 1784 1883">
    <p class='ocr_par' dir='ltr' id='par_1_19' title="bbox 100 1791 1784 1883">
     <span class='ocr_line' id='line_1_19' title="bbox 100 1791 1784 1883; baseline -0.001 -20"><span class='ocrx_word' id='word_1_112' title='bbox 100 1815 157 1879; x_wconf 87' lang='lat' dir='ltr'>te,</span> <span class='ocrx_word' id='word_1_113' title='bbox 176 1811 269 1866; x_wconf 92' lang='lat' dir='ltr'>hoc</span> <span class='ocrx_word' id='word_1_114' title='bbox 296 1818 398 1877; x_wconf 89' lang='lat' dir='ltr'>est,</span> <span class='ocrx_word' id='word_1_115' title='bbox 421 1791 628 1867; x_wconf 75' lang='lat' dir='ltr'>utrum</span> <span class='ocrx_word' id='word_1_116' title='bbox 661 1810 860 1865; x_wconf 88' lang='lat' dir='ltr'>omnia</span> <span class='ocrx_word' id='word_1_117' title='bbox 881 1791 1042 1866; x_wconf 57' lang='lat'>203</span> <span class='ocrx_word' id='word_1_118' title='bbox 1073 1810 1462 1883; x_wconf 81' lang='lat' dir='ltr'>primogenita</span> <span class='ocrx_word' id='word_1_119' title='bbox 1492 1809 1707 1865; x_wconf 89' lang='lat' dir='ltr'>sancti-</span> <span class='ocrx_word' id='word_1_120' title='bbox 1736 1791 1784 1856; x_wconf 81' lang='grc' dir='ltr'><strong>Β</strong></span> 
     </span>
    </p>
   </div>
   <div class='ocr_carea' id='block_1_20' title="bbox 100 1897 1706 1970">
    <p class='ocr_par' dir='ltr' id='par_1_20' title="bbox 100 1897 1706 1970">
     <span class='ocr_line' id='line_1_20' title="bbox 100 1897 1706 1970; baseline 0 -18"><span class='ocrx_word' id='word_1_121' title='bbox 100 1899 381 1956; x_wconf 86' lang='lat' dir='ltr'>ﬁcationem</span> <span class='ocrx_word' id='word_1_122' title='bbox 410 1900 679 1955; x_wconf 77' lang='lat' dir='ltr'>habeant</span> <span class='ocrx_word' id='word_1_123' title='bbox 717 1898 1132 1970; x_wconf 87' lang='lat' dir='ltr'>primitiarum.</span> <span class='ocrx_word' id='word_1_124' title='bbox 1167 1898 1439 1954; x_wconf 72' lang='lat' dir='ltr'>Primitiae</span> <span class='ocrx_word' id='word_1_125' title='bbox 1489 1897 1706 1953; x_wconf 89' lang='lat' dir='ltr'>etenim</span> 
     </span>
    </p>
   </div>
   <div class='ocr_carea' id='block_1_21' title="bbox 102 1986 1704 2060">
    <p class='ocr_par' dir='ltr' id='par_1_21' title="bbox 102 1986 1704 2060">
     <span class='ocr_line' id='line_1_21' title="bbox 102 1986 1704 2060; baseline 0.001 -20"><span class='ocrx_word' id='word_1_126' title='bbox 102 1987 349 2044; x_wconf 83' lang='lat' dir='ltr'>fructuum</span> <span class='ocrx_word' id='word_1_127' title='bbox 381 1992 600 2044; x_wconf 74' lang='lat' dir='ltr'>sanctae</span> <span class='ocrx_word' id='word_1_128' title='bbox 632 1988 957 2043; x_wconf 90' lang='lat' dir='ltr'>secundum</span> <span class='ocrx_word' id='word_1_129' title='bbox 997 1986 1184 2060; x_wconf 88' lang='lat' dir='ltr'>legem</span> <span class='ocrx_word' id='word_1_130' title='bbox 1218 1988 1405 2059; x_wconf 83' lang='lat' dir='ltr'>(Num.</span> <span class='ocrx_word' id='word_1_131' title='bbox 1428 2003 1588 2053; x_wconf 86' lang='lat' dir='ltr'>xvm,</span> <span class='ocrx_word' id='word_1_132' title='bbox 1620 1986 1704 2057; x_wconf 90' lang='lat'>8);</span> 
     </span>
    </p>
   </div>
   <div class='ocr_carea' id='block_1_22' title="bbox 102 2076 1702 2151">
    <p class='ocr_par' dir='ltr' id='par_1_22' title="bbox 102 2076 1702 2151">
     <span class='ocr_line' id='line_1_22' title="bbox 102 2076 1702 2151; baseline 0 -20"><span class='ocrx_word' id='word_1_133' title='bbox 102 2076 208 2147; x_wconf 88' lang='lat' dir='ltr'>quia</span> <span class='ocrx_word' id='word_1_134' title='bbox 232 2078 283 2133; x_wconf 91' lang='lat' dir='ltr'>in</span> <span class='ocrx_word' id='word_1_135' title='bbox 310 2078 401 2133; x_wconf 92' lang='lat' dir='ltr'>bis</span> <span class='ocrx_word' id='word_1_136' title='bbox 432 2077 728 2151; x_wconf 90' lang='lat' dir='ltr'>optimum</span> <span class='ocrx_word' id='word_1_137' title='bbox 760 2077 981 2132; x_wconf 66' lang='lat' dir='ltr'>festinae</span> <span class='ocrx_word' id='word_1_138' title='bbox 1012 2077 1147 2133; x_wconf 92' lang='lat' dir='ltr'>ﬁdei</span> <span class='ocrx_word' id='word_1_139' title='bbox 1186 2077 1537 2133; x_wconf 89' lang='lat' dir='ltr'>sacriﬁcium</span> <span class='ocrx_word' id='word_1_140' title='bbox 1568 2080 1659 2132; x_wconf 88' lang='lat' dir='ltr'>est</span> <span class='ocrx_word' id='word_1_141' title='bbox 1688 2092 1702 2130; x_wconf 88' lang='lat'><strong>:</strong></span> 
     </span>
    </p>
   </div>
   <div class='ocr_carea' id='block_1_23' title="bbox 103 2165 1705 2238">
    <p class='ocr_par' dir='ltr' id='par_1_23' title="bbox 103 2165 1705 2238">
     <span class='ocr_line' id='line_1_23' title="bbox 103 2165 1705 2238; baseline 0.001 -19"><span class='ocrx_word' id='word_1_142' title='bbox 103 2166 179 2220; x_wconf 83' lang='lat' dir='ltr'>sed</span> <span class='ocrx_word' id='word_1_143' title='bbox 206 2167 340 2221; x_wconf 81' lang='lat' dir='ltr'>fiunt</span> <span class='ocrx_word' id='word_1_144' title='bbox 367 2170 588 2222; x_wconf 72' lang='lat' dir='ltr'>sanctze</span> <span class='ocrx_word' id='word_1_145' title='bbox 609 2166 933 2230; x_wconf 86' lang='lat' dir='ltr'>devotione,</span> <span class='ocrx_word' id='word_1_146' title='bbox 957 2183 1071 2220; x_wconf 91' lang='lat' dir='ltr'>non</span> <span class='ocrx_word' id='word_1_147' title='bbox 1100 2169 1385 2237; x_wconf 85' lang='lat' dir='ltr'>tempore;</span> <span class='ocrx_word' id='word_1_148' title='bbox 1420 2165 1559 2238; x_wconf 86' lang='lat' dir='ltr'>quia</span> <span class='ocrx_word' id='word_1_149' title='bbox 1588 2181 1705 2221; x_wconf 91' lang='lat' dir='ltr'>non</span> 
     </span>
    </p>
   </div>
   <div class='ocr_carea' id='block_1_24' title="bbox 102 2253 1708 2326">
    <p class='ocr_par' dir='ltr' id='par_1_24' title="bbox 102 2253 1708 2326">
     <span class='ocr_line' id='line_1_24' title="bbox 102 2253 1708 2326; baseline -0.001 -18"><span class='ocrx_word' id='word_1_150' title='bbox 102 2259 365 2323; x_wconf 76' lang='lat' dir='ltr'>proventus</span> <span class='ocrx_word' id='word_1_151' title='bbox 394 2254 745 2321; x_wconf 83' lang='lat' dir='ltr'>sanctiﬁcat,</span> <span class='ocrx_word' id='word_1_152' title='bbox 765 2254 864 2309; x_wconf 89' lang='lat' dir='ltr'>sed</span> <span class='ocrx_word' id='word_1_153' title='bbox 888 2254 1131 2309; x_wconf 88' lang='lat' dir='ltr'>devotio.</span> <span class='ocrx_word' id='word_1_154' title='bbox 1153 2254 1415 2326; x_wconf 89' lang='lat' dir='ltr'>Denique</span> <span class='ocrx_word' id='word_1_155' title='bbox 1434 2253 1533 2309; x_wconf 89' lang='lat' dir='ltr'>ubi</span> <span class='ocrx_word' id='word_1_156' title='bbox 1556 2253 1708 2309; x_wconf 92' lang='lat' dir='ltr'>celer</span> 
     </span>
    </p>
   </div>
   <div class='ocr_carea' id='block_1_25' title="bbox 102 2342 1706 2412">
    <p class='ocr_par' dir='ltr' id='par_1_25' title="bbox 102 2342 1706 2412">
     <span class='ocr_line' id='line_1_25' title="bbox 102 2342 1706 2412; baseline 0 -16"><span class='ocrx_word' id='word_1_157' title='bbox 102 2348 366 2412; x_wconf 88' lang='lat' dir='ltr'>proventus</span> <span class='ocrx_word' id='word_1_158' title='bbox 396 2348 506 2411; x_wconf 90' lang='lat' dir='ltr'>est,</span> <span class='ocrx_word' id='word_1_159' title='bbox 541 2342 591 2398; x_wconf 86' lang='lat' dir='ltr'>si</span> <span class='ocrx_word' id='word_1_160' title='bbox 641 2342 868 2399; x_wconf 84' lang='lat' dir='ltr'>devotio</span> <span class='ocrx_word' id='word_1_161' title='bbox 916 2347 1194 2407; x_wconf 89' lang='lat' dir='ltr'>moretur,</span> <span class='ocrx_word' id='word_1_162' title='bbox 1223 2343 1448 2399; x_wconf 73' lang='lat' dir='ltr'>offensa</span> <span class='ocrx_word' id='word_1_163' title='bbox 1477 2345 1706 2398; x_wconf 85' lang='lat' dir='ltr'>contra—</span> 
     </span>
    </p>
   </div>
   <div class='ocr_carea' id='block_1_26' title="bbox 103 2422 1704 2505">
    <p class='ocr_par' dir='ltr' id='par_1_26' title="bbox 103 2422 1704 2505">
     <span class='ocr_line' id='line_1_26' title="bbox 103 2422 1704 2505; baseline 0.001 -22"><span class='ocrx_word' id='word_1_164' title='bbox 103 2430 243 2486; x_wconf 81' lang='lat' dir='ltr'>hitur.</span> <span class='ocrx_word' id='word_1_165' title='bbox 283 2432 400 2487; x_wconf 91' lang='lat' dir='ltr'>Non</span> <span class='ocrx_word' id='word_1_166' title='bbox 449 2448 593 2505; x_wconf 87' lang='lat' dir='ltr'>ergo</span> <span class='ocrx_word' id='word_1_167' title='bbox 643 2430 841 2486; x_wconf 86' lang='lat' dir='ltr'>omnia</span> <span class='ocrx_word' id='word_1_168' title='bbox 887 2422 1277 2504; x_wconf 85' lang='lat' dir='ltr'>primogenita</span> <span class='ocrx_word' id='word_1_169' title='bbox 1325 2436 1526 2487; x_wconf 89' lang='lat' dir='ltr'>sancta</span> <span class='ocrx_word' id='word_1_170' title='bbox 1556 2447 1569 2484; x_wconf 91' lang='lat'><strong>:</strong></span> <span class='ocrx_word' id='word_1_171' title='bbox 1604 2430 1704 2485; x_wconf 93' lang='lat' dir='ltr'>sed</span> 
     </span>
    </p>
   </div>
   <div class='ocr_carea' id='block_1_27' title="bbox 102 2519 1703 2593">
    <p class='ocr_par' dir='ltr' id='par_1_27' title="bbox 102 2519 1703 2593">
     <span class='ocr_line' id='line_1_27' title="bbox 102 2519 1703 2593; baseline 0 -21"><span class='ocrx_word' id='word_1_172' title='bbox 102 2520 259 2574; x_wconf 84' lang='lat' dir='ltr'>omnia</span> <span class='ocrx_word' id='word_1_173' title='bbox 285 2538 403 2593; x_wconf 55' lang='lat' dir='ltr'>quas</span> <span class='ocrx_word' id='word_1_174' title='bbox 447 2523 659 2577; x_wconf 86' lang='lat' dir='ltr'>sancta</span> <span class='ocrx_word' id='word_1_175' title='bbox 701 2524 857 2587; x_wconf 88' lang='lat' dir='ltr'>sunt,</span> <span class='ocrx_word' id='word_1_176' title='bbox 887 2523 1025 2576; x_wconf 90' lang='lat' dir='ltr'>sunt</span> <span class='ocrx_word' id='word_1_177' title='bbox 1072 2519 1246 2575; x_wconf 89' lang='lat' dir='ltr'>etiam</span> <span class='ocrx_word' id='word_1_178' title='bbox 1296 2519 1703 2591; x_wconf 83' lang='lat' dir='ltr'>primogenita.</span> 
     </span>
    </p>
   </div>
   <div class='ocr_carea' id='block_1_28' title="bbox 102 2607 1705 2680">
    <p class='ocr_par' dir='ltr' id='par_1_28' title="bbox 102 2607 1705 2680">
     <span class='ocr_line' id='line_1_28' title="bbox 102 2607 1705 2680; baseline 0.001 -21"><span class='ocrx_word' id='word_1_179' title='bbox 102 2607 318 2680; x_wconf 84' lang='lat' dir='ltr'>Denique</span> <span class='ocrx_word' id='word_1_180' title='bbox 346 2610 482 2665; x_wconf 86' lang='lat' dir='ltr'>Cain</span> <span class='ocrx_word' id='word_1_181' title='bbox 516 2608 968 2680; x_wconf 86' lang='lat' dir='ltr'>primogenitus,</span> <span class='ocrx_word' id='word_1_182' title='bbox 994 2609 1093 2663; x_wconf 91' lang='lat' dir='ltr'>sed</span> <span class='ocrx_word' id='word_1_183' title='bbox 1127 2625 1243 2663; x_wconf 91' lang='lat' dir='ltr'>non</span> <span class='ocrx_word' id='word_1_184' title='bbox 1274 2612 1533 2663; x_wconf 88' lang='lat' dir='ltr'>sanctus.</span> <span class='ocrx_word' id='word_1_185' title='bbox 1561 2608 1705 2663; x_wconf 89' lang='lat' dir='ltr'>San-</span> 
     </span>
    </p>
   </div>
   <div class='ocr_carea' id='block_1_29' title="bbox 103 2691 1708 2772">
    <p class='ocr_par' dir='ltr' id='par_1_29' title="bbox 103 2691 1708 2772">
     <span class='ocr_line' id='line_1_29' title="bbox 103 2691 1708 2772; baseline 0.002 -23"><span class='ocrx_word' id='word_1_186' title='bbox 103 2702 203 2752; x_wconf 82' lang='lat' dir='ltr'>ctus</span> <span class='ocrx_word' id='word_1_187' title='bbox 227 2715 443 2772; x_wconf 89' lang='lat' dir='ltr'>quoque</span> <span class='ocrx_word' id='word_1_188' title='bbox 486 2691 672 2753; x_wconf 80' lang='lat' dir='ltr'>Israel</span> <span class='ocrx_word' id='word_1_189' title='bbox 709 2697 809 2753; x_wconf 88' lang='lat' dir='ltr'>Dei</span> <span class='ocrx_word' id='word_1_190' title='bbox 859 2697 1131 2768; x_wconf 89' lang='lat' dir='ltr'>populus,</span> <span class='ocrx_word' id='word_1_191' title='bbox 1164 2698 1264 2753; x_wconf 91' lang='lat' dir='ltr'>sed</span> <span class='ocrx_word' id='word_1_192' title='bbox 1317 2714 1431 2753; x_wconf 89' lang='lat' dir='ltr'>non</span> <span class='ocrx_word' id='word_1_193' title='bbox 1479 2697 1708 2769; x_wconf 91' lang='lat' dir='ltr'>primus</span> 
     </span>
    </p>
   </div>
   <div class='ocr_carea' id='block_1_30' title="bbox 105 2781 1709 2856">
    <p class='ocr_par' dir='ltr' id='par_1_30' title="bbox 105 2781 1709 2856">
     <span class='ocr_line' id='line_1_30' title="bbox 105 2781 1709 2856; baseline -0.001 -20"><span class='ocrx_word' id='word_1_194' title='bbox 105 2788 258 2851; x_wconf 71' lang='lat' dir='ltr'>atate;</span> <span class='ocrx_word' id='word_1_195' title='bbox 283 2791 335 2841; x_wconf 88' lang='lat' dir='ltr'>et</span> <span class='ocrx_word' id='word_1_196' title='bbox 352 2791 551 2842; x_wconf 86' lang='lat' dir='ltr'>tamen</span> <span class='ocrx_word' id='word_1_197' title='bbox 577 2783 1003 2856; x_wconf 86' lang='lat' dir='ltr'>primogenitus</span> <span class='ocrx_word' id='word_1_198' title='bbox 1030 2783 1375 2855; x_wconf 87' lang='lat' dir='ltr'>appellatur,</span> <span class='ocrx_word' id='word_1_199' title='bbox 1396 2783 1547 2838; x_wconf 90' lang='lat' dir='ltr'>sicut</span> <span class='ocrx_word' id='word_1_200' title='bbox 1571 2781 1709 2838; x_wconf 90' lang='lat' dir='ltr'>scri-</span> 
     </span>
    </p>
   </div>
   <div class='ocr_carea' id='block_1_31' title="bbox 107 2870 1709 2946">
    <p class='ocr_par' dir='ltr' id='par_1_31' title="bbox 107 2870 1709 2946">
     <span class='ocr_line' id='line_1_31' title="bbox 107 2870 1709 2946; baseline -0.001 -20"><span class='ocrx_word' id='word_1_201' title='bbox 107 2878 236 2941; x_wconf 86' lang='lat' dir='ltr'>pturn</span> <span class='ocrx_word' id='word_1_202' title='bbox 262 2879 345 2930; x_wconf 89' lang='lat' dir='ltr'>est</span> <span class='ocrx_word' id='word_1_203' title='bbox 387 2875 446 2929; x_wconf 92' lang='lat' dir='ltr'>in</span> <span class='ocrx_word' id='word_1_204' title='bbox 504 2872 853 2946; x_wconf 87' lang='lat' dir='ltr'>prophetis:</span> <span class='ocrx_word' id='word_1_205' title='bbox 888 2875 1295 2944; x_wconf 84' lang='lat' dir='ltr'>Primogenitus</span> <span class='ocrx_word' id='word_1_206' title='bbox 1343 2887 1495 2926; x_wconf 86' lang='lat' dir='ltr'>meus</span> <span class='ocrx_word' id='word_1_207' title='bbox 1542 2870 1709 2926; x_wconf 81' lang='lat' dir='ltr'>Israel</span> 
     </span>
    </p>
   </div>
   <div class='ocr_carea' id='block_1_32' title="bbox 108 2959 1707 3035">
    <p class='ocr_par' dir='ltr' id='par_1_32' title="bbox 108 2959 1707 3035">
     <span class='ocr_line' id='line_1_32' title="bbox 108 2959 1707 3035; baseline -0.001 -20"><span class='ocrx_word' id='word_1_208' title='bbox 108 2960 258 3016; x_wconf 61' lang='lat' dir='ltr'>(Exod.</span> <span class='ocrx_word' id='word_1_209' title='bbox 283 2980 355 3027; x_wconf 80' lang='lat' dir='ltr'>IV,</span> <span class='ocrx_word' id='word_1_210' title='bbox 374 2964 485 3035; x_wconf 88' lang='lat'>22).</span> <span class='ocrx_word' id='word_1_211' title='bbox 512 2963 589 3017; x_wconf 84' lang='lat' dir='ltr'>Et</span> <span class='ocrx_word' id='word_1_212' title='bbox 618 2961 749 3016; x_wconf 88' lang='lat' dir='ltr'>Levi</span> <span class='ocrx_word' id='word_1_213' title='bbox 778 2965 1038 3028; x_wconf 89' lang='lat' dir='ltr'>sanctus,</span> <span class='ocrx_word' id='word_1_214' title='bbox 1069 2961 1170 3016; x_wconf 92' lang='lat' dir='ltr'>sed</span> <span class='ocrx_word' id='word_1_215' title='bbox 1206 2978 1319 3015; x_wconf 91' lang='lat' dir='ltr'>non</span> <span class='ocrx_word' id='word_1_216' title='bbox 1352 2959 1707 3033; x_wconf 89' lang='lat' dir='ltr'>primogeni-</span> 
     </span>
    </p>
   </div>
   <div class='ocr_carea' id='block_1_33' title="bbox 105 3048 1705 3121">
    <p class='ocr_par' dir='ltr' id='par_1_33' title="bbox 105 3048 1705 3121">
     <span class='ocr_line' id='line_1_33' title="bbox 105 3048 1705 3121; baseline 0.002 -20"><span class='ocrx_word' id='word_1_217' title='bbox 105 3052 202 3117; x_wconf 88' lang='lat' dir='ltr'>tus;</span> <span class='ocrx_word' id='word_1_218' title='bbox 232 3067 353 3105; x_wconf 87' lang='lat' dir='ltr'>nam</span> <span class='ocrx_word' id='word_1_219' title='bbox 384 3050 602 3107; x_wconf 86' lang='lat' dir='ltr'>tertius</span> <span class='ocrx_word' id='word_1_220' title='bbox 634 3051 744 3105; x_wconf 68' lang='lat' dir='ltr'>Liaa</span> <span class='ocrx_word' id='word_1_221' title='bbox 776 3048 935 3104; x_wconf 89' lang='lat' dir='ltr'>ﬁlius</span> <span class='ocrx_word' id='word_1_222' title='bbox 974 3048 1187 3121; x_wconf 84' lang='lat' dir='ltr'>legitur</span> <span class='ocrx_word' id='word_1_223' title='bbox 1216 3049 1369 3120; x_wconf 90' lang='lat' dir='ltr'>(Gen.</span> <span class='ocrx_word' id='word_1_224' title='bbox 1399 3066 1551 3116; x_wconf 86' lang='grc' dir='ltr'>χχιχ,</span> <span class='ocrx_word' id='word_1_225' title='bbox 1575 3048 1665 3119; x_wconf 78' lang='grc'>34)</span> <span class='ocrx_word' id='word_1_226' title='bbox 1692 3066 1705 3104; x_wconf 92' lang='lat'>:</span> 
     </span>
    </p>
   </div>
   <div class='ocr_carea' id='block_1_34' title="bbox 104 3137 1778 3223">
    <p class='ocr_par' dir='ltr' id='par_1_34' title="bbox 104 3137 1778 3223">
     <span class='ocr_line' id='line_1_34' title="bbox 104 3137 1778 3223; baseline 0.002 -34"><span class='ocrx_word' id='word_1_227' title='bbox 104 3141 146 3190; x_wconf 89' lang='lat' dir='ltr'>et</span> <span class='ocrx_word' id='word_1_228' title='bbox 163 3142 329 3195; x_wconf 88' lang='lat' dir='ltr'>tamen</span> <span class='ocrx_word' id='word_1_229' title='bbox 348 3140 558 3195; x_wconf 67' lang='lat' dir='ltr'>Levita:</span> <span class='ocrx_word' id='word_1_230' title='bbox 581 3138 950 3210; x_wconf 90' lang='lat' dir='ltr'>primogeniti</span> <span class='ocrx_word' id='word_1_231' title='bbox 969 3137 1530 3210; x_wconf 87' lang='lat' dir='ltr'>nuncupati,quibus</span> <span class='ocrx_word' id='word_1_232' title='bbox 1549 3137 1621 3192; x_wconf 90' lang='lat' dir='ltr'>ab</span> <span class='ocrx_word' id='word_1_233' title='bbox 1639 3153 1706 3193; x_wconf 89' lang='lat' dir='ltr'>eo</span> <span class='ocrx_word' id='word_1_234' title='bbox 1736 3157 1778 3223; x_wconf 71' lang='grc' dir='ltr'><strong>ρ</strong></span> 
     </span>
    </p>
   </div>
   <div class='ocr_carea' id='block_1_35' title="bbox 104 3225 1704 3297">
    <p class='ocr_par' dir='ltr' id='par_1_35' title="bbox 104 3225 1704 3297">
     <span class='ocr_line' id='line_1_35' title="bbox 104 3225 1704 3297; baseline 0.001 -19"><span class='ocrx_word' id='word_1_235' title='bbox 104 3242 274 3282; x_wconf 89' lang='lat' dir='ltr'>nomen</span> <span class='ocrx_word' id='word_1_236' title='bbox 301 3233 384 3285; x_wconf 89' lang='lat' dir='ltr'>est</span> <span class='ocrx_word' id='word_1_237' title='bbox 412 3226 1073 3297; x_wconf 87' lang='lat' dir='ltr'>derivatum.Scriptum</span> <span class='ocrx_word' id='word_1_238' title='bbox 1110 3230 1199 3281; x_wconf 91' lang='lat' dir='ltr'>est</span> <span class='ocrx_word' id='word_1_239' title='bbox 1231 3226 1387 3281; x_wconf 90' lang='lat' dir='ltr'>enim</span> <span class='ocrx_word' id='word_1_240' title='bbox 1409 3225 1468 3280; x_wconf 90' lang='lat' dir='ltr'>in</span> <span class='ocrx_word' id='word_1_241' title='bbox 1490 3226 1704 3281; x_wconf 89' lang='lat' dir='ltr'>Nume-</span> 
     </span>
    </p>
   </div>
   <div class='ocr_carea' id='block_1_36' title="bbox 102 3313 1707 3386">
    <p class='ocr_par' dir='ltr' id='par_1_36' title="bbox 102 3313 1707 3386">
     <span class='ocr_line' id='line_1_36' title="bbox 102 3313 1707 3386; baseline 0.003 -21"><span class='ocrx_word' id='word_1_242' title='bbox 102 3313 194 3368; x_wconf 85' lang='lat' dir='ltr'>ris:</span> <span class='ocrx_word' id='word_1_243' title='bbox 221 3318 335 3372; x_wconf 79' lang='lat' dir='ltr'>Ecce</span> <span class='ocrx_word' id='word_1_244' title='bbox 369 3321 430 3372; x_wconf 85' lang='lat' dir='ltr'>tu</span> <span class='ocrx_word' id='word_1_245' title='bbox 470 3317 697 3372; x_wconf 76' lang='lat' dir='ltr'>Levites</span> <span class='ocrx_word' id='word_1_246' title='bbox 746 3316 810 3370; x_wconf 89' lang='lat' dir='ltr'>de</span> <span class='ocrx_word' id='word_1_247' title='bbox 853 3314 1029 3370; x_wconf 85' lang='lat' dir='ltr'>medio</span> <span class='ocrx_word' id='word_1_248' title='bbox 1086 3315 1329 3384; x_wconf 80' lang='lat' dir='ltr'>ﬁliorum</span> <span class='ocrx_word' id='word_1_249' title='bbox 1382 3314 1552 3371; x_wconf 82' lang='lat' dir='ltr'>Israel</span> <span class='ocrx_word' id='word_1_250' title='bbox 1606 3330 1707 3386; x_wconf 88' lang='lat' dir='ltr'>pro</span> 
     </span>
    </p>
   </div>
   <div class='ocr_carea' id='block_1_37' title="bbox 102 3403 1705 3476">
    <p class='ocr_par' dir='ltr' id='par_1_37' title="bbox 102 3403 1705 3476">
     <span class='ocr_line' id='line_1_37' title="bbox 102 3403 1705 3476; baseline -0.001 -18"><span class='ocrx_word' id='word_1_251' title='bbox 102 3406 221 3458; x_wconf 81' lang='lat' dir='ltr'>omni</span> <span class='ocrx_word' id='word_1_252' title='bbox 252 3407 618 3476; x_wconf 81' lang='lat' dir='ltr'>primogenita</span> <span class='ocrx_word' id='word_1_253' title='bbox 647 3405 744 3476; x_wconf 87' lang='lat' dir='ltr'>qui</span> <span class='ocrx_word' id='word_1_254' title='bbox 783 3405 961 3475; x_wconf 85' lang='lat' dir='ltr'>aperit</span> <span class='ocrx_word' id='word_1_255' title='bbox 990 3404 1206 3458; x_wconf 83' lang='lat' dir='ltr'>vulvam</span> <span class='ocrx_word' id='word_1_256' title='bbox 1255 3420 1289 3458; x_wconf 83' lang='grc' dir='ltr'>ιι</span> <span class='ocrx_word' id='word_1_257' title='bbox 1337 3403 1471 3472; x_wconf 82' lang='lat' dir='ltr'>ﬁliis</span> <span class='ocrx_word' id='word_1_258' title='bbox 1515 3404 1705 3471; x_wconf 81' lang='lat' dir='ltr'>Israel,</span> 
     </span>
    </p>
   </div>
   <div class='ocr_carea' id='block_1_38' title="bbox 1818 568 3467 641">
    <p class='ocr_par' dir='ltr' id='par_1_38' title="bbox 1818 568 3467 641">
     <span class='ocr_line' id='line_1_38' title="bbox 1818 568 3467 641; baseline 0.001 -18"><span class='ocrx_word' id='word_1_259' title='bbox 1818 586 2117 625; x_wconf 86' lang='lat' dir='ltr'>versorum</span> <span class='ocrx_word' id='word_1_260' title='bbox 2138 569 2453 625; x_wconf 90' lang='lat' dir='ltr'>criminum</span> <span class='ocrx_word' id='word_1_261' title='bbox 2475 573 2808 641; x_wconf 90' lang='lat' dir='ltr'>peccatores</span> <span class='ocrx_word' id='word_1_262' title='bbox 2831 587 2845 626; x_wconf 90' lang='lat'>:</span> <span class='ocrx_word' id='word_1_263' title='bbox 2869 568 2971 626; x_wconf 86' lang='lat' dir='ltr'>sed</span> <span class='ocrx_word' id='word_1_264' title='bbox 2994 569 3308 627; x_wconf 83' lang='lat' dir='ltr'>destructis</span> <span class='ocrx_word' id='word_1_265' title='bbox 3339 568 3467 625; x_wconf 89' lang='lat' dir='ltr'>cul-</span> 
     </span>
    </p>
   </div>
   <div class='ocr_carea' id='block_1_39' title="bbox 1819 656 3469 732">
    <p class='ocr_par' dir='ltr' id='par_1_39' title="bbox 1819 656 3469 732">
     <span class='ocr_line' id='line_1_39' title="bbox 1819 656 3469 732; baseline 0.001 -20"><span class='ocrx_word' id='word_1_266' title='bbox 1819 658 2045 714; x_wconf 84' lang='lat' dir='ltr'>toribus</span> <span class='ocrx_word' id='word_1_267' title='bbox 2066 657 2445 715; x_wconf 70' lang='lat' dir='ltr'>sazcularibus</span> <span class='ocrx_word' id='word_1_268' title='bbox 2464 658 2763 732; x_wconf 89' lang='lat' dir='ltr'>eliguntur</span> <span class='ocrx_word' id='word_1_269' title='bbox 2777 657 2911 731; x_wconf 73' lang='grc'>(44).</span> <span class='ocrx_word' id='word_1_270' title='bbox 2927 657 3091 714; x_wconf 87' lang='lat' dir='ltr'>Unde</span> <span class='ocrx_word' id='word_1_271' title='bbox 3113 674 3228 714; x_wconf 90' lang='lat' dir='ltr'>non</span> <span class='ocrx_word' id='word_1_272' title='bbox 3248 656 3469 715; x_wconf 86' lang='lat' dir='ltr'>habent</span> 
     </span>
    </p>
   </div>
   <div class='ocr_carea' id='block_1_40' title="bbox 1816 746 3467 819">
    <p class='ocr_par' dir='ltr' id='par_1_40' title="bbox 1816 746 3467 819">
     <span class='ocr_line' id='line_1_40' title="bbox 1816 746 3467 819; baseline 0.001 -17"><span class='ocrx_word' id='word_1_273' title='bbox 1816 763 1950 802; x_wconf 90' lang='lat' dir='ltr'>cum</span> <span class='ocrx_word' id='word_1_274' title='bbox 1984 746 2210 819; x_wconf 89' lang='lat' dir='ltr'>plebeia</span> <span class='ocrx_word' id='word_1_275' title='bbox 2238 747 2608 819; x_wconf 89' lang='lat' dir='ltr'>possessione</span> <span class='ocrx_word' id='word_1_276' title='bbox 2644 748 3150 815; x_wconf 86' lang='lat' dir='ltr'>consortium,nec</span> <span class='ocrx_word' id='word_1_277' title='bbox 3179 746 3240 802; x_wconf 90' lang='lat' dir='ltr'>in</span> <span class='ocrx_word' id='word_1_278' title='bbox 3272 746 3467 805; x_wconf 87' lang='lat' dir='ltr'>medio</span> 
     </span>
    </p>
   </div>
   <div class='ocr_carea' id='block_1_41' title="bbox 1815 835 3464 908">
    <p class='ocr_par' dir='ltr' id='par_1_41' title="bbox 1815 835 3464 908">
     <span class='ocr_line' id='line_1_41' title="bbox 1815 835 3464 908; baseline 0.002 -19"><span class='ocrx_word' id='word_1_279' title='bbox 1815 835 2021 906; x_wconf 91' lang='lat' dir='ltr'>pupuli</span> <span class='ocrx_word' id='word_1_280' title='bbox 2070 839 2515 908; x_wconf 88' lang='lat' dir='ltr'>computantur;</span> <span class='ocrx_word' id='word_1_281' title='bbox 2548 836 2688 908; x_wconf 86' lang='lat' dir='ltr'>quia</span> <span class='ocrx_word' id='word_1_282' title='bbox 2731 836 2975 892; x_wconf 89' lang='lat' dir='ltr'>verbum</span> <span class='ocrx_word' id='word_1_283' title='bbox 3007 835 3109 893; x_wconf 89' lang='lat' dir='ltr'>Dei</span> <span class='ocrx_word' id='word_1_284' title='bbox 3158 835 3218 891; x_wconf 92' lang='lat' dir='ltr'>in</span> <span class='ocrx_word' id='word_1_285' title='bbox 3270 835 3464 892; x_wconf 91' lang='lat' dir='ltr'>medio</span> 
     </span>
    </p>
   </div>
   <div class='ocr_carea' id='block_1_42' title="bbox 1816 923 3467 999">
    <p class='ocr_par' dir='ltr' id='par_1_42' title="bbox 1816 923 3467 999">
     <span class='ocr_line' id='line_1_42' title="bbox 1816 923 3467 999; baseline 0.001 -20"><span class='ocrx_word' id='word_1_286' title='bbox 1816 923 1906 979; x_wconf 91' lang='lat' dir='ltr'>sui</span> <span class='ocrx_word' id='word_1_287' title='bbox 1936 925 2258 995; x_wconf 87' lang='lat' dir='ltr'>possident,</span> <span class='ocrx_word' id='word_1_288' title='bbox 2284 926 2438 981; x_wconf 90' lang='lat' dir='ltr'>sicut</span> <span class='ocrx_word' id='word_1_289' title='bbox 2469 924 2751 997; x_wconf 90' lang='lat' dir='ltr'>scriptum</span> <span class='ocrx_word' id='word_1_290' title='bbox 2778 929 2868 981; x_wconf 91' lang='lat' dir='ltr'>est</span> <span class='ocrx_word' id='word_1_291' title='bbox 2894 924 2952 980; x_wconf 87' lang='lat' dir='ltr'>in</span> <span class='ocrx_word' id='word_1_292' title='bbox 2987 923 3333 999; x_wconf 82' lang='lat' dir='ltr'>Evangelia:</span> <span class='ocrx_word' id='word_1_293' title='bbox 3367 924 3467 983; x_wconf 84' lang='lat' dir='ltr'>Ubi</span> 
     </span>
    </p>
   </div>
   <div class='ocr_carea' id='block_1_43' title="bbox 1813 1012 3464 1083">
    <p class='ocr_par' dir='ltr' id='par_1_43' title="bbox 1813 1012 3464 1083">
     <span class='ocr_line' id='line_1_43' title="bbox 1813 1012 3464 1083; baseline 0.002 -17"><span class='ocrx_word' id='word_1_294' title='bbox 1813 1016 1943 1067; x_wconf 86' lang='lat' dir='ltr'>sunt</span> <span class='ocrx_word' id='word_1_295' title='bbox 1970 1012 2077 1068; x_wconf 89' lang='lat' dir='ltr'>duo</span> <span class='ocrx_word' id='word_1_296' title='bbox 2106 1012 2191 1067; x_wconf 88' lang='lat' dir='ltr'>vel</span> <span class='ocrx_word' id='word_1_297' title='bbox 2219 1021 2327 1068; x_wconf 87' lang='lat' dir='ltr'>tres</span> <span class='ocrx_word' id='word_1_298' title='bbox 2368 1016 2716 1083; x_wconf 84' lang='lat' dir='ltr'>congregrati</span> <span class='ocrx_word' id='word_1_299' title='bbox 2742 1016 2804 1068; x_wconf 87' lang='lat' dir='ltr'>in</span> <span class='ocrx_word' id='word_1_300' title='bbox 2838 1015 3061 1069; x_wconf 81' lang='lat' dir='ltr'>nomine</span> <span class='ocrx_word' id='word_1_301' title='bbox 3088 1030 3225 1081; x_wconf 85' lang='lat' dir='ltr'>meo,</span> <span class='ocrx_word' id='word_1_302' title='bbox 3259 1014 3341 1069; x_wconf 86' lang='lat' dir='ltr'>ibi</span> <span class='ocrx_word' id='word_1_303' title='bbox 3366 1030 3464 1083; x_wconf 88' lang='lat' dir='ltr'>ego</span> 
     </span>
    </p>
   </div>
   <div class='ocr_carea' id='block_1_44' title="bbox 1813 1100 3462 1174">
    <p class='ocr_par' dir='ltr' id='par_1_44' title="bbox 1813 1100 3462 1174">
     <span class='ocr_line' id='line_1_44' title="bbox 1813 1100 3462 1174; baseline 0.002 -19"><span class='ocrx_word' id='word_1_304' title='bbox 1813 1118 1937 1155; x_wconf 89' lang='lat' dir='ltr'>sum</span> <span class='ocrx_word' id='word_1_305' title='bbox 1968 1103 2023 1155; x_wconf 84' lang='lat' dir='ltr'>in</span> <span class='ocrx_word' id='word_1_306' title='bbox 2054 1101 2231 1157; x_wconf 89' lang='lat' dir='ltr'>medio</span> <span class='ocrx_word' id='word_1_307' title='bbox 2254 1117 2441 1157; x_wconf 86' lang='lat' dir='ltr'>eorum</span> <span class='ocrx_word' id='word_1_308' title='bbox 2469 1101 2673 1170; x_wconf 80' lang='lat' dir='ltr'>(Matth.</span> <span class='ocrx_word' id='word_1_309' title='bbox 2707 1118 2867 1168; x_wconf 85' lang='lat' dir='ltr'>xvm,</span> <span class='ocrx_word' id='word_1_310' title='bbox 2892 1103 3005 1174; x_wconf 88' lang='lat'>20).</span> <span class='ocrx_word' id='word_1_311' title='bbox 3037 1102 3109 1157; x_wconf 89' lang='lat' dir='ltr'>Et</span> <span class='ocrx_word' id='word_1_312' title='bbox 3137 1100 3277 1159; x_wconf 88' lang='lat' dir='ltr'>alibi</span> <span class='ocrx_word' id='word_1_313' title='bbox 3309 1119 3323 1157; x_wconf 89' lang='lat'><strong>:</strong></span> <span class='ocrx_word' id='word_1_314' title='bbox 3356 1103 3462 1161; x_wconf 73' lang='lat' dir='ltr'>He-</span> 
     </span>
    </p>
   </div>
   <div class='ocr_carea' id='block_1_45' title="bbox 1813 1189 3319 1263">
    <p class='ocr_par' dir='ltr' id='par_1_45' title="bbox 1813 1189 3319 1263">
     <span class='ocr_line' id='line_1_45' title="bbox 1813 1189 3319 1263; baseline 0.001 -19"><span class='ocrx_word' id='word_1_315' title='bbox 1813 1189 1937 1244; x_wconf 90' lang='lat' dir='ltr'>dius</span> <span class='ocrx_word' id='word_1_316' title='bbox 1966 1198 2202 1245; x_wconf 87' lang='lat' dir='ltr'>vestrum</span> <span class='ocrx_word' id='word_1_317' title='bbox 2231 1195 2337 1247; x_wconf 80' lang='lat' dir='ltr'>stat</span> <span class='ocrx_word' id='word_1_318' title='bbox 2367 1208 2526 1263; x_wconf 85' lang='lat' dir='ltr'>quem</span> <span class='ocrx_word' id='word_1_319' title='bbox 2554 1206 2645 1247; x_wconf 89' lang='lat' dir='ltr'>vos</span> <span class='ocrx_word' id='word_1_320' title='bbox 2674 1192 2894 1247; x_wconf 83' lang='lat' dir='ltr'>nescitis</span> <span class='ocrx_word' id='word_1_321' title='bbox 2924 1190 3100 1263; x_wconf 83' lang='lat' dir='ltr'>(Joan.</span> <span class='ocrx_word' id='word_1_322' title='bbox 3132 1208 3174 1259; x_wconf 86' lang='grc' dir='ltr'>ι,</span> <span class='ocrx_word' id='word_1_323' title='bbox 3204 1191 3319 1260; x_wconf 87' lang='grc'>26).</span> 
     </span>
    </p>
   </div>
   <div class='ocr_carea' id='block_1_46' title="bbox 1884 1277 3465 1351">
    <p class='ocr_par' dir='ltr' id='par_1_46' title="bbox 1884 1277 3465 1351">
     <span class='ocr_line' id='line_1_46' title="bbox 1884 1277 3465 1351; baseline 0.003 -18"><span class='ocrx_word' id='word_1_324' title='bbox 1884 1280 1937 1333; x_wconf 93' lang='grc'>8.</span> <span class='ocrx_word' id='word_1_325' title='bbox 1973 1278 2118 1334; x_wconf 87' lang='lat' dir='ltr'>Hinc</span> <span class='ocrx_word' id='word_1_326' title='bbox 2143 1295 2279 1351; x_wconf 90' lang='lat' dir='ltr'>ergo</span> <span class='ocrx_word' id='word_1_327' title='bbox 2301 1279 2715 1351; x_wconf 87' lang='lat' dir='ltr'>cognoscimus</span> <span class='ocrx_word' id='word_1_328' title='bbox 2745 1279 2901 1351; x_wconf 92' lang='lat' dir='ltr'>quod</span> <span class='ocrx_word' id='word_1_329' title='bbox 2931 1283 3065 1335; x_wconf 88' lang='lat' dir='ltr'>ante</span> <span class='ocrx_word' id='word_1_330' title='bbox 3091 1277 3291 1335; x_wconf 90' lang='lat' dir='ltr'>omnia</span> <span class='ocrx_word' id='word_1_331' title='bbox 3320 1278 3465 1337; x_wconf 83' lang='lat' dir='ltr'>ﬁdes</span> 
     </span>
    </p>
   </div>
   <div class='ocr_carea' id='block_1_47' title="bbox 1813 1367 3464 1430">
    <p class='ocr_par' dir='ltr' id='par_1_47' title="bbox 1813 1367 3464 1430">
     <span class='ocr_line' id='line_1_47' title="bbox 1813 1367 3464 1430; baseline 0.002 -8"><span class='ocrx_word' id='word_1_332' title='bbox 1813 1383 1920 1422; x_wconf 93' lang='lat' dir='ltr'>nos</span> <span class='ocrx_word' id='word_1_333' title='bbox 1945 1368 2357 1423; x_wconf 89' lang='lat' dir='ltr'>commendare</span> <span class='ocrx_word' id='word_1_334' title='bbox 2394 1367 2510 1422; x_wconf 89' lang='lat' dir='ltr'>Deo</span> <span class='ocrx_word' id='word_1_335' title='bbox 2539 1367 2769 1424; x_wconf 85' lang='lat' dir='ltr'>debeat.</span> <span class='ocrx_word' id='word_1_336' title='bbox 2794 1367 2937 1424; x_wconf 91' lang='lat' dir='ltr'>Cum</span> <span class='ocrx_word' id='word_1_337' title='bbox 2967 1368 3144 1424; x_wconf 89' lang='lat' dir='ltr'>ﬁdem</span> <span class='ocrx_word' id='word_1_338' title='bbox 3191 1367 3464 1430; x_wconf 82' lang='lat' dir='ltr'>habueri-</span> 
     </span>
    </p>
   </div>
   <div class='ocr_carea' id='block_1_48' title="bbox 1814 1454 3465 1528">
    <p class='ocr_par' dir='ltr' id='par_1_48' title="bbox 1814 1454 3465 1528">
     <span class='ocr_line' id='line_1_48' title="bbox 1814 1454 3465 1528; baseline 0.001 -17"><span class='ocrx_word' id='word_1_339' title='bbox 1814 1472 1968 1522; x_wconf 87' lang='lat' dir='ltr'>mus,</span> <span class='ocrx_word' id='word_1_340' title='bbox 1989 1454 2357 1511; x_wconf 79' lang='lat' dir='ltr'>elaboremus</span> <span class='ocrx_word' id='word_1_341' title='bbox 2387 1460 2452 1511; x_wconf 93' lang='lat' dir='ltr'>ut</span> <span class='ocrx_word' id='word_1_342' title='bbox 2479 1472 2655 1527; x_wconf 89' lang='lat' dir='ltr'>opera</span> <span class='ocrx_word' id='word_1_343' title='bbox 2689 1460 2891 1513; x_wconf 89' lang='lat' dir='ltr'>nostra</span> <span class='ocrx_word' id='word_1_344' title='bbox 2917 1457 3173 1528; x_wconf 84' lang='lat' dir='ltr'>perlecta</span> <span class='ocrx_word' id='word_1_345' title='bbox 3201 1456 3337 1513; x_wconf 88' lang='lat' dir='ltr'>sint.</span> <span class='ocrx_word' id='word_1_346' title='bbox 3372 1456 3465 1513; x_wconf 86' lang='lat' dir='ltr'>Si-</span> 
     </span>
    </p>
   </div>
   <div class='ocr_carea' id='block_1_49' title="bbox 1814 1542 3463 1618">
    <p class='ocr_par' dir='ltr' id='par_1_49' title="bbox 1814 1542 3463 1618">
     <span class='ocr_line' id='line_1_49' title="bbox 1814 1542 3463 1618; baseline 0.002 -19"><span class='ocrx_word' id='word_1_347' title='bbox 1814 1543 2051 1616; x_wconf 89' lang='lat' dir='ltr'>quidem</span> <span class='ocrx_word' id='word_1_348' title='bbox 2083 1543 2193 1599; x_wconf 90' lang='lat' dir='ltr'>boe</span> <span class='ocrx_word' id='word_1_349' title='bbox 2239 1542 2478 1615; x_wconf 90' lang='lat' dir='ltr'>plenum</span> <span class='ocrx_word' id='word_1_350' title='bbox 2511 1548 2601 1599; x_wconf 90' lang='lat' dir='ltr'>est</span> <span class='ocrx_word' id='word_1_351' title='bbox 2627 1548 2684 1600; x_wconf 91' lang='lat' dir='ltr'>et</span> <span class='ocrx_word' id='word_1_352' title='bbox 2720 1545 3041 1616; x_wconf 87' lang='lat' dir='ltr'>perfectum</span> <span class='ocrx_word' id='word_1_353' title='bbox 3084 1544 3463 1618; x_wconf 87' lang='lat' dir='ltr'>sacriﬁcium,</span> 
     </span>
    </p>
   </div>
   <div class='ocr_carea' id='block_1_50' title="bbox 1815 1632 3469 1703">
    <p class='ocr_par' dir='ltr' id='par_1_50' title="bbox 1815 1632 3469 1703">
     <span class='ocr_line' id='line_1_50' title="bbox 1815 1632 3469 1703; baseline 0.002 -16"><span class='ocrx_word' id='word_1_354' title='bbox 1815 1632 1966 1687; x_wconf 88' lang='lat' dir='ltr'>sicut</span> <span class='ocrx_word' id='word_1_355' title='bbox 1998 1632 2120 1703; x_wconf 90' lang='lat' dir='ltr'>ipse</span> <span class='ocrx_word' id='word_1_356' title='bbox 2150 1632 2434 1687; x_wconf 88' lang='lat' dir='ltr'>Dominus</span> <span class='ocrx_word' id='word_1_357' title='bbox 2464 1632 2633 1688; x_wconf 89' lang='lat' dir='ltr'>docet</span> <span class='ocrx_word' id='word_1_358' title='bbox 2672 1649 2779 1689; x_wconf 90' lang='lat' dir='ltr'>nos</span> <span class='ocrx_word' id='word_1_359' title='bbox 2811 1633 3011 1689; x_wconf 86' lang='lat' dir='ltr'>dicens</span> <span class='ocrx_word' id='word_1_360' title='bbox 3040 1650 3054 1689; x_wconf 91' lang='lat'><strong>:</strong></span> <span class='ocrx_word' id='word_1_361' title='bbox 3084 1632 3166 1689; x_wconf 94' lang='lat' dir='ltr'>De</span> <span class='ocrx_word' id='word_1_362' title='bbox 3207 1634 3378 1692; x_wconf 89' lang='lat' dir='ltr'>donis</span> <span class='ocrx_word' id='word_1_363' title='bbox 3408 1636 3469 1692; x_wconf 86' lang='lat' dir='ltr'>et</span> 
     </span>
    </p>
   </div>
   <div class='ocr_carea' id='block_1_51' title="bbox 1814 1720 3467 1792">
    <p class='ocr_par' dir='ltr' id='par_1_51' title="bbox 1814 1720 3467 1792">
     <span class='ocr_line' id='line_1_51' title="bbox 1814 1720 3467 1792; baseline 0.004 -17"><span class='ocrx_word' id='word_1_364' title='bbox 1814 1721 1967 1777; x_wconf 90' lang='lat' dir='ltr'>datis</span> <span class='ocrx_word' id='word_1_365' title='bbox 1989 1721 2107 1776; x_wconf 88' lang='lat' dir='ltr'>tuis</span> <span class='ocrx_word' id='word_1_366' title='bbox 2128 1721 2241 1792; x_wconf 83' lang='grc'>(45)</span> <span class='ocrx_word' id='word_1_367' title='bbox 2268 1720 2653 1778; x_wconf 91' lang='lat' dir='ltr'>observabitis</span> <span class='ocrx_word' id='word_1_368' title='bbox 2673 1721 2880 1779; x_wconf 71' lang='lat' dir='ltr'>offerre</span> <span class='ocrx_word' id='word_1_369' title='bbox 2900 1721 3045 1778; x_wconf 90' lang='lat' dir='ltr'>mihi</span> <span class='ocrx_word' id='word_1_370' title='bbox 3065 1721 3126 1778; x_wconf 90' lang='lat' dir='ltr'>in</span> <span class='ocrx_word' id='word_1_371' title='bbox 3153 1720 3360 1780; x_wconf 89' lang='lat' dir='ltr'>diebus</span> <span class='ocrx_word' id='word_1_372' title='bbox 3381 1724 3467 1781; x_wconf 86' lang='lat' dir='ltr'>fe-</span> 
     </span>
    </p>
   </div>
   <div class='ocr_carea' id='block_1_52' title="bbox 1814 1808 3464 1885">
    <p class='ocr_par' dir='ltr' id='par_1_52' title="bbox 1814 1808 3464 1885">
     <span class='ocr_line' id='line_1_52' title="bbox 1814 1808 3464 1885; baseline 0.002 -19"><span class='ocrx_word' id='word_1_373' title='bbox 1814 1810 1924 1866; x_wconf 90' lang='lat' dir='ltr'>stis</span> <span class='ocrx_word' id='word_1_374' title='bbox 1941 1810 2108 1875; x_wconf 89' lang='lat' dir='ltr'>meis,</span> <span class='ocrx_word' id='word_1_375' title='bbox 2127 1808 2270 1865; x_wconf 90' lang='lat' dir='ltr'>nihil</span> <span class='ocrx_word' id='word_1_376' title='bbox 2288 1809 2678 1879; x_wconf 86' lang='lat' dir='ltr'>detrahentes,</span> <span class='ocrx_word' id='word_1_377' title='bbox 2693 1827 2883 1883; x_wconf 88' lang='lat' dir='ltr'>neque</span> <span class='ocrx_word' id='word_1_378' title='bbox 2900 1811 3338 1885; x_wconf 84' lang='lat' dir='ltr'>dispertientes;</span> <span class='ocrx_word' id='word_1_379' title='bbox 3360 1813 3464 1870; x_wconf 87' lang='lat' dir='ltr'>sed</span> 
     </span>
    </p>
   </div>
   <div class='ocr_carea' id='block_1_53' title="bbox 1815 1896 3463 1971">
    <p class='ocr_par' dir='ltr' id='par_1_53' title="bbox 1815 1896 3463 1971">
     <span class='ocr_line' id='line_1_53' title="bbox 1815 1896 3463 1971; baseline 0.005 -20"><span class='ocrx_word' id='word_1_380' title='bbox 1815 1896 1989 1970; x_wconf 89' lang='lat' dir='ltr'>plena</span> <span class='ocrx_word' id='word_1_381' title='bbox 2020 1902 2077 1952; x_wconf 87' lang='lat' dir='ltr'>et</span> <span class='ocrx_word' id='word_1_382' title='bbox 2108 1897 2335 1971; x_wconf 88' lang='lat' dir='ltr'>integra</span> <span class='ocrx_word' id='word_1_383' title='bbox 2364 1903 2422 1954; x_wconf 92' lang='lat' dir='ltr'>et</span> <span class='ocrx_word' id='word_1_384' title='bbox 2461 1898 2717 1971; x_wconf 86' lang='lat' dir='ltr'>perfecta</span> <span class='ocrx_word' id='word_1_385' title='bbox 2746 1899 3073 1956; x_wconf 72' lang='lat' dir='ltr'>offerentes.</span> <span class='ocrx_word' id='word_1_386' title='bbox 3105 1900 3311 1958; x_wconf 88' lang='lat' dir='ltr'>Festus</span> <span class='ocrx_word' id='word_1_387' title='bbox 3358 1918 3463 1959; x_wconf 90' lang='lat' dir='ltr'>au-</span> 
     </span>
    </p>
   </div>
   <div class='ocr_carea' id='block_1_54' title="bbox 1813 1985 3465 2064">
    <p class='ocr_par' dir='ltr' id='par_1_54' title="bbox 1813 1985 3465 2064">
     <span class='ocr_line' id='line_1_54' title="bbox 1813 1985 3465 2064; baseline 0.005 -23"><span class='ocrx_word' id='word_1_388' title='bbox 1813 1990 1933 2043; x_wconf 90' lang='lat' dir='ltr'>tem</span> <span class='ocrx_word' id='word_1_389' title='bbox 1964 1986 2090 2042; x_wconf 90' lang='lat' dir='ltr'>dies</span> <span class='ocrx_word' id='word_1_390' title='bbox 2110 1985 2342 2042; x_wconf 89' lang='lat' dir='ltr'>Domini</span> <span class='ocrx_word' id='word_1_391' title='bbox 2361 1991 2470 2054; x_wconf 90' lang='lat' dir='ltr'>est,</span> <span class='ocrx_word' id='word_1_392' title='bbox 2500 1987 2600 2043; x_wconf 93' lang='lat' dir='ltr'>ubi</span> <span class='ocrx_word' id='word_1_393' title='bbox 2623 1988 3013 2060; x_wconf 88' lang='lat' dir='ltr'>perfectarum</span> <span class='ocrx_word' id='word_1_394' title='bbox 3032 1988 3314 2046; x_wconf 89' lang='lat' dir='ltr'>virtutum</span> <span class='ocrx_word' id='word_1_395' title='bbox 3336 2006 3465 2064; x_wconf 79' lang='lat' dir='ltr'>gra-</span> 
     </span>
    </p>
   </div>
   <div class='ocr_carea' id='block_1_55' title="bbox 1814 2074 3463 2148">
    <p class='ocr_par' dir='ltr' id='par_1_55' title="bbox 1814 2074 3463 2148">
     <span class='ocr_line' id='line_1_55' title="bbox 1814 2074 3463 2148; baseline 0.005 -19"><span class='ocrx_word' id='word_1_396' title='bbox 1814 2074 1898 2129; x_wconf 93' lang='lat' dir='ltr'>tia</span> <span class='ocrx_word' id='word_1_397' title='bbox 1926 2079 2033 2130; x_wconf 89' lang='lat' dir='ltr'>est.</span> <span class='ocrx_word' id='word_1_398' title='bbox 2057 2074 2190 2138; x_wconf 69' lang='lat' dir='ltr'>Quae</span> <span class='ocrx_word' id='word_1_399' title='bbox 2229 2078 2371 2131; x_wconf 90' lang='lat' dir='ltr'>tunc</span> <span class='ocrx_word' id='word_1_400' title='bbox 2410 2076 2676 2148; x_wconf 63' lang='lat' dir='ltr'>perfecta;</span> <span class='ocrx_word' id='word_1_401' title='bbox 2725 2080 2886 2145; x_wconf 90' lang='lat' dir='ltr'>sunt,</span> <span class='ocrx_word' id='word_1_402' title='bbox 2916 2077 2965 2133; x_wconf 91' lang='lat' dir='ltr'>si</span> <span class='ocrx_word' id='word_1_403' title='bbox 2995 2076 3463 2137; x_wconf 86' lang='lat' dir='ltr'>sollicitudinum</span> 
     </span>
    </p>
   </div>
   <div class='ocr_carea' id='block_1_56' title="bbox 1815 2161 3459 2237">
    <p class='ocr_par' dir='ltr' id='par_1_56' title="bbox 1815 2161 3459 2237">
     <span class='ocr_line' id='line_1_56' title="bbox 1815 2161 3459 2237; baseline 0.004 -19"><span class='ocrx_word' id='word_1_404' title='bbox 1815 2161 2208 2232; x_wconf 67' lang='lat' dir='ltr'>saecularium,</span> <span class='ocrx_word' id='word_1_405' title='bbox 2237 2166 2295 2219; x_wconf 86' lang='lat' dir='ltr'>et</span> <span class='ocrx_word' id='word_1_406' title='bbox 2321 2164 2638 2237; x_wconf 89' lang='lat' dir='ltr'>corporalis</span> <span class='ocrx_word' id='word_1_407' title='bbox 2684 2163 2967 2222; x_wconf 57' lang='lat' dir='ltr'>illecebras</span> <span class='ocrx_word' id='word_1_408' title='bbox 3012 2164 3193 2222; x_wconf 89' lang='lat' dir='ltr'>victor</span> <span class='ocrx_word' id='word_1_409' title='bbox 3222 2166 3459 2225; x_wconf 81' lang='lat' dir='ltr'>animus</span> 
     </span>
    </p>
   </div>
   <div class='ocr_carea' id='block_1_57' title="bbox 1811 2251 3462 2324">
    <p class='ocr_par' dir='ltr' id='par_1_57' title="bbox 1811 2251 3462 2324">
     <span class='ocr_line' id='line_1_57' title="bbox 1811 2251 3462 2324; baseline 0.004 -17"><span class='ocrx_word' id='word_1_410' title='bbox 1811 2251 2189 2307; x_wconf 89' lang='lat' dir='ltr'>delinimenta</span> <span class='ocrx_word' id='word_1_411' title='bbox 2253 2252 2567 2324; x_wconf 90' lang='lat' dir='ltr'>voluptatis</span> <span class='ocrx_word' id='word_1_412' title='bbox 2630 2254 2920 2319; x_wconf 89' lang='lat' dir='ltr'>excludat,</span> <span class='ocrx_word' id='word_1_413' title='bbox 2951 2252 3100 2311; x_wconf 89' lang='lat' dir='ltr'>liber</span> <span class='ocrx_word' id='word_1_414' title='bbox 3145 2272 3181 2312; x_wconf 93' lang='lat' dir='ltr'>a</span> <span class='ocrx_word' id='word_1_415' title='bbox 3226 2254 3462 2324; x_wconf 66' lang='lat' dir='ltr'>saeculo,</span> 
     </span>
    </p>
   </div>
   <div class='ocr_carea' id='block_1_58' title="bbox 1815 2340 3465 2409">
    <p class='ocr_par' dir='ltr' id='par_1_58' title="bbox 1815 2340 3465 2409">
     <span class='ocr_line' id='line_1_58' title="bbox 1815 2340 3465 2409; baseline 0.004 -13"><span class='ocrx_word' id='word_1_416' title='bbox 1815 2340 1931 2396; x_wconf 91' lang='lat' dir='ltr'>Deo</span> <span class='ocrx_word' id='word_1_417' title='bbox 1957 2341 2213 2409; x_wconf 89' lang='lat' dir='ltr'>deditus,</span> <span class='ocrx_word' id='word_1_418' title='bbox 2245 2340 2391 2396; x_wconf 90' lang='lat' dir='ltr'>nihil</span> <span class='ocrx_word' id='word_1_419' title='bbox 2440 2342 2513 2398; x_wconf 91' lang='lat' dir='ltr'>de</span> <span class='ocrx_word' id='word_1_420' title='bbox 2564 2342 2794 2400; x_wconf 86' lang='lat' dir='ltr'>tramite</span> <span class='ocrx_word' id='word_1_421' title='bbox 2841 2343 3072 2400; x_wconf 72' lang='lat' dir='ltr'>directae</span> <span class='ocrx_word' id='word_1_422' title='bbox 3121 2343 3465 2402; x_wconf 86' lang='lat' dir='ltr'>intentionis</span> 
     </span>
    </p>
   </div>
   <div class='ocr_carea' id='block_1_59' title="bbox 1816 2429 3466 2505">
    <p class='ocr_par' dir='ltr' id='par_1_59' title="bbox 1816 2429 3466 2505">
     <span class='ocr_line' id='line_1_59' title="bbox 1816 2429 3466 2505; baseline 0.004 -22"><span class='ocrx_word' id='word_1_423' title='bbox 1816 2429 2193 2495; x_wconf 88' lang='lat' dir='ltr'>imminuens,</span> <span class='ocrx_word' id='word_1_424' title='bbox 2218 2445 2324 2485; x_wconf 89' lang='lat' dir='ltr'>nec</span> <span class='ocrx_word' id='word_1_425' title='bbox 2354 2430 2594 2485; x_wconf 79' lang='lat' dir='ltr'>affectus</span> <span class='ocrx_word' id='word_1_426' title='bbox 2621 2430 2713 2486; x_wconf 90' lang='lat' dir='ltr'>sui</span> <span class='ocrx_word' id='word_1_427' title='bbox 2743 2436 3009 2505; x_wconf 89' lang='lat' dir='ltr'>tempora</span> <span class='ocrx_word' id='word_1_428' title='bbox 3035 2449 3193 2489; x_wconf 91' lang='lat' dir='ltr'>nunc</span> <span class='ocrx_word' id='word_1_429' title='bbox 3218 2430 3466 2491; x_wconf 65' lang='lat' dir='ltr'>luxuria</span> 
     </span>
    </p>
   </div>
   <div class='ocr_carea' id='block_1_60' title="bbox 1816 2517 3466 2601">
    <p class='ocr_par' dir='ltr' id='par_1_60' title="bbox 1816 2517 3466 2601">
     <span class='ocr_line' id='line_1_60' title="bbox 1816 2517 3466 2601; baseline 0.003 -29"><span class='ocrx_word' id='word_1_430' title='bbox 1816 2517 2104 2583; x_wconf 81' lang='lat' dir='ltr'>dividens,</span> <span class='ocrx_word' id='word_1_431' title='bbox 2130 2517 2282 2574; x_wconf 71' lang='lat'>209</span> <span class='ocrx_word' id='word_1_432' title='bbox 2314 2534 2471 2573; x_wconf 89' lang='lat' dir='ltr'>nunc</span> <span class='ocrx_word' id='word_1_433' title='bbox 2516 2517 2723 2573; x_wconf 84' lang='lat' dir='ltr'>labori.</span> <span class='ocrx_word' id='word_1_434' title='bbox 2756 2518 2933 2575; x_wconf 89' lang='lat' dir='ltr'>Solus</span> <span class='ocrx_word' id='word_1_435' title='bbox 2981 2519 3181 2592; x_wconf 88' lang='lat' dir='ltr'>itaque</span> <span class='ocrx_word' id='word_1_436' title='bbox 3229 2519 3466 2601; x_wconf 77' lang='lat' dir='ltr'>sapiens</span> 
     </span>
    </p>
   </div>
   <div class='ocr_carea' id='block_1_61' title="bbox 1815 2604 3466 2674">
    <p class='ocr_par' dir='ltr' id='par_1_61' title="bbox 1815 2604 3466 2674">
     <span class='ocr_line' id='line_1_61' title="bbox 1815 2604 3466 2674; baseline 0.003 -15"><span class='ocrx_word' id='word_1_437' title='bbox 1815 2605 1967 2660; x_wconf 91' lang='lat' dir='ltr'>hanc</span> <span class='ocrx_word' id='word_1_438' title='bbox 2005 2605 2257 2661; x_wconf 88' lang='lat' dir='ltr'>celebrat</span> <span class='ocrx_word' id='word_1_439' title='bbox 2304 2604 2755 2674; x_wconf 89' lang='lat' dir='ltr'>solemnitatem,</span> <span class='ocrx_word' id='word_1_440' title='bbox 2788 2606 2988 2663; x_wconf 92' lang='lat' dir='ltr'>nullus</span> <span class='ocrx_word' id='word_1_441' title='bbox 3035 2605 3208 2667; x_wconf 81' lang='lat' dir='ltr'>alius.</span> <span class='ocrx_word' id='word_1_442' title='bbox 3242 2607 3466 2667; x_wconf 87' lang='lat' dir='ltr'>Immu-</span> 
     </span>
    </p>
   </div>
   <div class='ocr_carea' id='block_1_62' title="bbox 1817 2694 3466 2770">
    <p class='ocr_par' dir='ltr' id='par_1_62' title="bbox 1817 2694 3466 2770">
     <span class='ocr_line' id='line_1_62' title="bbox 1817 2694 3466 2770; baseline 0.001 -19"><span class='ocrx_word' id='word_1_443' title='bbox 1817 2713 1949 2751; x_wconf 89' lang='lat' dir='ltr'>nem</span> <span class='ocrx_word' id='word_1_444' title='bbox 1983 2694 2138 2750; x_wconf 90' lang='lat' dir='ltr'>enim</span> <span class='ocrx_word' id='word_1_445' title='bbox 2170 2694 2512 2766; x_wconf 88' lang='lat' dir='ltr'>hujusmodi</span> <span class='ocrx_word' id='word_1_446' title='bbox 2545 2695 2889 2768; x_wconf 90' lang='lat' dir='ltr'>passionum</span> <span class='ocrx_word' id='word_1_447' title='bbox 2920 2696 3177 2753; x_wconf 89' lang='lat' dir='ltr'>animam</span> <span class='ocrx_word' id='word_1_448' title='bbox 3211 2696 3466 2770; x_wconf 88' lang='lat' dir='ltr'>reperire</span> 
     </span>
    </p>
   </div>
   <div class='ocr_carea' id='block_1_63' title="bbox 1817 2783 3464 2856">
    <p class='ocr_par' dir='ltr' id='par_1_63' title="bbox 1817 2783 3464 2856">
     <span class='ocr_line' id='line_1_63' title="bbox 1817 2783 3464 2856; baseline 0.002 -17"><span class='ocrx_word' id='word_1_449' title='bbox 1817 2783 2053 2840; x_wconf 87' lang='lat' dir='ltr'>difﬁcile</span> <span class='ocrx_word' id='word_1_450' title='bbox 2078 2788 2186 2839; x_wconf 91' lang='lat' dir='ltr'>est.</span> <span class='ocrx_word' id='word_1_451' title='bbox 2207 2784 2410 2840; x_wconf 86' lang='lat' dir='ltr'>Divide</span> <span class='ocrx_word' id='word_1_452' title='bbox 2431 2800 2566 2856; x_wconf 86' lang='lat' dir='ltr'>ergo</span> <span class='ocrx_word' id='word_1_453' title='bbox 2590 2784 2916 2841; x_wconf 90' lang='lat' dir='ltr'>secundum</span> <span class='ocrx_word' id='word_1_454' title='bbox 2940 2784 3225 2842; x_wconf 89' lang='lat' dir='ltr'>rationem</span> <span class='ocrx_word' id='word_1_455' title='bbox 3255 2784 3464 2843; x_wconf 67' lang='lat' dir='ltr'>animai</span> 
     </span>
    </p>
   </div>
   <div class='ocr_carea' id='block_1_64' title="bbox 1817 2872 3463 2945">
    <p class='ocr_par' dir='ltr' id='par_1_64' title="bbox 1817 2872 3463 2945">
     <span class='ocr_line' id='line_1_64' title="bbox 1817 2872 3463 2945; baseline 0.001 -17"><span class='ocrx_word' id='word_1_456' title='bbox 1817 2872 2162 2945; x_wconf 89' lang='lat' dir='ltr'>principalia</span> <span class='ocrx_word' id='word_1_457' title='bbox 2185 2876 2243 2928; x_wconf 92' lang='lat' dir='ltr'>et</span> <span class='ocrx_word' id='word_1_458' title='bbox 2267 2873 2621 2940; x_wconf 88' lang='lat' dir='ltr'>obedientia,</span> <span class='ocrx_word' id='word_1_459' title='bbox 2643 2876 2701 2929; x_wconf 91' lang='lat' dir='ltr'>et</span> <span class='ocrx_word' id='word_1_460' title='bbox 2722 2877 2861 2929; x_wconf 90' lang='lat' dir='ltr'>tunc</span> <span class='ocrx_word' id='word_1_461' title='bbox 2882 2873 3024 2945; x_wconf 89' lang='lat' dir='ltr'>quid</span> <span class='ocrx_word' id='word_1_462' title='bbox 3046 2872 3463 2943; x_wconf 87' lang='lat' dir='ltr'>masculinum,</span> 
     </span>
    </p>
   </div>
   <div class='ocr_carea' id='block_1_65' title="bbox 1816 2960 3464 3035">
    <p class='ocr_par' dir='ltr' id='par_1_65' title="bbox 1816 2960 3464 3035">
     <span class='ocr_line' id='line_1_65' title="bbox 1816 2960 3464 3035; baseline 0.002 -20"><span class='ocrx_word' id='word_1_463' title='bbox 1816 2961 2026 3034; x_wconf 86' lang='lat' dir='ltr'>quidve</span> <span class='ocrx_word' id='word_1_464' title='bbox 2080 2960 2429 3017; x_wconf 87' lang='lat' dir='ltr'>femininum</span> <span class='ocrx_word' id='word_1_465' title='bbox 2480 2960 2557 3017; x_wconf 88' lang='lat' dir='ltr'>sit</span> <span class='ocrx_word' id='word_1_466' title='bbox 2628 2961 3049 3035; x_wconf 89' lang='lat' dir='ltr'>deprehendes.</span> <span class='ocrx_word' id='word_1_467' title='bbox 3086 2961 3260 3019; x_wconf 89' lang='lat' dir='ltr'>Nulla</span> <span class='ocrx_word' id='word_1_468' title='bbox 3307 2962 3464 3020; x_wconf 88' lang='lat' dir='ltr'>enim</span> 
     </span>
    </p>
   </div>
   <div class='ocr_carea' id='block_1_66' title="bbox 1817 3050 3461 3124">
    <p class='ocr_par' dir='ltr' id='par_1_66' title="bbox 1817 3050 3461 3124">
     <span class='ocr_line' id='line_1_66' title="bbox 1817 3050 3461 3124; baseline 0 -17"><span class='ocrx_word' id='word_1_469' title='bbox 1817 3051 1942 3107; x_wconf 90' lang='lat' dir='ltr'>sine</span> <span class='ocrx_word' id='word_1_470' title='bbox 1970 3050 2165 3106; x_wconf 84' lang='lat' dir='ltr'>labore</span> <span class='ocrx_word' id='word_1_471' title='bbox 2184 3050 2390 3117; x_wconf 90' lang='lat' dir='ltr'>virtus,</span> <span class='ocrx_word' id='word_1_472' title='bbox 2406 3050 2546 3122; x_wconf 88' lang='lat' dir='ltr'>quia</span> <span class='ocrx_word' id='word_1_473' title='bbox 2575 3050 2737 3107; x_wconf 90' lang='lat' dir='ltr'>labor</span> <span class='ocrx_word' id='word_1_474' title='bbox 2766 3067 3077 3124; x_wconf 87' lang='lat' dir='ltr'>processus</span> <span class='ocrx_word' id='word_1_475' title='bbox 3100 3050 3332 3108; x_wconf 90' lang='lat' dir='ltr'>virtutis</span> <span class='ocrx_word' id='word_1_476' title='bbox 3352 3055 3461 3108; x_wconf 93' lang='lat' dir='ltr'>est.</span> 
     </span>
    </p>
   </div>
   <div class='ocr_carea' id='block_1_67' title="bbox 1816 3136 3464 3212">
    <p class='ocr_par' dir='ltr' id='par_1_67' title="bbox 1816 3136 3464 3212">
     <span class='ocr_line' id='line_1_67' title="bbox 1816 3136 3464 3212; baseline 0.001 -19"><span class='ocrx_word' id='word_1_477' title='bbox 1816 3139 1978 3202; x_wconf 88' lang='lat' dir='ltr'>Quod</span> <span class='ocrx_word' id='word_1_478' title='bbox 2019 3137 2195 3193; x_wconf 91' lang='lat' dir='ltr'>etiam</span> <span class='ocrx_word' id='word_1_479' title='bbox 2255 3136 2402 3209; x_wconf 89' lang='lat' dir='ltr'>legis</span> <span class='ocrx_word' id='word_1_480' title='bbox 2457 3137 2647 3209; x_wconf 87' lang='lat' dir='ltr'>ipsius</span> <span class='ocrx_word' id='word_1_481' title='bbox 2703 3140 2878 3195; x_wconf 87' lang='lat' dir='ltr'>verba</span> <span class='ocrx_word' id='word_1_482' title='bbox 2933 3139 3286 3212; x_wconf 86' lang='lat' dir='ltr'>signiﬁcant,</span> <span class='ocrx_word' id='word_1_483' title='bbox 3336 3156 3464 3212; x_wconf 78' lang='lat' dir='ltr'>quae</span> 
     </span>
    </p>
   </div>
   <div class='ocr_carea' id='block_1_68' title="bbox 1815 3225 3465 3297">
    <p class='ocr_par' dir='ltr' id='par_1_68' title="bbox 1815 3225 3465 3297">
     <span class='ocr_line' id='line_1_68' title="bbox 1815 3225 3465 3297; baseline 0.001 -15"><span class='ocrx_word' id='word_1_484' title='bbox 1815 3226 1956 3282; x_wconf 89' lang='lat' dir='ltr'>dicit</span> <span class='ocrx_word' id='word_1_485' title='bbox 1986 3243 2000 3281; x_wconf 88' lang='lat'><strong>:</strong></span> <span class='ocrx_word' id='word_1_486' title='bbox 2035 3225 2202 3282; x_wconf 85' lang='lat' dir='ltr'>Omne</span> <span class='ocrx_word' id='word_1_487' title='bbox 2229 3225 2371 3297; x_wconf 89' lang='lat' dir='ltr'>quod</span> <span class='ocrx_word' id='word_1_488' title='bbox 2397 3227 2576 3297; x_wconf 84' lang='lat' dir='ltr'>aperit</span> <span class='ocrx_word' id='word_1_489' title='bbox 2621 3227 2841 3281; x_wconf 87' lang='lat' dir='ltr'>vulvam</span> <span class='ocrx_word' id='word_1_490' title='bbox 2883 3229 3083 3293; x_wconf 57' lang='lat' dir='ltr'>asine,</span> <span class='ocrx_word' id='word_1_491' title='bbox 3112 3227 3349 3283; x_wconf 84' lang='lat' dir='ltr'>mutabis</span> <span class='ocrx_word' id='word_1_492' title='bbox 3376 3243 3465 3284; x_wconf 87' lang='lat' dir='ltr'>eos</span> 
     </span>
    </p>
   </div>
   <div class='ocr_carea' id='block_1_69' title="bbox 1814 3312 3466 3387">
    <p class='ocr_par' dir='ltr' id='par_1_69' title="bbox 1814 3312 3466 3387">
     <span class='ocr_line' id='line_1_69' title="bbox 1814 3312 3466 3387; baseline 0.001 -17"><span class='ocrx_word' id='word_1_493' title='bbox 1814 3314 2014 3387; x_wconf 72' lang='lat' dir='ltr'>(Exod.</span> <span class='ocrx_word' id='word_1_494' title='bbox 2046 3329 2170 3384; x_wconf 85' lang='grc' dir='ltr'>χιιι,</span> <span class='ocrx_word' id='word_1_495' title='bbox 2219 3314 2323 3380; x_wconf 80' lang='lat' dir='ltr'>l3).</span> <span class='ocrx_word' id='word_1_496' title='bbox 2358 3313 2670 3369; x_wconf 89' lang='lat' dir='ltr'>Immunda</span> <span class='ocrx_word' id='word_1_497' title='bbox 2718 3312 2872 3369; x_wconf 89' lang='lat' dir='ltr'>enim</span> <span class='ocrx_word' id='word_1_498' title='bbox 2919 3313 3244 3383; x_wconf 88' lang='lat' dir='ltr'>animantia</span> <span class='ocrx_word' id='word_1_499' title='bbox 3289 3313 3384 3369; x_wconf 78' lang='lat' dir='ltr'>lex</span> <span class='ocrx_word' id='word_1_500' title='bbox 3429 3330 3466 3371; x_wconf 87' lang='lat' dir='ltr'>a</span> 
     </span>
    </p>
   </div>
   <div class='ocr_carea' id='block_1_70' title="bbox 1815 3400 3468 3474">
    <p class='ocr_par' dir='ltr' id='par_1_70' title="bbox 1815 3400 3468 3474">
     <span class='ocr_line' id='line_1_70' title="bbox 1815 3400 3468 3474; baseline 0 -15"><span class='ocrx_word' id='word_1_501' title='bbox 1815 3403 2101 3459; x_wconf 88' lang='lat' dir='ltr'>sacriﬁcio</span> <span class='ocrx_word' id='word_1_502' title='bbox 2155 3400 2463 3473; x_wconf 88' lang='lat' dir='ltr'>separavit,</span> <span class='ocrx_word' id='word_1_503' title='bbox 2495 3405 2552 3456; x_wconf 89' lang='lat' dir='ltr'>et</span> <span class='ocrx_word' id='word_1_504' title='bbox 2607 3418 2712 3474; x_wconf 92' lang='lat' dir='ltr'>pro</span> <span class='ocrx_word' id='word_1_505' title='bbox 2740 3401 2834 3457; x_wconf 91' lang='lat' dir='ltr'>bis</span> <span class='ocrx_word' id='word_1_506' title='bbox 2883 3402 2954 3458; x_wconf 89' lang='lat' dir='ltr'>ad</span> <span class='ocrx_word' id='word_1_507' title='bbox 2998 3403 3185 3459; x_wconf 88' lang='lat' dir='ltr'>vicem</span> <span class='ocrx_word' id='word_1_508' title='bbox 3243 3402 3468 3459; x_wconf 88' lang='lat' dir='ltr'>munda</span> 
     </span>
    </p>
   </div>
   <div class='ocr_carea' id='block_1_71' title="bbox 102 3489 3469 3564">
    <p class='ocr_par' dir='ltr' id='par_1_71' title="bbox 102 3489 3469 3564">
     <span class='ocr_line' id='line_1_71' title="bbox 102 3489 3469 3564; baseline 0.002 -20"><span class='ocrx_word' id='word_1_509' title='bbox 102 3500 139 3545; x_wconf 85' lang='lat' dir='ltr'>et</span> <span class='ocrx_word' id='word_1_510' title='bbox 160 3502 298 3549; x_wconf 83' lang='lat' dir='ltr'>erunt</span> <span class='ocrx_word' id='word_1_511' title='bbox 314 3498 452 3550; x_wconf 82' lang='lat' dir='ltr'>mihi</span> <span class='ocrx_word' id='word_1_512' title='bbox 486 3495 725 3554; x_wconf 61' lang='lat' dir='ltr'>Levites;</span> <span class='ocrx_word' id='word_1_513' title='bbox 746 3494 887 3548; x_wconf 84' lang='lat' dir='ltr'>mihi</span> <span class='ocrx_word' id='word_1_514' title='bbox 910 3508 1059 3548; x_wconf 87' lang='lat' dir='ltr'>emm</span> <span class='ocrx_word' id='word_1_515' title='bbox 1077 3508 1235 3549; x_wconf 87' lang='lat' dir='ltr'>omne</span> <span class='ocrx_word' id='word_1_516' title='bbox 1250 3493 1617 3563; x_wconf 81' lang='lat' dir='ltr'>primitivum.</span> <span class='ocrx_word' id='word_1_517' title='bbox 1641 3495 1711 3548; x_wconf 87' lang='lat' dir='ltr'>In</span> <span class='ocrx_word' id='word_1_518' title='bbox 1809 3491 1994 3564; x_wconf 87' lang='lat' dir='ltr'>jussit</span> <span class='ocrx_word' id='word_1_519' title='bbox 2022 3490 2234 3547; x_wconf 78' lang='lat' dir='ltr'>offerri.</span> <span class='ocrx_word' id='word_1_520' title='bbox 2265 3491 2456 3563; x_wconf 69' lang='lat' dir='ltr'>Asinae</span> <span class='ocrx_word' id='word_1_521' title='bbox 2488 3507 2624 3564; x_wconf 90' lang='lat' dir='ltr'>ergo</span> <span class='ocrx_word' id='word_1_522' title='bbox 2655 3495 2914 3563; x_wconf 87' lang='lat' dir='ltr'>partum,</span> <span class='ocrx_word' id='word_1_523' title='bbox 2946 3489 3056 3548; x_wconf 91' lang='lat' dir='ltr'>hoc</span> <span class='ocrx_word' id='word_1_524' title='bbox 3091 3498 3179 3549; x_wconf 88' lang='lat' dir='ltr'>est</span> <span class='ocrx_word' id='word_1_525' title='bbox 3204 3490 3469 3550; x_wconf 87' lang='lat' dir='ltr'>immun-</span> 
     </span>
    </p>
   </div>
   <div class='ocr_carea' id='block_1_72' title="bbox 104 3581 1707 3654">
    <p class='ocr_par' dir='ltr' id='par_1_72' title="bbox 104 3581 1707 3654">
     <span class='ocr_line' id='line_1_72' title="bbox 104 3581 1707 3654; baseline 0.001 -21"><span class='ocrx_word' id='word_1_526' title='bbox 104 3596 185 3648; x_wconf 81' lang='lat' dir='ltr'>qua</span> <span class='ocrx_word' id='word_1_527' title='bbox 209 3583 285 3638; x_wconf 86' lang='lat' dir='ltr'>die</span> <span class='ocrx_word' id='word_1_528' title='bbox 305 3584 558 3654; x_wconf 81' lang='lat' dir='ltr'>percussi</span> <span class='ocrx_word' id='word_1_529' title='bbox 585 3598 744 3636; x_wconf 89' lang='lat' dir='ltr'>omne</span> <span class='ocrx_word' id='word_1_530' title='bbox 770 3582 1197 3652; x_wconf 81' lang='lat' dir='ltr'>primogenitum</span> <span class='ocrx_word' id='word_1_531' title='bbox 1230 3583 1470 3652; x_wconf 67' lang='lat' dir='ltr'>Egypti,</span> <span class='ocrx_word' id='word_1_532' title='bbox 1500 3581 1707 3635; x_wconf 83' lang='lat' dir='ltr'>sancti-</span> 
     </span>
    </p>
   </div>
   <div class='ocr_carea' id='block_1_73' title="bbox 104 3665 1705 3743">
    <p class='ocr_par' dir='ltr' id='par_1_73' title="bbox 104 3665 1705 3743">
     <span class='ocr_line' id='line_1_73' title="bbox 104 3665 1705 3743; baseline 0.001 -23"><span class='ocrx_word' id='word_1_533' title='bbox 104 3665 229 3732; x_wconf 74' lang='lat' dir='ltr'>ﬁcavi</span> <span class='ocrx_word' id='word_1_534' title='bbox 268 3687 418 3727; x_wconf 88' lang='lat' dir='ltr'>omne</span> <span class='ocrx_word' id='word_1_535' title='bbox 462 3672 898 3743; x_wconf 82' lang='lat' dir='ltr'>primogenitum</span> <span class='ocrx_word' id='word_1_536' title='bbox 946 3669 1114 3723; x_wconf 88' lang='lat' dir='ltr'>Israel</span> <span class='ocrx_word' id='word_1_537' title='bbox 1145 3668 1327 3740; x_wconf 86' lang='lat' dir='ltr'>(Num.</span> <span class='ocrx_word' id='word_1_538' title='bbox 1356 3685 1441 3734; x_wconf 92' lang='grc' dir='ltr'>ιιι,</span> <span class='ocrx_word' id='word_1_539' title='bbox 1476 3669 1561 3733; x_wconf 85' lang='grc'>12,</span> <span class='ocrx_word' id='word_1_540' title='bbox 1601 3668 1705 3739; x_wconf 89' lang='grc'>13).</span> 
     </span>
    </p>
   </div>
   <div class='ocr_carea' id='block_1_74' title="bbox 105 3754 1710 3831">
    <p class='ocr_par' dir='ltr' id='par_1_74' title="bbox 105 3754 1710 3831">
     <span class='ocr_line' id='line_1_74' title="bbox 105 3754 1710 3831; baseline 0.001 -22"><span class='ocrx_word' id='word_1_541' title='bbox 105 3754 221 3827; x_wconf 78' lang='lat' dir='ltr'>Ergo</span> <span class='ocrx_word' id='word_1_542' title='bbox 246 3758 439 3815; x_wconf 75' lang='lat' dir='ltr'>Levita:</span> <span class='ocrx_word' id='word_1_543' title='bbox 471 3757 852 3831; x_wconf 86' lang='lat' dir='ltr'>primogeniti</span> <span class='ocrx_word' id='word_1_544' title='bbox 885 3756 1232 3828; x_wconf 85' lang='lat' dir='ltr'>nuncupati,</span> <span class='ocrx_word' id='word_1_545' title='bbox 1255 3756 1354 3827; x_wconf 90' lang='lat' dir='ltr'>qui</span> <span class='ocrx_word' id='word_1_546' title='bbox 1382 3756 1710 3811; x_wconf 88' lang='lat' dir='ltr'>sanctiﬁca-</span> 
     </span>
    </p>
   </div>
   <div class='ocr_carea' id='block_1_75' title="bbox 104 3843 1715 3919">
    <p class='ocr_par' dir='ltr' id='par_1_75' title="bbox 104 3843 1715 3919">
     <span class='ocr_line' id='line_1_75' title="bbox 104 3843 1715 3919; baseline 0.004 -25"><span class='ocrx_word' id='word_1_547' title='bbox 104 3843 227 3899; x_wconf 78' lang='lat' dir='ltr'>tione</span> <span class='ocrx_word' id='word_1_548' title='bbox 252 3847 448 3919; x_wconf 88' lang='lat' dir='ltr'>utique</span> <span class='ocrx_word' id='word_1_549' title='bbox 481 3845 707 3901; x_wconf 75' lang='lat' dir='ltr'>caeteris</span> <span class='ocrx_word' id='word_1_550' title='bbox 738 3844 874 3900; x_wconf 88' lang='lat' dir='ltr'>ﬁliis</span> <span class='ocrx_word' id='word_1_551' title='bbox 914 3844 1093 3900; x_wconf 87' lang='lat' dir='ltr'>Israel</span> <span class='ocrx_word' id='word_1_552' title='bbox 1139 3844 1378 3900; x_wconf 83' lang='lat' dir='ltr'>antelati</span> <span class='ocrx_word' id='word_1_553' title='bbox 1408 3849 1566 3900; x_wconf 90' lang='lat' dir='ltr'>sunt.</span> <span class='ocrx_word' id='word_1_554' title='bbox 1589 3845 1715 3909; x_wconf 86' lang='lat' dir='ltr'>Qua</span> 
     </span>
    </p>
   </div>
   <div class='ocr_carea' id='block_1_76' title="bbox 108 3932 1709 4008">
    <p class='ocr_par' dir='ltr' id='par_1_76' title="bbox 108 3932 1709 4008">
     <span class='ocr_line' id='line_1_76' title="bbox 108 3932 1709 4008; baseline 0.004 -26"><span class='ocrx_word' id='word_1_555' title='bbox 108 3933 287 3989; x_wconf 79' lang='lat' dir='ltr'>ratione</span> <span class='ocrx_word' id='word_1_556' title='bbox 309 3934 684 4008; x_wconf 87' lang='lat' dir='ltr'>primogeniti</span> <span class='ocrx_word' id='word_1_557' title='bbox 707 3933 996 3999; x_wconf 90' lang='lat' dir='ltr'>sint,audi</span> <span class='ocrx_word' id='word_1_558' title='bbox 1018 3933 1361 4005; x_wconf 86' lang='lat' dir='ltr'>Apostolum</span> <span class='ocrx_word' id='word_1_559' title='bbox 1384 3932 1671 3990; x_wconf 88' lang='lat' dir='ltr'>dicentem</span> <span class='ocrx_word' id='word_1_560' title='bbox 1696 3950 1709 3988; x_wconf 89' lang='lat'><strong>:</strong></span> 
     </span>
    </p>
   </div>
   <div class='ocr_carea' id='block_1_77' title="bbox 106 4018 1718 4097">
    <p class='ocr_par' dir='ltr' id='par_1_77' title="bbox 106 4018 1718 4097">
     <span class='ocr_line' id='line_1_77' title="bbox 106 4018 1718 4097; baseline 0.002 -23"><span class='ocrx_word' id='word_1_561' title='bbox 106 4018 183 4075; x_wconf 81' lang='lat' dir='ltr'>Sed</span> <span class='ocrx_word' id='word_1_562' title='bbox 203 4026 671 4097; x_wconf 76' lang='lat' dir='ltr'>appmpinquastis</span> <span class='ocrx_word' id='word_1_563' title='bbox 713 4024 847 4080; x_wconf 84' lang='lat' dir='ltr'>Sion</span> <span class='ocrx_word' id='word_1_564' title='bbox 893 4024 1088 4089; x_wconf 81' lang='lat' dir='ltr'>monti,</span> <span class='ocrx_word' id='word_1_565' title='bbox 1122 4030 1174 4077; x_wconf 88' lang='lat' dir='ltr'>et</span> <span class='ocrx_word' id='word_1_566' title='bbox 1202 4023 1415 4078; x_wconf 84' lang='lat' dir='ltr'>civitati</span> <span class='ocrx_word' id='word_1_567' title='bbox 1459 4023 1559 4078; x_wconf 85' lang='lat' dir='ltr'>Dei</span> <span class='ocrx_word' id='word_1_568' title='bbox 1604 4024 1718 4078; x_wconf 82' lang='lat' dir='ltr'>vivi</span> 
     </span>
    </p>
   </div>
   <div class='ocr_carea' id='block_1_78' title="bbox 106 4107 1714 4185">
    <p class='ocr_par' dir='ltr' id='par_1_78' title="bbox 106 4107 1714 4185">
     <span class='ocr_line' id='line_1_78' title="bbox 106 4107 1714 4185; baseline 0.005 -26"><span class='ocrx_word' id='word_1_569' title='bbox 106 4107 358 4167; x_wconf 81' lang='lat' dir='ltr'>Jerusalem</span> <span class='ocrx_word' id='word_1_570' title='bbox 405 4129 530 4185; x_wconf 73' lang='lat' dir='ltr'>quae</span> <span class='ocrx_word' id='word_1_571' title='bbox 559 4114 618 4166; x_wconf 88' lang='lat' dir='ltr'>in</span> <span class='ocrx_word' id='word_1_572' title='bbox 647 4111 780 4166; x_wconf 74' lang='lat' dir='ltr'>caelo</span> <span class='ocrx_word' id='word_1_573' title='bbox 807 4114 904 4177; x_wconf 83' lang='lat' dir='ltr'>est,</span> <span class='ocrx_word' id='word_1_574' title='bbox 939 4114 990 4166; x_wconf 87' lang='lat' dir='ltr'>et</span> <span class='ocrx_word' id='word_1_575' title='bbox 1018 4110 1198 4166; x_wconf 82' lang='lat' dir='ltr'>decem</span> <span class='ocrx_word' id='word_1_576' title='bbox 1228 4111 1471 4166; x_wconf 82' lang='lat' dir='ltr'>millibus</span> <span class='ocrx_word' id='word_1_577' title='bbox 1520 4111 1714 4168; x_wconf 50' lang='lat' dir='ltr'>laten-</span> 
     </span>
    </p>
   </div>
   <div class='ocr_carea' id='block_1_79' title="bbox 107 4197 1713 4275">
    <p class='ocr_par' dir='ltr' id='par_1_79' title="bbox 107 4197 1713 4275">
     <span class='ocr_line' id='line_1_79' title="bbox 107 4197 1713 4275; baseline 0.004 -26"><span class='ocrx_word' id='word_1_578' title='bbox 107 4197 214 4253; x_wconf 77' lang='lat' dir='ltr'>tium</span> <span class='ocrx_word' id='word_1_579' title='bbox 250 4203 590 4275; x_wconf 80' lang='lat' dir='ltr'>angelorum,</span> <span class='ocrx_word' id='word_1_580' title='bbox 636 4203 685 4255; x_wconf 86' lang='lat' dir='ltr'>et</span> <span class='ocrx_word' id='word_1_581' title='bbox 730 4201 1098 4255; x_wconf 80' lang='lat' dir='ltr'>Ecclesiarum</span> <span class='ocrx_word' id='word_1_582' title='bbox 1137 4201 1552 4271; x_wconf 83' lang='lat' dir='ltr'>primitivarum</span> <span class='ocrx_word' id='word_1_583' title='bbox 1580 4201 1713 4273; x_wconf 85' lang='grc'>(45),</span> 
     </span>
    </p>
   </div>
   <div class='ocr_carea' id='block_1_80' title="bbox 108 4288 1720 4361">
    <p class='ocr_par' dir='ltr' id='par_1_80' title="bbox 108 4288 1720 4361">
     <span class='ocr_line' id='line_1_80' title="bbox 108 4288 1720 4361; baseline 0 -18"><span class='ocrx_word' id='word_1_584' title='bbox 108 4300 197 4350; x_wconf 65' lang='lat' dir='ltr'>qua?</span> <span class='ocrx_word' id='word_1_585' title='bbox 218 4292 418 4361; x_wconf 67' lang='lat' dir='ltr'>scriptae</span> <span class='ocrx_word' id='word_1_586' title='bbox 447 4292 581 4347; x_wconf 82' lang='lat' dir='ltr'>sunt</span> <span class='ocrx_word' id='word_1_587' title='bbox 610 4290 673 4343; x_wconf 86' lang='lat' dir='ltr'>in</span> <span class='ocrx_word' id='word_1_588' title='bbox 713 4289 841 4344; x_wconf 80' lang='lat' dir='ltr'>ctelo</span> <span class='ocrx_word' id='word_1_589' title='bbox 867 4288 1047 4359; x_wconf 87' lang='lat' dir='ltr'>(Hebr.</span> <span class='ocrx_word' id='word_1_590' title='bbox 1072 4305 1176 4353; x_wconf 85' lang='grc' dir='ltr'>χιι,</span> <span class='ocrx_word' id='word_1_591' title='bbox 1207 4289 1297 4354; x_wconf 87' lang='lat'>22,</span> <span class='ocrx_word' id='word_1_592' title='bbox 1323 4289 1436 4357; x_wconf 87' lang='lat'>23).</span> <span class='ocrx_word' id='word_1_593' title='bbox 1461 4288 1720 4353; x_wconf 85' lang='lat' dir='ltr'>Quatuor</span> 
     </span>
    </p>
   </div>
   <div class='ocr_carea' id='block_1_81' title="bbox 110 4374 1717 4447">
    <p class='ocr_par' dir='ltr' id='par_1_81' title="bbox 110 4374 1717 4447">
     <span class='ocr_line' id='line_1_81' title="bbox 110 4374 1717 4447; baseline 0.004 -21"><span class='ocrx_word' id='word_1_594' title='bbox 110 4374 297 4433; x_wconf 79' lang='lat' dir='ltr'>ordines</span> <span class='ocrx_word' id='word_1_595' title='bbox 328 4379 485 4447; x_wconf 76' lang='lat' dir='ltr'>fecit,</span> <span class='ocrx_word' id='word_1_596' title='bbox 509 4377 730 4433; x_wconf 88' lang='lat' dir='ltr'>montis</span> <span class='ocrx_word' id='word_1_597' title='bbox 762 4376 925 4444; x_wconf 89' lang='lat' dir='ltr'>Sion,</span> <span class='ocrx_word' id='word_1_598' title='bbox 951 4376 1198 4432; x_wconf 89' lang='lat' dir='ltr'>civitatis</span> <span class='ocrx_word' id='word_1_599' title='bbox 1223 4376 1602 4446; x_wconf 82' lang='lat' dir='ltr'>Hierusalem,</span> <span class='ocrx_word' id='word_1_600' title='bbox 1627 4394 1717 4433; x_wconf 85' lang='lat' dir='ltr'>ce-</span> 
     </span>
    </p>
   </div>
   <div class='ocr_carea' id='block_1_82' title="bbox 110 4456 1717 4540">
    <p class='ocr_par' dir='ltr' id='par_1_82' title="bbox 110 4456 1717 4540">
     <span class='ocr_line' id='line_1_82' title="bbox 110 4456 1717 4540; baseline 0.007 -30"><span class='ocrx_word' id='word_1_601' title='bbox 110 4456 351 4522; x_wconf 76' lang='lat' dir='ltr'>lebritatis</span> <span class='ocrx_word' id='word_1_602' title='bbox 370 4465 744 4540; x_wconf 87' lang='lat' dir='ltr'>angelorum,</span> <span class='ocrx_word' id='word_1_603' title='bbox 772 4470 827 4521; x_wconf 90' lang='lat' dir='ltr'>et</span> <span class='ocrx_word' id='word_1_604' title='bbox 847 4464 1235 4532; x_wconf 82' lang='lat' dir='ltr'>Ecclesiarum</span> <span class='ocrx_word' id='word_1_605' title='bbox 1263 4466 1717 4537; x_wconf 89' lang='lat' dir='ltr'>primitivarum,</span> 
     </span>
    </p>
   </div>
   <div class='ocr_carea' id='block_1_83' title="bbox 1818 3579 3470 3654">
    <p class='ocr_par' dir='ltr' id='par_1_83' title="bbox 1818 3579 3470 3654">
     <span class='ocr_line' id='line_1_83' title="bbox 1818 3579 3470 3654; baseline 0.001 -18"><span class='ocrx_word' id='word_1_606' title='bbox 1818 3582 1982 3648; x_wconf 88' lang='lat' dir='ltr'>dum,</span> <span class='ocrx_word' id='word_1_607' title='bbox 1994 3580 2164 3651; x_wconf 87' lang='lat' dir='ltr'>jubet</span> <span class='ocrx_word' id='word_1_608' title='bbox 2183 3579 2399 3636; x_wconf 88' lang='lat' dir='ltr'>mutari</span> <span class='ocrx_word' id='word_1_609' title='bbox 2422 3596 2543 3645; x_wconf 88' lang='lat' dir='ltr'>ove,</span> <span class='ocrx_word' id='word_1_610' title='bbox 2560 3597 2689 3652; x_wconf 65' lang='lat' dir='ltr'>quae</span> <span class='ocrx_word' id='word_1_611' title='bbox 2711 3580 2935 3637; x_wconf 90' lang='lat' dir='ltr'>munda</span> <span class='ocrx_word' id='word_1_612' title='bbox 2952 3584 3010 3638; x_wconf 91' lang='lat' dir='ltr'>et</span> <span class='ocrx_word' id='word_1_613' title='bbox 3024 3584 3163 3654; x_wconf 86' lang='lat' dir='ltr'>apta</span> <span class='ocrx_word' id='word_1_614' title='bbox 3182 3581 3470 3641; x_wconf 88' lang='lat' dir='ltr'>sacriﬁcio</span> 
     </span>
    </p>
   </div>
   <div class='ocr_carea' id='block_1_84' title="bbox 1819 3669 3474 3742">
    <p class='ocr_par' dir='ltr' id='par_1_84' title="bbox 1819 3669 3474 3742">
     <span class='ocr_line' id='line_1_84' title="bbox 1819 3669 3474 3742; baseline 0 -17"><span class='ocrx_word' id='word_1_615' title='bbox 1819 3673 1906 3725; x_wconf 91' lang='lat' dir='ltr'>est</span> <span class='ocrx_word' id='word_1_616' title='bbox 1936 3669 2127 3742; x_wconf 76' lang='lat' dir='ltr'>(Exod.</span> <span class='ocrx_word' id='word_1_617' title='bbox 2158 3686 2283 3735; x_wconf 84' lang='lat' dir='ltr'>xm,</span> <span class='ocrx_word' id='word_1_618' title='bbox 2321 3669 2417 3737; x_wconf 89' lang='grc'>13;</span> <span class='ocrx_word' id='word_1_619' title='bbox 2448 3669 2618 3724; x_wconf 86' lang='lat' dir='ltr'>Levit.</span> <span class='ocrx_word' id='word_1_620' title='bbox 2649 3686 2828 3734; x_wconf 86' lang='lat' dir='ltr'>xxvn,</span> <span class='ocrx_word' id='word_1_621' title='bbox 2857 3669 2971 3740; x_wconf 88' lang='lat'>27).</span> <span class='ocrx_word' id='word_1_622' title='bbox 3002 3669 3122 3726; x_wconf 88' lang='lat' dir='ltr'>Hoc</span> <span class='ocrx_word' id='word_1_623' title='bbox 3150 3673 3242 3726; x_wconf 89' lang='lat' dir='ltr'>est</span> <span class='ocrx_word' id='word_1_624' title='bbox 3268 3686 3474 3727; x_wconf 84' lang='lat' dir='ltr'>secun-</span> 
     </span>
    </p>
   </div>
   <div class='ocr_carea' id='block_1_85' title="bbox 1821 3756 3473 3831">
    <p class='ocr_par' dir='ltr' id='par_1_85' title="bbox 1821 3756 3473 3831">
     <span class='ocr_line' id='line_1_85' title="bbox 1821 3756 3473 3831; baseline 0.002 -18"><span class='ocrx_word' id='word_1_625' title='bbox 1821 3759 1962 3813; x_wconf 91' lang='lat' dir='ltr'>dum</span> <span class='ocrx_word' id='word_1_626' title='bbox 2017 3756 2292 3814; x_wconf 87' lang='lat' dir='ltr'>litteram.</span> <span class='ocrx_word' id='word_1_627' title='bbox 2323 3757 2603 3813; x_wconf 63' lang='lat' dir='ltr'>Caeterum</span> <span class='ocrx_word' id='word_1_628' title='bbox 2639 3757 2687 3813; x_wconf 90' lang='lat' dir='ltr'>si</span> <span class='ocrx_word' id='word_1_629' title='bbox 2719 3758 2856 3830; x_wconf 83' lang='lat' dir='ltr'>quis</span> <span class='ocrx_word' id='word_1_630' title='bbox 2902 3774 3142 3815; x_wconf 88' lang='lat' dir='ltr'>sensum</span> <span class='ocrx_word' id='word_1_631' title='bbox 3189 3756 3473 3831; x_wconf 88' lang='lat' dir='ltr'>spiritalis</span> 
     </span>
    </p>
   </div>
   <div class='ocr_carea' id='block_1_86' title="bbox 1820 3844 3474 3919">
    <p class='ocr_par' dir='ltr' id='par_1_86' title="bbox 1820 3844 3474 3919">
     <span class='ocr_line' id='line_1_86' title="bbox 1820 3844 3474 3919; baseline 0.001 -19"><span class='ocrx_word' id='word_1_632' title='bbox 1820 3845 1965 3918; x_wconf 87' lang='lat' dir='ltr'>legis</span> <span class='ocrx_word' id='word_1_633' title='bbox 1995 3845 2171 3901; x_wconf 88' lang='lat' dir='ltr'>altius</span> <span class='ocrx_word' id='word_1_634' title='bbox 2194 3846 2303 3918; x_wconf 65' lang='grc'>(46)</span> <span class='ocrx_word' id='word_1_635' title='bbox 2326 3849 2734 3918; x_wconf 89' lang='lat' dir='ltr'>persequatur,</span> <span class='ocrx_word' id='word_1_636' title='bbox 2757 3844 2901 3904; x_wconf 91' lang='lat' dir='ltr'>libet</span> <span class='ocrx_word' id='word_1_637' title='bbox 2929 3846 3296 3907; x_wconf 84' lang='lat' dir='ltr'>considerare</span> <span class='ocrx_word' id='word_1_638' title='bbox 3317 3846 3474 3919; x_wconf 86' lang='lat' dir='ltr'>quod</span> 
     </span>
    </p>
   </div>
   <div class='ocr_carea' id='block_1_87' title="bbox 1806 3933 3466 4004">
    <p class='ocr_par' dir='ltr' id='par_1_87' title="bbox 1806 3933 3466 4004">
     <span class='ocr_line' id='line_1_87' title="bbox 1806 3933 3466 4004; baseline 0.001 -13"><span class='ocrx_word' id='word_1_639' title='bbox 1806 3935 1989 3997; x_wconf 69' lang='lat' dir='ltr'>,asina</span> <span class='ocrx_word' id='word_1_640' title='bbox 2043 3933 2402 3991; x_wconf 86' lang='lat' dir='ltr'>laboriosum</span> <span class='ocrx_word' id='word_1_641' title='bbox 2461 3933 2540 3989; x_wconf 89' lang='lat' dir='ltr'>sit</span> <span class='ocrx_word' id='word_1_642' title='bbox 2595 3934 2837 4004; x_wconf 89' lang='lat' dir='ltr'>animal,</span> <span class='ocrx_word' id='word_1_643' title='bbox 2897 3936 3021 3992; x_wconf 90' lang='lat' dir='ltr'>ovis</span> <span class='ocrx_word' id='word_1_644' title='bbox 3077 3935 3466 3992; x_wconf 83' lang='lat' dir='ltr'>fructuosum.</span> 
     </span>
    </p>
   </div>
   <div class='ocr_carea' id='block_1_88' title="bbox 1824 4021 3475 4097">
    <p class='ocr_par' dir='ltr' id='par_1_88' title="bbox 1824 4021 3475 4097">
     <span class='ocr_line' id='line_1_88' title="bbox 1824 4021 3475 4097; baseline 0.001 -18"><span class='ocrx_word' id='word_1_645' title='bbox 1824 4024 2039 4080; x_wconf 88' lang='lat' dir='ltr'>Fructu</span> <span class='ocrx_word' id='word_1_646' title='bbox 2070 4039 2206 4094; x_wconf 86' lang='lat' dir='ltr'>ergo</span> <span class='ocrx_word' id='word_1_647' title='bbox 2239 4021 2379 4078; x_wconf 90' lang='lat' dir='ltr'>dicit</span> <span class='ocrx_word' id='word_1_648' title='bbox 2400 4023 2753 4079; x_wconf 90' lang='lat' dir='ltr'>mutandum</span> <span class='ocrx_word' id='word_1_649' title='bbox 2783 4022 3064 4092; x_wconf 88' lang='lat' dir='ltr'>laborem,</span> <span class='ocrx_word' id='word_1_650' title='bbox 3088 4027 3156 4079; x_wconf 89' lang='lat' dir='ltr'>ut</span> <span class='ocrx_word' id='word_1_651' title='bbox 3179 4024 3314 4080; x_wconf 92' lang='lat' dir='ltr'>ﬁnis</span> <span class='ocrx_word' id='word_1_652' title='bbox 3339 4040 3475 4097; x_wconf 89' lang='lat' dir='ltr'>ope-</span> 
     </span>
    </p>
   </div>
   <div class='ocr_carea' id='block_1_89' title="bbox 1823 4110 3478 4170">
    <p class='ocr_par' dir='ltr' id='par_1_89' title="bbox 1823 4110 3478 4170">
     <span class='ocr_line' id='line_1_89' title="bbox 1823 4110 3478 4170; baseline 0.001 -3"><span class='ocrx_word' id='word_1_653' title='bbox 1823 4112 1905 4168; x_wconf 89' lang='lat' dir='ltr'>ris</span> <span class='ocrx_word' id='word_1_654' title='bbox 1935 4112 2025 4169; x_wconf 88' lang='lat' dir='ltr'>sui</span> <span class='ocrx_word' id='word_1_655' title='bbox 2059 4111 2285 4167; x_wconf 91' lang='lat' dir='ltr'>fructus</span> <span class='ocrx_word' id='word_1_656' title='bbox 2316 4110 2413 4167; x_wconf 91' lang='lat' dir='ltr'>sit.</span> <span class='ocrx_word' id='word_1_657' title='bbox 2437 4110 2542 4166; x_wconf 88' lang='lat' dir='ltr'>Vel</span> <span class='ocrx_word' id='word_1_658' title='bbox 2573 4116 2727 4167; x_wconf 88' lang='lat' dir='ltr'>certe</span> <span class='ocrx_word' id='word_1_659' title='bbox 2756 4112 2865 4168; x_wconf 91' lang='lat' dir='ltr'>hoc</span> <span class='ocrx_word' id='word_1_660' title='bbox 2894 4112 3102 4168; x_wconf 90' lang='lat' dir='ltr'>modo:</span> <span class='ocrx_word' id='word_1_661' title='bbox 3128 4127 3362 4170; x_wconf 90' lang='lat' dir='ltr'>omnem</span> <span class='ocrx_word' id='word_1_662' title='bbox 3395 4111 3478 4168; x_wconf 89' lang='lat' dir='ltr'>la-</span> 
     </span>
    </p>
   </div>
   <div class='ocr_carea' id='block_1_90' title="bbox 1825 4199 3477 4275">
    <p class='ocr_par' dir='ltr' id='par_1_90' title="bbox 1825 4199 3477 4275">
     <span class='ocr_line' id='line_1_90' title="bbox 1825 4199 3477 4275; baseline 0.001 -18"><span class='ocrx_word' id='word_1_663' title='bbox 1825 4202 2025 4257; x_wconf 90' lang='lat' dir='ltr'>borem</span> <span class='ocrx_word' id='word_1_664' title='bbox 2057 4204 2247 4268; x_wconf 90' lang='lat' dir='ltr'>tuum,</span> <span class='ocrx_word' id='word_1_665' title='bbox 2281 4216 2516 4256; x_wconf 90' lang='lat' dir='ltr'>omnem</span> <span class='ocrx_word' id='word_1_666' title='bbox 2560 4199 2917 4257; x_wconf 89' lang='lat' dir='ltr'>industriam</span> <span class='ocrx_word' id='word_1_667' title='bbox 2956 4217 3104 4274; x_wconf 89' lang='lat' dir='ltr'>puro</span> <span class='ocrx_word' id='word_1_668' title='bbox 3133 4205 3191 4257; x_wconf 91' lang='lat' dir='ltr'>et</span> <span class='ocrx_word' id='word_1_669' title='bbox 3220 4200 3477 4275; x_wconf 88' lang='lat' dir='ltr'>simplici</span> 
     </span>
    </p>
   </div>
   <div class='ocr_carea' id='block_1_91' title="bbox 1827 4288 2528 4346">
    <p class='ocr_par' dir='ltr' id='par_1_91' title="bbox 1827 4288 2528 4346">
     <span class='ocr_line' id='line_1_91' title="bbox 1827 4288 2528 4346; baseline -0.003 -1"><span class='ocrx_word' id='word_1_670' title='bbox 1827 4288 2267 4346; x_wconf 89' lang='lat' dir='ltr'>commendabis</span> <span class='ocrx_word' id='word_1_671' title='bbox 2299 4289 2528 4344; x_wconf 72' lang='lat' dir='ltr'>affectu.</span> 
     </span>
    </p>
   </div>
   <div class='ocr_carea' id='block_1_92' title="bbox 1895 4376 3479 4451">
    <p class='ocr_par' dir='ltr' id='par_1_92' title="bbox 1895 4376 3479 4451">
     <span class='ocr_line' id='line_1_92' title="bbox 1895 4376 3479 4451; baseline 0.002 -18"><span class='ocrx_word' id='word_1_672' title='bbox 1895 4379 1949 4433; x_wconf 88' lang='lat'>9.</span> <span class='ocrx_word' id='word_1_673' title='bbox 1985 4378 2046 4433; x_wconf 88' lang='lat' dir='ltr'>Si</span> <span class='ocrx_word' id='word_1_674' title='bbox 2081 4383 2268 4433; x_wconf 82' lang='lat' dir='ltr'>autem</span> <span class='ocrx_word' id='word_1_675' title='bbox 2312 4393 2424 4433; x_wconf 89' lang='lat' dir='ltr'>non</span> <span class='ocrx_word' id='word_1_676' title='bbox 2465 4376 2722 4448; x_wconf 87' lang='lat' dir='ltr'>mutabis,</span> <span class='ocrx_word' id='word_1_677' title='bbox 2754 4376 2969 4451; x_wconf 89' lang='lat' dir='ltr'>inquit,</span> <span class='ocrx_word' id='word_1_678' title='bbox 3001 4378 3232 4436; x_wconf 86' lang='lat' dir='ltr'>redimes</span> <span class='ocrx_word' id='word_1_679' title='bbox 3259 4378 3479 4450; x_wconf 57' lang='lat' dir='ltr'>(Exod,</span> 
     </span>
    </p>
   </div>
   <div class='ocr_carea' id='block_1_93' title="bbox 1831 4465 3480 4539">
    <p class='ocr_par' dir='ltr' id='par_1_93' title="bbox 1831 4465 3480 4539">
     <span class='ocr_line' id='line_1_93' title="bbox 1831 4465 3480 4539; baseline 0.001 -16"><span class='ocrx_word' id='word_1_680' title='bbox 1831 4484 1956 4533; x_wconf 85' lang='grc' dir='ltr'>χιιι,</span> <span class='ocrx_word' id='word_1_681' title='bbox 1990 4465 2098 4538; x_wconf 87' lang='grc'>13).</span> <span class='ocrx_word' id='word_1_682' title='bbox 2130 4465 2380 4522; x_wconf 87' lang='lat' dir='ltr'>Jubetur</span> <span class='ocrx_word' id='word_1_683' title='bbox 2416 4482 2553 4539; x_wconf 88' lang='lat' dir='ltr'>ergo</span> <span class='ocrx_word' id='word_1_684' title='bbox 2584 4467 2911 4524; x_wconf 91' lang='lat' dir='ltr'>secundum</span> <span class='ocrx_word' id='word_1_685' title='bbox 2957 4465 3237 4539; x_wconf 88' lang='lat' dir='ltr'>litteram,</span> <span class='ocrx_word' id='word_1_686' title='bbox 3262 4476 3328 4524; x_wconf 90' lang='lat' dir='ltr'>ut</span> <span class='ocrx_word' id='word_1_687' title='bbox 3356 4467 3480 4525; x_wconf 91' lang='lat' dir='ltr'>ani-</span> 
     </span>
    </p>
   </div>
   <div class='ocr_carea' id='block_1_94' title="bbox 114 4527 3485 4632">
    <p class='ocr_par' dir='ltr' id='par_1_94' title="bbox 114 4527 3485 4632">
     <span class='ocr_line' id='line_1_94' title="bbox 114 4527 3485 4632; baseline 0.004 -33"><span class='ocrx_word' id='word_1_688' title='bbox 114 4546 236 4606; x_wconf 87' lang='lat' dir='ltr'>Tulit</span> <span class='ocrx_word' id='word_1_689' title='bbox 260 4570 387 4628; x_wconf 75' lang='lat' dir='ltr'>ergo</span> <span class='ocrx_word' id='word_1_690' title='bbox 439 4527 739 4611; x_wconf 30' lang='lat' dir='ltr'>Dominus,</span> <span class='ocrx_word' id='word_1_691' title='bbox 775 4559 923 4610; x_wconf 89' lang='lat' dir='ltr'>Deus</span> <span class='ocrx_word' id='word_1_692' title='bbox 954 4527 1026 4609; x_wconf 79' lang='lat' dir='ltr'>de</span> <span class='ocrx_word' id='word_1_693' title='bbox 1059 4527 1281 4609; x_wconf 48' lang='lat' dir='ltr'>medio.</span> <span class='ocrx_word' id='word_1_694' title='bbox 1300 4554 1501 4628; x_wconf 91' lang='lat' dir='ltr'>populi</span> <span class='ocrx_word' id='word_1_695' title='bbox 1550 4527 1725 4611; x_wconf 89' lang='lat' dir='ltr'>Israel</span> <span class='ocrx_word' id='word_1_696' title='bbox 1756 4527 1803 4593; x_wconf 82' lang='lat' dir='ltr'>D</span> <span class='ocrx_word' id='word_1_697' title='bbox 1837 4527 1954 4612; x_wconf 87' lang='lat' dir='ltr'>mal</span> <span class='ocrx_word' id='word_1_698' title='bbox 1983 4527 2139 4612; x_wconf 79' lang='lat' dir='ltr'>aliud</span> <span class='ocrx_word' id='word_1_699' title='bbox 2173 4572 2277 4627; x_wconf 90' lang='lat' dir='ltr'>pro</span> <span class='ocrx_word' id='word_1_700' title='bbox 2309 4527 2614 4612; x_wconf 50' lang='lat' dir='ltr'>immuundo</span> <span class='ocrx_word' id='word_1_701' title='bbox 2646 4555 2889 4613; x_wconf 88' lang='lat' dir='ltr'>animali</span> <span class='ocrx_word' id='word_1_702' title='bbox 2915 4527 3336 4627; x_wconf 47' lang='lat' dir='ltr'>oll&#39;eratur,&#39;aut</span> <span class='ocrx_word' id='word_1_703' title='bbox 3362 4574 3485 4632; x_wconf 84' lang='lat' dir='ltr'>pre—</span> 
     </span>
    </p>
   </div>
   <div class='ocr_carea' id='block_1_95' title="bbox 112 4634 1730 4716">
    <p class='ocr_par' dir='ltr' id='par_1_95' title="bbox 112 4634 1730 4716">
     <span class='ocr_line' id='line_1_95' title="bbox 112 4634 1730 4716; baseline 0.008 -29"><span class='ocrx_word' id='word_1_704' title='bbox 112 4634 325 4710; x_wconf 82' lang='lat' dir='ltr'>Levitas;</span> <span class='ocrx_word' id='word_1_705' title='bbox 354 4644 497 4716; x_wconf 82' lang='lat' dir='ltr'>quia</span> <span class='ocrx_word' id='word_1_706' title='bbox 523 4660 640 4698; x_wconf 91' lang='lat' dir='ltr'>non</span> <span class='ocrx_word' id='word_1_707' title='bbox 664 4642 1058 4698; x_wconf 88' lang='lat' dir='ltr'>humanarum</span> <span class='ocrx_word' id='word_1_708' title='bbox 1086 4658 1185 4698; x_wconf 89' lang='lat' dir='ltr'>eos</span> <span class='ocrx_word' id='word_1_709' title='bbox 1215 4648 1516 4700; x_wconf 89' lang='lat' dir='ltr'>consortes</span> <span class='ocrx_word' id='word_1_710' title='bbox 1545 4643 1730 4700; x_wconf 87' lang='lat' dir='ltr'>voluit</span> 
     </span>
    </p>
   </div>
   <div class='ocr_carea' id='block_1_96' title="bbox 112 4730 1734 4803">
    <p class='ocr_par' dir='ltr' id='par_1_96' title="bbox 112 4730 1734 4803">
     <span class='ocr_line' id='line_1_96' title="bbox 112 4730 1734 4803; baseline 0.005 -23"><span class='ocrx_word' id='word_1_711' title='bbox 112 4738 210 4780; x_wconf 80' lang='lat' dir='ltr'>esse</span> <span class='ocrx_word' id='word_1_712' title='bbox 247 4746 542 4800; x_wconf 90' lang='lat' dir='ltr'>curarum,</span> <span class='ocrx_word' id='word_1_713' title='bbox 574 4730 675 4787; x_wconf 90' lang='lat' dir='ltr'>sed</span> <span class='ocrx_word' id='word_1_714' title='bbox 709 4731 920 4787; x_wconf 72' lang='lat' dir='ltr'>divinae</span> <span class='ocrx_word' id='word_1_715' title='bbox 953 4730 1257 4803; x_wconf 87' lang='lat' dir='ltr'>religionis</span> <span class='ocrx_word' id='word_1_716' title='bbox 1309 4731 1632 4789; x_wconf 85' lang='lat' dir='ltr'>ministros.</span> <span class='ocrx_word' id='word_1_717' title='bbox 1664 4736 1734 4788; x_wconf 88' lang='lat' dir='ltr'>Et</span> 
     </span>
    </p>
   </div>
   <div class='ocr_carea' id='block_1_97' title="bbox 112 4815 1730 4894">
    <p class='ocr_par' dir='ltr' id='par_1_97' title="bbox 112 4815 1730 4894">
     <span class='ocr_line' id='line_1_97' title="bbox 112 4815 1730 4894; baseline -0.002 -14"><span class='ocrx_word' id='word_1_718' title='bbox 112 4815 491 4891; x_wconf 62' lang='lat' dir='ltr'>Primogenitos</span> <span class='ocrx_word' id='word_1_719' title='bbox 528 4820 642 4875; x_wconf 88' lang='lat' dir='ltr'>sibi</span> <span class='ocrx_word' id='word_1_720' title='bbox 694 4819 831 4875; x_wconf 86' lang='lat' dir='ltr'>fecit</span> <span class='ocrx_word' id='word_1_721' title='bbox 861 4820 960 4892; x_wconf 90' lang='lat' dir='ltr'>qui</span> <span class='ocrx_word' id='word_1_722' title='bbox 990 4819 1225 4875; x_wconf 88' lang='lat' dir='ltr'>vulvam</span> <span class='ocrx_word' id='word_1_723' title='bbox 1260 4820 1529 4893; x_wconf 88' lang='lat' dir='ltr'>aperiunt</span> <span class='ocrx_word' id='word_1_724' title='bbox 1559 4820 1730 4894; x_wconf 89' lang='lat' dir='ltr'>spiri-</span> 
     </span>
    </p>
   </div>
   <div class='ocr_carea' id='block_1_98' title="bbox 166 5012 1729 5090">
    <p class='ocr_par' dir='ltr' id='par_1_98' title="bbox 166 5012 1729 5090">
     <span class='ocr_line' id='line_1_98' title="bbox 166 5012 1729 5090; baseline 0.006 -26"><span class='ocrx_word' id='word_1_725' title='bbox 166 5012 259 5090; x_wconf 65' lang='grc'>(43)</span> <span class='ocrx_word' id='word_1_726' title='bbox 280 5014 437 5090; x_wconf 79' lang='lat' dir='ltr'>Edit.</span> <span class='ocrx_word' id='word_1_727' title='bbox 472 5019 615 5090; x_wconf 87' lang='lat' dir='ltr'>ant.,</span> <span class='ocrx_word' id='word_1_728' title='bbox 649 5022 700 5070; x_wconf 85' lang='lat' dir='ltr'>et</span> <span class='ocrx_word' id='word_1_729' title='bbox 732 5016 1096 5090; x_wconf 79' lang='lat' dir='ltr'>Ecclesiarum</span> <span class='ocrx_word' id='word_1_730' title='bbox 1125 5017 1516 5090; x_wconf 72' lang='lat' dir='ltr'>primit-iurum</span> <span class='ocrx_word' id='word_1_731' title='bbox 1547 5016 1729 5089; x_wconf 88' lang='lat' dir='ltr'>(Gill.,</span> 
     </span>
    </p>
   </div>
   <div class='ocr_carea' id='block_1_99' title="bbox 116 5086 1735 5160">
    <p class='ocr_par' dir='ltr' id='par_1_99' title="bbox 116 5086 1735 5160">
     <span class='ocr_line' id='line_1_99' title="bbox 116 5086 1735 5160; baseline 0.007 -27"><span class='ocrx_word' id='word_1_732' title='bbox 116 5086 661 5160; x_wconf 58' lang='lat' dir='ltr'>primitivarummute</span> <span class='ocrx_word' id='word_1_733' title='bbox 705 5088 909 5160; x_wconf 87' lang='lat' dir='ltr'>scripta</span> <span class='ocrx_word' id='word_1_734' title='bbox 938 5092 1067 5141; x_wconf 85' lang='lat' dir='ltr'>sunt</span> <span class='ocrx_word' id='word_1_735' title='bbox 1111 5086 1170 5141; x_wconf 78' lang='lat' dir='ltr'>in</span> <span class='ocrx_word' id='word_1_736' title='bbox 1221 5088 1372 5160; x_wconf 64' lang='lat' dir='ltr'>curto.</span> <span class='ocrx_word' id='word_1_737' title='bbox 1413 5129 1425 5141; x_wconf 93' lang='lat'>.</span> <span class='ocrx_word' id='word_1_738' title='bbox 1466 5129 1477 5141; x_wconf 93' lang='lat'>.</span> <span class='ocrx_word' id='word_1_739' title='bbox 1516 5131 1528 5142; x_wconf 94' lang='lat'>.</span> <span class='ocrx_word' id='word_1_740' title='bbox 1555 5086 1735 5160; x_wconf 35' lang='lat' dir='ltr'>’Ange-</span> 
     </span>
    </p>
   </div>
   <div class='ocr_carea' id='block_1_100' title="bbox 117 5148 1728 5238">
    <p class='ocr_par' dir='ltr' id='par_1_100' title="bbox 117 5148 1728 5238">
     <span class='ocr_line' id='line_1_100' title="bbox 117 5148 1728 5238; baseline 0.006 -31"><span class='ocrx_word' id='word_1_741' title='bbox 117 5148 355 5238; x_wconf 40' lang='lat' dir='ltr'>(erum-et</span> <span class='ocrx_word' id='word_1_742' title='bbox 395 5148 779 5238; x_wconf 29' lang='lat' dir='ltr'>Ecclesiarum‘</span> <span class='ocrx_word' id='word_1_743' title='bbox 796 5148 1233 5238; x_wconf 68' lang='lat' dir='ltr'>primitivarum.</span> <span class='ocrx_word' id='word_1_744' title='bbox 1269 5159 1408 5214; x_wconf 89' lang='lat' dir='ltr'>Mss.</span> <span class='ocrx_word' id='word_1_745' title='bbox 1444 5148 1728 5238; x_wconf 59' lang='lat' dir='ltr'>tres_cti_m</span> 
     </span>
    </p>
   </div>
   <div class='ocr_carea' id='block_1_101' title="bbox 118 5219 1731 5299">
    <p class='ocr_par' dir='ltr' id='par_1_101' title="bbox 118 5219 1731 5299">
     <span class='ocr_line' id='line_1_101' title="bbox 118 5219 1731 5299; baseline 0.01 -28"><span class='ocrx_word' id='word_1_746' title='bbox 118 5219 218 5299; x_wconf 75' lang='lat' dir='ltr'>(liii.</span> <span class='ocrx_word' id='word_1_747' title='bbox 247 5219 373 5283; x_wconf 86' lang='lat' dir='ltr'>edit.</span> <span class='ocrx_word' id='word_1_748' title='bbox 411 5219 811 5286; x_wconf 63' lang='lat' dir='ltr'>consentiunt:</span> <span class='ocrx_word' id='word_1_749' title='bbox 841 5228 967 5284; x_wconf 88' lang='lat' dir='ltr'>Vat.</span> <span class='ocrx_word' id='word_1_750' title='bbox 1012 5233 1205 5284; x_wconf 85' lang='lat' dir='ltr'>autem</span> <span class='ocrx_word' id='word_1_751' title='bbox 1258 5246 1436 5298; x_wconf 90' lang='lat' dir='ltr'>unus,</span> <span class='ocrx_word' id='word_1_752' title='bbox 1470 5233 1522 5285; x_wconf 85' lang='lat' dir='ltr'>et</span> <span class='ocrx_word' id='word_1_753' title='bbox 1550 5232 1731 5287; x_wconf 72' lang='lat' dir='ltr'>Eccle-</span> 
     </span>
    </p>
   </div>
   <div class='ocr_carea' id='block_1_102' title="bbox 119 5299 1730 5376">
    <p class='ocr_par' dir='ltr' id='par_1_102' title="bbox 119 5299 1730 5376">
     <span class='ocr_line' id='line_1_102' title="bbox 119 5299 1730 5376; baseline 0.006 -27"><span class='ocrx_word' id='word_1_754' title='bbox 119 5302 639 5376; x_wconf 41' lang='lat' dir='ltr'>f‘tfu&#39;nprimitiarum.</span> <span class='ocrx_word' id='word_1_755' title='bbox 665 5299 872 5368; x_wconf 86' lang='lat' dir='ltr'>Laud.,</span> <span class='ocrx_word' id='word_1_756' title='bbox 896 5301 1267 5376; x_wconf 76' lang='lat' dir='ltr'>etEcclesiam</span> <span class='ocrx_word' id='word_1_757' title='bbox 1293 5302 1730 5372; x_wconf 86' lang='lat' dir='ltr'>primitivarum.</span> 
     </span>
    </p>
   </div>
   <div class='ocr_carea' id='block_1_103' title="bbox 122 5359 1735 5444">
    <p class='ocr_par' dir='ltr' id='par_1_103' title="bbox 122 5359 1735 5444">
     <span class='ocr_line' id='line_1_103' title="bbox 122 5359 1735 5444; baseline 0.007 -26"><span class='ocrx_word' id='word_1_758' title='bbox 122 5359 169 5444; x_wconf 40' lang='lat' dir='ltr'>[El</span> <span class='ocrx_word' id='word_1_759' title='bbox 193 5359 272 5422; x_wconf 75' lang='lat' dir='ltr'>hic</span> <span class='ocrx_word' id='word_1_760' title='bbox 300 5386 431 5444; x_wconf 81' lang='lat' dir='ltr'>cum</span> <span class='ocrx_word' id='word_1_761' title='bbox 466 5371 609 5444; x_wconf 81' lang='lat' dir='ltr'>Div.,</span> <span class='ocrx_word' id='word_1_762' title='bbox 644 5376 772 5444; x_wconf 66' lang='lat' dir='ltr'>quae</span> <span class='ocrx_word' id='word_1_763' title='bbox 797 5359 1012 5444; x_wconf 74' lang='lat' dir='ltr'>scriptae</span> <span class='ocrx_word' id='word_1_764' title='bbox 1032 5380 1188 5444; x_wconf 79' lang='lat' dir='ltr'>sunt,</span> <span class='ocrx_word' id='word_1_765' title='bbox 1222 5359 1331 5427; x_wconf 76' lang='lat' dir='ltr'>etc.</span> <span class='ocrx_word' id='word_1_766' title='bbox 1355 5376 1567 5444; x_wconf 76' lang='lat' dir='ltr'>Totum</span> <span class='ocrx_word' id='word_1_767' title='bbox 1601 5390 1735 5430; x_wconf 91' lang='lat' dir='ltr'>vero</span> 
     </span>
    </p>
   </div>
   <div class='ocr_carea' id='block_1_104' title="bbox 122 5429 1741 5500">
    <p class='ocr_par' dir='ltr' id='par_1_104' title="bbox 122 5429 1741 5500">
     <span class='ocr_line' id='line_1_104' title="bbox 122 5429 1741 5500; baseline 0.008 -13"><span class='ocrx_word' id='word_1_768' title='bbox 122 5429 276 5492; x_wconf 82' lang='lat' dir='ltr'>locum</span> <span class='ocrx_word' id='word_1_769' title='bbox 306 5442 442 5496; x_wconf 89' lang='lat' dir='ltr'>edit.</span> <span class='ocrx_word' id='word_1_770' title='bbox 474 5429 919 5498; x_wconf 41' lang='lat' dir='ltr'>Reinfexbibet‘</span> <span class='ocrx_word' id='word_1_771' title='bbox 939 5442 998 5497; x_wconf 93' lang='lat' dir='ltr'>in</span> <span class='ocrx_word' id='word_1_772' title='bbox 1030 5429 1189 5498; x_wconf 79' lang='lat' dir='ltr'>hunc</span> <span class='ocrx_word' id='word_1_773' title='bbox 1239 5443 1479 5499; x_wconf 88' lang='lat' dir='ltr'>modum</span> <span class='ocrx_word' id='word_1_774' title='bbox 1508 5460 1522 5500; x_wconf 89' lang='lat'><strong>:</strong></span> <span class='ocrx_word' id='word_1_775' title='bbox 1555 5448 1607 5499; x_wconf 86' lang='lat' dir='ltr'>et</span> <span class='ocrx_word' id='word_1_776' title='bbox 1638 5429 1741 5500; x_wconf 83' lang='lat' dir='ltr'>Ec-</span> 
     </span>
    </p>
   </div>
   <div class='ocr_carea' id='block_1_105' title="bbox 121 5503 1741 5586">
    <p class='ocr_par' dir='ltr' id='par_1_105' title="bbox 121 5503 1741 5586">
     <span class='ocr_line' id='line_1_105' title="bbox 121 5503 1741 5586; baseline 0.008 -26"><span class='ocrx_word' id='word_1_777' title='bbox 121 5503 268 5565; x_wconf 71' lang='lat' dir='ltr'>clesiae</span> <span class='ocrx_word' id='word_1_778' title='bbox 308 5515 735 5586; x_wconf 85' lang='lat' dir='ltr'>primitivarum,</span> <span class='ocrx_word' id='word_1_779' title='bbox 779 5515 877 5584; x_wconf 85' lang='lat' dir='ltr'>qui</span> <span class='ocrx_word' id='word_1_780' title='bbox 921 5515 1116 5586; x_wconf 82' lang='lat' dir='ltr'>scripti</span> <span class='ocrx_word' id='word_1_781' title='bbox 1159 5518 1311 5569; x_wconf 87' lang='lat' dir='ltr'>sunt.</span> <span class='ocrx_word' id='word_1_782' title='bbox 1350 5556 1362 5569; x_wconf 96' lang='lat'>.</span> <span class='ocrx_word' id='word_1_783' title='bbox 1404 5556 1417 5569; x_wconf 95' lang='lat'>.</span> <span class='ocrx_word' id='word_1_784' title='bbox 1454 5557 1466 5569; x_wconf 94' lang='lat'>.</span> <span class='ocrx_word' id='word_1_785' title='bbox 1500 5515 1741 5585; x_wconf 86' lang='lat' dir='ltr'>Angelo-</span> 
     </span>
    </p>
   </div>
   <div class='ocr_carea' id='block_1_106' title="bbox 125 5585 1043 5645">
    <p class='ocr_par' dir='ltr' id='par_1_106' title="bbox 125 5585 1043 5645">
     <span class='ocr_line' id='line_1_106' title="bbox 125 5585 1043 5645; baseline 0.002 -8"><span class='ocrx_word' id='word_1_786' title='bbox 125 5590 236 5645; x_wconf 71' lang='lat' dir='ltr'>mm,</span> <span class='ocrx_word' id='word_1_787' title='bbox 263 5586 309 5636; x_wconf 82' lang='lat' dir='ltr'>et</span> <span class='ocrx_word' id='word_1_788' title='bbox 335 5585 585 5641; x_wconf 67' lang='lat' dir='ltr'>Ecclesia:</span> <span class='ocrx_word' id='word_1_789' title='bbox 614 5585 1043 5645; x_wconf 84' lang='lat' dir='ltr'>primitivarum.</span> 
     </span>
    </p>
   </div>
   <div class='ocr_carea' id='block_1_107' title="bbox 178 5648 1738 5731">
    <p class='ocr_par' dir='ltr' id='par_1_107' title="bbox 178 5648 1738 5731">
     <span class='ocr_line' id='line_1_107' title="bbox 178 5648 1738 5731; baseline 0.009 -24"><span class='ocrx_word' id='word_1_790' title='bbox 178 5648 271 5731; x_wconf 76' lang='grc'>(44)</span> <span class='ocrx_word' id='word_1_791' title='bbox 299 5652 383 5712; x_wconf 84' lang='lat' dir='ltr'>Ita</span> <span class='ocrx_word' id='word_1_792' title='bbox 411 5671 517 5714; x_wconf 86' lang='lat' dir='ltr'>ms.</span> <span class='ocrx_word' id='word_1_793' title='bbox 552 5648 703 5716; x_wconf 68' lang='lat' dir='ltr'>Fl&#39;or.</span> <span class='ocrx_word' id='word_1_794' title='bbox 741 5658 816 5715; x_wconf 86' lang='lat' dir='ltr'>At</span> <span class='ocrx_word' id='word_1_795' title='bbox 852 5660 965 5715; x_wconf 85' lang='lat' dir='ltr'>vet.</span> <span class='ocrx_word' id='word_1_796' title='bbox 1000 5655 1140 5717; x_wconf 86' lang='lat' dir='ltr'>edit.</span> <span class='ocrx_word' id='word_1_797' title='bbox 1174 5673 1320 5717; x_wconf 86' lang='lat' dir='ltr'>mss.</span> <span class='ocrx_word' id='word_1_798' title='bbox 1355 5655 1485 5717; x_wconf 88' lang='lat' dir='ltr'>Div.</span> <span class='ocrx_word' id='word_1_799' title='bbox 1519 5661 1577 5720; x_wconf 89' lang='lat' dir='ltr'>et</span> <span class='ocrx_word' id='word_1_800' title='bbox 1607 5661 1738 5721; x_wconf 85' lang='lat' dir='ltr'>Vat.</span> 
     </span>
    </p>
   </div>
   <div class='ocr_carea' id='block_1_108' title="bbox 407 5781 885 5855">
    <p class='ocr_par' dir='ltr' id='par_1_108' title="bbox 407 5781 885 5855">
     <span class='ocr_line' id='line_1_108' title="bbox 407 5781 885 5855; baseline 0.013 -6"><span class='ocrx_word' id='word_1_801' title='bbox 407 5781 672 5853; x_wconf 61' lang='lat' dir='ltr'>Panos.</span> <span class='ocrx_word' id='word_1_802' title='bbox 722 5783 885 5855; x_wconf 83' lang='lat' dir='ltr'>XIV.</span> 
     </span>
    </p>
   </div>
   <div class='ocr_carea' id='block_1_109' title="bbox 1836 4643 3484 4720">
    <p class='ocr_par' dir='ltr' id='par_1_109' title="bbox 1836 4643 3484 4720">
     <span class='ocr_line' id='line_1_109' title="bbox 1836 4643 3484 4720; baseline 0.001 -19"><span class='ocrx_word' id='word_1_803' title='bbox 1836 4646 2021 4714; x_wconf 88' lang='lat' dir='ltr'>tium;</span> <span class='ocrx_word' id='word_1_804' title='bbox 2049 4660 2120 4700; x_wconf 89' lang='lat' dir='ltr'>ne</span> <span class='ocrx_word' id='word_1_805' title='bbox 2141 4643 2291 4701; x_wconf 90' lang='lat' dir='ltr'>inter</span> <span class='ocrx_word' id='word_1_806' title='bbox 2312 4645 2570 4702; x_wconf 89' lang='lat' dir='ltr'>decimas</span> <span class='ocrx_word' id='word_1_807' title='bbox 2592 4645 2889 4702; x_wconf 88' lang='lat' dir='ltr'>fructuum</span> <span class='ocrx_word' id='word_1_808' title='bbox 2909 4646 2999 4703; x_wconf 91' lang='lat' dir='ltr'>vel</span> <span class='ocrx_word' id='word_1_809' title='bbox 3020 4647 3218 4704; x_wconf 90' lang='lat' dir='ltr'>minus</span> <span class='ocrx_word' id='word_1_810' title='bbox 3239 4646 3484 4720; x_wconf 86' lang='lat' dir='ltr'>aliquid,</span> 
     </span>
    </p>
   </div>
   <div class='ocr_carea' id='block_1_110' title="bbox 1836 4733 3487 4793">
    <p class='ocr_par' dir='ltr' id='par_1_110' title="bbox 1836 4733 3487 4793">
     <span class='ocr_line' id='line_1_110' title="bbox 1836 4733 3487 4793; baseline 0.002 -3"><span class='ocrx_word' id='word_1_811' title='bbox 1836 4733 1922 4791; x_wconf 93' lang='lat' dir='ltr'>vel</span> <span class='ocrx_word' id='word_1_812' title='bbox 1962 4734 2340 4790; x_wconf 90' lang='lat' dir='ltr'>immundum</span> <span class='ocrx_word' id='word_1_813' title='bbox 2369 4735 2636 4791; x_wconf 90' lang='lat' dir='ltr'>videatur</span> <span class='ocrx_word' id='word_1_814' title='bbox 2665 4736 2880 4792; x_wconf 72' lang='lat' dir='ltr'>offerri.</span> <span class='ocrx_word' id='word_1_815' title='bbox 2929 4735 3261 4793; x_wconf 88' lang='lat' dir='ltr'>Intellectus</span> <span class='ocrx_word' id='word_1_816' title='bbox 3290 4740 3487 4793; x_wconf 86' lang='lat' dir='ltr'>autem</span> 
     </span>
    </p>
   </div>
   <div class='ocr_carea' id='block_1_111' title="bbox 1840 4822 3493 4897">
    <p class='ocr_par' dir='ltr' id='par_1_111' title="bbox 1840 4822 3493 4897">
     <span class='ocr_line' id='line_1_111' title="bbox 1840 4822 3493 4897; baseline 0.001 -19"><span class='ocrx_word' id='word_1_817' title='bbox 1840 4822 2187 4897; x_wconf 85' lang='lat' dir='ltr'>profundior</span> <span class='ocrx_word' id='word_1_818' title='bbox 2215 4823 2578 4881; x_wconf 90' lang='lat' dir='ltr'>liberandam</span> <span class='ocrx_word' id='word_1_819' title='bbox 2609 4823 2865 4883; x_wconf 89' lang='lat' dir='ltr'>animam</span> <span class='ocrx_word' id='word_1_820' title='bbox 2893 4830 3057 4883; x_wconf 90' lang='lat' dir='ltr'>tuam</span> <span class='ocrx_word' id='word_1_821' title='bbox 3088 4826 3275 4896; x_wconf 88' lang='lat' dir='ltr'>docet,</span> <span class='ocrx_word' id='word_1_822' title='bbox 3303 4828 3370 4881; x_wconf 92' lang='lat' dir='ltr'>ut</span> <span class='ocrx_word' id='word_1_823' title='bbox 3395 4824 3493 4880; x_wconf 89' lang='lat' dir='ltr'>de-</span> 
     </span>
    </p>
   </div>
   <div class='ocr_carea' id='block_1_112' title="bbox 1842 5017 3493 5091">
    <p class='ocr_par' dir='ltr' id='par_1_112' title="bbox 1842 5017 3493 5091">
     <span class='ocr_line' id='line_1_112' title="bbox 1842 5017 3493 5091; baseline 0.001 -18"><span class='ocrx_word' id='word_1_824' title='bbox 1842 5035 2016 5087; x_wconf 88' lang='lat' dir='ltr'>unus,</span> <span class='ocrx_word' id='word_1_825' title='bbox 2049 5019 2331 5091; x_wconf 81' lang='lat' dir='ltr'>destructis</span> <span class='ocrx_word' id='word_1_826' title='bbox 2377 5018 2677 5091; x_wconf 86' lang='lat' dir='ltr'>cultoribus</span> <span class='ocrx_word' id='word_1_827' title='bbox 2726 5020 3035 5091; x_wconf 84' lang='lat' dir='ltr'>eliguntur;</span> <span class='ocrx_word' id='word_1_828' title='bbox 3052 5018 3226 5091; x_wconf 24' lang='lat' dir='ltr'>Aalter</span> <span class='ocrx_word' id='word_1_829' title='bbox 3270 5017 3402 5091; x_wconf 74' lang='lat' dir='ltr'>Vat.</span> <span class='ocrx_word' id='word_1_830' title='bbox 3433 5023 3493 5074; x_wconf 91' lang='lat' dir='ltr'>et</span> 
     </span>
    </p>
   </div>
   <div class='ocr_carea' id='block_1_113' title="bbox 1843 5088 3487 5161">
    <p class='ocr_par' dir='ltr' id='par_1_113' title="bbox 1843 5088 3487 5161">
     <span class='ocr_line' id='line_1_113' title="bbox 1843 5088 3487 5161; baseline 0.001 -16"><span class='ocrx_word' id='word_1_831' title='bbox 1843 5091 2004 5146; x_wconf 88' lang='lat' dir='ltr'>Laud</span> <span class='ocrx_word' id='word_1_832' title='bbox 2015 5132 2026 5145; x_wconf 91' lang='lat'>.</span> <span class='ocrx_word' id='word_1_833' title='bbox 2037 5089 2340 5161; x_wconf 78' lang='lat' dir='ltr'>,destruclis</span> <span class='ocrx_word' id='word_1_834' title='bbox 2354 5090 2716 5145; x_wconf 62' lang='lat' dir='ltr'>swcularibus</span> <span class='ocrx_word' id='word_1_835' title='bbox 2730 5088 3031 5160; x_wconf 81' lang='lat' dir='ltr'>eliguntur.</span> <span class='ocrx_word' id='word_1_836' title='bbox 3048 5089 3308 5161; x_wconf 88' lang='lat' dir='ltr'>Denique</span> <span class='ocrx_word' id='word_1_837' title='bbox 3319 5088 3487 5147; x_wconf 86' lang='lat' dir='ltr'>Rom.</span> 
     </span>
    </p>
   </div>
   <div class='ocr_carea' id='block_1_114' title="bbox 1844 5160 3333 5232">
    <p class='ocr_par' dir='ltr' id='par_1_114' title="bbox 1844 5160 3333 5232">
     <span class='ocr_line' id='line_1_114' title="bbox 1844 5160 3333 5232; baseline -0.001 -15"><span class='ocrx_word' id='word_1_838' title='bbox 1844 5162 1911 5218; x_wconf 91' lang='lat' dir='ltr'>ed</span> <span class='ocrx_word' id='word_1_839' title='bbox 1920 5162 1981 5215; x_wconf 89' lang='lat' dir='ltr'>it.</span> <span class='ocrx_word' id='word_1_840' title='bbox 1993 5201 2007 5224; x_wconf 95' lang='lat'>,</span> <span class='ocrx_word' id='word_1_841' title='bbox 2018 5231 2021 5232; x_wconf 16' lang='grc' dir='ltr'><em>ν</em></span> <span class='ocrx_word' id='word_1_842' title='bbox 2034 5160 2306 5232; x_wconf 83' lang='lat' dir='ltr'>destitutis</span> <span class='ocrx_word' id='word_1_843' title='bbox 2333 5161 2644 5232; x_wconf 68' lang='lat' dir='ltr'>cultoribus</span> <span class='ocrx_word' id='word_1_844' title='bbox 2656 5161 3011 5232; x_wconf 74' lang='lat' dir='ltr'>saecularibus</span> <span class='ocrx_word' id='word_1_845' title='bbox 3033 5160 3333 5232; x_wconf 72' lang='lat' dir='ltr'>eliguntur.</span> 
     </span>
    </p>
   </div>
   <div class='ocr_carea' id='block_1_115' title="bbox 1919 5229 3492 5302">
    <p class='ocr_par' dir='ltr' id='par_1_115' title="bbox 1919 5229 3492 5302">
     <span class='ocr_line' id='line_1_115' title="bbox 1919 5229 3492 5302; baseline 0 -15"><span class='ocrx_word' id='word_1_846' title='bbox 1919 5231 2030 5302; x_wconf 64' lang='grc'>(45)</span> <span class='ocrx_word' id='word_1_847' title='bbox 2062 5231 2204 5287; x_wconf 89' lang='lat' dir='ltr'>Mss.</span> <span class='ocrx_word' id='word_1_848' title='bbox 2239 5231 2352 5302; x_wconf 86' lang='lat' dir='ltr'>duo</span> <span class='ocrx_word' id='word_1_849' title='bbox 2382 5230 2508 5285; x_wconf 87' lang='lat' dir='ltr'>Vat.</span> <span class='ocrx_word' id='word_1_850' title='bbox 2537 5235 2595 5285; x_wconf 92' lang='lat' dir='ltr'>et</span> <span class='ocrx_word' id='word_1_851' title='bbox 2623 5231 2828 5302; x_wconf 88' lang='lat' dir='ltr'>Laud.,</span> <span class='ocrx_word' id='word_1_852' title='bbox 2861 5234 2911 5287; x_wconf 85' lang='lat' dir='ltr'>et</span> <span class='ocrx_word' id='word_1_853' title='bbox 2937 5230 3083 5287; x_wconf 81' lang='lat' dir='ltr'>datis</span> <span class='ocrx_word' id='word_1_854' title='bbox 3110 5229 3243 5287; x_wconf 75' lang='lat' dir='ltr'>suis.</span> <span class='ocrx_word' id='word_1_855' title='bbox 3276 5229 3400 5287; x_wconf 87' lang='lat' dir='ltr'>Div.</span> <span class='ocrx_word' id='word_1_856' title='bbox 3425 5247 3492 5288; x_wconf 84' lang='lat' dir='ltr'>ac</span> 
     </span>
    </p>
   </div>
   <div class='ocr_carea' id='block_1_116' title="bbox 1845 5300 3491 5370">
    <p class='ocr_par' dir='ltr' id='par_1_116' title="bbox 1845 5300 3491 5370">
     <span class='ocr_line' id='line_1_116' title="bbox 1845 5300 3491 5370; baseline 0.001 -12"><span class='ocrx_word' id='word_1_857' title='bbox 1845 5308 1957 5358; x_wconf 90' lang='lat' dir='ltr'>vet.</span> <span class='ocrx_word' id='word_1_858' title='bbox 2013 5300 2181 5370; x_wconf 82' lang='lat' dir='ltr'>edit.,</span> <span class='ocrx_word' id='word_1_859' title='bbox 2234 5305 2285 5356; x_wconf 84' lang='lat' dir='ltr'>et</span> <span class='ocrx_word' id='word_1_860' title='bbox 2312 5300 2457 5356; x_wconf 84' lang='lat' dir='ltr'>datis</span> <span class='ocrx_word' id='word_1_861' title='bbox 2509 5302 2638 5356; x_wconf 83' lang='lat' dir='ltr'>tuis.</span> <span class='ocrx_word' id='word_1_862' title='bbox 2673 5301 2841 5357; x_wconf 86' lang='lat' dir='ltr'>Rom.</span> <span class='ocrx_word' id='word_1_863' title='bbox 2875 5302 3036 5369; x_wconf 87' lang='lat' dir='ltr'>edit.,</span> <span class='ocrx_word' id='word_1_864' title='bbox 3067 5306 3119 5357; x_wconf 86' lang='lat' dir='ltr'>et</span> <span class='ocrx_word' id='word_1_865' title='bbox 3147 5302 3289 5359; x_wconf 80' lang='lat' dir='ltr'>datis</span> <span class='ocrx_word' id='word_1_866' title='bbox 3333 5305 3491 5360; x_wconf 79' lang='lat' dir='ltr'>meis.</span> 
     </span>
    </p>
   </div>
   <div class='ocr_carea' id='block_1_117' title="bbox 1849 5370 3494 5448">
    <p class='ocr_par' dir='ltr' id='par_1_117' title="bbox 1849 5370 3494 5448">
     <span class='ocr_line' id='line_1_117' title="bbox 1849 5370 3494 5448; baseline 0.001 -18"><span class='ocrx_word' id='word_1_867' title='bbox 1849 5375 1960 5430; x_wconf 90' lang='lat' dir='ltr'>Sed</span> <span class='ocrx_word' id='word_1_868' title='bbox 1994 5373 2188 5448; x_wconf 86' lang='lat' dir='ltr'>locum</span> <span class='ocrx_word' id='word_1_869' title='bbox 2218 5371 2384 5427; x_wconf 90' lang='lat' dir='ltr'>illum</span> <span class='ocrx_word' id='word_1_870' title='bbox 2417 5370 2510 5426; x_wconf 91' lang='lat' dir='ltr'>his</span> <span class='ocrx_word' id='word_1_871' title='bbox 2539 5372 2731 5428; x_wconf 91' lang='lat' dir='ltr'>verbis</span> <span class='ocrx_word' id='word_1_872' title='bbox 2766 5373 2825 5448; x_wconf 76' lang='lat' dir='ltr'>in</span> <span class='ocrx_word' id='word_1_873' title='bbox 2865 5372 3170 5448; x_wconf 75' lang='lat' dir='ltr'>scriptura</span> <span class='ocrx_word' id='word_1_874' title='bbox 3199 5390 3494 5448; x_wconf 81' lang='lat' dir='ltr'>nusquam</span> 
     </span>
    </p>
   </div>
   <div class='ocr_carea' id='block_1_118' title="bbox 1849 5442 3497 5520">
    <p class='ocr_par' dir='ltr' id='par_1_118' title="bbox 1849 5442 3497 5520">
     <span class='ocr_line' id='line_1_118' title="bbox 1849 5442 3497 5520; baseline 0.001 -19"><span class='ocrx_word' id='word_1_875' title='bbox 1849 5444 2205 5520; x_wconf 81' lang='lat' dir='ltr'>reperimus;</span> <span class='ocrx_word' id='word_1_876' title='bbox 2262 5458 2516 5520; x_wconf 86' lang='lat' dir='ltr'>eumque</span> <span class='ocrx_word' id='word_1_877' title='bbox 2567 5457 2636 5498; x_wconf 82' lang='lat' dir='ltr'>ex</span> <span class='ocrx_word' id='word_1_878' title='bbox 2682 5443 2856 5500; x_wconf 88' lang='lat' dir='ltr'>variis</span> <span class='ocrx_word' id='word_1_879' title='bbox 2907 5442 3140 5502; x_wconf 78' lang='lat' dir='ltr'>Levitici</span> <span class='ocrx_word' id='word_1_880' title='bbox 3192 5442 3497 5520; x_wconf 63' lang='lat' dir='ltr'>preceptis</span> 
     </span>
    </p>
   </div>
   <div class='ocr_carea' id='block_1_119' title="bbox 1853 5516 2592 5585">
    <p class='ocr_par' dir='ltr' id='par_1_119' title="bbox 1853 5516 2592 5585">
     <span class='ocr_line' id='line_1_119' title="bbox 1853 5516 2592 5585; baseline -0.004 -14"><span class='ocrx_word' id='word_1_881' title='bbox 1853 5516 2264 5572; x_wconf 86' lang='lat' dir='ltr'>concinnatum</span> <span class='ocrx_word' id='word_1_882' title='bbox 2295 5517 2592 5585; x_wconf 91' lang='lat' dir='ltr'>putamus.</span> 
     </span>
    </p>
   </div>
   <div class='ocr_carea' id='block_1_120' title="bbox 1891 5586 3502 5720">
    <p class='ocr_par' dir='ltr' id='par_1_120' title="bbox 1891 5586 3502 5720">
     <span class='ocr_line' id='line_1_120' title="bbox 1891 5586 3502 5720; baseline 0.003 -77"><span class='ocrx_word' id='word_1_883' title='bbox 1891 5587 2047 5720; x_wconf 60' lang='grc' dir='ltr'><em>ι</em></span> <span class='ocrx_word' id='word_1_884' title='bbox 2261 5601 2483 5655; x_wconf 83' lang='lat' dir='ltr'>omnes,</span> <span class='ocrx_word' id='word_1_885' title='bbox 2531 5600 2751 5645; x_wconf 79' lang='lat' dir='ltr'>sensum</span> <span class='ocrx_word' id='word_1_886' title='bbox 2793 5587 3065 5663; x_wconf 84' lang='lat' dir='ltr'>spiritalis</span> <span class='ocrx_word' id='word_1_887' title='bbox 3112 5589 3502 5669; x_wconf 65' lang='lat' dir='ltr'>intelligentiae</span> 
     </span>
    </p>
   </div>
   <div class='ocr_carea' id='block_1_121' title="bbox 1854 5674 2184 5729">
    <p class='ocr_par' dir='ltr' id='par_1_121' title="bbox 1854 5674 2184 5729">
     <span class='ocr_line' id='line_1_121' title="bbox 1854 5674 2184 5729; baseline -0.006 -8"><span class='ocrx_word' id='word_1_888' title='bbox 1854 5674 1908 5721; x_wconf 83' lang='grc' dir='ltr'>αι</span> <span class='ocrx_word' id='word_1_889' title='bbox 1916 5674 2047 5729; x_wconf 73' lang='grc' dir='ltr'>ιηιδ,</span> <span class='ocrx_word' id='word_1_890' title='bbox 2076 5674 2184 5720; x_wconf 77' lang='grc' dir='ltr'>θιο.</span> 
     </span>
    </p>
   </div>
   <div class='ocr_carea' id='block_1_122' title="bbox 3109 5789 3187 5873">
    <p class='ocr_par' dir='ltr' id='par_1_122' title="bbox 3109 5789 3187 5873">
     <span class='ocr_line' id='line_1_122' title="bbox 3109 5789 3187 5873; baseline -0.09 0"><span class='ocrx_word' id='word_1_891' title='bbox 3109 5789 3187 5873; x_wconf 65' lang='grc' dir='ltr'>Η</span> 
     </span>
    </p>
   </div>
  </div>
