3878 6208
355 387 470 445 363

1821 381 1885 441 S.
1931 374 2307 443 AMBROSII

3646 381 3757 445 364

356 518 528 573 sistat
554 484 628 573 ab
662 516 740 573 iis
774 533 902 589 quae
952 516 1209 571 fructum
1257 530 1372 570 non
1422 514 1657 569 habent.
1689 514 1796 580 Qui
1844 514 2001 568 enim
2031 514 2078 581 Α
2114 514 2304 569 tilium
2339 514 2653 570 miseratus
2685 512 3086 588 laborem,qui
3116 514 3327 572 lateres
3356 520 3763 574 construerent

356 606 595 663 redimit
624 622 708 673 se,
738 604 946 661 liberat
975 608 1031 660 et
1075 604 1328 675 quodam
1377 603 1536 658 exuit
1565 603 1781 659 debito.
1815 601 2008 657 Belin-

359 696 593 766 quenda
621 699 762 751 sunt
808 709 982 767 opera
1012 710 1136 765 quae
1168 709 1369 748 verum
1401 692 1678 762 fructum,
1712 692 2012 762 bonosque

358 800 670 857 processus
710 783 924 839 habere
970 799 1085 838 non
1139 786 1435 854 possunt:
1470 780 1670 853 qualia
1718 785 1856 836 sunt
1901 780 2015 835 ista

361 874 661 929 mundana
690 889 940 945 quorum
972 888 1118 928 usus
1146 888 1260 926 nou
1294 875 1485 942 potest
1515 887 1644 926 esse
1672 870 2013 928 diuturnus.

361 964 424 1018 In
455 962 674 1034 quibus
704 961 829 1033 ipse
873 961 1069 1016 nudus
1099 964 1155 1015 et
1180 959 1300 1015 veri
1344 975 1563 1014 vacuus
1612 959 1849 1015 effectus
1891 964 2012 1026 est;

358 1056 415 1107 et
442 1050 713 1124 quamvis
737 1066 973 1105 summo
1002 1049 1286 1121 quaesitus
1312 1048 1493 1103 fuerit
1514 1046 1731 1115 labore,
1757 1048 2014 1103 animam

357 1140 504 1195 nihil
528 1140 715 1211 juvat.
743 1139 824 1193 Ea
855 1137 1011 1194 enim
1055 1154 1179 1208 quae
1227 1137 1569 1192 servitutem
1624 1137 1843 1191 animae
1871 1136 2014 1192 infe-

355 1232 513 1295 runt,
546 1226 782 1283 inutilia
812 1230 952 1282 sunt
981 1225 1200 1296 omnia,
1234 1224 1342 1280 etsi
1388 1242 1502 1280 non
1555 1224 1710 1279 desit
1758 1225 2014 1280 effectus-

357 1318 570 1389 Magna
587 1316 816 1371 videtur
837 1314 1223 1386 prmliantium
1244 1313 1510 1381 victoria,
1526 1312 2017 1385 triumphantium

357 1404 545 1478 gloria
569 1421 582 1460 :
605 1405 705 1460 sed
738 1404 1073 1475 frequenter
1117 1402 1277 1474 ipsos
1306 1402 1574 1457 videmus
1605 1400 1707 1472 qui
1750 1401 2015 1467 vicerint,

361 1510 564 1549 rursus
594 1491 879 1550 bellorum
912 1491 1211 1563 subjacere
1254 1490 1493 1547 incertis
1523 1495 1579 1546 et
1607 1490 1909 1546 transferri
1943 1491 2015 1546 ad

360 1584 587 1638 hostem
602 1586 811 1638 eventu
856 1580 1057 1653 praelii,
1082 1584 1139 1635 et
1166 1597 1232 1637 eo
1264 1580 1391 1652 ipso
1433 1596 1549 1652 quo
1590 1580 1858 1647 victores,
1882 1583 2015 1635 ante

363 1669 606 1739 fuerint,
632 1670 752 1725 ﬁeri
778 1669 1130 1725 miseriores.
1152 1669 1310 1740 Opus
1340 1672 1429 1724 est
1453 1684 1589 1741 ergo
1616 1672 1679 1723 ut
1709 1684 1885 1740 opera
1914 1672 2017 1724 tua

364 1759 434 1816 ad
471 1761 655 1816 Deum
688 1758 928 1830 dirigas,
954 1761 1010 1813 et
1036 1758 1164 1828 ejus
1194 1757 1298 1812 tibi
1330 1756 1548 1830 aspiret
1578 1758 1756 1813 favor.
1782 1756 2015 1813 Athleta

363 1850 489 1921 ipse
521 1847 621 1921 qui
653 1847 778 1903 suis
810 1864 923 1902 non
974 1845 1179 1901 alienis
1209 1846 1469 1902 decernit
1515 1846 1757 1915 viribus,
1785 1847 2013 1919 quoties
2042 1883 2091 1948 Β

364 1936 759 2011 congreditur,
784 1936 994 1992 dubios
1026 1952 1198 1991 casus
1240 1936 1437 1991 subire
1469 1952 1529 1991 se
1560 1935 1762 1991 credit.
1783 1936 1850 1990 Et
1879 1951 2012 1990 cum

365 2028 437 2082 ad
463 2042 736 2082 coronam
773 2023 1117 2097 pervenerit,
1142 2023 1419 2095 intelligit
1440 2024 1613 2079 citius
1637 2025 1788 2079 hanc
1810 2023 2013 2078 mundi

365 2116 611 2189 gloriam
645 2118 925 2186 tanquam
957 2130 1181 2169 coronae
1229 2113 1418 2185 ipsius
1450 2113 1588 2168 folia
1638 2128 2012 2168 marcescere.

368 2206 736 2262 Gubernator
766 2219 899 2258 cum
938 2202 998 2257 in
1050 2205 1252 2274 portus
1282 2201 1476 2256 navim
1529 2201 1894 2268 subduxerit,
1924 2202 2019 2256 vix

368 2295 549 2351 finem
579 2292 922 2365 impositum
954 2290 1139 2346 labori
1172 2294 1355 2363 putat,
1385 2295 1440 2347 et
1469 2290 1667 2346 statim
1700 2290 1907 2362 quaerit
1934 2290 2017 2345 la-

373 2382 532 2439 boris
579 2381 900 2437 exordium.
935 2378 1191 2436 Solvitur
1244 2395 1481 2450 corpore
1534 2379 1751 2446 anima,
1785 2384 1842 2434 et
1887 2384 2021 2451 post

375 2473 551 2528 linem
580 2471 710 2525 vita:
742 2470 920 2539 hujus
950 2467 1141 2523 adhuc
1178 2472 1376 2523 tamen
1427 2466 1606 2522 futuri
1647 2468 1858 2540 judicii
1891 2485 2019 2524 am-

375 2561 553 2633 biguo
582 2557 982 2631 suspenditur.
1019 2557 1103 2611 Ita
1134 2556 1265 2610 finis
1299 2554 1517 2623 nullus,
1551 2556 1650 2612 ubi
1682 2557 1817 2612 finis
1847 2561 2020 2628 puta-

373 2654 491 2706 tur.
524 2648 689 2704 Unde
715 2646 862 2702 votis
888 2651 944 2700 et
982 2662 1127 2717 pura
1165 2645 1523 2701 conscientia
1551 2649 1609 2699 et
1638 2645 1849 2717 spiritu
1882 2645 2022 2701 eba-

374 2736 562 2793 ritatis
594 2734 998 2792 adhzereamus
1043 2733 1159 2788 Deo
1200 2738 1418 2799 nostro,
1451 2737 1508 2788 et
1537 2733 1803 2790 divinum
1853 2732 2023 2789 nobis

374 2823 755 2882 conciliemus
786 2823 1079 2878 favorem:
1104 2825 1405 2893 precantes
1450 2825 1516 2876 ut
1563 2838 1596 2877 a
1641 2821 2023 2878 saecularibus

377 2913 536 2970 curis
567 2919 849 2984 tanquam
896 2911 967 2965 ah
1017 2910 1346 2964 immitibus
1377 2913 1433 2964 et
1462 2910 1793 2982 agrestibus
1841 2910 2025 2965 domi-

378 3004 470 3059 nis
496 3001 794 3076 possimus
816 2998 1034 3056 absolvi
1058 3003 1231 3070 atque
1258 2998 1409 3067 exui,
1432 2999 1846 3070 mundanoque
1872 2999 2025 3055 exire

378 3091 634 3159 servitio,
685 3090 744 3145 in
800 3088 1129 3143 libertatem
1186 3103 1452 3159 supernae
1501 3087 1849 3160 cognitionis
1899 3105 2026 3161 quae

377 3198 515 3238 vera
542 3184 599 3236 et
629 3178 753 3235 sola
782 3181 873 3235 est
902 3176 1161 3243 libertas,
1193 3176 1399 3232 vocati.

940 3285 1092 3342 210
1131 3282 1363 3339 CAPUT
1402 3284 1494 3339 ΙΙΙ.

377 3377 529 3447 Quod
574 3377 791 3432 dii-verat
846 3375 1086 3430 laborem
1139 3376 1326 3443 [ructu
1380 3371 1725 3447 mutandum,
1783 3374 2027 3446 exemplo

444 3448 763 3504 Iudaeorum
798 3448 860 3501 in
889 3448 1115 3516 /Egypto
1143 3446 1514 3509 servientium,
1545 3447 1598 3500 et
1627 3446 1913 3514 Evangelii
1942 3450 2024 3500 te-

444 3520 701 3574 stimonio
730 3518 1048 3588 conﬁrmat;
1081 3530 1317 3588 quonam
1363 3530 1432 3569 ea:
1479 3516 1610 3588 loco,
1643 3526 1695 3571 et
1738 3533 1841 3587 quo
1866 3521 2024 3587 pacto

447 3588 737 3644 liberanda
773 3586 844 3642 sit
884 3588 1096 3651 anima,
1127 3586 1397 3646 decurrat;
1428 3588 1478 3641 et
1509 3586 1786 3643 Christum
1834 3586 2024 3643 verum

447 3661 705 3729 Levitem,
738 3659 795 3731 id
822 3657 1288 3731 estgliberatorem
1318 3660 1583 3731 nostrum,
1616 3674 1744 3714 esse.
1781 3662 2024 3731 Denique

440 3728 696 3803 pulchra,
727 3729 793 3785 de
820 3729 1058 3803 utilitate
1087 3744 1250 3799 quam
1279 3730 1436 3799 a/[ert
1464 3728 1742 3799 justorum
1769 3728 2021 3800 familia-

444 3802 607 3867 ritas,
642 3802 920 3873 proponit.

441 3892 532 3946 lO.
566 3891 637 3946 Et
668 3893 732 3945 ut
762 3892 1113 3962 praeceptum
1162 3887 1310 3960 legis
1355 3887 1618 3960 exemplo
1659 3892 2015 3959 astruamus,

372 3997 506 4036 cum
529 3978 923 4052 deprimerent
941 3976 1187 4049 Egyptii
1212 3977 1548 4033 Judteorum
1583 3978 1933 4049 populorum
1954 3978 2015 4034 in

369 4068 642 4142 operibus
674 4067 872 4135 variis,
893 4071 950 4121 et
976 4065 1098 4121 luto
1130 4082 1196 4120 ac
1226 4064 1438 4137 lapide,
1465 4065 1880 4137 ingemuerunt
1909 4066 2015 4121 filii

367 4156 565 4224 Israel,
592 4160 649 4212 et
678 4155 907 4212 Domini
956 4157 1414 4227 provocaverunt
1460 4153 1519 4208 in
1569 4171 1630 4209 se
1683 4153 2013 4210 misericor-

364 4246 542 4301 diam.
576 4247 646 4301 Et
673 4244 819 4301 dixit
864 4245 937 4300 ad
987 4245 1258 4316 Moysen:
1289 4244 1399 4311 Ego
1444 4243 1705 4299 exaudiui
1748 4245 2013 4314 gemitum

361 4336 607 4406 ﬁliorum
648 4335 833 4394 Israel.
870 4332 1129 4405 quomodo
1177 4334 1423 4403 [Egyptii
1470 4333 1528 4386 in
1577 4333 1891 4386 servitutem
1918 4331 2009 4389 de-

355 4428 609 4497 primunt
651 4440 758 4489 eos,
800 4427 848 4478 et
895 4438 1103 4477 memor
1141 4424 1316 4493 factus
1362 4437 1484 4475 sum
1526 4422 1836 4476 testamenti
1876 4423 2005 4477 mei.

366 4513 503 4569 Vade
538 4517 589 4567 et
620 4512 708 4567 die
735 4512 871 4582 ﬁliis
902 4511 1088 4575 Israel,
1124 4511 1231 4580 Ego
1260 4510 1546 4573 Dominus,
1575 4516 1628 4563 et
1662 4508 1888 4565 educam
1916 4527 2008 4565 vos

2120 601 2418 658 lutulentae
2449 602 2868 675 superstitioni,
2892 608 2949 660 et
2971 604 3255 677 voluptati
3279 605 3541 679 corporis
3562 605 3760 675 dediti,

2120 690 2372 747 solidum
2404 691 2538 747 fidei
2577 708 2817 747 murum
2860 693 3146 750 mdificare
3175 710 3290 750 non
3321 698 3582 767 possent,
3613 694 3765 752 velut

2121 780 2193 835 ad
2229 780 2517 851 quosdam
2549 780 2724 836 asinae
2757 782 2909 838 fetus
2942 780 3173 839 locutus
3202 782 3319 839 ait:
3354 784 3536 840 Venite
3562 783 3634 839 ad
3662 800 3761 853 me,

2122 884 2304 923 omnes
2334 870 2430 939 qui
2474 868 2758 938 laboratis,
2790 872 2840 925 et
2878 886 2976 939 ego
3021 888 3111 928 vos
3153 873 3417 943 reﬁciam.
3443 872 3634 931 Tollite
3672 875 3764 947 ju-

2122 974 2253 1028 gum
2280 973 2463 1012 meum
2492 973 2656 1029 super
2681 974 2792 1026 vos,
2814 966 2865 1015 et
2909 959 3101 1016 discite
3128 978 3163 1016 a
3190 978 3279 1018 me
3306 963 3439 1033 quia
3464 979 3588 1018 sum
3616 966 3766 1020 mitis

2124 1053 2175 1101 et
2221 1046 2445 1101 humilis
2495 1047 2670 1115 corde,
2728 1052 2779 1103 et
2834 1050 3126 1105 invenietis
3179 1052 3425 1122 requiem
3479 1052 3766 1109 animabus

2124 1136 2316 1190 vestris
2363 1135 2569 1205 (Matth.
2620 1153 2697 1203 χι,
2728 1138 2821 1205 28,
2851 1137 2962 1208 29).
3015 1138 3140 1203 Qua
3194 1141 3491 1196 vocatione
3541 1141 3767 1214 plenius

2129 1222 2273 1277 mihi
2304 1223 2501 1279 videor
2528 1225 2703 1280 verba
2740 1223 2887 1297 legis
2916 1230 2974 1281 et
3003 1227 3281 1299 mysteria
3313 1244 3721 1302 recognoscere
3752 1248 3765 1286 :

2127 1311 2267 1383 quia
2304 1313 2534 1367 asinam
2580 1318 2684 1368 aut
2729 1316 3207 1372 commutandam
3251 1333 3355 1373 ove
3402 1318 3619 1387 docuit,
3669 1323 3769 1375 aut

2124 1400 2527 1457 redimendam
2558 1403 2838 1474 pecunia;
2876 1407 2941 1460 ut
2969 1420 3085 1460 non
3112 1405 3300 1461 solum
3332 1406 3510 1463 asinae
3539 1410 3768 1480 partum

2125 1505 2246 1557 ove,
2272 1489 2381 1545 hoc
2410 1495 2517 1556 est,
2542 1491 2778 1547 mundis
2802 1491 3109 1549 immunda
3134 1498 3453 1564 mutemus,
3472 1496 3575 1552 sed
3595 1496 3770 1553 etiam

2124 1578 2506 1634 redimamus.
2539 1581 2701 1646 Quod
2732 1581 2962 1637 videtur
2998 1583 3268 1656 exprimi,
3294 1584 3345 1639 si
3395 1584 3559 1656 prius
3590 1588 3770 1643 sacri-

2124 1666 2255 1721 licio
2287 1667 2732 1738 puriﬁcationis,
2752 1673 2810 1725 et
2836 1671 3112 1743 mysterio
3142 1670 3516 1744 baptismatis
3545 1673 3773 1730 delicto-

2123 1771 2253 1809 rum
2305 1760 2639 1812 nostrorum
2689 1757 3137 1830 inquinamenta
3184 1759 3448 1818 lavemus
3481 1778 3495 1817 :
3528 1762 3774 1819 crimina

2123 1860 2355 1915 quoque
2399 1850 2599 1900 nostra
2648 1845 2819 1903 bonis
2851 1848 3149 1920 operibus,
3183 1850 3434 1923 fideique
3481 1851 3693 1924 pretio,
3721 1855 3776 1910 et

2122 1932 2499 1988 miseratione
2530 1935 2914 1991 redimamus.

2197 2023 2281 2076 11.
2316 2021 2570 2077 Pretium
2627 2028 2889 2080 nostrum
2948 2025 3193 2099 sanguis
3241 2029 3330 2083 est
3348 2026 3774 2086 Cbristi.Unde

2124 2115 2181 2165 et
2210 2109 2511 2182 apostolus
2543 2111 2747 2168 Petrus
2790 2112 2872 2168 ait
2905 2130 2918 2169 :
2951 2114 3079 2170 Non
3111 2131 3252 2172 auro
3281 2114 3370 2172 vel
3419 2122 3664 2191 argento
3693 2135 3775 2175 re-

2126 2199 2345 2271 dempti
2391 2200 2552 2267 estis,
2586 2201 2686 2257 sed
2734 2201 2989 2273 pretioso
3020 2204 3308 2277 sanguine
3338 2206 3388 2278 (1
3410 2207 3556 2263 Petr.
3588 2224 3633 2274 ι,
3668 2208 3773 2278 18).

2077 2369 2080 2372 ἢ
2131 2289 2195 2343 Et
2240 2287 2453 2344 Paulus
2510 2288 2654 2345 dicit
2686 2306 2699 2344 :
2730 2292 2914 2346 Pretio
2970 2294 3171 2365 emptis
3229 2296 3379 2363 estis,
3410 2295 3583 2351 nolite
3637 2295 3781 2368 efﬁci

2126 2380 2270 2434 servi
2298 2377 2585 2433 hominum
2613 2380 2660 2450 (I
2689 2378 2810 2435 Cor.
2841 2397 2939 2448 vn,
2970 2380 3086 2453 23).
3115 2381 3277 2438 Unde
3305 2399 3422 2439 non
3453 2384 3649 2441 otiose
3675 2383 3778 2441 mi-

2130 2484 2332 2522 ramur
2361 2466 2421 2522 in
2450 2467 2763 2540 Evangelio
2807 2469 2962 2541 quod
2994 2486 3173 2542 super
3206 2470 3436 2543 pullum
3481 2472 3666 2529 asina
3695 2489 3780 2529 se-

2131 2555 2281 2611 derit
2328 2556 2611 2611 Dominus
2659 2556 2832 2613 Jesus
2879 2556 3064 2630 (Mare.
3097 2576 3178 2628 ιι,
3205 2560 3261 2633 7)
3296 2575 3310 2616 :
3342 2560 3482 2633 quia
3529 2562 3783 2635 populus

2130 2644 2364 2716 gentilis
2414 2645 2585 2716 cwpit
2637 2662 2765 2702 esse
2803 2645 3018 2703 Christi
3067 2648 3237 2717 ostia,
3264 2650 3405 2721 quia
3456 2652 3783 2707 secundum

2130 2732 2318 2805 legem
2362 2732 2690 2789 habebatur
2737 2735 3106 2792 immundus.
3140 2736 3303 2793 Unde
3349 2742 3407 2793 et
3451 2738 3523 2794 de
3578 2738 3785 2796 Levitis

2132 2821 2415 2893 scriptum
2441 2826 2529 2877 est
2549 2822 2739 2893 (Exod.
2766 2841 2886 2892 xm,
2911 2825 3001 2893 13)
3026 2826 3180 2897 quod
3207 2826 3327 2882 sint
3351 2827 3785 2900 redemptione:

2134 2926 2336 2965 eorum
2364 2928 2376 2965 :
2404 2927 2469 2966 eo
2500 2911 2653 2982 quod
2688 2916 2746 2967 et
2777 2913 3088 2969 sanctitate
3123 2913 3253 2970 vitae
3284 2930 3403 2969 sua:
3433 2919 3490 2970 et
3520 2916 3786 2972 oratione

2135 3004 2372 3070 peccata
2435 2998 2622 3071 plebis
2688 2999 2948 3057 lavarent
3006 3002 3139 3074 (48).
3198 3002 3261 3058 In
3316 3002 3530 3075 quibus
3599 3005 3789 3078 ﬁgura

2137 3086 2273 3159 agni
2303 3087 2600 3159 praecessit
2629 3089 2923 3161 mysteriis
2942 3106 3146 3146 verum
3168 3094 3477 3147 venturum
3500 3092 3784 3162 Levitem,

2140 3175 2242 3248 qui
2285 3176 2503 3249 proprii
2551 3178 2810 3249 corporis
2865 3178 3138 3251 passione
3195 3178 3421 3236 tolleret
3474 3186 3785 3253 peccatum

2058 3247 2101 3313 C
2140 3247 2362 3320 mundi.
2394 3247 2625 3322 Levites
2654 3247 3046 3340 significatur
3088 3272 3365 3341 susceptus
3405 3247 3507 3341 prb
3553 3286 3673 3339 me,
3700 3267 3788 3326 vel

2136 3355 2244 3426 ipsi
2270 3353 2412 3409 mihi
2447 3354 2579 3410 levis
2608 3373 2627 3408 :
2659 3355 2784 3426 ipse
2830 3355 2985 3411 enim
3017 3356 3281 3429 perfecta:
3323 3356 3560 3414 virtutis
3612 3358 3789 3414 habet

2134 3442 2531 3514 impertienda
2580 3444 2794 3516 populo
2825 3445 3095 3502 sanitatis
3131 3444 3434 3505 indicium.
3470 3447 3609 3518 Ipse
3651 3461 3787 3519 ergo

2134 3531 2234 3603 qui
2265 3547 2370 3604 pro
2412 3531 2602 3588 salute
2665 3532 3072 3589 universorum
3125 3538 3494 3606 exspectatus
3522 3534 3786 3603 advenit,

2133 3637 2235 3692 pro
2285 3637 2376 3677 me
2424 3625 2511 3677 est
2567 3625 2730 3677 utero
2785 3622 2979 3678 editus
3028 3621 3320 3696 virginali,
3352 3624 3498 3681 Ωιι
3536 3639 3654 3697 pro
3693 3637 3787 3679 me

2130 3708 2382 3776 oblatus,
2414 3727 2517 3782 pro
2549 3726 2641 3765 me
2689 3710 2947 3783 gustavit
2976 3716 3246 3780 mortem,
3279 3728 3384 3784 pro
3436 3728 3530 3768 me
3583 3728 3784 3770 resur-

2129 3799 2293 3855 rexit.
2329 3799 2392 3855 In
2424 3816 2540 3871 quo
2588 3799 2853 3855 omnium
2906 3798 3216 3856 hominum
3248 3806 3521 3874 suscepta
3575 3808 3669 3859 est
3697 3819 3785 3858 re-

2128 3887 2406 3960 demptio,
2437 3893 2743 3961 assumpta
2784 3893 2875 3944 est
2916 3888 3286 3946 resurrectio.
3320 3890 3448 3962 Ipse
3485 3896 3584 3948 est
3610 3907 3781 3948 verus

2126 3974 2380 4046 Levites;
2416 3979 2481 4031 ut
2509 3993 2615 4032 nos
2663 3976 2891 4033 Levitas
2922 3976 3135 4034 faceret
3164 3977 3457 4035 adharere
3488 3978 3635 4048 Deo,
3666 3977 3779 4053 ipsi

2123 4067 2432 4124 continuas
2462 4081 2662 4138 preces
2692 4065 3045 4133 fundere,de
3074 4065 3202 4139 ipso
3233 4065 3485 4123 salutem
3516 4083 3777 4141 sperare,

2123 4156 2320 4228 fugere
2350 4158 2579 4209 terrena
2606 4154 2858 4227 negotia,
2881 4154 2941 4209 in
2972 4154 3074 4210 Dei
3104 4155 3478 4227 possessione
3498 4171 3777 4212 numera-

2120 4244 2190 4312 ri,
2215 4244 2368 4299 sicut
2396 4241 2679 4315 scriptum
2710 4246 2799 4297 est
2840 4260 2853 4297 :
2894 4243 3143 4310 Domine,
3185 4242 3401 4315 posside
3442 4260 3546 4300 nos
3579 4243 3774 4317 (Exod.

2120 4349 2307 4397 xxxiv,
2328 4332 2405 4404 9).
2430 4331 2513 4387 Ea
2540 4334 2629 4387 est
2671 4331 2827 4386 enim
2877 4330 3002 4388 sola
3053 4331 3369 4404 possessio,
3402 4348 3534 4403 qum
3594 4331 3774 4390 nullis

2118 4421 2362 4477 obnoxia
2408 4420 2856 4492 tempestatibus
2886 4425 3179 4492 perpetua:
3208 4419 3405 4494 gratim
3450 4420 3607 4478 ferat
3652 4420 3775 4477 fru-

2116 4514 2265 4567 ctus.
2300 4509 2652 4580 Redemptor
2693 4508 2917 4565 Levites
2965 4513 3075 4577 est,
3108 4510 3246 4582 quia
3272 4509 3362 4565 vir
3390 4510 3637 4583 sapiens
3682 4524 3772 4565 re-

358 4601 423 4655 de
450 4602 687 4670 potentia
735 4600 1146 4669 /Egypti0rum,
1180 4605 1230 4651 et
1257 4613 1448 4652 eruam
1497 4612 1585 4652 vos
1640 4597 1705 4652 de
1749 4600 2008 4656 servitute
2039 4615 2083 4679 Ι)
2115 4598 2372 4671 demptio
2438 4597 2771 4669 insipientis
2827 4601 2935 4654 est.
2994 4598 3101 4664 Qui
3159 4602 3443 4671 tanquam
3501 4599 3773 4656 medicus

358 4705 565 4753 eorum,
594 4690 645 4741 et
675 4687 915 4741 liberabo
960 4702 1050 4740 vos
1095 4688 1155 4739 in
1187 4684 1404 4740 brachio
1428 4686 1657 4752 excelso,
1702 4690 1753 4742 et
1792 4688 2002 4758 judicio

357 4792 577 4849 magno,
608 4784 660 4831 et
686 4792 901 4829 sumam
936 4791 1022 4829 vos
1068 4775 1209 4828 mihi
1238 4776 1293 4827 in
1334 4775 1563 4845 plebem,
1596 4778 1645 4830 et
1693 4792 1783 4831 ero
1833 4782 2003 4833 vester

357 4869 515 4933 Deus,
575 4873 628 4920 et
684 4865 864 4921 scietis
914 4865 1177 4935 quoniam
1225 4879 1316 4935 ego
1372 4879 1492 4917 sum
1548 4865 1809 4919 Dominus
1863 4867 2001 4921 Deus

354 4960 528 5012 vester
556 4957 651 5028 qui
691 4955 916 5009 educam
962 4969 1052 5008 vos
1103 4952 1169 5007 de
1220 4954 1463 5023 potentia
1518 4955 1916 5023 ngg/ptiorum,
1949 4957 1999 5008 et

350 5047 610 5102 inducam
639 5061 730 5100 vos
751 5046 808 5098 in
828 5046 1033 5097 terram
1055 5044 1115 5096 in
1135 5059 1299 5114 quam
1321 5040 1542 5095 extendi
1561 5058 1788 5096 manum
1821 5059 1998 5097 meam

350 5135 540 5207 (Exod.
577 5152 656 5202 III,
688 5135 723 5189 7
766 5140 817 5189 et
860 5132 1017 5202 seq.).
1060 5132 1203 5186 Ecce
1248 5131 1539 5202 quomodo
1590 5132 1841 5201 pepulus
1890 5132 1997 5186 lle-

348 5224 638 5279 braaorum
686 5222 877 5277 fructu
931 5220 1177 5275 mutavit
1214 5219 1492 5285 laborem,
1524 5223 1585 5272 ut
1615 5218 1715 5289 qui
1765 5219 1823 5274 in
1873 5219 1996 5276 luto

350 5312 720 5384 operabatur,
765 5327 867 5382 spe
916 5309 1079 5382 regni
1131 5312 1468 5380 operaretur
1517 5307 1713 5362 interni
1762 5308 1896 5381 (47).
1930 5310 1998 5366 Et

349 5400 477 5455 ideo
500 5399 783 5454 Dominus
808 5399 867 5453 in
893 5397 1203 5471 Evangelio
1230 5397 1462 5453 inanem
1486 5397 1833 5470 populorum
1862 5414 1998 5471 gen-

446 5622 536 5687 47)
564 5622 707 5677 Mss.
745 5621 951 5693 Land.,
977 5638 1124 5692 spem
1150 5622 1308 5689 regni
1335 5623 1641 5693 operiretur
1664 5623 1881 5678 aeterni.

2112 4704 2332 4762 aegrum
2376 4685 2710 4758 insipientis
2758 4686 3024 4742 animum
3055 4686 3226 4757 fovet,
3258 4692 3316 4744 et
3354 4688 3634 4760 quaedam
3678 4703 3770 4744 as-

2110 4776 2298 4849 pergit
2326 4775 2603 4831 solidiora
2632 4775 2813 4830 menti
2835 4776 3155 4847 prudentiae
3182 4775 3603 4847 medicamina,
3636 4775 3769 4832 imi-

2109 4870 2268 4920 tatus
2298 4863 2464 4919 illum
2497 4864 2791 4919 medicum
2821 4864 2923 4935 qui
2953 4864 3025 4919 de
3055 4864 3197 4921 ccelo
3227 4864 3405 4932 venit,
3422 4868 3487 4920 ut
3516 4866 3767 4922 demon-

2108 4958 2323 5010 straret
2351 4952 2688 5009 hominibus
2712 4953 3036 5024 prudentiae
3065 4953 3209 5021 vias,
3241 4958 3299 5010 et
3329 4953 3640 5027 sapientiae
3671 4967 3768 5009 se-

2108 5043 2283 5098 mitas
2314 5041 2571 5114 parvulis
2611 5041 2910 5097 revelaret.
2942 5040 3190 5098 Videbat
3210 5088 3213 5093 .
3237 5042 3392 5098 enim
3423 5042 3768 5099 laborantes

2109 5151 2223 5188 non
2254 5149 2426 5203 posse
2455 5129 2581 5186 sine
2614 5131 2867 5186 remedio
2899 5129 3131 5199 salvari,
3154 5136 3212 5188 et
3241 5131 3371 5189 ideo
3402 5131 3766 5187 medicinam

2106 5219 2401 5277 tribuebat
2461 5219 2653 5292 aegris.
2710 5219 2841 5275 Ideo
2897 5220 3173 5276 omnibus
3241 5236 3412 5294 opem
3487 5220 3767 5276 sanitatis

2106 5309 2340 5378 detulit;
2377 5313 2440 5364 ut
2471 5309 2808 5381 quicunque
2855 5309 3114 5381 perierit,
3147 5310 3354 5366 mortis
3386 5326 3510 5365 sue
3551 5324 3765 5366 causas

2106 5400 2216 5455 sibi
2269 5399 2546 5469 ascribat,
2588 5398 2690 5472 qui
2747 5398 2941 5455 curari
2997 5397 3368 5468 noluit,oum
3424 5399 3764 5456 remedium

443 5693 530 5760 48)
562 5693 646 5750 Ita
676 5708 819 5751 mss.
853 5691 1013 5748 Edit.’
1040 5708 1196 5761 vero,
1229 5691 1490 5749 levarent.
1522 5694 1587 5752 In
1616 5694 1811 5768 quibus
1837 5695 2090 5768 ﬁguratis
2117 5698 2250 5774 agni
2272 5695 2556 5773 praeessit
2580 5691 2926 5773 mysterium,
2956 5699 3065 5758 etc.
