3878 6208
87 360 184 420 365

1256 360 1358 418 DE
1403 356 1582 418 ΟΜΝ
1627 355 1728 417 ET
1775 354 1979 416 ABEL
2023 358 2170 418 LIB.
2218 359 2295 419 Il.

3377 360 3492 424 366

91 493 319 558 haberet,
355 506 481 563 quo
514 495 722 564 posset
751 491 1020 547 evadere:
1059 489 1269 545 Christi
1303 496 1496 545 autem
1543 489 1733 543 mani-
1765 487 1820 552 Α
1919 504 2060 566 sum,
2095 499 2144 544 et
2186 492 2378 545 contra
2396 507 2417 552 ;
2449 494 2510 544 ut
2562 490 2902 560 Evangelicis
2947 492 3210 564 exemplis
3249 507 3494 566 compro-

93 585 218 639 lesta
243 581 298 636 iu
326 597 544 637 omnes
576 580 929 653 praedicetur
961 577 1404 645 misericordia;
1461 593 1527 632 eo
1576 576 1732 648 quod

95 672 126 726 ii
155 671 241 744 qui
271 674 544 742 pereunt,
582 687 691 725 sua
719 672 965 740 pereunt
989 665 1376 740 negligentia:
1410 663 1510 738 qui
1535 669 1730 720 autem

93 761 388 825 salvantur,
410 758 745 814 secundum
769 756 983 812 Christi
1002 755 1356 812 sententiam
1387 754 1728 820 liberentur,

96 850 186 922 qui
206 864 405 906 omnes
436 847 711 903 homines
740 846 863 901 vult
893 845 1084 901 salvos
1116 845 1262 910 fieri,
1300 849 1357 899 et
1395 843 1453 898 in
1487 843 1733 916 agnitio-

95 955 207 994 nem
238 935 500 992 veritatis
530 935 748 991 venire.
784 935 1044 1006 Denique
1068 937 1125 989 et
1140 934 1394 990 Sodoma
1415 932 1464 988 si
1493 933 1734 989 habuis-

95 1031 171 1083 set
197 1025 630 1099 quinquaginta
662 1025 882 1096 justos,
933 1040 1047 1078 non
1105 1026 1261 1079 esset
1307 1037 1525 1089 eversa,
1576 1026 1631 1076 et
1681 1021 1730 1077 si

95 1117 276 1172 decem
309 1112 634 1179 habuisset,
669 1116 824 1168 esset
851 1111 1156 1183 redempta
1187 1127 1201 1178 ;
1236 1126 1301 1165 eo
1334 1110 1488 1183 quod
1538 1125 1730 1166 sermo

95 1203 443 1262 remissionis
490 1206 858 1274 peccatorum
904 1201 1161 1255 animam
1215 1200 1493 1255 servitute
1535 1203 1730 1263 exuat,

96 1299 143 1350 et
167 1291 484 1364 disciplinae
509 1289 811 1364 plenitudo
843 1289 1114 1362 perfectae
1140 1292 1396 1344 mentem
1429 1304 1544 1342 non
1577 1287 1733 1343 sinat

95 1381 240 1439 edaci
270 1381 590 1436 libidinum
620 1395 830 1451 vapore
864 1378 1154 1434 consumi.

157 1475 238 1526 12.
271 1468 603 1525 Plurimum
636 1473 830 1524 tamen
860 1467 1052 1534 refert,
1082 1471 1139 1522 et
1168 1465 1448 1521 moralem
1488 1467 1734 1522 aediﬁcat

92 1561 377 1627 allectum,
413 1559 460 1614 si
493 1559 672 1614 etiam
703 1573 1020 1612 numerum
1047 1558 1346 1627 justorum
1388 1554 1733 1627 simpliciter

91 1649 441 1720 accipiamus
463 1647 739 1718 prodesse
771 1645 1117 1718 populorum
1149 1643 1346 1700 saluti.
1389 1643 1734 1716 Comprimit

85 1744 135 1793 et
181 1739 405 1792 resecat
459 1734 762 1800 invidiam,
807 1733 1591 1805 eonfunditimprobitatem,
1623 1731 1735 1787 vir-

85 1833 197 1881 tem
226 1825 454 1889 incitat,
497 1828 671 1896 auget
720 1822 989 1894 gratiam.
1040 1822 1221 1878 Nemo
1261 1822 1418 1876 enim
1477 1821 1734 1878 invidere
1761 1855 1810 1921 Β

86 1916 246 1969 debet
276 1911 446 1968 alteri
479 1913 711 1967 laudem
743 1927 870 1982 quae
903 1909 1012 1966 sibi
1045 1910 1268 1982 prosit:
1300 1915 1472 1982 atque
1515 1910 1732 1982 impro-

87 2004 190 2058 bus
236 2001 492 2074 quisque
557 1999 982 2071 redemptorem
1040 2015 1214 2055 suum
1268 2000 1408 2054 dum
1466 2000 1730 2072 suscipit,

87 2093 416 2162 frequenter
443 2088 754 2154 imitatur;
807 2093 959 2143 certe
1014 2092 1344 2154 veneratur,
1386 2088 1732 2161 plerumque

86 2179 252 2234 etiam
285 2177 497 2250 diligit.
532 2179 659 2248 Ipse
690 2176 867 2232 etiam
900 2176 947 2231 si
979 2175 1109 2231 aliis
1143 2178 1515 2248 profuturum
1566 2178 1730 2244 sciat,

85 2266 295 2324 studiis
346 2271 612 2339 augetur,
664 2281 846 2337 eaque
885 2265 1074 2336 gratia
1122 2266 1414 2321 connectit
1462 2266 1732 2338 populos,

83 2355 416 2413 accumulat
464 2354 809 2410 charitatem
877 2353 1115 2420 civium,
1176 2355 1411 2410 urbium
1462 2354 1728 2427 gloriam.

86 2449 266 2512 Quam
312 2445 487 2500 beata
529 2443 734 2498 civitas
781 2459 910 2514 qum
960 2442 1244 2514 plurimos
1286 2444 1477 2514 justos
1538 2444 1732 2516 habet,

87 2553 258 2608 quam
293 2531 662 2590 celebrabilis
689 2548 786 2587 ore
816 2531 1078 2587 omnium
1117 2549 1128 2586 :
1156 2534 1444 2603 quomodo
1493 2532 1734 2588 benedi-

88 2625 235 2680 citur
264 2627 390 2679 tota
421 2623 491 2678 de
521 2624 706 2694 parte,
741 2625 797 2676 et
827 2621 1035 2676 beatus
1067 2625 1241 2693 atque
1271 2626 1586 2694 perpetuus
1607 2622 1734 2693 ejus

87 2718 270 2768 status
301 2710 664 2767 aestimatur!
702 2711 882 2775 Quam
905 2709 1128 2782 gaudeo
1160 2726 1293 2765 cum
1315 2709 1543 2782 aliquos
1567 2710 1736 2767 mites

87 2819 146 2858 ac
176 2801 476 2873 sapientes
507 2799 607 2852 diu
637 2797 826 2853 vivere
854 2797 1038 2864 video,
1073 2813 1207 2852 cum
1238 2798 1490 2870 virgines
1522 2803 1735 2870 castas,

84 2891 283 2945 viduas
331 2903 537 2962 graves
581 2885 800 2958 aspicio
841 2885 1154 2958 longaevas,
1206 2884 1368 2941 velut
1416 2887 1735 2959 quamdam

89 2980 353 3034 incanam
415 2974 685 3031 Ecclesiae
746 2974 970 3029 curiam
1054 2991 1182 3045 quae
1244 2976 1561 3046 praetendat
1609 2976 1737 3048 ipso

87 3067 336 3136 quodam
367 3064 532 3119 vultu
551 3068 608 3118 et
626 3063 819 3134 specie
840 3063 1142 3133 gravitatis
1165 3064 1319 3135 quod
1345 3069 1735 3133 revereantur,

88 3155 237 3226 quod
269 3153 597 3220 imitentur,
658 3168 773 3223 quo
801 3152 872 3206 ad
922 3169 1156 3207 omnem
1199 3169 1429 3207 morum
1487 3152 1736 3225 gratiam

1921 560 2097 614 batur.

1913 667 1996 722 13.
2035 666 2168 723 Ideo
2201 683 2339 740 ergo
2372 669 2792 741 primogenitos
2822 673 2878 724 et
2908 670 3304 742 redemptores
3326 665 3490 728 caete—

1843 771 2043 810 rorum
2095 756 2322 812 Levitas
2368 758 2594 829 Moyses
2642 757 2952 830 appellavit
2992 759 3175 831 (Num.
3213 775 3297 830 III,
3353 759 3490 830 12);

1841 843 1996 913 quod
2029 843 2366 900 maturioris
2391 849 2448 900 et
2474 845 2633 900 utilis
2665 847 2963 902 sententiae
3013 846 3119 901 viri
3167 847 3347 903 altero
3400 864 3490 904 se-

1843 935 2136 988 nectutem
2173 933 2492 1004 quamdam
2533 934 2742 989 animae
2774 935 3101 1006 praeferant,
3162 935 3340 992 altero
3400 953 3491 993 re-

1840 1021 2236 1092 demptionem
2269 1022 2589 1078 conferant.
2627 1023 2789 1079 Unde
2806 1028 2862 1078 et
2879 1024 3139 1080 civitates
3159 1025 3489 1081 Levitarum

1841 1110 1901 1165 in
1964 1110 2154 1165 Veteri
2216 1111 2590 1166 Testamento
2664 1112 3077 1183 redemptrices
3143 1113 3492 1186 significavit

1842 1200 2069 1272 Moyses
2119 1200 2301 1269 (Num.
2362 1217 2535 1267 xxxv,
2591 1200 2687 1270 6):
2748 1201 2886 1272 quia
2943 1201 2994 1256 is
3043 1201 3145 1272 qui
3231 1203 3492 1276 confugit

1841 1289 1912 1345 ad
1945 1305 2073 1344 eam
2106 1288 2386 1355 animam,
2413 1288 2471 1344 in
2505 1306 2622 1361 qua
2651 1289 2875 1346 habitat
2905 1290 3005 1345 Dei
3036 1290 3308 1360 Verbum,
3364 1309 3489 1364 quas

1844 1377 2009 1433 urbis
2039 1377 2212 1433 modo
2247 1377 2476 1432 munita
2507 1382 2681 1449 atque
2739 1377 2955 1434 vallata
2997 1379 3092 1446 sit,
3152 1385 3489 1452 perpetuam

1841 1465 2168 1521 libertatem
2203 1464 2452 1537 acquirit
2481 1465 2611 1521 sibi.
2646 1466 2809 1522 Sicut
2839 1467 2996 1522 enim
3044 1467 3103 1521 in
3154 1468 3489 1524 civitatibus

1842 1554 2168 1610 Levitarum
2204 1558 2326 1609 erat
2355 1571 2652 1626 paenarum
2684 1555 2990 1624 remissio;
3026 1560 3092 1611 ut
3149 1557 3197 1611 si
3231 1555 3363 1628 quis
3416 1557 3489 1613 ad

1841 1661 1938 1700 eas
1961 1643 2320 1715 confugeret,
2343 1643 2444 1714 qui
2469 1659 2582 1698 non
2600 1641 2988 1698 voluntariam
3009 1660 3210 1700 necem
3233 1643 3491 1702 hominis

1842 1733 2181 1795 admiserat,
2210 1730 2354 1786 nulli
2388 1747 2523 1786 eum
2571 1730 2831 1787 occidere
2861 1731 3060 1788 liceret
3105 1732 3260 1789 intra
3315 1734 3490 1790 urbes

1843 1823 2126 1877 duntaxat
2147 1820 2405 1891 positum
2427 1818 2782 1877 Levitarum:
2817 1820 2901 1875 Ita
2924 1837 3100 1891 quem
3124 1821 3343 1893 peccati
3365 1838 3494 1894 pro-

1844 1913 1956 1984 prii
1987 1911 2248 1983 pmnitet,
2292 1911 2448 1982 quod
2508 1914 2609 1965 aut
2660 1909 3064 1982 imprudenter
3106 1915 3209 1968 aut
3271 1910 3489 1967 invitus

1843 2000 2104 2069 admisit,
2128 1999 2176 2054 si
2201 1999 2529 2054 Levitarum
2549 1997 2806 2053 adhaeret
2822 1998 3123 2066 incolatui,
3173 2003 3230 2054 et
3252 1999 3326 2055 ab
3373 1999 3490 2056 illis

1843 2088 2294 2162 praeceptoribus
2326 2086 2426 2160 qui
2457 2086 2553 2142 Dei
2587 2088 2863 2142 mandata
2910 2086 3272 2159 diSpensant,
3331 2103 3489 2145 rece-

1844 2180 2099 2235 dendum
2133 2193 2245 2232 non
2271 2180 2456 2248 putet,
2488 2175 2579 2230 lex
2609 2175 2738 2248 ipsa
2760 2176 2832 2231 ab
2855 2176 3014 2231 omni
3032 2193 3166 2232 eum
3188 2176 3489 2233 commissi

1845 2267 2044 2340 ﬂagitii
2081 2283 2253 2338 pmna
2283 2264 2690 2337 supplicioque
2717 2263 2943 2321 liberat.

1919 2359 2001 2412 14.
2035 2357 2151 2411 Nec
2182 2354 2504 2410 absurdum
2540 2357 2710 2426 putes
2741 2355 2895 2425 quod
2945 2354 3258 2410 facinorosi
3319 2354 3491 2411 coha-

1845 2447 2035 2502 bitant
2065 2443 2199 2516 piis,
2233 2459 2299 2498 ac
2315 2441 2594 2497 maculosi
2620 2442 2885 2497 sacratis.
2911 2443 3072 2515 Opus
3094 2443 3251 2500 enim
3273 2443 3494 2500 habent

1845 2533 2140 2608 puriﬁcari
2173 2531 2271 2603 qui
2297 2529 2493 2602 aliquo
2525 2530 2731 2602 polluti
2764 2535 2903 2586 sunt
2950 2532 3296 2588 delictorum
3354 2549 3491 2588 con-

1844 2624 2022 2696 tagio.
2055 2623 2124 2677 Et
2149 2619 2580 2693 quodammodo
2625 2619 2851 2675 diverso
2891 2635 3101 2691 genere
3132 2637 3310 2677 causa
3356 2638 3492 2677 con-

1846 2713 2045 2768 currit.
2079 2711 2240 2766 Sicut
2270 2708 2427 2764 enim
2468 2707 2691 2763 Levites
2724 2708 3040 2765 mundanis
3094 2709 3494 2782 voluptatibus

1845 2801 2172 2864 abdicatus,
2203 2797 2363 2852 exsul
2397 2800 2485 2851 est
2515 2795 2719 2868 eulpae,
2753 2797 2834 2852 ita
2876 2798 3183 2869 sanguinis
3213 2815 3370 2867 reus,
3402 2799 3495 2855 fu-

1846 2890 2060 2963 gitivus
2092 2893 2181 2944 est
2209 2886 2427 2959 patriae.
2461 2885 2570 2941 Sed
2602 2885 2710 2940 hoc
2740 2885 3000 2956 interest,
3058 2889 3214 2959 quod
3245 2887 3355 2944 iste
3393 2903 3494 2944 ne-

1847 2978 2116 3034 cessitate
2176 2992 2314 3031 suos
2346 2974 2564 3030 deserit
2593 2979 2829 3046 propter
2858 2980 3078 3031 metum
3110 2975 3286 3049 legis:
3320 2977 3495 3032 mini-

1849 3073 1967 3124 ster
1997 3070 2192 3122 autem
2236 3064 2335 3119 Dei
2387 3064 2780 3118 humanarum
2831 3064 3140 3121 consortiis
3201 3067 3497 3121 renuntiat

1849 3156 2211 3230 passionum,
2240 3157 2296 3209 et
2325 3152 2578 3224 quadam
2609 3152 3160 3208 carnalisillecebrae
3180 3170 3241 3209 se
3263 3155 3496 3210 abdicat

91 3223 452 3298 colorenturl
489 3241 614 3296 Non
657 3239 812 3296 enim
861 3240 1006 3312 ipsis
1035 3241 1284 3312 gaudeo,
1315 3259 1446 3297 cum
1493 3223 1737 3298 vivendo
1769 3223 1811 3289 Ο
1849 3223 2290 3303 necessitudine
2322 3223 2558 3313 propter
2589 3241 2787 3295 studia
2813 3241 3068 3296 virtutis.
3110 3241 3297 3297 Etiam
3345 3243 3492 3299 illud

95 3331 271 3387 multa
301 3331 556 3387 subeant
585 3329 756 3384 taedia
784 3329 977 3385 saeculi
1008 3329 1206 3401 hujus,
1259 3332 1359 3386 sed
1415 3331 1552 3404 quia
1608 3350 1740 3404 pro-

97 3425 225 3474 sunt
253 3419 550 3492 pluribus.
583 3417 868 3473 Similiter
896 3419 1034 3473 dum
1053 3418 1269 3490 aliquis
1288 3419 1625 3491 hujusmodi
1651 3423 1743 3478 de-

99 3507 246 3573 cidit,
281 3507 551 3580 quamvis
607 3507 780 3578 longa
797 3511 1096 3563 senectute
1126 3508 1449 3579 depositus,
1481 3510 1740 3582 afﬁcior;

101 3596 586 3666 quiadestituilur
609 3595 1042 3668 grexjuvenum
1067 3612 1234 3652 muro
1271 3597 1460 3653 senili.
1485 3599 1744 3674 Denique

99 3684 381 3754 periturae,
421 3685 604 3749 urbis,
657 3687 758 3739 aut
804 3674 1602 3756 malorum‘imminentium,
1654 3689 1744 3744 vel

97 3772 294 3829 futurae
337 3772 489 3829 labis
521 3772 630 3827 hoc
680 3773 939 3844 primum
987 3772 1268 3830 indicium
1324 3780 1430 3845 est,
1480 3777 1529 3831 si
1578 3778 1744 3834 dece-

96 3861 364 3933 dant(49)
406 3861 516 3915 viri
573 3860 979 3929 consultiores,
1041 3861 1130 3917 vel
1191 3863 1368 3918 etiam
1452 3866 1746 3937 graviores

93 3949 344 4007 feminae.
378 3950 522 4005 Hinc
559 3949 810 4022 primum
843 3949 1244 4023 ingruentium
1277 3960 1442 4024 porta
1490 3955 1749 4026 aperitur

91 4039 405 4096 malorum.
463 4039 626 4094 Sicut
673 4054 808 4110 ergo
855 4039 999 4094 urbs
1039 4043 1158 4094 tota
1218 4040 1503 4098 solidatur
1573 4047 1748 4116 atque

91 4134 336 4199 urgetur
381 4131 527 4183 caetu
586 4126 962 4199 sapientium,
996 4126 1084 4182 vel
1115 4128 1279 4184 obitu
1325 4129 1745 4190 labefactatur:

91 4215 167 4270 ita
195 4232 395 4272 sermo
439 4216 653 4288 gravis,
707 4219 765 4270 et
810 4215 1045 4286 quidem
1092 4216 1293 4272 senilis
1343 4219 1494 4276 212
1538 4219 1748 4293 plenus

93 4305 421 4374 prudentia
483 4303 741 4362 stabilire
810 4304 1278 4378 uniuscujusque
1347 4309 1626 4376 animam,
1693 4315 1750 4368 et

93 4395 447 4448 conﬁrmare
481 4398 740 4450 mentem
760 4392 924 4449 solet.
947 4394 977 4449 J
986 4411 1080 4450 am
1096 4395 1143 4450 si
1168 4397 1405 4453 accedat
1425 4398 1746 4457 multarum

89 4479 415 4538 lectionum
451 4499 618 4548 usus,
645 4481 1034 4556 plurimorum
1069 4489 1489 4556 praeceptorum
1520 4493 1575 4543 et
1605 4505 1746 4544 con-

1851 3352 1966 3390 non
1997 3332 2269 3388 abhorret
2294 3346 2328 3383 a
2357 3345 2512 3395 vero,
2546 3328 2702 3398 quod
2751 3332 2808 3382 et
2845 3327 2960 3383 iste
3001 3327 3160 3384 velut
3207 3331 3496 3401 quasdam

1848 3424 1910 3479 in
1941 3439 2004 3478 se
2034 3436 2246 3476 manus
2296 3417 2522 3488 injicit;
2571 3422 2634 3471 ut
2679 3416 2990 3472 interficiat
3021 3417 3348 3490 voluptates
3405 3420 3498 3476 sui

1853 3510 2130 3584 corporis,
2165 3512 2223 3563 et
2261 3506 2574 3580 quemdam
2617 3523 2734 3560 sua:
2791 3506 2984 3562 carnis
3032 3513 3303 3579 operetur
3356 3507 3504 3564 inte-

1852 3601 2052 3657 ritum.
2085 3595 2380 3653 Interfecit
2410 3611 2616 3666 nempe
2638 3595 3230 3668 MoyseszEgyptium,
3249 3601 3307 3653 et
3329 3598 3505 3670 fugax

1853 3693 2038 3746 factus
2069 3691 2159 3742 est
2189 3686 2258 3741 de
2288 3689 2438 3740 terra
2470 3684 2715 3757 ZEgypti,
2750 3688 2815 3739 ut
2844 3684 3162 3741 declinaret
3190 3686 3317 3758 ejus
3338 3689 3502 3743 terra;

1854 3785 2194 3852 tyrannum.
2231 3775 2342 3830 Sed
2381 3790 2495 3828 non
2547 3776 2679 3827 ante
2725 3772 2891 3828 illum
2925 3774 3308 3832 interfecisset
3335 3780 3506 3850 Egy-

1856 3867 2043 3939 ptium
2075 3863 2396 3930 hominem,
2430 3861 2543 3917 nisi
2576 3861 2818 3933 priusin
2850 3878 2912 3917 se
2929 3863 3200 3935 nequitiae
3223 3864 3504 3937 spiritalis

1855 3955 2188 4028 [Egyptium
2220 3950 2633 4020 interemisset,
2665 3954 2722 4005 et
2753 3951 3082 4007 abdicasset
3124 3967 3185 4007 se
3217 3952 3504 4024 regalium

1854 4044 1993 4099 luxu
2026 4043 2338 4106 honorum,
2373 4039 2566 4110 majus
2593 4039 3013 4110 patrimonium
3045 4040 3342 4096 aestimans
3376 4040 3505 4096 the-

1856 4133 2048 4189 sauris
2092 4129 2312 4202 Egypti
2367 4127 2749 4200 cpprobrium
2803 4126 3036 4183 Christi.
3083 4128 3244 4192 Quod
3305 4128 3504 4186 stultis

1856 4221 2092 4294 quidem
2121 4218 2352 4274 videtur
2381 4216 2798 4288 opproprium:
2862 4216 3030 4272 nobis
3106 4220 3300 4272 autem
3357 4216 3506 4273 illud

1856 4308 2234 4383 opprOprium
2265 4305 2581 4362 Dominicae
2612 4305 2802 4360 crucis
2833 4305 3018 4361 virtus
3047 4305 3145 4361 Dei
3199 4309 3288 4361 est
3331 4309 3506 4378 atque

1855 4398 2162 4471 sapientia.
3271 4415 3274 4418 '

1927 4488 2014 4544 15.
2049 4485 2284 4542 Accedit
2322 4501 2408 4551 eo,
2438 4483 2591 4556 quod
2625 4483 2739 4539 duo
2773 4483 3038 4555 quaedam
3069 4483 3129 4539 in
3170 4483 3285 4540 Deo
3344 4482 3510 4556 prin-

91 4569 366 4626 siliorum
416 4571 658 4642 quidam
692 4575 954 4642 senatus,
1003 4571 1162 4628 velut
1204 4579 1546 4646 perpetuum
1596 4579 1760 4637 urbis
1788 4587 1837 4653 D
1869 4575 2080 4649 cipalia
2111 4579 2252 4630 sunt
2281 4589 2493 4646 genere
2515 4573 2820 4640 virtutum,
2862 4589 3044 4628 unum
3079 4591 3193 4646 quo
3241 4573 3507 4643 remittit,

90 4658 218 4728 ejus
265 4675 399 4730 quae
450 4659 509 4713 in
561 4659 931 4731 singulorum
981 4664 1070 4716 est
1123 4663 1474 4732 praecordiis,
1536 4668 1755 4724 statum

96 4746 292 4804 efﬁcit.

746 4908 978 4966 CAPUT
1010 4910 1103 4965 IV.

105 5016 282 5090 Quare
313 5015 521 5088 Moyses
554 5019 766 5071 Levites
815 5018 1106 5088 appellarit
1147 5020 1537 5090 pri-mogem'tos
1577 5027 1630 5077 et
1671 5039 1758 5078 re-

171 5087 499 5165 demptores,
545 5087 851 5165 eorumque
878 5087 1035 5165 urbes
1078 5087 1458 5165 redemptrices
1506 5094 1756 5165 designa-

169 5162 242 5212 rit
263 5160 289 5212 ?
316 5159 438 5233 ϐψς
455 5175 566 5233 non
594 5161 667 5233 sit
699 5159 998 5233 absurdum
1040 5161 1152 5230 piis
1189 5159 1505 5217 cohabitare
1546 5159 1756 5233 facino-

177 5246 326 5284 roso:
347 5231 376 5284 ?
405 5231 480 5286 De
511 5230 724 5285 duabus
773 5231 830 5283 in
869 5232 974 5286 Deo
1019 5233 1336 5298 virtutibus,
1383 5230 1761 5292 misericordia

171 5309 221 5355 et
241 5303 487 5378 justitia,
523 5305 688 5372 atque
719 5317 910 5357 earum
939 5303 1236 5378 ministris:
1290 5304 1459 5375 deque
1505 5323 1564 5363 eo
1620 5308 1761 5378 quoi

170 5375 410 5430 malitiae
439 5389 694 5442 egressus
733 5387 945 5444 semper
987 5375 1208 5429 virtutis
1255 5383 1505 5446 operetur
1548 5375 1760 5450 ingres-

174 5523 291 5597 (49)
318 5525 442 5582 Vet.
477 5526 620 5583 edit.
655 5529 714 5581 et
773 5525 888 5580 duo
936 5542 1103 5590 mss.,
1136 5529 1187 5581 si
1230 5526 1484 5582 decidant
1518 5546 1530 5596 ;
1584 5545 1761 5597 unus,

107 5594 516 5677 sidecidangur.
571 5598 794 5654 Omnes
838 5597 999 5665 edit.,
1044 5599 1155 5655 viri
1193 5594 1565 5672 consultores;
1616 5594 1760 5659 mss.

110 5669 216 5727 τίτί
238 5671 618 5730 comulliores.
1023 5709 1027 5713 -

1866 4665 2027 4722 aliud
2060 4680 2175 4736 quo
2203 4663 2480 4718 vindicat.
2530 4662 2929 4718 Remittuntur
2974 4666 3209 4735 peccata
3257 4679 3359 4734 per
3406 4661 3510 4718 Dei

1864 4755 2107 4811 verbum
2155 4753 2289 4824 (50),
2340 4751 2509 4822 cujus
2557 4751 2779 4808 Levites
2818 4751 3105 4824 interpres
3169 4755 3226 4807 et
3273 4751 3512 4823 quidem

1864 4845 2170 4899 exsecutor
2200 4845 2288 4897 est
2331 4841 2441 4912 (23,
2495 4856 2550 4911 q.
2601 4842 2654 4908 5,
2709 4857 2833 4912 cap.
2883 4842 3282 4902 Remittuntur;
3329 4843 3386 4894 et
3440 4839 3514 4894 De

1860 4933 2054 5004 paenit.
2125 4930 2263 4985 dict.
2328 4930 2380 4994 1,
2426 4945 2552 4999 cap.
2610 4929 2836 4984 Verbum
2901 4929 3058 4998 Dei):
3132 4928 3515 4984 remittuntur

1866 5021 2042 5076 etiam
2093 5035 2195 5090 per
2241 5016 2396 5072 218
2455 5015 2713 5071 ofﬁcium
2763 5017 3104 5083 sacerdotis,
3162 5033 3514 5088 sacrumque

1867 5108 2262 5163 ministerium
2289 5122 2301 5160 :
2336 5106 2907 5176 puniunturquoque
2926 5120 3028 5175 per
3050 5103 3340 5170 homines,
3360 5105 3516 5160 sicut

1869 5214 1971 5270 per
1993 5195 2246 5268 judices,
2278 5192 2376 5264 qui
2409 5195 2691 5264 potestate
2722 5193 2792 5246 ad
2826 5194 3333 5263 tempus,utuntur
3360 5192 3516 5248 sicut

1870 5282 2184 5356 Apostolus
2217 5281 2383 5336 docet
2414 5281 2651 5336 dicens:
2692 5282 2778 5336 Vis
2809 5283 2992 5335 autem
3020 5296 3131 5335 non
3185 5281 3381 5335 timere
3421 5297 3517 5352 po-

1868 5377 2116 5430 testatem
2145 5375 2170 5425 .9
2217 5374 2433 5425 Bonum
2485 5371 2594 5441 fac,
2653 5373 2703 5424 et
2741 5369 2962 5424 habebis
3005 5368 3224 5425 laudem
3251 5385 3320 5425 ea:
3375 5370 3513 5433 illa;

1945 5524 2061 5596 (50)
2099 5522 2451 5596 Gratianus,
2490 5521 2556 5576 de
2599 5521 3034 5596 Pge'nit.,__dist._,
3060 5523 3370 5596 c._Verbu1_n
3398 5524 3514 5596 Dei,

1874 5601 1930 5654 et
1953 5592 2239 5668 Magister
2260 5598 2407 5650 sent.
2439 5593 2498 5649 in
2530 5610 2604 5662 IV,
2639 5593 2774 5668 dist.
2804 5593 2895 5668 18,
2917 5592 3117 5668 inhoc
3135 5592 3262 5654 loco
3283 5594 3517 5657 citando

1874 5683 1980 5726 nec
2009 5663 2184 5733 verba
2203 5680 2311 5728 nec
2344 5681 2587 5734 sensum
2608 5664 2901 5735 Ambrosii
2921 5663 3212 5726 exhibent.
