3878 6208
110 361 202 428 389

1274 362 1376 426 DE
1420 360 1604 425 CAIN
1647 357 1748 423 Εἰ*
1791 346 1998 425 um
2035 361 2187 427 LIB.
2233 364 2312 429 ιι.

3373 350 3515 435 aio

110 497 320 570 Quando
349 496 515 590 enim
547 512 723 558 mens
753 496 864 558 sibi
902 497 1043 558 recti
1081 503 1168 557 est
1199 498 1452 590 conscia,
1486 498 1738 590 gratula-
1763 493 1822 563 Α
1849 497 2038 590 ritalis
2070 498 2267 575 gratias
2298 496 2517 560 colorat
2538 516 2786 577 vapore:
2831 495 3204 576 rationabilis
3259 497 3517 590 quoque

108 600 204 657 tur,
235 595 288 647 et
318 589 622 648 infnsione
647 590 900 664 quadam
931 590 1178 663 spiritali
1212 589 1468 662 repletur
1507 585 1738 645 animus

108 681 316 755 gaudio,
352 692 491 735 cum
524 676 778 751 alicujus
807 680 894 736 vel
936 679 1152 745 studia,
1207 679 1296 735 vel
1354 697 1529 751 opera
1559 697 1590 734 a
1624 680 1738 735 Deo

107 768 702 843 probantur.Tristitia
732 769 910 841 igitur
937 769 1075 824 Cain
1102 769 1470 824 conscientiae
1503 772 1740 824 testmo-

106 861 269 924 nium,
303 857 554 931 repulsae
585 857 869 913 indicium
918 863 1026 914 est.
1080 858 1149 912 Et
1204 857 1474 930 quamvis
1529 857 1740 913 obtulit

105 963 304 1003 munus
330 964 350 1001 :
381 952 582 1002 tamen
615 946 755 1018 quia
783 963 897 1002 non
930 951 1081 1002 recte
1111 952 1166 1002 et
1187 947 1322 1018 jure
1352 946 1568 1017 divisit,
1615 945 1736 1002 eul-

102 1053 218 1110 pam
236 1036 467 1091 incidit.

163 1127 242 1181 19.
277 1127 544 1190 Quatuor
572 1124 728 1180 enim
761 1141 972 1197 genera
1002 1130 1143 1179 sunt
1190 1125 1404 1196 quibus
1453 1125 1738 1181 Sacriﬁcia

100 1215 670 1270 commendabantur.
721 1213 780 1269 Si
830 1217 930 1268 aut
990 1231 1138 1268 nova
1184 1229 1464 1269 novorum
1517 1217 1734 1280 essent,

99 1309 187 1359 aut
217 1303 388 1368 frixa,
420 1306 522 1357 aut
552 1301 739 1358 divisa
768 1305 868 1358 aut
905 1302 1178 1357 continua
1238 1304 1371 1375 (55).
1421 1303 1576 1358 Nova
1633 1320 1734 1358 no-

97 1409 286 1447 vorum
315 1392 508 1464 primo
541 1395 804 1462 tempore
852 1391 1010 1458 anni,
1068 1409 1196 1463 quas
1252 1391 1446 1464 specie
1507 1393 1620 1464 (56)
1675 1394 1732 1448 in

96 1481 495 1553 primogenitis
519 1481 805 1536 fructibus
835 1481 1279 1536 aestimabantur
1309 1499 1322 1536 :
1358 1498 1512 1536 nunc
1537 1487 1730 1537 autem

93 1571 404 1626 revelatum
432 1573 521 1625 est
549 1587 648 1625 eos
691 1568 1030 1641 signiﬁcari,
1076 1569 1173 1641 qui
1209 1586 1311 1642 per
1363 1570 1734 1642 baptismatis

92 1660 233 1716 2I5
268 1663 642 1714 sacramenta
666 1663 1036 1713 ren0vantur.
1100 1658 1218 1714 Hoc
1249 1663 1336 1714 est
1391 1660 1547 1714 enim
1603 1677 1734 1715 vere

87 1747 438 1803 sacriﬁcium
500 1746 879 1818 primitivum,
939 1748 1174 1818 quando
1207 1749 1612 1820 unusquisque
1671 1766 1732 1804 se

88 1837 247 1892 offert
289 1837 547 1892 hostiam
598 1835 770 1907 (Rom.
819 1851 914 1902 xu,
962 1836 1035 1907 1),
1089 1840 1145 1891 et
1187 1853 1221 1893 a
1277 1852 1340 1892 se
1387 1837 1614 1909 incipit,
1669 1833 1750 1892 uti

88 1931 284 1997 postea
316 1941 540 1980 munus
589 1940 763 1980 suum
821 1925 1007 1996 possit
1062 1926 1287 1981 offerre.
1347 1927 1506 1981 Nova
1552 1926 1733 1999 igitur

86 2015 222 2070 ﬁdes
261 2020 704 2078 'renovatorum,
747 2013 958 2079 valida,
993 2015 1342 2086 pubescens,
1403 2014 1730 2070 incremen-

86 2109 202 2158 tum
227 2103 470 2158 virtutis
515 2103 840 2175 acquirens,
899 2119 1011 2158 non
1071 2103 1335 2169 remissa,
1379 2119 1496 2160 non
1556 2105 1730 2173 fessa,

86 2209 194 2247 non
227 2192 400 2247 senio
431 2193 686 2263 quodam
705 2191 982 2259 marcida,
1011 2196 1068 2247 et
1090 2192 1287 2264 vigore
1313 2192 1542 2264 ignava,
1596 2197 1732 2265 apta

83 2281 371 2335 sacriﬁcio
403 2284 511 2344 est,
545 2297 674 2351 quae
715 2279 963 2351 pullulet
1016 2281 1272 2352 quodam
1331 2281 1539 2337 virenti
1596 2297 1730 2353 ger-

84 2368 237 2424 mine
265 2368 590 2439 sapientiaa,
621 2373 675 2423 et
689 2368 936 2439 juvenili
966 2367 1171 2424 divinae
1214 2370 1563 2441 cognitionis
1620 2371 1730 2425 fer-

82 2473 208 2512 vore
242 2459 576 2529 pubescat;
641 2457 850 2512 habeat
905 2462 1101 2514 tamen
1157 2475 1398 2515 succum
1455 2460 1731 2515 doctrinas

84 2547 314 2602 veteris.
345 2546 513 2601 Sicut
541 2544 694 2600 enim
719 2546 882 2613 Novi,
915 2547 996 2601 ita
1026 2551 1082 2602 et
1112 2547 1334 2604 Veteris
1377 2550 1732 2605 Testamenti

89 2635 254 2689 debet
312 2635 582 2689 doctrina
627 2651 992 2702 concurrere,
1053 2637 1192 2707 quia
1247 2638 1532 2710 scriptum
1593 2642 1727 2694 est:

88 2725 414 2779 Handucatc
444 2727 626 2778 vetera
657 2728 918 2789 veterum,
949 2729 1002 2780 et
1050 2728 1231 2780 vetera
1284 2743 1319 2780 a
1371 2729 1514 2797 facie
1567 2743 1730 2783 novo-

88 2829 204 2866 rem
272 2814 489 2882 auferte
554 2813 748 2883 (Levii.
816 2828 969 2878 χχιιι,
1039 2813 1147 2883 10).
1211 2813 1390 2868 Cibus
1436 2815 1606 2870 nobis
1657 2815 1736 2870 sit

87 2901 344 2972 cognitio
377 2900 867 2972 patriarcharum,
899 2902 1167 2972 epuletur
1192 2903 1427 2958 animus
1480 2904 1539 2960 in
1601 2921 1731 2976 pro-

85 2989 398 3060 phetarum
433 2989 688 3065 oraculis
721 3006 734 3043 :
769 2989 871 3044 tali
902 2990 1107 3062 sagina
1137 3005 1306 3047 mens
1335 2996 1611 3064 pascatur
1643 2991 1735 3046 in-

80 3079 277 3133 terior.
309 3079 422 3133 Sed
451 3079 575 3148 jam
605 3094 718 3132 non
776 3079 1000 3149 species
1057 3080 1190 3150 agni
1251 3080 1347 3147 sit,
1409 3085 1467 3135 at
1522 3081 1735 3136 veritas

1851 589 2087 646 inventa
2117 592 2472 660 corroborat,
2505 591 2886 666 dissolvitque
2915 609 3149 651 omnem
3179 593 3298 651 vim
3344 593 3491 665 irra-

1849 678 2218 736 tionabilium
2251 682 2614 754 passionum.
2650 681 2899 755 Ideoque
2929 681 3079 756 Esau
3109 681 3322 741 laxatis
3373 683 3491 741 vir-

1845 769 1992 824 tutis
2014 786 2133 824 sua:
2165 770 2408 826 nexibus
2459 770 2782 827 dissolutus
2828 775 2938 829 est.
2993 769 3080 828 Illi
3137 777 3332 842 autem
3390 772 3491 848 qui

1847 859 2130 914 succincti
2161 858 2392 915 lumbos
2443 876 2556 915 non
2610 860 3098 942 crudumuneque
3144 871 3371 918 coctum
3430 862 3491 920 in

1847 963 2018 1018 aqua,
2052 948 2153 1003 sed
2183 951 2445 1004 assatum
2477 949 2536 1004 in
2566 948 2698 1020 igne
2720 953 2895 1022 caput
2925 949 3060 1023 agni
3103 948 3272 1008 edere
3317 949 3490 1023 jube-

1846 1035 2079 1103 bantur,
2115 1035 2267 1092 sicut
2294 1026 2477 1093 habes
2507 1037 2566 1092 in
2596 1038 2791 1115 Exodo
2842 1037 3034 1110 (Exod.
3095 1057 3192 1108 xu,
3224 1039 3301 1111 9),
3355 1039 3487 1096 forti

1847 1132 1912 1180 ac
1945 1124 2099 1181 ﬁdeli
2131 1125 2347 1193 animo,
2393 1127 2648 1198 pedestri
2695 1126 2903 1183 itinere
2931 1127 3118 1183 maria
3145 1124 3510 1206 transfreta-:

1845 1217 2000 1269 runt.
2037 1215 2097 1268 In
2131 1214 2437 1288 Evangelio
2493 1231 2724 1287 quoque
2771 1232 2937 1272 assos
2967 1214 3156 1294 pisces
3203 1213 3491 1292 Dominus

1843 1303 2018 1358 Jesus
2047 1304 2458 1371 manducabat,
2479 1304 2633 1360 sicut
2657 1305 2944 1377 scriptum
2993 1309 3084 1361 est
3121 1304 3271 1378 (Luc.
3331 1321 3486 1373 xxxv,

1845 1391 1955 1462 43),
1989 1391 2048 1446 in
2082 1407 2197 1462 quo
2225 1391 2743 1466 plenitudo‘sancti
2789 1393 3044 1466 Spiritus
3102 1394 3484 1450 redundabat.

1843 1458 2188 1536 Etfortasse
2217 1458 2351 1536 ideo
2381 1458 2684 1537 deﬁciebat
2720 1458 2892 1548 Esau,
2927 1482 3068 1554 quia
3123 1480 3352 1539 coetum
3425 1480 3493 1548 in

1843 1584 1992 1638 aqua
2022 1569 2390 1625 desiderabat
2420 1569 2829 1642 cibum,quem
2858 1570 3039 1627 Jacob
3064 1571 3233 1643 quasi
3266 1571 3491 1629 inhabi-

1840 1655 1955 1712 lem
1986 1657 2098 1712 sibi
2128 1658 2363 1714 donavit
2392 1657 2646 1714 inﬁrmo.

1911 1747 2001 1800 21.
2034 1745 2400 1803 Oblationem
2432 1751 2625 1802 autem
2654 1753 2827 1820 alque
2884 1746 3208 1804 orationem
3264 1749 3494 1822 oportet

1843 1851 1958 1890 non
1990 1836 2293 1891 confusam
2327 1850 2477 1904 esse,
2512 1837 2611 1892 sed
2645 1836 2998 1908 competenti-
3029 1837 3313 1893 divisione
3367 1837 3487 1893 dis-

1842 1922 2105 1979 tinctam.
2159 1924 2222 1980 In
2269 1921 2430 1980 omni
2459 1920 2615 1980 enim
2648 1942 2709 1980 re
2738 1925 3079 1982 confusione
3137 1921 3346 1983 melior
3401 1929 3492 1982 est

1842 2009 2140 2068 distinctio
2170 2011 2324 2086 (58):
2359 2013 2547 2070 multo
2580 2011 2768 2086 magis
2793 2015 2852 2069 in
2884 2013 3143 2070 oratione
3186 2018 3364 2091 atque
3391 2015 3489 2070 οδ-

1841 2101 2076 2169 latione,
2111 2118 2240 2174 quaa
2271 2102 2386 2158 nisi
2417 2106 2606 2158 certas
2636 2095 2952 2160 divisiones
2979 2103 3212 2173 habeat,
3272 2104 3342 2158 ﬁt
3393 2103 3489 2158 obc

1840 2189 2084 2247 scurior.
2119 2193 2368 2264 Ideoque
2425 2191 2628 2247 hostia;
2682 2181 3027 2264 plerumque
3086 2183 3352 2249 membra
3397 2190 3506 2248 lex'

1839 2277 2017 2332 dividi
2042 2278 2230 2349 jubet,
2263 2284 2321 2334 et
2349 2278 2690 2334 holocausta
2719 2271 2912 2334 oﬁ'srri
2946 2280 3140 2351 (Levii.
3174 2297 3212 2345 ι,
3261 2279 3318 2350 6)
3353 2295 3372 2335 :
3425 2283 3492 2335 ut

1839 2366 1966 2421 sine
1992 2366 2406 2422 administione
2434 2372 2492 2422 et
2509 2367 2870 2438 operimento
2898 2367 3093 2440 aliquo
3122 2359 3236 2440 (59)
3263 2366 3490 2424 nudum

1839 2453 2190 2510 sacriﬁcium
2218 2455 2294 2510 sit
2326 2471 2339 2511 :
2373 2470 2440 2512 eo
2470 2457 2624 2527 quod
2657 2457 2814 2512 nuda
2841 2460 3015 2529 atque
3044 2457 3322 2513 omnibus
3351 2471 3492 2512 exu-

1839 2548 1899 2599 ta
1923 2543 2241 2599 involucris
2259 2545 2468 2601 debeat
2498 2545 2642 2600 ﬁdes
2672 2550 2874 2601 nostra
2902 2545 3122 2600 fervere
3152 2562 3166 2601 :
3200 2559 3275 2605 ne
3327 2539 3497 2616 vagis

1840 2637 1898 2689 et
1927 2632 2233 2688 fallacibus
2261 2633 2376 2705 (69)
2418 2633 2797 2705 Opinionibus
2847 2634 3148 2697 induatur.
3183 2633 3287 2690 sed
3344 2637 3494 2705 pura

1842 2726 2017 2794 atque
2049 2722 2275 2778 sincera
2303 2720 2650 2794 simplicitas
2679 2720 2894 2779 mentis
2923 2726 3220 2795 appareat.
3269 2721 3492 2777 Deinde

1842 2811 1901 2866 in
1934 2815 2129 2882 partes
2172 2811 2467 2876 dividatur
2524 2813 2834 2884 Congruas.
2879 2810 3084 2867 Virtus
3111 2811 3274 2867 enim
3335 2810 3502 2874 OIO'

1841 2915 2027 2972 genus
2057 2903 2165 2967 est,
2195 2915 2322 2971 quas
2354 2899 2635 2958 dividitur
2662 2901 2720 2955 in
2751 2897 3041 2973 plurimas
3067 2898 3288 2972 species
3322 2915 3337 2954 :
3386 2897 3502 2954 sed‘

1842 2988 2195 3061 principales
2225 2993 2480 3060 quatuor
2526 2993 2684 3060 sunt,
2717 2989 3045 3062 prudentia,
3079 2986 3492 3060 temperantia,

1842 3076 2412 3148 fortitudo,juetitia.
2437 3077 2716 3133 Redoleat
2742 3078 2923 3150 igitur
2952 3077 3135 3134 oratio
3191 3081 3297 3132 tua
3351 3075 3492 3148 pm:

83 3166 344 3237 corporis
427 3164 663 3221 Christi.
724 3167 847 3221 Non
906 3167 1116 3224 umbra
1174 3166 1318 3240 legis
1379 3169 1736 3242 perstringat
1772 3233 1806 3242 κ
1844 3165 2104 3221 dentiam
2135 3181 2273 3236 erga
2301 3166 2694 3238 cognitionem
2727 3166 2850 3232 Dei,
2879 3171 2937 3222 et
2964 3165 3267 3221 vet-imm
3305 3162 3441 3218 ﬁdei
3473 3179 3492 3219 :

85 3233 280 3310 oculos
317 3272 332 3310 :
365 3255 470 3310 sed
503 3257 699 3326 aperte
729 3255 1038 3311 Dominicee
1089 3233 1275 3329 gratia
1334 3233 1668 3329 passionis:
1678 3263 1735 3313 et
1764 3233 1806 3298 (ἶ
1846 3253 2102 3310 redoleat
2126 3233 2572 3325 temperantiam
2625 3269 2802 3326 quam
2841 3253 3021 3310 etiam
3051 3270 3087 3309 α
3137 3250 3504 3323 coniugii)“

85 3342 360 3414 splendor
426 3343 870 3398 resurrectionis
935 3345 1120 3400 aciem
1187 3346 1401 3402 mentis
1485 3345 1676 3402 illumi
1709 3377 1734 3390 -

87 3438 194 3486 net.

144 3521 235 3574 2t).
270 3520 334 3575 Si
366 3523 568 3575 autem
622 3522 825 3576 offeres
883 3521 1235 3578 sacriﬁcium
1295 3525 1364 3579 de
1424 3524 1736 3595 primitivis

82 3609 300 3676 ovibus,
334 3609 556 3663 frixum
579 3609 637 3663 in
673 3609 823 3682 igne,
860 3610 1072 3664 frixum
1107 3611 1342 3684 pingue,
1379 3611 1585 3669 offeres
1639 3632 1731 3670 sa-

87 3696 371 3752 criﬁcium
404 3697 857 3768 primitivorum,
902 3697 1054 3754 sicut
1082 3699 1366 3773 scriptum
1399 3707 1487 3758 est
1543 3701 1732 3774 (chit.

87 3802 177 3853 vn,
202 3789 263 3854 2)
298 3803 312 3840 :
349 3787 508 3858 quod
542 3786 836 3858 signiﬁcat
863 3787 1037 3842 ﬁdem
1070 3792 1233 3845 tuam
1264 3789 1424 3846 velut
1453 3791 1572 3863 igni
1604 3809 1736 3864 pro-

88 3873 279 3931 betam
312 3891 446 3930 esse
475 3874 706 3942 debere,
738 3879 794 3930 et
840 3880 1038 3932 sancto
1093 3878 1309 3934 fervere
1366 3880 1595 3951 spiritu.
1632 3882 1737 3937 De-

88 3961 256 4034 niqne
285 3963 446 4019 coxit
473 3962 690 4018 lentem
720 3964 919 4033 Jacob,
948 3970 1004 4020 et
1049 3966 1212 4021 fratri
1243 3968 1532 4039 primatus
1564 3971 1737 4026 bene-

91 4049 364 4107 dictionis
394 4051 632 4124 eripuit,
664 4069 810 4124 quos
838 4053 1040 4125 utique
1070 4055 1256 4111 solida
1286 4064 1741 4130 consequeretur

93 4138 248 4195 ﬁdes.
274 4141 382 4196 Hic
410 4157 548 4214 ergo
582 4141 860 4197 robustus
889 4147 945 4198 et
972 4142 1200 4199 vividus
1224 4146 1337 4217 (57)
1368 4148 1692 4218 augebatur
1727 4166 1740 4204 :

95 4225 187 4282 ille
215 4233 418 4285 autem
453 4230 556 4301 qui
584 4229 780 4284 cibum
813 4247 989 4286 suum
1023 4248 1269 4303 coquere
1311 4235 1624 4302 nesciebat,
1659 4233 1742 4291 fa-

95 4317 308 4387 tigatus
350 4323 528 4390 atque
585 4318 862 4375 deﬁciens
919 4319 1231 4376 deﬂuebat.
1295 4321 1508 4378 Uratur
1564 4324 1746 4396 igitur

94 4406 262 4461 verbo
300 4405 533 4461 Domini
565 4407 720 4461 sicut
743 4407 877 4480 igne
907 4407 1092 4464 virtus
1148 4410 1357 4465 animas
1413 4416 1544 4466 tuae.
1601 4413 1746 4469 Vide

97 4498 294 4549 ustum
325 4494 572 4566 Joseph,
607 4495 760 4550 sicut
797 4497 1082 4569 scriptum
1114 4503 1240 4553 est:
1299 4500 1589 4571 Eloquium
1643 4503 1747 4558 Do-

1842 3342 2182 3415 exigendam
2214 3342 2442 3413 putavit
2481 3342 2801 3414 Apostolus
2822 3341 3022 3409 dicens
3054 3358 3070 3397 :
3127 3339 3508 3409 Holitcfrau'r

1843 3431 1974 3488 dare
2000 3432 2254 3498 invicem,
2287 3432 2402 3486 nisi
2442 3432 2583 3502 forte
2609 3445 2681 3486 ea:
2726 3445 2993 3495 mmmu
3042 3428 3114 3486 ad
3167 3431 3400 3499 mpm,
3427 3427 3503 3482 ut

1844 3522 2044 3577 vacetis
2073 3521 2312 3576 orationi
2339 3521 2388 3588 (Ι
2406 3520 2526 3575 Cor.
2583 3535 2703 3586 vm,
2759 3520 2836 3591 5).
2896 3519 2972 3574 Et
2995 3517 3090 3575 lex
3135 3516 3459 3591 (iustiﬁcam

1846 3611 1980 3682 (61),
2015 3613 2148 3664 ante
2172 3607 2512 3664 hesternum
2537 3613 2595 3664 et
2632 3607 3171 3664 nudiustertianmn
3203 3605 3507 3673 ὅπλ’-ι(

1847 3697 2201 3754 sacriﬁcium
2253 3697 2529 3753 accedere
2541 3697 2714 3769 jubet
2740 3697 2932 3769 (Emod.
2973 3714 3091 3766 xix,
3153 3696 3265 3764 10).
3309 3691 3495 3750 Forti-

1846 3787 2111 3842 tudinem
2145 3789 2337 3842 teneat
2366 3785 2574 3852 oratio,
2601 3789 2670 3841 ut
2695 3785 2856 3842 nullo
2887 3784 3272 3858 interpolator
3312 3783 3496 3846 metu,

1847 3874 2012 3933 nulla
2038 3873 2386 3930 lassitudine
2409 3874 2660 3930 deﬁciat.
2703 3875 2870 3944 Tunc
2923 3872 3080 3930 enim
3140 3872 3312 3928 debet
3367 3882 3504 3927 esse

1848 3965 2096 4021 intentio
2125 3965 2196 4019 ad
2256 3963 2614 4034 precandum
2673 3962 2985 4027 robustior,
3039 3975 3175 4016 cum
3219 3965 3501 4028 urgemur

1850 4052 2129 4111 adversis.
2173 4051 2475 4108 Justitiam
2528 4051 2824 4107 custodiat
2883 4048 3161 4122 precatio,
3219 4059 3398 4118 quam
3445 4042 3509 4100 si

1849 4143 2138 4199 tenuisset
2167 4141 2372 4208 Judas,
2406 4156 2520 4196 non
2552 4137 2611 4194 in
2643 4141 2950 4211 peccatum
2980 4137 3131 4194 facta
3158 4136 3315 4192 esset
3370 4133 3504 4204 ejus

1851 4231 2056 4288 oratio.
2090 4229 2336 4295 Quando
2363 4228 2520 4283 enim
2543 4227 2734 4299 magis
2763 4227 2838 4283 ab
2863 4224 3104 4299 injustis
3128 4221 3386 4297 operatio
3433 4233 3502 4279 ao

1855 4321 2050 4394 pravis
2116 4317 2328 4374 studiis
2389 4316 2686 4373 abstinere
2745 4316 3048 4382 debemus,
3118 4321 3302 4386 quam
3357 4313 3512 4370 tunc

1857 4409 2090 4481 quando
2122 4406 2222 4462 Dei
2251 4404 2546 4478 justitiam
2577 4405 2963 4477 deprecamur
2989 4403 3118 4458 ‘I'Et
3143 4401 3274 4458 ideo
3305 4396 3505 4458 Domi-

1858 4515 1992 4563 nus,
2023 4500 2090 4552 ut
2117 4494 2276 4550 cordi
2316 4494 2485 4550 nobis
2517 4496 2672 4551 esset
2719 4491 2954 4565 justitia
2985 4509 2999 4548 :
3056 4491 3232 4556 Beati,
3288 4486 3504 4558 inquit,

98 4583 238 4637 mini
266 4585 414 4638 assit
441 4599 568 4637 eum
598 4584 765 4653 (Psal.
799 4601 906 4653 civ,
939 4587 1051 4653 19).
1085 4587 1400 4644 Torreatur
1456 4589 1600 4645 ﬁdes
1651 4595 1750 4646 tua
1780 4598 1825 4662 Ι)
1859 4588 1952 4660 qui
2025 4584 2460 4656 persecutionem
2538 4583 2833 4654 patiuntur
2906 4583 3131 4653 propter
3176 4577 3461 4652 justitiam
3488 4590 3504 4632 :

97 4670 248 4727 sicut
304 4673 485 4744 spicas
541 4673 846 4728 messium.
894 4675 1057 4729 Tunc
1116 4675 1268 4730 enim
1349 4678 1750 4734 maturitatem
1861 4675 2122 4746 quoniam
2168 4672 2413 4744 ipsorum
2467 4673 2541 4729 est
2598 4687 2825 4742 regnum
2878 4670 3138 4726 calorum
3190 4663 3419 4739 (Matth.
3445 4678 3506 4730 τι.

100 4756 398 4815 fructuum
430 4760 766 4832 praeferunt,
788 4778 921 4816 cum
962 4778 1059 4817 eas
1087 4763 1274 4832 primo
1305 4763 1444 4820 solis
1476 4782 1751 4837 processu
1864 4764 1972 4834 10).
1996 4767 2128 4816 Haec
2157 4760 2315 4817 enim
2347 4760 2533 4817 defuit
2557 4761 2723 4817 Judai
2758 4777 2771 4816 :
2805 4774 2942 4816 nam
2973 4757 3023 4816 si
3055 4755 3358 4820 adfuisset,
3380 4766 3523 4808 anon'

98 4850 363 4918 tempora
395 4848 597 4904 aestiva
629 4850 966 4906 torruerint.
999 4851 1202 4906 Sermo
1253 4852 1433 4924 igitur
1463 4853 1754 4925 plurimus
1863 4849 2204 4908 tradidisset
2232 4849 2571 4916 Dominum,
2601 4863 2717 4906 non
2750 4847 3107 4920 prodidisset
3136 4842 3510 4925 magistrum-

102 4935 504 5010 Sripturarum
533 4936 791 4994 animam
849 4939 1174 5008 conﬁrmat,
1207 4945 1264 4995 et
1321 4924 1578 5012 quodam
1636 4943 1755 5016 spi-
1864 4939 2058 4996 Defuit
2087 4936 2374 4994 sacriﬁcio
2394 4937 2570 4992 etiam
2601 4935 2741 4993 Cain
2801 4935 2995 5004 istius,
3025 4932 3130 5004 qui
3186 4930 3241 4990 si
3295 4924 3518 4992 tenuius

1937 5108 2221 5190 (58)_Mss.
2254 5106 2368 5188 duo
2397 5104 2552 5187 νᾳιι,
2585 5105 2710 5190 Div:
2759 5107 2819 5187 et
2869 5102 3272 5190 hudnuou‘ru

1869 5165 2007 5262 edit,
2030 5165 2117 5233 ’1η
2172 5167 2323 5233 omni
2369 5165 2550 5238 enim'
2574 5177 2892 5247 confusione
2937 5165 3133 5234 melior
3186 5165 3272 5225 est
3316 5165 3515 5221 dixtin-

1868 5261 2210 5389 εωξέωνει.
2255 5316 2396 5372 edit.
2456 5331 2593 5372 cum
2646 5319 2905 5442 quatuor
2959 5327 3129 5379 mea,
3181 5309 3524 5392 operimch

1870 5408 2032 5442 unum
2064 5409 2078 5442 :
2110 5409 2141 5442 e
2194 5387 2409 5442 auibus
2464 5403 2620 5442 unus
2700 5391 2803 5442 at...
2853 5384 3124 5442 mundum
3176 5380 3524 5442 ωοηβοωηι-

1870 5380 2078 5475 αᾳῄὶιέές
2110 5409 2141 5448 e
2194 5387 2409 5462 quibus
2464 5403 2620 5443 unus
2646 5380 2803 5456 Vat.,
2853 5384 3124 5443 mundum
3176 5380 3526 5452 sacriﬁcium-

1871 5473 2055 5606 “‘(60)
2084 5533 2210 5606 Vet.
2243 5531 2380 5586 edit.
2414 5534 2479 5606 et
2497 5531 2626 5606 cod.
2659 5529 2836 5600 Flor.,
2865 5531 2940 5586 Ne
2967 5527 3123 5583 vanis
3148 5525 3202 5583 et
3229 5519 3523 5598 faltacibus

1874 5602 2045 5678 Rom;
2076 5602 2222 5678 sulm
2252 5619 2326 5657 ne
2354 5604 2573 5678 variisL
2586 5609 2703 5678 etc.
2873 5675 2881 5678 Α
2963 5674 2995 5678 Δ)
3129 5670 3142 5678 ι
3199 5674 3203 5678 α

1944 5677 2060 5750 (61)
2084 5673 2240 5730 Edit.
2273 5683 2500 5744 omnes,
2530 5675 2716 5733 Etlez
2741 5674 3061 5746 castigat“,
3090 5670 3204 5740 etp;

171 5106 284 5181 (55)
314 5106 502 5181 Apud
517 5106 822 5181 Philonem
855 5124 890 5162 a
916 5123 1038 5181 quo
1062 5107 1182 5162 haec
1230 5109 1564 5181 desumpsit
1620 5113 1756 5167 Am-

105 5173 608 5250 brosiusflegitur
628 5181 710 5225 mi
739 5177 818 5226 ἐπὶ
843 5173 988 5226 πᾶᾱιν
1019 5178 1227 5243 ἐρεικτά,
1286 5179 1344 5235 id
1402 5173 1510 5245 est,
1547 5187 1604 5236 et
1632 5192 1756 5238 tan-

108 5245 224 5300 dem
251 5245 610 5326 comminuta.
657 5250 767 5305 Sed
807 5250 865 5304 in
923 5251 1401 5322 interpretatione
1449 5252 1761 5326 allegorica

115 5335 220 5372 non
253 5319 460 5376 ἀΰτει-ι]
473 5326 554 5376 nt.

175 5391 290 5462 (56)
315 5391 410 5449 Sic
430 5398 550 5450 tres
581 5397 812 5449 mss.et
854 5391 990 5447 edit.
1026 5395 1145 5446 ant.
1198 5393 1306 5448 Ms.
1371 5395 1576 5463 Laud.,
1637 5410 1762 5463 quae

321 5465 516 5522 Lectio
536 5467 688 5523 forte
718 5481 836 5520 non
858 5465 1306 5520 contemnenda.
1363 5466 1528 5522 Rom.
1589 5465 1758 5536 edit.,

117 5549 232 5602 qur
254 5540 474 5606 species.

181 5606 283 5679 (57)
314 5607 447 5667 Cod.
484 5609 612 5667 Div.
647 5612 708 5665 et
741 5607 950 5675 Laud.,
982 5607 1081 5661 Hic
1107 5621 1232 5677 ergo
1261 5607 1430 5662 rubus
1462 5607 1629 5679 (forte
1664 5627 1762 5665 ru-

125 5673 248 5749 bens)
267 5673 325 5737 ct
351 5683 701 5740 individuus.
