  <div class='ocr_page' id='page_1' title='image "/cluster/home/n/w/nwhite01/storage/ocr_20150623/14/uva.x000826552/200.png"; bbox 0 0 3878 6208; ppageno 0'>
   <div class='ocr_carea' id='block_1_1' title="bbox 413 343 524 408">
    <p class='ocr_par' dir='ltr' id='par_1_1' title="bbox 413 343 524 408">
     <span class='ocr_line' id='line_1_1' title="bbox 413 343 524 408; baseline 0 -1"><span class='ocrx_word' id='word_1_1' title='bbox 413 343 524 408; x_wconf 79' lang='grc'><strong>371</strong></span> 
     </span>
    </p>
   </div>
   <div class='ocr_carea' id='block_1_2' title="bbox 1876 354 2367 420">
    <p class='ocr_par' dir='ltr' id='par_1_2' title="bbox 1876 354 2367 420">
     <span class='ocr_line' id='line_1_2' title="bbox 1876 354 2367 420; baseline 0.012 -6"><span class='ocrx_word' id='word_1_2' title='bbox 1876 354 1942 414; x_wconf 90' lang='lat' dir='ltr'><strong>S.</strong></span> <span class='ocrx_word' id='word_1_3' title='bbox 1987 355 2367 420; x_wconf 70' lang='lat' dir='ltr'><strong>AMBROSII</strong></span> 
     </span>
    </p>
   </div>
   <div class='ocr_carea' id='block_1_3' title="bbox 3702 370 3814 431">
    <p class='ocr_par' dir='ltr' id='par_1_3' title="bbox 3702 370 3814 431">
     <span class='ocr_line' id='line_1_3' title="bbox 3702 370 3814 431; baseline -0.009 -1"><span class='ocrx_word' id='word_1_4' title='bbox 3702 370 3814 431; x_wconf 73' lang='lat'><strong>3&#39;72</strong></span> 
     </span>
    </p>
   </div>
   <div class='ocr_carea' id='block_1_4' title="bbox 413 478 3819 568">
    <p class='ocr_par' dir='ltr' id='par_1_4' title="bbox 413 478 3819 568">
     <span class='ocr_line' id='line_1_4' title="bbox 413 478 3819 568; baseline 0.006 -32"><span class='ocrx_word' id='word_1_5' title='bbox 413 482 504 536; x_wconf 83' lang='lat' dir='ltr'><strong>set</strong></span> <span class='ocrx_word' id='word_1_6' title='bbox 524 478 846 552; x_wconf 80' lang='lat' dir='ltr'><strong>justitiam,</strong></span> <span class='ocrx_word' id='word_1_7' title='bbox 883 482 1129 540; x_wconf 89' lang='lat' dir='ltr'><strong>Domino</strong></span> <span class='ocrx_word' id='word_1_8' title='bbox 1187 485 1388 541; x_wconf 91' lang='lat' dir='ltr'><strong>debuit</strong></span> <span class='ocrx_word' id='word_1_9' title='bbox 1445 487 1740 558; x_wconf 74' lang='lat' dir='ltr'><strong>pr-‘mitiva</strong></span> <span class='ocrx_word' id='word_1_10' title='bbox 1793 504 2058 554; x_wconf 89' lang='lat' dir='ltr'><strong>munera,</strong></span> <span class='ocrx_word' id='word_1_11' title='bbox 2090 493 2140 560; x_wconf 86' lang='grc' dir='ltr'><strong>Α</strong></span> <span class='ocrx_word' id='word_1_12' title='bbox 2173 506 2311 564; x_wconf 90' lang='lat' dir='ltr'><strong>ergo</strong></span> <span class='ocrx_word' id='word_1_13' title='bbox 2338 495 2639 566; x_wconf 75' lang='lat' dir='ltr'><strong>quantitas</strong></span> <span class='ocrx_word' id='word_1_14' title='bbox 2671 496 3001 565; x_wconf 84' lang='lat' dir='ltr'><strong>solutionis,</strong></span> <span class='ocrx_word' id='word_1_15' title='bbox 3028 493 3128 554; x_wconf 88' lang='lat' dir='ltr'><strong>sed</strong></span> <span class='ocrx_word' id='word_1_16' title='bbox 3170 495 3403 555; x_wconf 90' lang='lat' dir='ltr'><strong>animus</strong></span> <span class='ocrx_word' id='word_1_17' title='bbox 3426 498 3741 568; x_wconf 83' lang='lat' dir='ltr'><strong>reddentis,</strong></span> <span class='ocrx_word' id='word_1_18' title='bbox 3763 508 3819 558; x_wconf 90' lang='lat' dir='ltr'><strong>et</strong></span> 
     </span>
    </p>
   </div>
   <div class='ocr_carea' id='block_1_5' title="bbox 412 572 2060 646">
    <p class='ocr_par' dir='ltr' id='par_1_5' title="bbox 412 572 2060 646">
     <span class='ocr_line' id='line_1_5' title="bbox 412 572 2060 646; baseline 0.004 -22"><span class='ocrx_word' id='word_1_19' title='bbox 412 585 529 624; x_wconf 91' lang='lat' dir='ltr'><strong>non</strong></span> <span class='ocrx_word' id='word_1_20' title='bbox 562 572 883 642; x_wconf 83' lang='lat' dir='ltr'><strong>posteriora</strong></span> <span class='ocrx_word' id='word_1_21' title='bbox 935 573 1176 628; x_wconf 88' lang='lat' dir='ltr'><strong>deferre.</strong></span> <span class='ocrx_word' id='word_1_22' title='bbox 1231 575 1422 629; x_wconf 80' lang='lat' dir='ltr'><strong>Defuit</strong></span> <span class='ocrx_word' id='word_1_23' title='bbox 1476 578 1670 646; x_wconf 82' lang='lat' dir='ltr'><strong>itaque</strong></span> <span class='ocrx_word' id='word_1_24' title='bbox 1723 577 1773 630; x_wconf 89' lang='lat' dir='ltr'><strong>ei</strong></span> <span class='ocrx_word' id='word_1_25' title='bbox 1834 577 2060 642; x_wconf 81' lang='lat' dir='ltr'><strong>divisio,</strong></span> 
     </span>
    </p>
   </div>
   <div class='ocr_carea' id='block_1_6' title="bbox 411 657 2068 737">
    <p class='ocr_par' dir='ltr' id='par_1_6' title="bbox 411 657 2068 737">
     <span class='ocr_line' id='line_1_6' title="bbox 411 657 2068 737; baseline 0.004 -25"><span class='ocrx_word' id='word_1_26' title='bbox 411 657 658 730; x_wconf 87' lang='lat' dir='ltr'><strong>ideoque</strong></span> <span class='ocrx_word' id='word_1_27' title='bbox 691 677 1033 732; x_wconf 83' lang='lat' dir='ltr'><strong>responsum</strong></span> <span class='ocrx_word' id='word_1_28' title='bbox 1064 663 1144 717; x_wconf 88' lang='lat' dir='ltr'><strong>ait</strong></span> <span class='ocrx_word' id='word_1_29' title='bbox 1179 682 1191 717; x_wconf 92' lang='lat'>:</span> <span class='ocrx_word' id='word_1_30' title='bbox 1249 664 1311 717; x_wconf 91' lang='lat' dir='ltr'><strong>Si</strong></span> <span class='ocrx_word' id='word_1_31' title='bbox 1363 674 1500 719; x_wconf 82' lang='lat' dir='ltr'><strong>recte</strong></span> <span class='ocrx_word' id='word_1_32' title='bbox 1555 664 1773 737; x_wconf 71' lang='lat' dir='ltr'><strong>o/feras,</strong></span> <span class='ocrx_word' id='word_1_33' title='bbox 1807 683 1912 721; x_wconf 90' lang='lat' dir='ltr'><strong>non</strong></span> <span class='ocrx_word' id='word_1_34' title='bbox 1971 684 2068 719; x_wconf 87' lang='lat' dir='ltr'><strong>au—</strong></span> 
     </span>
    </p>
   </div>
   <div class='ocr_carea' id='block_1_7' title="bbox 416 753 2062 828">
    <p class='ocr_par' dir='ltr' id='par_1_7' title="bbox 416 753 2062 828">
     <span class='ocr_line' id='line_1_7' title="bbox 416 753 2062 828; baseline 0.004 -22"><span class='ocrx_word' id='word_1_35' title='bbox 416 753 524 806; x_wconf 75' lang='lat' dir='ltr'><strong>tem</strong></span> <span class='ocrx_word' id='word_1_36' title='bbox 553 761 694 806; x_wconf 83' lang='lat' dir='ltr'><strong>recte</strong></span> <span class='ocrx_word' id='word_1_37' title='bbox 723 753 955 817; x_wconf 73' lang='lat' dir='ltr'><strong>dividas,</strong></span> <span class='ocrx_word' id='word_1_38' title='bbox 986 763 1239 823; x_wconf 74' lang='lat' dir='ltr'><strong>peccasti,</strong></span> <span class='ocrx_word' id='word_1_39' title='bbox 1273 759 1503 824; x_wconf 73' lang='lat' dir='ltr'><strong>quiesce.</strong></span> <span class='ocrx_word' id='word_1_40' title='bbox 1536 757 1705 810; x_wconf 71' lang='lat' dir='ltr'><strong>Vides</strong></span> <span class='ocrx_word' id='word_1_41' title='bbox 1774 764 2062 828; x_wconf 88' lang='lat' dir='ltr'><strong>quantum</strong></span> 
     </span>
    </p>
   </div>
   <div class='ocr_carea' id='block_1_8' title="bbox 417 839 2062 908">
    <p class='ocr_par' dir='ltr' id='par_1_8' title="bbox 417 839 2062 908">
     <span class='ocr_line' id='line_1_8' title="bbox 417 839 2062 908; baseline 0.005 -15"><span class='ocrx_word' id='word_1_42' title='bbox 417 839 494 894; x_wconf 86' lang='lat' dir='ltr'><strong>sit</strong></span> <span class='ocrx_word' id='word_1_43' title='bbox 518 841 662 895; x_wconf 92' lang='lat' dir='ltr'><strong>vitii.</strong></span> <span class='ocrx_word' id='word_1_44' title='bbox 699 841 801 894; x_wconf 76' lang='lat' dir='ltr'><strong>Ubi</strong></span> <span class='ocrx_word' id='word_1_45' title='bbox 834 841 998 896; x_wconf 81' lang='lat' dir='ltr'><strong>deest</strong></span> <span class='ocrx_word' id='word_1_46' title='bbox 1029 842 1264 908; x_wconf 76' lang='lat' dir='ltr'><strong>divisio,</strong></span> <span class='ocrx_word' id='word_1_47' title='bbox 1319 845 1397 897; x_wconf 91' lang='lat' dir='ltr'><strong>ibi</strong></span> <span class='ocrx_word' id='word_1_48' title='bbox 1459 850 1646 900; x_wconf 89' lang='lat' dir='ltr'><strong>totum</strong></span> <span class='ocrx_word' id='word_1_49' title='bbox 1708 847 2062 902; x_wconf 82' lang='lat' dir='ltr'><strong>sacriﬁcium</strong></span> 
     </span>
    </p>
   </div>
   <div class='ocr_carea' id='block_1_9' title="bbox 416 929 721 983">
    <p class='ocr_par' dir='ltr' id='par_1_9' title="bbox 416 929 721 983">
     <span class='ocr_line' id='line_1_9' title="bbox 416 929 721 983; baseline 0 0"><span class='ocrx_word' id='word_1_50' title='bbox 416 929 721 983; x_wconf 80' lang='lat' dir='ltr'><strong>refutatur.</strong></span> 
     </span>
    </p>
   </div>
   <div class='ocr_carea' id='block_1_10' title="bbox 483 1020 2069 1097">
    <p class='ocr_par' dir='ltr' id='par_1_10' title="bbox 483 1020 2069 1097">
     <span class='ocr_line' id='line_1_10' title="bbox 483 1020 2069 1097; baseline 0.006 -26"><span class='ocrx_word' id='word_1_51' title='bbox 483 1020 572 1071; x_wconf 91' lang='lat'><strong>22.</strong></span> <span class='ocrx_word' id='word_1_52' title='bbox 605 1022 880 1090; x_wconf 80' lang='lat' dir='ltr'><strong>Superest</strong></span> <span class='ocrx_word' id='word_1_53' title='bbox 914 1025 978 1075; x_wconf 90' lang='lat' dir='ltr'><strong>ut</strong></span> <span class='ocrx_word' id='word_1_54' title='bbox 1007 1022 1078 1076; x_wconf 91' lang='lat' dir='ltr'><strong>de</strong></span> <span class='ocrx_word' id='word_1_55' title='bbox 1109 1024 1388 1077; x_wconf 91' lang='lat' dir='ltr'><strong>continua</strong></span> <span class='ocrx_word' id='word_1_56' title='bbox 1417 1030 1472 1079; x_wconf 91' lang='lat' dir='ltr'><strong>et</strong></span> <span class='ocrx_word' id='word_1_57' title='bbox 1496 1026 1624 1097; x_wconf 81' lang='lat' dir='ltr'><strong>jugi</strong></span> <span class='ocrx_word' id='word_1_58' title='bbox 1676 1027 1934 1082; x_wconf 90' lang='lat' dir='ltr'><strong>oratione</strong></span> <span class='ocrx_word' id='word_1_59' title='bbox 1987 1027 2069 1080; x_wconf 83' lang='lat' dir='ltr'><strong>di-</strong></span> 
     </span>
    </p>
   </div>
   <div class='ocr_carea' id='block_1_11' title="bbox 416 1109 2065 1187">
    <p class='ocr_par' dir='ltr' id='par_1_11' title="bbox 416 1109 2065 1187">
     <span class='ocr_line' id='line_1_11' title="bbox 416 1109 2065 1187; baseline 0.005 -26"><span class='ocrx_word' id='word_1_60' title='bbox 416 1123 642 1175; x_wconf 85' lang='lat' dir='ltr'><strong>camus,</strong></span> <span class='ocrx_word' id='word_1_61' title='bbox 676 1110 828 1180; x_wconf 92' lang='lat' dir='ltr'><strong>quod</strong></span> <span class='ocrx_word' id='word_1_62' title='bbox 861 1109 1160 1167; x_wconf 84' lang='lat' dir='ltr'><strong>immorari</strong></span> <span class='ocrx_word' id='word_1_63' title='bbox 1195 1129 1301 1168; x_wconf 94' lang='lat' dir='ltr'><strong>nos</strong></span> <span class='ocrx_word' id='word_1_64' title='bbox 1331 1120 1606 1170; x_wconf 89' lang='lat' dir='ltr'><strong>etvacare</strong></span> <span class='ocrx_word' id='word_1_65' title='bbox 1633 1117 2065 1187; x_wconf 88' lang='lat' dir='ltr'><strong>orationiopor-</strong></span> 
     </span>
    </p>
   </div>
   <div class='ocr_carea' id='block_1_12' title="bbox 417 1196 2065 1276">
    <p class='ocr_par' dir='ltr' id='par_1_12' title="bbox 417 1196 2065 1276">
     <span class='ocr_line' id='line_1_12' title="bbox 417 1196 2065 1276; baseline 0.005 -26"><span class='ocrx_word' id='word_1_66' title='bbox 417 1199 518 1250; x_wconf 90' lang='lat' dir='ltr'><strong>tet.</strong></span> <span class='ocrx_word' id='word_1_67' title='bbox 541 1196 924 1254; x_wconf 87' lang='lat' dir='ltr'><strong>Pernoctabat</strong></span> <span class='ocrx_word' id='word_1_68' title='bbox 945 1200 1229 1257; x_wconf 88' lang='lat' dir='ltr'><strong>Dominus</strong></span> <span class='ocrx_word' id='word_1_69' title='bbox 1260 1203 1317 1258; x_wconf 93' lang='lat' dir='ltr'><strong>in</strong></span> <span class='ocrx_word' id='word_1_70' title='bbox 1350 1205 1631 1276; x_wconf 89' lang='lat' dir='ltr'><strong>oratione,</strong></span> <span class='ocrx_word' id='word_1_71' title='bbox 1665 1222 1780 1260; x_wconf 91' lang='lat' dir='ltr'><strong>non</strong></span> <span class='ocrx_word' id='word_1_72' title='bbox 1813 1211 1876 1261; x_wconf 90' lang='lat' dir='ltr'><strong>ut</strong></span> <span class='ocrx_word' id='word_1_73' title='bbox 1925 1206 2065 1260; x_wconf 89' lang='lat' dir='ltr'><strong>sibi-</strong></span> 
     </span>
    </p>
   </div>
   <div class='ocr_carea' id='block_1_13' title="bbox 419 1288 2066 1368">
    <p class='ocr_par' dir='ltr' id='par_1_13' title="bbox 419 1288 2066 1368">
     <span class='ocr_line' id='line_1_13' title="bbox 419 1288 2066 1368; baseline 0.009 -29"><span class='ocrx_word' id='word_1_74' title='bbox 419 1291 540 1341; x_wconf 88' lang='lat' dir='ltr'><strong>met</strong></span> <span class='ocrx_word' id='word_1_75' title='bbox 568 1288 890 1359; x_wconf 89' lang='lat' dir='ltr'><strong>prodesset,</strong></span> <span class='ocrx_word' id='word_1_76' title='bbox 913 1290 1012 1344; x_wconf 88' lang='lat' dir='ltr'><strong>sed</strong></span> <span class='ocrx_word' id='word_1_77' title='bbox 1047 1295 1109 1344; x_wconf 88' lang='lat' dir='ltr'><strong>ut</strong></span> <span class='ocrx_word' id='word_1_78' title='bbox 1140 1309 1244 1347; x_wconf 91' lang='lat' dir='ltr'><strong>nos</strong></span> <span class='ocrx_word' id='word_1_79' title='bbox 1275 1293 1524 1349; x_wconf 90' lang='lat' dir='ltr'><strong>doceret.</strong></span> <span class='ocrx_word' id='word_1_80' title='bbox 1560 1296 1853 1368; x_wconf 87' lang='lat' dir='ltr'><strong>Frequens</strong></span> <span class='ocrx_word' id='word_1_81' title='bbox 1911 1297 2066 1354; x_wconf 91' lang='lat' dir='ltr'><strong>enim</strong></span> 
     </span>
    </p>
   </div>
   <div class='ocr_carea' id='block_1_14' title="bbox 419 1375 2063 1456">
    <p class='ocr_par' dir='ltr' id='par_1_14' title="bbox 419 1375 2063 1456">
     <span class='ocr_line' id='line_1_14' title="bbox 419 1375 2063 1456; baseline 0.008 -26"><span class='ocrx_word' id='word_1_82' title='bbox 419 1375 602 1430; x_wconf 83' lang='lat' dir='ltr'><strong>oratio</strong></span> <span class='ocrx_word' id='word_1_83' title='bbox 661 1378 978 1448; x_wconf 87' lang='lat' dir='ltr'><strong>quamdam</strong></span> <span class='ocrx_word' id='word_1_84' title='bbox 1046 1387 1319 1451; x_wconf 85' lang='lat' dir='ltr'><strong>operatur</strong></span> <span class='ocrx_word' id='word_1_85' title='bbox 1384 1385 1755 1456; x_wconf 86' lang='lat' dir='ltr'><strong>disciplinam</strong></span> <span class='ocrx_word' id='word_1_86' title='bbox 1812 1389 2063 1443; x_wconf 89' lang='lat' dir='ltr'><strong>orandi:</strong></span> 
     </span>
    </p>
   </div>
   <div class='ocr_carea' id='block_1_15' title="bbox 417 1463 2066 1539">
    <p class='ocr_par' dir='ltr' id='par_1_15' title="bbox 417 1463 2066 1539">
     <span class='ocr_line' id='line_1_15' title="bbox 417 1463 2066 1539; baseline 0.009 -23"><span class='ocrx_word' id='word_1_87' title='bbox 417 1463 558 1534; x_wconf 90' lang='lat' dir='ltr'><strong>quia</strong></span> <span class='ocrx_word' id='word_1_88' title='bbox 580 1465 704 1536; x_wconf 90' lang='lat' dir='ltr'><strong>ipse</strong></span> <span class='ocrx_word' id='word_1_89' title='bbox 736 1482 881 1520; x_wconf 90' lang='lat' dir='ltr'><strong>usus</strong></span> <span class='ocrx_word' id='word_1_90' title='bbox 909 1467 1185 1524; x_wconf 88' lang='lat' dir='ltr'><strong>docibiles</strong></span> <span class='ocrx_word' id='word_1_91' title='bbox 1223 1470 1320 1525; x_wconf 90' lang='lat' dir='ltr'><strong>Dei</strong></span> <span class='ocrx_word' id='word_1_92' title='bbox 1355 1464 1511 1539; x_wconf 63' lang='lat' dir='ltr'><strong>facit,</strong></span> <span class='ocrx_word' id='word_1_93' title='bbox 1575 1474 1918 1531; x_wconf 88' lang='lat' dir='ltr'><strong>indocibiles</strong></span> <span class='ocrx_word' id='word_1_94' title='bbox 1969 1493 2066 1531; x_wconf 89' lang='lat' dir='ltr'><strong>ne-</strong></span> 
     </span>
    </p>
   </div>
   <div class='ocr_carea' id='block_1_16' title="bbox 415 1545 2065 1638">
    <p class='ocr_par' dir='ltr' id='par_1_16' title="bbox 415 1545 2065 1638">
     <span class='ocr_line' id='line_1_16' title="bbox 415 1545 2065 1638; baseline 0.009 -32"><span class='ocrx_word' id='word_1_95' title='bbox 415 1551 710 1625; x_wconf 85' lang='lat' dir='ltr'><strong>gligentia.</strong></span> <span class='ocrx_word' id='word_1_96' title='bbox 747 1555 906 1610; x_wconf 91' lang='lat' dir='ltr'><strong>Bona</strong></span> <span class='ocrx_word' id='word_1_97' title='bbox 935 1555 1116 1627; x_wconf 82' lang='lat' dir='ltr'><strong>igitur</strong></span> <span class='ocrx_word' id='word_1_98' title='bbox 1146 1545 1498 1616; x_wconf 76' lang='lat' dir='ltr'><strong>exercitatio.</strong></span> <span class='ocrx_word' id='word_1_99' title='bbox 1547 1563 1807 1635; x_wconf 89' lang='lat' dir='ltr'><strong>Denique</strong></span> <span class='ocrx_word' id='word_1_100' title='bbox 1863 1582 2065 1638; x_wconf 86' lang='lat' dir='ltr'><strong>corpo-</strong></span> 
     </span>
    </p>
   </div>
   <div class='ocr_carea' id='block_1_17' title="bbox 416 1642 2067 1723">
    <p class='ocr_par' dir='ltr' id='par_1_17' title="bbox 416 1642 2067 1723">
     <span class='ocr_line' id='line_1_17' title="bbox 416 1642 2067 1723; baseline 0.008 -25"><span class='ocrx_word' id='word_1_101' title='bbox 416 1642 499 1698; x_wconf 89' lang='lat' dir='ltr'><strong>ris</strong></span> <span class='ocrx_word' id='word_1_102' title='bbox 536 1642 723 1698; x_wconf 89' lang='lat' dir='ltr'><strong>virtus</strong></span> <span class='ocrx_word' id='word_1_103' title='bbox 763 1647 1169 1702; x_wconf 85' lang='lat' dir='ltr'><strong>exercitatione</strong></span> <span class='ocrx_word' id='word_1_104' title='bbox 1200 1656 1448 1720; x_wconf 85' lang='lat' dir='ltr'><strong>augetur</strong></span> <span class='ocrx_word' id='word_1_105' title='bbox 1479 1651 1814 1723; x_wconf 72' lang='lat' dir='ltr'><strong>frequenti;</strong></span> <span class='ocrx_word' id='word_1_106' title='bbox 1847 1660 1905 1709; x_wconf 90' lang='lat' dir='ltr'><strong>at</strong></span> <span class='ocrx_word' id='word_1_107' title='bbox 1953 1656 2067 1711; x_wconf 92' lang='lat' dir='ltr'><strong>ine-</strong></span> 
     </span>
    </p>
   </div>
   <div class='ocr_carea' id='block_1_18' title="bbox 416 1732 2067 1811">
    <p class='ocr_par' dir='ltr' id='par_1_18' title="bbox 416 1732 2067 1811">
     <span class='ocr_line' id='line_1_18' title="bbox 416 1732 2067 1811; baseline 0.009 -25"><span class='ocrx_word' id='word_1_108' title='bbox 416 1732 693 1788; x_wconf 86' lang='lat' dir='ltr'><strong>xercitata</strong></span> <span class='ocrx_word' id='word_1_109' title='bbox 725 1734 1014 1790; x_wconf 91' lang='lat' dir='ltr'><strong>minuitur</strong></span> <span class='ocrx_word' id='word_1_110' title='bbox 1042 1741 1097 1791; x_wconf 89' lang='lat' dir='ltr'><strong>et</strong></span> <span class='ocrx_word' id='word_1_111' title='bbox 1129 1738 1362 1794; x_wconf 88' lang='lat' dir='ltr'><strong>labitur.</strong></span> <span class='ocrx_word' id='word_1_112' title='bbox 1377 1739 1638 1811; x_wconf 41' lang='lat' dir='ltr'><strong>.Plurimi</strong></span> <span class='ocrx_word' id='word_1_113' title='bbox 1698 1745 1853 1799; x_wconf 92' lang='lat' dir='ltr'><strong>enim</strong></span> <span class='ocrx_word' id='word_1_114' title='bbox 1913 1762 2067 1801; x_wconf 83' lang='lat' dir='ltr'><strong>exer-</strong></span> 
     </span>
    </p>
   </div>
   <div class='ocr_carea' id='block_1_19' title="bbox 419 1820 2145 1932">
    <p class='ocr_par' dir='ltr' id='par_1_19' title="bbox 419 1820 2145 1932">
     <span class='ocr_line' id='line_1_19' title="bbox 419 1820 2145 1932; baseline 0.008 -56"><span class='ocrx_word' id='word_1_115' title='bbox 419 1820 540 1876; x_wconf 89' lang='lat' dir='ltr'><strong>citii</strong></span> <span class='ocrx_word' id='word_1_116' title='bbox 573 1821 977 1880; x_wconf 88' lang='lat' dir='ltr'><strong>dissuetudine</strong></span> <span class='ocrx_word' id='word_1_117' title='bbox 1006 1827 1184 1882; x_wconf 87' lang='lat' dir='ltr'><strong>etiam</strong></span> <span class='ocrx_word' id='word_1_118' title='bbox 1217 1829 1542 1885; x_wconf 88' lang='lat' dir='ltr'><strong>naturalem</strong></span> <span class='ocrx_word' id='word_1_119' title='bbox 1584 1832 1902 1889; x_wconf 87' lang='lat' dir='ltr'><strong>dissolvere</strong></span> <span class='ocrx_word' id='word_1_120' title='bbox 1958 1835 2066 1888; x_wconf 86' lang='lat' dir='ltr'><strong>vir-</strong></span> <span class='ocrx_word' id='word_1_121' title='bbox 2095 1866 2145 1932; x_wconf 78' lang='grc' dir='ltr'><strong>Β</strong></span> 
     </span>
     <span class='ocr_line' id='line_1_20' title="bbox 423 1911 2027 1932; baseline 0.005 -7"><span class='ocrx_word' id='word_1_122' title='bbox 423 1911 605 1932; x_wconf 37' lang='lat'><strong>,_,‘_</strong></span> <span class='ocrx_word' id='word_1_123' title='bbox 693 1911 929 1932; x_wconf 46' lang='lat' dir='ltr'><strong>m__...,_</strong></span> <span class='ocrx_word' id='word_1_124' title='bbox 1080 1916 1118 1932; x_wconf 23' lang='grc' dir='ltr'><strong>ν.</strong></span> <span class='ocrx_word' id='word_1_125' title='bbox 1285 1918 1307 1932; x_wconf 89' lang='grc'><strong>,.</strong></span> <span class='ocrx_word' id='word_1_126' title='bbox 1503 1921 1518 1932; x_wconf 84' lang='grc'>.</span> <span class='ocrx_word' id='word_1_127' title='bbox 1801 1922 1836 1932; x_wconf 78' lang='grc'><strong>.,</strong></span> <span class='ocrx_word' id='word_1_128' title='bbox 1891 1923 1926 1932; x_wconf 88' lang='grc'><strong>..</strong></span> <span class='ocrx_word' id='word_1_129' title='bbox 2015 1923 2027 1932; x_wconf 91' lang='grc'><strong>.</strong></span> 
     </span>
    </p>
   </div>
   <div class='ocr_carea' id='block_1_20' title="bbox 423 1911 2063 1980">
    <p class='ocr_par' dir='ltr' id='par_1_20' title="bbox 423 1911 2063 1980">
     <span class='ocr_line' id='line_1_21' title="bbox 423 1911 2063 1980; baseline 0.011 -18"><span class='ocrx_word' id='word_1_130' title='bbox 423 1911 634 1964; x_wconf 88' lang='lat' dir='ltr'><strong>tutem.</strong></span> <span class='ocrx_word' id='word_1_131' title='bbox 692 1911 972 1968; x_wconf 84' lang='lat' dir='ltr'><strong>Similiter</strong></span> <span class='ocrx_word' id='word_1_132' title='bbox 1024 1916 1232 1970; x_wconf 66' lang='lat' dir='ltr'><strong>anime</strong></span> <span class='ocrx_word' id='word_1_133' title='bbox 1282 1918 1559 1975; x_wconf 87' lang='lat' dir='ltr'><strong>fortitudo</strong></span> <span class='ocrx_word' id='word_1_134' title='bbox 1631 1922 2063 1980; x_wconf 87' lang='lat' dir='ltr'><strong>exercitationis</strong></span> 
     </span>
    </p>
   </div>
   <div class='ocr_carea' id='block_1_21' title="bbox 421 1997 2064 2083">
    <p class='ocr_par' dir='ltr' id='par_1_21' title="bbox 421 1997 2064 2083">
     <span class='ocr_line' id='line_1_22' title="bbox 421 1997 2064 2083; baseline 0.01 -31"><span class='ocrx_word' id='word_1_135' title='bbox 421 1997 764 2056; x_wconf 78' lang='lat' dir='ltr'><strong>assiduitate</strong></span> <span class='ocrx_word' id='word_1_136' title='bbox 795 2001 1120 2059; x_wconf 88' lang='lat' dir='ltr'><strong>solidatur:</strong></span> <span class='ocrx_word' id='word_1_137' title='bbox 1155 2011 1218 2060; x_wconf 92' lang='lat' dir='ltr'><strong>ut</strong></span> <span class='ocrx_word' id='word_1_138' title='bbox 1246 2005 1410 2064; x_wconf 90' lang='lat' dir='ltr'><strong>labor</strong></span> <span class='ocrx_word' id='word_1_139' title='bbox 1438 2008 1563 2080; x_wconf 91' lang='lat' dir='ltr'><strong>ipse</strong></span> <span class='ocrx_word' id='word_1_140' title='bbox 1611 2011 1934 2083; x_wconf 73' lang='lat' dir='ltr'><strong>disciplinze</strong></span> <span class='ocrx_word' id='word_1_141' title='bbox 1987 2013 2064 2068; x_wconf 89' lang='lat' dir='ltr'><strong>sit</strong></span> 
     </span>
    </p>
   </div>
   <div class='ocr_carea' id='block_1_22' title="bbox 418 2090 2062 2161">
    <p class='ocr_par' dir='ltr' id='par_1_22' title="bbox 418 2090 2062 2161">
     <span class='ocr_line' id='line_1_23' title="bbox 418 2090 2062 2161; baseline 0.01 -20"><span class='ocrx_word' id='word_1_142' title='bbox 418 2102 534 2142; x_wconf 92' lang='lat' dir='ltr'><strong>non</strong></span> <span class='ocrx_word' id='word_1_143' title='bbox 565 2090 725 2144; x_wconf 90' lang='lat' dir='ltr'><strong>oneri</strong></span> <span class='ocrx_word' id='word_1_144' title='bbox 757 2090 1011 2161; x_wconf 83' lang='lat' dir='ltr'><strong>futurus,</strong></span> <span class='ocrx_word' id='word_1_145' title='bbox 1039 2095 1140 2149; x_wconf 83' lang='lat' dir='ltr'><strong>sed</strong></span> <span class='ocrx_word' id='word_1_146' title='bbox 1199 2097 1354 2151; x_wconf 92' lang='lat' dir='ltr'><strong>usui.</strong></span> <span class='ocrx_word' id='word_1_147' title='bbox 1408 2097 1574 2154; x_wconf 85' lang='lat' dir='ltr'><strong>Hunc</strong></span> <span class='ocrx_word' id='word_1_148' title='bbox 1626 2099 1823 2155; x_wconf 89' lang='lat' dir='ltr'><strong>cibum</strong></span> <span class='ocrx_word' id='word_1_149' title='bbox 1881 2103 2062 2157; x_wconf 91' lang='lat' dir='ltr'><strong>menti</strong></span> 
     </span>
    </p>
   </div>
   <div class='ocr_carea' id='block_1_23' title="bbox 419 2179 2065 2253">
    <p class='ocr_par' dir='ltr' id='par_1_23' title="bbox 419 2179 2065 2253">
     <span class='ocr_line' id='line_1_24' title="bbox 419 2179 2065 2253; baseline 0.01 -22"><span class='ocrx_word' id='word_1_150' title='bbox 419 2181 630 2232; x_wconf 63' lang='lat' dir='ltr'><strong>nostra:</strong></span> <span class='ocrx_word' id='word_1_151' title='bbox 661 2179 1015 2248; x_wconf 83' lang='lat' dir='ltr'><strong>deferamus,</strong></span> <span class='ocrx_word' id='word_1_152' title='bbox 1043 2183 1143 2253; x_wconf 92' lang='lat' dir='ltr'><strong>qui</strong></span> <span class='ocrx_word' id='word_1_153' title='bbox 1175 2183 1361 2240; x_wconf 79' lang='lat' dir='ltr'><strong>multa</strong></span> <span class='ocrx_word' id='word_1_154' title='bbox 1403 2187 1637 2243; x_wconf 88' lang='lat' dir='ltr'><strong>attritus</strong></span> <span class='ocrx_word' id='word_1_155' title='bbox 1690 2191 2065 2247; x_wconf 85' lang='lat' dir='ltr'><strong>meditatione</strong></span> 
     </span>
    </p>
   </div>
   <div class='ocr_carea' id='block_1_24' title="bbox 421 2265 2064 2337">
    <p class='ocr_par' dir='ltr' id='par_1_24' title="bbox 421 2265 2064 2337">
     <span class='ocr_line' id='line_1_25' title="bbox 421 2265 2064 2337; baseline 0.009 -16"><span class='ocrx_word' id='word_1_156' title='bbox 421 2281 486 2321; x_wconf 88' lang='lat' dir='ltr'><strong>ac</strong></span> <span class='ocrx_word' id='word_1_157' title='bbox 518 2265 754 2337; x_wconf 81' lang='lat' dir='ltr'><strong>politus,</strong></span> <span class='ocrx_word' id='word_1_158' title='bbox 789 2285 886 2323; x_wconf 91' lang='lat' dir='ltr'><strong>cor</strong></span> <span class='ocrx_word' id='word_1_159' title='bbox 917 2269 1173 2328; x_wconf 87' lang='lat' dir='ltr'><strong>hominis</strong></span> <span class='ocrx_word' id='word_1_160' title='bbox 1203 2275 1354 2330; x_wconf 93' lang='lat' dir='ltr'><strong>sicut</strong></span> <span class='ocrx_word' id='word_1_161' title='bbox 1383 2275 1525 2332; x_wconf 91' lang='lat' dir='ltr'><strong>illud</strong></span> <span class='ocrx_word' id='word_1_162' title='bbox 1561 2277 1791 2334; x_wconf 66' lang='lat' dir='ltr'><strong>coaleste</strong></span> <span class='ocrx_word' id='word_1_163' title='bbox 1847 2297 2064 2336; x_wconf 91' lang='lat' dir='ltr'><strong>manna</strong></span> 
     </span>
    </p>
   </div>
   <div class='ocr_carea' id='block_1_25' title="bbox 421 2354 2064 2440">
    <p class='ocr_par' dir='ltr' id='par_1_25' title="bbox 421 2354 2064 2440">
     <span class='ocr_line' id='line_1_26' title="bbox 421 2354 2064 2440; baseline 0.01 -30"><span class='ocrx_word' id='word_1_164' title='bbox 421 2354 746 2411; x_wconf 82' lang='lat' dir='ltr'><strong>confirmet.</strong></span> <span class='ocrx_word' id='word_1_165' title='bbox 781 2359 943 2423; x_wconf 89' lang='lat' dir='ltr'><strong>Quod</strong></span> <span class='ocrx_word' id='word_1_166' title='bbox 973 2376 1087 2416; x_wconf 95' lang='lat' dir='ltr'><strong>non</strong></span> <span class='ocrx_word' id='word_1_167' title='bbox 1117 2362 1299 2420; x_wconf 88' lang='lat' dir='ltr'><strong>otiose</strong></span> <span class='ocrx_word' id='word_1_168' title='bbox 1329 2365 1531 2421; x_wconf 91' lang='lat' dir='ltr'><strong>tritum</strong></span> <span class='ocrx_word' id='word_1_169' title='bbox 1564 2385 1630 2423; x_wconf 88' lang='lat' dir='ltr'><strong>ac</strong></span> <span class='ocrx_word' id='word_1_170' title='bbox 1669 2368 1917 2440; x_wconf 91' lang='lat' dir='ltr'><strong>politum</strong></span> <span class='ocrx_word' id='word_1_171' title='bbox 1976 2387 2064 2426; x_wconf 80' lang='lat' dir='ltr'><strong>ac-</strong></span> 
     </span>
    </p>
   </div>
   <div class='ocr_carea' id='block_1_26' title="bbox 422 2443 2059 2528">
    <p class='ocr_par' dir='ltr' id='par_1_26' title="bbox 422 2443 2059 2528">
     <span class='ocr_line' id='line_1_27' title="bbox 422 2443 2059 2528; baseline 0.01 -30"><span class='ocrx_word' id='word_1_172' title='bbox 422 2443 721 2515; x_wconf 86' lang='lat' dir='ltr'><strong>cipimus:</strong></span> <span class='ocrx_word' id='word_1_173' title='bbox 779 2470 846 2508; x_wconf 90' lang='lat' dir='ltr'><strong>eo</strong></span> <span class='ocrx_word' id='word_1_174' title='bbox 877 2453 1032 2520; x_wconf 89' lang='lat' dir='ltr'><strong>quod</strong></span> <span class='ocrx_word' id='word_1_175' title='bbox 1084 2452 1403 2510; x_wconf 69' lang='lat' dir='ltr'><strong>caelestium</strong></span> <span class='ocrx_word' id='word_1_176' title='bbox 1436 2457 1861 2528; x_wconf 89' lang='lat' dir='ltr'><strong>scripturarum</strong></span> <span class='ocrx_word' id='word_1_177' title='bbox 1919 2458 2059 2515; x_wconf 85' lang='lat' dir='ltr'><strong>allo-</strong></span> 
     </span>
    </p>
   </div>
   <div class='ocr_carea' id='block_1_27' title="bbox 421 2538 2063 2617">
    <p class='ocr_par' dir='ltr' id='par_1_27' title="bbox 421 2538 2063 2617">
     <span class='ocr_line' id='line_1_28' title="bbox 421 2538 2063 2617; baseline 0.007 -26"><span class='ocrx_word' id='word_1_178' title='bbox 421 2538 560 2609; x_wconf 89' lang='lat' dir='ltr'><strong>quia</strong></span> <span class='ocrx_word' id='word_1_179' title='bbox 590 2540 691 2596; x_wconf 90' lang='lat' dir='ltr'><strong>diu</strong></span> <span class='ocrx_word' id='word_1_180' title='bbox 723 2549 906 2600; x_wconf 88' lang='lat' dir='ltr'><strong>terere</strong></span> <span class='ocrx_word' id='word_1_181' title='bbox 965 2562 1029 2600; x_wconf 89' lang='lat' dir='ltr'><strong>ac</strong></span> <span class='ocrx_word' id='word_1_182' title='bbox 1087 2545 1268 2617; x_wconf 90' lang='lat' dir='ltr'><strong>polire</strong></span> <span class='ocrx_word' id='word_1_183' title='bbox 1324 2546 1627 2612; x_wconf 90' lang='lat' dir='ltr'><strong>debemus,</strong></span> <span class='ocrx_word' id='word_1_184' title='bbox 1688 2552 1808 2603; x_wconf 91' lang='lat' dir='ltr'><strong>toto</strong></span> <span class='ocrx_word' id='word_1_185' title='bbox 1867 2548 2063 2604; x_wconf 89' lang='lat' dir='ltr'><strong>animo</strong></span> 
     </span>
    </p>
   </div>
   <div class='ocr_carea' id='block_1_28' title="bbox 418 2634 2062 2708">
    <p class='ocr_par' dir='ltr' id='par_1_28' title="bbox 418 2634 2062 2708">
     <span class='ocr_line' id='line_1_29' title="bbox 418 2634 2062 2708; baseline 0.002 -20"><span class='ocrx_word' id='word_1_186' title='bbox 418 2636 477 2688; x_wconf 88' lang='lat' dir='ltr'><strong>et</strong></span> <span class='ocrx_word' id='word_1_187' title='bbox 499 2634 673 2689; x_wconf 89' lang='lat' dir='ltr'><strong>corde</strong></span> <span class='ocrx_word' id='word_1_188' title='bbox 701 2637 1000 2690; x_wconf 81' lang='lat' dir='ltr'><strong>versantes</strong></span> <span class='ocrx_word' id='word_1_189' title='bbox 1026 2651 1038 2689; x_wconf 91' lang='lat'>:</span> <span class='ocrx_word' id='word_1_190' title='bbox 1076 2639 1140 2689; x_wconf 92' lang='lat' dir='ltr'><strong>ut</strong></span> <span class='ocrx_word' id='word_1_191' title='bbox 1169 2651 1380 2690; x_wconf 90' lang='lat' dir='ltr'><strong>succus</strong></span> <span class='ocrx_word' id='word_1_192' title='bbox 1411 2634 1507 2690; x_wconf 92' lang='lat' dir='ltr'><strong>ille</strong></span> <span class='ocrx_word' id='word_1_193' title='bbox 1537 2635 1817 2708; x_wconf 89' lang='lat' dir='ltr'><strong>spiritalis</strong></span> <span class='ocrx_word' id='word_1_194' title='bbox 1849 2637 1963 2692; x_wconf 90' lang='lat' dir='ltr'><strong>cibi</strong></span> <span class='ocrx_word' id='word_1_195' title='bbox 2005 2639 2062 2692; x_wconf 93' lang='lat' dir='ltr'><strong>in</strong></span> 
     </span>
    </p>
   </div>
   <div class='ocr_carea' id='block_1_29' title="bbox 419 2723 2061 2797">
    <p class='ocr_par' dir='ltr' id='par_1_29' title="bbox 419 2723 2061 2797">
     <span class='ocr_line' id='line_1_30' title="bbox 419 2723 2061 2797; baseline 0.003 -20"><span class='ocrx_word' id='word_1_196' title='bbox 419 2736 714 2778; x_wconf 88' lang='lat' dir='ltr'><strong>omnesse</strong></span> <span class='ocrx_word' id='word_1_197' title='bbox 762 2739 939 2778; x_wconf 87' lang='lat' dir='ltr'><strong>venas</strong></span> <span class='ocrx_word' id='word_1_198' title='bbox 1006 2723 1213 2778; x_wconf 70' lang='lat' dir='ltr'><strong>anima:</strong></span> <span class='ocrx_word' id='word_1_199' title='bbox 1280 2724 1590 2779; x_wconf 71' lang='lat' dir='ltr'><strong>diffundat.</strong></span> <span class='ocrx_word' id='word_1_200' title='bbox 1650 2725 1800 2797; x_wconf 86' lang='lat' dir='ltr'><strong>Ergo</strong></span> <span class='ocrx_word' id='word_1_201' title='bbox 1830 2726 1879 2781; x_wconf 89' lang='lat' dir='ltr'><strong>si</strong></span> <span class='ocrx_word' id='word_1_202' title='bbox 1937 2731 2061 2782; x_wconf 86' lang='lat' dir='ltr'><strong>tan-</strong></span> 
     </span>
    </p>
   </div>
   <div class='ocr_carea' id='block_1_30' title="bbox 423 2811 2065 2884">
    <p class='ocr_par' dir='ltr' id='par_1_30' title="bbox 423 2811 2065 2884">
     <span class='ocr_line' id='line_1_31' title="bbox 423 2811 2065 2884; baseline 0.002 -18"><span class='ocrx_word' id='word_1_203' title='bbox 423 2825 602 2882; x_wconf 87' lang='lat' dir='ltr'><strong>quam</strong></span> <span class='ocrx_word' id='word_1_204' title='bbox 629 2811 956 2883; x_wconf 89' lang='lat' dir='ltr'><strong>pubescens</strong></span> <span class='ocrx_word' id='word_1_205' title='bbox 988 2811 1282 2867; x_wconf 87' lang='lat' dir='ltr'><strong>adolescat</strong></span> <span class='ocrx_word' id='word_1_206' title='bbox 1312 2812 1476 2879; x_wconf 86' lang='lat' dir='ltr'><strong>ﬁdes,</strong></span> <span class='ocrx_word' id='word_1_207' title='bbox 1507 2830 1634 2884; x_wconf 68' lang='lat' dir='ltr'><strong>qua:</strong></span> <span class='ocrx_word' id='word_1_208' title='bbox 1660 2814 1948 2870; x_wconf 87' lang='lat' dir='ltr'><strong>defectum</strong></span> <span class='ocrx_word' id='word_1_209' title='bbox 1981 2831 2065 2870; x_wconf 90' lang='lat' dir='ltr'><strong>se-</strong></span> 
     </span>
    </p>
   </div>
   <div class='ocr_carea' id='block_1_31' title="bbox 423 2899 2063 2975">
    <p class='ocr_par' dir='ltr' id='par_1_31' title="bbox 423 2899 2063 2975">
     <span class='ocr_line' id='line_1_32' title="bbox 423 2899 2063 2975; baseline 0.004 -22"><span class='ocrx_word' id='word_1_210' title='bbox 423 2899 717 2954; x_wconf 89' lang='lat' dir='ltr'><strong>nescentis</strong></span> <span class='ocrx_word' id='word_1_211' title='bbox 759 2899 1083 2955; x_wconf 87' lang='lat' dir='ltr'><strong>devotionis</strong></span> <span class='ocrx_word' id='word_1_212' title='bbox 1140 2899 1391 2972; x_wconf 89' lang='lat' dir='ltr'><strong>ableget,</strong></span> <span class='ocrx_word' id='word_1_213' title='bbox 1446 2907 1504 2956; x_wconf 93' lang='lat' dir='ltr'><strong>et</strong></span> <span class='ocrx_word' id='word_1_214' title='bbox 1555 2902 1765 2975; x_wconf 91' lang='lat' dir='ltr'><strong>spiritu</strong></span> <span class='ocrx_word' id='word_1_215' title='bbox 1827 2905 2063 2970; x_wconf 82' lang='lat' dir='ltr'><strong>ferveat,</strong></span> 
     </span>
    </p>
   </div>
   <div class='ocr_carea' id='block_1_32' title="bbox 422 2987 2065 3067">
    <p class='ocr_par' dir='ltr' id='par_1_32' title="bbox 422 2987 2065 3067">
     <span class='ocr_line' id='line_1_33' title="bbox 422 2987 2065 3067; baseline 0.005 -26"><span class='ocrx_word' id='word_1_216' title='bbox 422 2990 482 3042; x_wconf 89' lang='lat' dir='ltr'><strong>et</strong></span> <span class='ocrx_word' id='word_1_217' title='bbox 505 3002 766 3059; x_wconf 88' lang='lat' dir='ltr'><strong>congrua</strong></span> <span class='ocrx_word' id='word_1_218' title='bbox 792 2987 1165 3043; x_wconf 87' lang='lat' dir='ltr'><strong>distinctione</strong></span> <span class='ocrx_word' id='word_1_219' title='bbox 1193 2992 1460 3045; x_wconf 87' lang='lat' dir='ltr'><strong>teneatur</strong></span> <span class='ocrx_word' id='word_1_220' title='bbox 1489 3008 1765 3048; x_wconf 88' lang='lat' dir='ltr'><strong>mensura</strong></span> <span class='ocrx_word' id='word_1_221' title='bbox 1792 2993 2065 3067; x_wconf 69' lang='lat' dir='ltr'><strong>legitimae</strong></span> 
     </span>
    </p>
   </div>
   <div class='ocr_carea' id='block_1_33' title="bbox 423 3073 2062 3155">
    <p class='ocr_par' dir='ltr' id='par_1_33' title="bbox 423 3073 2062 3155">
     <span class='ocr_line' id='line_1_34' title="bbox 423 3073 2062 3155; baseline 0.007 -26"><span class='ocrx_word' id='word_1_222' title='bbox 423 3073 747 3146; x_wconf 85' lang='lat' dir='ltr'><strong>divisionis,</strong></span> <span class='ocrx_word' id='word_1_223' title='bbox 817 3081 874 3132; x_wconf 90' lang='lat' dir='ltr'><strong>et</strong></span> <span class='ocrx_word' id='word_1_224' title='bbox 939 3077 1257 3134; x_wconf 87' lang='lat' dir='ltr'><strong>assiduitas</strong></span> <span class='ocrx_word' id='word_1_225' title='bbox 1323 3082 1691 3138; x_wconf 88' lang='lat' dir='ltr'><strong>commendet</strong></span> <span class='ocrx_word' id='word_1_226' title='bbox 1766 3084 2062 3155; x_wconf 83' lang='lat' dir='ltr'><strong>gratiam;</strong></span> 
     </span>
    </p>
   </div>
   <div class='ocr_carea' id='block_1_34' title="bbox 422 3165 2066 3245">
    <p class='ocr_par' dir='ltr' id='par_1_34' title="bbox 422 3165 2066 3245">
     <span class='ocr_line' id='line_1_35' title="bbox 422 3165 2066 3245; baseline 0.007 -26"><span class='ocrx_word' id='word_1_227' title='bbox 422 3167 564 3220; x_wconf 89' lang='lat' dir='ltr'><strong>tunc</strong></span> <span class='ocrx_word' id='word_1_228' title='bbox 591 3165 657 3220; x_wconf 80' lang='lat' dir='ltr'><strong>ﬁt</strong></span> <span class='ocrx_word' id='word_1_229' title='bbox 684 3165 829 3220; x_wconf 90' lang='lat' dir='ltr'><strong>illud</strong></span> <span class='ocrx_word' id='word_1_230' title='bbox 851 3166 1087 3239; x_wconf 85' lang='lat' dir='ltr'><strong>pingue,</strong></span> <span class='ocrx_word' id='word_1_231' title='bbox 1114 3172 1171 3223; x_wconf 92' lang='lat' dir='ltr'><strong>et</strong></span> <span class='ocrx_word' id='word_1_232' title='bbox 1187 3172 1467 3240; x_wconf 91' lang='lat' dir='ltr'><strong>tanquam</strong></span> <span class='ocrx_word' id='word_1_233' title='bbox 1516 3171 1744 3243; x_wconf 90' lang='lat' dir='ltr'><strong>adipale</strong></span> <span class='ocrx_word' id='word_1_234' title='bbox 1790 3174 2066 3245; x_wconf 83' lang='lat' dir='ltr'><strong>precatio-</strong></span> 
     </span>
    </p>
   </div>
   <div class='ocr_carea' id='block_1_35' title="bbox 2172 583 3822 663">
    <p class='ocr_par' dir='ltr' id='par_1_35' title="bbox 2172 583 3822 663">
     <span class='ocr_line' id='line_1_36' title="bbox 2172 583 3822 663; baseline 0.007 -29"><span class='ocrx_word' id='word_1_235' title='bbox 2172 583 2426 651; x_wconf 90' lang='lat' dir='ltr'><strong>qualitas</strong></span> <span class='ocrx_word' id='word_1_236' title='bbox 2490 587 2916 654; x_wconf 84' lang='lat' dir='ltr'><strong>consideratur,</strong></span> <span class='ocrx_word' id='word_1_237' title='bbox 2974 594 3030 642; x_wconf 91' lang='lat' dir='ltr'><strong>et</strong></span> <span class='ocrx_word' id='word_1_238' title='bbox 3085 588 3347 643; x_wconf 69' lang='lat' dir='ltr'><strong>affectus.</strong></span> <span class='ocrx_word' id='word_1_239' title='bbox 3410 589 3585 644; x_wconf 86' lang='lat' dir='ltr'><strong>Recte</strong></span> <span class='ocrx_word' id='word_1_240' title='bbox 3643 591 3822 663; x_wconf 84' lang='lat' dir='ltr'><strong>igitur</strong></span> 
     </span>
    </p>
   </div>
   <div class='ocr_carea' id='block_1_36' title="bbox 2171 672 3820 748">
    <p class='ocr_par' dir='ltr' id='par_1_36' title="bbox 2171 672 3820 748">
     <span class='ocr_line' id='line_1_37' title="bbox 2171 672 3820 748; baseline 0.005 -21"><span class='ocrx_word' id='word_1_241' title='bbox 2171 672 2308 727; x_wconf 90' lang='lat' dir='ltr'><strong>Cain</strong></span> <span class='ocrx_word' id='word_1_242' title='bbox 2343 674 2556 728; x_wconf 87' lang='lat' dir='ltr'><strong>obtulit</strong></span> <span class='ocrx_word' id='word_1_243' title='bbox 2590 693 2602 740; x_wconf 93' lang='lat'>;</span> <span class='ocrx_word' id='word_1_244' title='bbox 2637 678 2773 747; x_wconf 84' lang='lat' dir='ltr'><strong>quia</strong></span> <span class='ocrx_word' id='word_1_245' title='bbox 2804 677 3022 731; x_wconf 91' lang='lat' dir='ltr'><strong>oblatio</strong></span> <span class='ocrx_word' id='word_1_246' title='bbox 3085 677 3312 748; x_wconf 83' lang='lat' dir='ltr'><strong>insigne</strong></span> <span class='ocrx_word' id='word_1_247' title='bbox 3366 678 3710 746; x_wconf 91' lang='lat' dir='ltr'><strong>devotionis,</strong></span> <span class='ocrx_word' id='word_1_248' title='bbox 3767 675 3820 736; x_wconf 77' lang='lat' dir='ltr'><strong>et</strong></span> 
     </span>
    </p>
   </div>
   <div class='ocr_carea' id='block_1_37' title="bbox 2173 761 3816 840">
    <p class='ocr_par' dir='ltr' id='par_1_37' title="bbox 2173 761 3816 840">
     <span class='ocr_line' id='line_1_38' title="bbox 2173 761 3816 840; baseline 0.004 -24"><span class='ocrx_word' id='word_1_249' title='bbox 2173 761 2454 817; x_wconf 89' lang='lat' dir='ltr'><strong>indicium</strong></span> <span class='ocrx_word' id='word_1_250' title='bbox 2486 766 2805 835; x_wconf 83' lang='lat' dir='ltr'><strong>gratiarum</strong></span> <span class='ocrx_word' id='word_1_251' title='bbox 2839 771 2962 820; x_wconf 88' lang='lat' dir='ltr'><strong>est:</strong></span> <span class='ocrx_word' id='word_1_252' title='bbox 2990 766 3089 820; x_wconf 89' lang='lat' dir='ltr'><strong>sed</strong></span> <span class='ocrx_word' id='word_1_253' title='bbox 3122 783 3236 820; x_wconf 90' lang='lat' dir='ltr'><strong>non</strong></span> <span class='ocrx_word' id='word_1_254' title='bbox 3256 771 3411 822; x_wconf 89' lang='lat' dir='ltr'><strong>recte</strong></span> <span class='ocrx_word' id='word_1_255' title='bbox 3432 766 3663 834; x_wconf 84' lang='lat' dir='ltr'><strong>divisit;</strong></span> <span class='ocrx_word' id='word_1_256' title='bbox 3689 769 3816 840; x_wconf 90' lang='lat' dir='ltr'><strong>quia</strong></span> 
     </span>
    </p>
   </div>
   <div class='ocr_carea' id='block_1_38' title="bbox 2173 853 3815 928">
    <p class='ocr_par' dir='ltr' id='par_1_38' title="bbox 2173 853 3815 928">
     <span class='ocr_line' id='line_1_39' title="bbox 2173 853 3815 928; baseline 0.003 -23"><span class='ocrx_word' id='word_1_257' title='bbox 2173 856 2306 906; x_wconf 89' lang='lat' dir='ltr'><strong>ante</strong></span> <span class='ocrx_word' id='word_1_258' title='bbox 2333 853 2530 907; x_wconf 89' lang='lat' dir='ltr'><strong>omnia</strong></span> <span class='ocrx_word' id='word_1_259' title='bbox 2562 857 2672 908; x_wconf 87' lang='lat' dir='ltr'><strong>Deo</strong></span> <span class='ocrx_word' id='word_1_260' title='bbox 2705 854 2905 908; x_wconf 90' lang='lat' dir='ltr'><strong>debuit</strong></span> <span class='ocrx_word' id='word_1_261' title='bbox 2937 854 3158 908; x_wconf 89' lang='lat' dir='ltr'><strong>deferre</strong></span> <span class='ocrx_word' id='word_1_262' title='bbox 3185 855 3496 926; x_wconf 89' lang='lat' dir='ltr'><strong>primitias,</strong></span> <span class='ocrx_word' id='word_1_263' title='bbox 3529 861 3594 910; x_wconf 90' lang='lat' dir='ltr'><strong>ut</strong></span> <span class='ocrx_word' id='word_1_264' title='bbox 3622 873 3654 911; x_wconf 91' lang='lat' dir='ltr'><strong>a</strong></span> <span class='ocrx_word' id='word_1_265' title='bbox 3694 873 3815 928; x_wconf 83' lang='lat' dir='ltr'><strong>gra-</strong></span> 
     </span>
    </p>
   </div>
   <div class='ocr_carea' id='block_1_39' title="bbox 2174 939 3813 1001">
    <p class='ocr_par' dir='ltr' id='par_1_39' title="bbox 2174 939 3813 1001">
     <span class='ocr_line' id='line_1_40' title="bbox 2174 939 3813 1001; baseline 0.005 -8"><span class='ocrx_word' id='word_1_266' title='bbox 2174 939 2257 993; x_wconf 92' lang='lat' dir='ltr'><strong>tia</strong></span> <span class='ocrx_word' id='word_1_267' title='bbox 2288 941 2584 996; x_wconf 88' lang='lat' dir='ltr'><strong>inchoaret</strong></span> <span class='ocrx_word' id='word_1_268' title='bbox 2616 943 2889 996; x_wconf 88' lang='lat' dir='ltr'><strong>auctoris.</strong></span> <span class='ocrx_word' id='word_1_269' title='bbox 2924 943 3151 997; x_wconf 84' lang='lat' dir='ltr'><strong>Etenim</strong></span> <span class='ocrx_word' id='word_1_270' title='bbox 3184 943 3487 999; x_wconf 85' lang='lat' dir='ltr'><strong>divisionis</strong></span> <span class='ocrx_word' id='word_1_271' title='bbox 3537 944 3628 999; x_wconf 93' lang='lat' dir='ltr'><strong>hic</strong></span> <span class='ocrx_word' id='word_1_272' title='bbox 3682 947 3813 1001; x_wconf 88' lang='lat' dir='ltr'><strong>ordo</strong></span> 
     </span>
    </p>
   </div>
   <div class='ocr_carea' id='block_1_40' title="bbox 2175 1029 3814 1105">
    <p class='ocr_par' dir='ltr' id='par_1_40' title="bbox 2175 1029 3814 1105">
     <span class='ocr_line' id='line_1_41' title="bbox 2175 1029 3814 1105; baseline 0.002 -21"><span class='ocrx_word' id='word_1_273' title='bbox 2175 1033 2284 1096; x_wconf 89' lang='lat' dir='ltr'><strong>est,</strong></span> <span class='ocrx_word' id='word_1_274' title='bbox 2317 1034 2382 1083; x_wconf 92' lang='lat' dir='ltr'><strong>ut</strong></span> <span class='ocrx_word' id='word_1_275' title='bbox 2417 1029 2604 1102; x_wconf 90' lang='lat' dir='ltr'><strong>prima</strong></span> <span class='ocrx_word' id='word_1_276' title='bbox 2633 1031 2929 1096; x_wconf 87' lang='lat' dir='ltr'><strong>secundis,</strong></span> <span class='ocrx_word' id='word_1_277' title='bbox 2962 1047 3077 1085; x_wconf 91' lang='lat' dir='ltr'><strong>non</strong></span> <span class='ocrx_word' id='word_1_278' title='bbox 3110 1031 3316 1103; x_wconf 87' lang='lat' dir='ltr'><strong>primis</strong></span> <span class='ocrx_word' id='word_1_279' title='bbox 3361 1033 3618 1088; x_wconf 89' lang='lat' dir='ltr'><strong>secunda</strong></span> <span class='ocrx_word' id='word_1_280' title='bbox 3672 1051 3814 1105; x_wconf 67' lang='lat' dir='ltr'><strong>pres-</strong></span> 
     </span>
    </p>
   </div>
   <div class='ocr_carea' id='block_1_41' title="bbox 2176 1119 3811 1187">
    <p class='ocr_par' dir='ltr' id='par_1_41' title="bbox 2176 1119 3811 1187">
     <span class='ocr_line' id='line_1_42' title="bbox 2176 1119 3811 1187; baseline 0.004 -15"><span class='ocrx_word' id='word_1_281' title='bbox 2176 1123 2415 1172; x_wconf 90' lang='lat' dir='ltr'><strong>currant</strong></span> <span class='ocrx_word' id='word_1_282' title='bbox 2450 1135 2460 1171; x_wconf 92' lang='lat'>:</span> <span class='ocrx_word' id='word_1_283' title='bbox 2495 1125 2550 1172; x_wconf 91' lang='lat' dir='ltr'><strong>et</strong></span> <span class='ocrx_word' id='word_1_284' title='bbox 2588 1119 2844 1174; x_wconf 65' lang='lat' dir='ltr'><strong>caslestia</strong></span> <span class='ocrx_word' id='word_1_285' title='bbox 2884 1120 3151 1187; x_wconf 90' lang='lat' dir='ltr'><strong>terrenis,</strong></span> <span class='ocrx_word' id='word_1_286' title='bbox 3186 1137 3301 1176; x_wconf 92' lang='lat' dir='ltr'><strong>non</strong></span> <span class='ocrx_word' id='word_1_287' title='bbox 3353 1125 3582 1176; x_wconf 88' lang='lat' dir='ltr'><strong>terrena</strong></span> <span class='ocrx_word' id='word_1_288' title='bbox 3625 1123 3811 1178; x_wconf 65' lang='lat' dir='ltr'><strong>caeles-</strong></span> 
     </span>
    </p>
   </div>
   <div class='ocr_carea' id='block_1_42' title="bbox 2177 1206 2773 1278">
    <p class='ocr_par' dir='ltr' id='par_1_42' title="bbox 2177 1206 2773 1278">
     <span class='ocr_line' id='line_1_43' title="bbox 2177 1206 2773 1278; baseline 0.005 -18"><span class='ocrx_word' id='word_1_289' title='bbox 2177 1206 2336 1260; x_wconf 90' lang='lat' dir='ltr'><strong>tibus</strong></span> <span class='ocrx_word' id='word_1_290' title='bbox 2365 1208 2773 1278; x_wconf 63' lang='lat' dir='ltr'><strong>praeferantur.</strong></span> 
     </span>
    </p>
   </div>
   <div class='ocr_carea' id='block_1_43' title="bbox 2827 1325 3220 1381">
    <p class='ocr_par' dir='ltr' id='par_1_43' title="bbox 2827 1325 3220 1381">
     <span class='ocr_line' id='line_1_44' title="bbox 2827 1325 3220 1381; baseline 0.005 -2"><span class='ocrx_word' id='word_1_291' title='bbox 2827 1325 3056 1380; x_wconf 76' lang='lat' dir='ltr'><strong>CAPUT</strong></span> <span class='ocrx_word' id='word_1_292' title='bbox 3099 1326 3220 1381; x_wconf 78' lang='lat' dir='ltr'><strong>VII.</strong></span> 
     </span>
    </p>
   </div>
   <div class='ocr_carea' id='block_1_44' title="bbox 2177 1413 3811 1485">
    <p class='ocr_par' dir='ltr' id='par_1_44' title="bbox 2177 1413 3811 1485">
     <span class='ocr_line' id='line_1_45' title="bbox 2177 1413 3811 1485; baseline 0.003 -19"><span class='ocrx_word' id='word_1_293' title='bbox 2177 1413 2345 1485; x_wconf 77' lang='lat' dir='ltr'><strong>Deum</strong></span> <span class='ocrx_word' id='word_1_294' title='bbox 2375 1417 2469 1484; x_wconf 89' lang='lat' dir='ltr'><strong>qui</strong></span> <span class='ocrx_word' id='word_1_295' title='bbox 2503 1416 2558 1467; x_wconf 83' lang='lat' dir='ltr'><strong>in</strong></span> <span class='ocrx_word' id='word_1_296' title='bbox 2589 1416 2790 1468; x_wconf 73' lang='grc' dir='ltr'><strong>,Μανηο</strong></span> <span class='ocrx_word' id='word_1_297' title='bbox 2836 1414 3018 1468; x_wconf 81' lang='lat' dir='ltr'><strong>docuit</strong></span> <span class='ocrx_word' id='word_1_298' title='bbox 3046 1433 3150 1469; x_wconf 85' lang='lat' dir='ltr'><strong>non</strong></span> <span class='ocrx_word' id='word_1_299' title='bbox 3180 1415 3535 1485; x_wconf 83' lang='lat' dir='ltr'><strong>peccandum,</strong></span> <span class='ocrx_word' id='word_1_300' title='bbox 3568 1417 3626 1470; x_wconf 85' lang='lat' dir='ltr'><strong>in</strong></span> <span class='ocrx_word' id='word_1_301' title='bbox 3656 1418 3811 1472; x_wconf 82' lang='lat' dir='ltr'><strong>Caino</strong></span> 
     </span>
    </p>
   </div>
   <div class='ocr_carea' id='block_1_45' title="bbox 2246 1484 3808 1559">
    <p class='ocr_par' dir='ltr' id='par_1_45' title="bbox 2246 1484 3808 1559">
     <span class='ocr_line' id='line_1_46' title="bbox 2246 1484 3808 1559; baseline 0.004 -23"><span class='ocrx_word' id='word_1_302' title='bbox 2246 1484 2492 1559; x_wconf 78' lang='lat' dir='ltr'><strong>docuisse</strong></span> <span class='ocrx_word' id='word_1_303' title='bbox 2521 1503 2625 1539; x_wconf 85' lang='lat' dir='ltr'><strong>non</strong></span> <span class='ocrx_word' id='word_1_304' title='bbox 2660 1486 3056 1559; x_wconf 62' lang='lat' dir='ltr'><strong>(lc/‘endemlum</strong></span> <span class='ocrx_word' id='word_1_305' title='bbox 3079 1484 3383 1559; x_wconf 85' lang='lat' dir='ltr'><strong>peccatum.</strong></span> <span class='ocrx_word' id='word_1_306' title='bbox 3433 1487 3498 1542; x_wconf 82' lang='grc' dir='ltr'><strong>Ει</strong></span> <span class='ocrx_word' id='word_1_307' title='bbox 3528 1489 3606 1542; x_wconf 83' lang='lat' dir='ltr'><strong>ibi</strong></span> <span class='ocrx_word' id='word_1_308' title='bbox 3658 1505 3808 1559; x_wconf 87' lang='lat' dir='ltr'><strong>quam</strong></span> 
     </span>
    </p>
   </div>
   <div class='ocr_carea' id='block_1_46' title="bbox 2247 1557 3807 1637">
    <p class='ocr_par' dir='ltr' id='par_1_46' title="bbox 2247 1557 3807 1637">
     <span class='ocr_line' id='line_1_47' title="bbox 2247 1557 3807 1637; baseline 0.003 -28"><span class='ocrx_word' id='word_1_309' title='bbox 2247 1557 2488 1637; x_wconf 76' lang='lat' dir='ltr'><strong>proclive</strong></span> <span class='ocrx_word' id='word_1_310' title='bbox 2516 1559 2588 1610; x_wconf 87' lang='lat' dir='ltr'><strong>sit</strong></span> <span class='ocrx_word' id='word_1_311' title='bbox 2618 1558 2684 1611; x_wconf 89' lang='lat' dir='ltr'><strong>ab</strong></span> <span class='ocrx_word' id='word_1_312' title='bbox 2717 1560 2993 1628; x_wconf 79' lang='lat' dir='ltr'><strong>impietate</strong></span> <span class='ocrx_word' id='word_1_313' title='bbox 3018 1557 3087 1611; x_wconf 84' lang='lat' dir='ltr'><strong>in</strong></span> <span class='ocrx_word' id='word_1_314' title='bbox 3105 1558 3222 1613; x_wconf 85' lang='lat' dir='ltr'><strong>alia</strong></span> <span class='ocrx_word' id='word_1_315' title='bbox 3249 1560 3452 1614; x_wconf 79' lang='lat' dir='ltr'><strong>scelera</strong></span> <span class='ocrx_word' id='word_1_316' title='bbox 3504 1557 3807 1631; x_wconf 64' lang='lat' dir='ltr'><strong>praecipim-</strong></span> 
     </span>
    </p>
   </div>
   <div class='ocr_carea' id='block_1_47' title="bbox 2249 1644 2320 1680">
    <p class='ocr_par' dir='ltr' id='par_1_47' title="bbox 2249 1644 2320 1680">
     <span class='ocr_line' id='line_1_48' title="bbox 2249 1644 2320 1680; baseline 0.014 -1"><span class='ocrx_word' id='word_1_317' title='bbox 2249 1644 2320 1680; x_wconf 78' lang='grc' dir='ltr'><strong>η.</strong></span> 
     </span>
    </p>
   </div>
   <div class='ocr_carea' id='block_1_48' title="bbox 2246 1742 3807 1814">
    <p class='ocr_par' dir='ltr' id='par_1_48' title="bbox 2246 1742 3807 1814">
     <span class='ocr_line' id='line_1_49' title="bbox 2246 1742 3807 1814; baseline 0.004 -20"><span class='ocrx_word' id='word_1_318' title='bbox 2246 1742 2335 1795; x_wconf 76' lang='grc'><strong>24.</strong></span> <span class='ocrx_word' id='word_1_319' title='bbox 2361 1742 2470 1796; x_wconf 88' lang='lat' dir='ltr'><strong>Sed</strong></span> <span class='ocrx_word' id='word_1_320' title='bbox 2499 1742 2635 1814; x_wconf 90' lang='lat' dir='ltr'><strong>quia</strong></span> <span class='ocrx_word' id='word_1_321' title='bbox 2666 1743 2805 1799; x_wconf 87' lang='lat' dir='ltr'><strong>Cain</strong></span> <span class='ocrx_word' id='word_1_322' title='bbox 2842 1742 3105 1798; x_wconf 88' lang='lat' dir='ltr'><strong>confudit</strong></span> <span class='ocrx_word' id='word_1_323' title='bbox 3135 1743 3294 1799; x_wconf 91' lang='lat' dir='ltr'><strong>hunc</strong></span> <span class='ocrx_word' id='word_1_324' title='bbox 3336 1745 3624 1812; x_wconf 90' lang='lat' dir='ltr'><strong>ordinem,</strong></span> <span class='ocrx_word' id='word_1_325' title='bbox 3681 1746 3807 1801; x_wconf 64' lang='lat' dir='ltr'><strong>dicio</strong></span> 
     </span>
    </p>
   </div>
   <div class='ocr_carea' id='block_1_49' title="bbox 2174 1823 3810 1904">
    <p class='ocr_par' dir='ltr' id='par_1_49' title="bbox 2174 1823 3810 1904">
     <span class='ocr_line' id='line_1_50' title="bbox 2174 1823 3810 1904; baseline 0.003 -20"><span class='ocrx_word' id='word_1_326' title='bbox 2174 1834 2271 1884; x_wconf 91' lang='lat' dir='ltr'><strong>tur</strong></span> <span class='ocrx_word' id='word_1_327' title='bbox 2299 1832 2348 1886; x_wconf 91' lang='lat' dir='ltr'><strong>ei</strong></span> <span class='ocrx_word' id='word_1_328' title='bbox 2386 1849 2397 1886; x_wconf 94' lang='lat'>:</span> <span class='ocrx_word' id='word_1_329' title='bbox 2431 1834 2689 1897; x_wconf 86' lang='lat' dir='ltr'><strong>Peccasti,</strong></span> <span class='ocrx_word' id='word_1_330' title='bbox 2723 1835 2938 1904; x_wconf 86' lang='lat' dir='ltr'><strong>quiesce</strong></span> <span class='ocrx_word' id='word_1_331' title='bbox 2969 1823 3120 1903; x_wconf 81' lang='lat' dir='ltr'><strong>(Gen.</strong></span> <span class='ocrx_word' id='word_1_332' title='bbox 3158 1850 3232 1899; x_wconf 81' lang='grc' dir='ltr'><strong>ιν,</strong></span> <span class='ocrx_word' id='word_1_333' title='bbox 3287 1835 3364 1890; x_wconf 81' lang='lat'><strong>7).</strong></span> <span class='ocrx_word' id='word_1_334' title='bbox 3398 1833 3609 1890; x_wconf 90' lang='lat' dir='ltr'><strong>Omnia</strong></span> <span class='ocrx_word' id='word_1_335' title='bbox 3661 1836 3810 1891; x_wconf 89' lang='lat' dir='ltr'><strong>docet</strong></span> 
     </span>
    </p>
   </div>
   <div class='ocr_carea' id='block_1_50' title="bbox 2173 1919 3804 1993">
    <p class='ocr_par' dir='ltr' id='par_1_50' title="bbox 2173 1919 3804 1993">
     <span class='ocr_line' id='line_1_51' title="bbox 2173 1919 3804 1993; baseline 0.001 -19"><span class='ocrx_word' id='word_1_336' title='bbox 2173 1919 2346 1975; x_wconf 87' lang='lat' dir='ltr'><strong>Deus.</strong></span> <span class='ocrx_word' id='word_1_337' title='bbox 2382 1920 2646 1976; x_wconf 87' lang='lat' dir='ltr'><strong>Primum</strong></span> <span class='ocrx_word' id='word_1_338' title='bbox 2681 1938 2750 1977; x_wconf 91' lang='lat' dir='ltr'><strong>ne</strong></span> <span class='ocrx_word' id='word_1_339' title='bbox 2782 1939 3005 1993; x_wconf 90' lang='lat' dir='ltr'><strong>pecces,</strong></span> <span class='ocrx_word' id='word_1_340' title='bbox 3076 1927 3140 1977; x_wconf 91' lang='lat' dir='ltr'><strong>ut</strong></span> <span class='ocrx_word' id='word_1_341' title='bbox 3172 1923 3229 1976; x_wconf 90' lang='lat' dir='ltr'><strong>in</strong></span> <span class='ocrx_word' id='word_1_342' title='bbox 3294 1923 3478 1977; x_wconf 86' lang='lat' dir='ltr'><strong>Adam</strong></span> <span class='ocrx_word' id='word_1_343' title='bbox 3552 1924 3765 1979; x_wconf 88' lang='lat' dir='ltr'><strong>monuit</strong></span> <span class='ocrx_word' id='word_1_344' title='bbox 3794 1940 3804 1976; x_wconf 93' lang='lat'>:</span> 
     </span>
    </p>
   </div>
   <div class='ocr_carea' id='block_1_51' title="bbox 2172 2009 3803 2083">
    <p class='ocr_par' dir='ltr' id='par_1_51' title="bbox 2172 2009 3803 2083">
     <span class='ocr_line' id='line_1_52' title="bbox 2172 2009 3803 2083; baseline 0.003 -20"><span class='ocrx_word' id='word_1_345' title='bbox 2172 2009 2452 2073; x_wconf 90' lang='lat' dir='ltr'><strong>secundo,</strong></span> <span class='ocrx_word' id='word_1_346' title='bbox 2487 2010 2534 2065; x_wconf 91' lang='lat' dir='ltr'><strong>si</strong></span> <span class='ocrx_word' id='word_1_347' title='bbox 2567 2011 2914 2082; x_wconf 87' lang='lat' dir='ltr'><strong>peccaveris,</strong></span> <span class='ocrx_word' id='word_1_348' title='bbox 2948 2011 3240 2083; x_wconf 91' lang='lat' dir='ltr'><strong>quiescas,</strong></span> <span class='ocrx_word' id='word_1_349' title='bbox 3273 2017 3338 2066; x_wconf 92' lang='lat' dir='ltr'><strong>ut</strong></span> <span class='ocrx_word' id='word_1_350' title='bbox 3368 2011 3426 2066; x_wconf 92' lang='lat' dir='ltr'><strong>in</strong></span> <span class='ocrx_word' id='word_1_351' title='bbox 3455 2012 3598 2068; x_wconf 88' lang='lat' dir='ltr'><strong>Cain</strong></span> <span class='ocrx_word' id='word_1_352' title='bbox 3653 2013 3803 2068; x_wconf 89' lang='lat' dir='ltr'><strong>doce-</strong></span> 
     </span>
    </p>
   </div>
   <div class='ocr_carea' id='block_1_52' title="bbox 2173 2099 3804 2175">
    <p class='ocr_par' dir='ltr' id='par_1_52' title="bbox 2173 2099 3804 2175">
     <span class='ocr_line' id='line_1_53' title="bbox 2173 2099 3804 2175; baseline 0.002 -23"><span class='ocrx_word' id='word_1_353' title='bbox 2173 2099 2275 2153; x_wconf 91' lang='lat' dir='ltr'><strong>ris.</strong></span> <span class='ocrx_word' id='word_1_354' title='bbox 2301 2099 2649 2156; x_wconf 86' lang='lat' dir='ltr'><strong>Erubescere</strong></span> <span class='ocrx_word' id='word_1_355' title='bbox 2673 2101 2830 2155; x_wconf 89' lang='lat' dir='ltr'><strong>enim</strong></span> <span class='ocrx_word' id='word_1_356' title='bbox 2852 2101 3154 2167; x_wconf 90' lang='lat' dir='ltr'><strong>debemus,</strong></span> <span class='ocrx_word' id='word_1_357' title='bbox 3183 2106 3241 2156; x_wconf 90' lang='lat' dir='ltr'><strong>et</strong></span> <span class='ocrx_word' id='word_1_358' title='bbox 3269 2101 3658 2158; x_wconf 90' lang='lat' dir='ltr'><strong>condemnare</strong></span> <span class='ocrx_word' id='word_1_359' title='bbox 3686 2118 3804 2175; x_wconf 84' lang='lat' dir='ltr'><strong>pec-</strong></span> 
     </span>
    </p>
   </div>
   <div class='ocr_carea' id='block_1_53' title="bbox 2173 2189 3807 2263">
    <p class='ocr_par' dir='ltr' id='par_1_53' title="bbox 2173 2189 3807 2263">
     <span class='ocr_line' id='line_1_54' title="bbox 2173 2189 3807 2263; baseline -0.001 -19"><span class='ocrx_word' id='word_1_360' title='bbox 2173 2193 2391 2254; x_wconf 89' lang='lat' dir='ltr'><strong>catum,</strong></span> <span class='ocrx_word' id='word_1_361' title='bbox 2424 2205 2540 2244; x_wconf 91' lang='lat' dir='ltr'><strong>non</strong></span> <span class='ocrx_word' id='word_1_362' title='bbox 2574 2189 2882 2245; x_wconf 90' lang='lat' dir='ltr'><strong>defendere</strong></span> <span class='ocrx_word' id='word_1_363' title='bbox 2916 2208 2930 2258; x_wconf 88' lang='lat'><strong>;</strong></span> <span class='ocrx_word' id='word_1_364' title='bbox 2963 2191 3241 2262; x_wconf 91' lang='lat' dir='ltr'><strong>quoniam</strong></span> <span class='ocrx_word' id='word_1_365' title='bbox 3280 2191 3503 2262; x_wconf 91' lang='lat' dir='ltr'><strong>pudore</strong></span> <span class='ocrx_word' id='word_1_366' title='bbox 3525 2190 3690 2263; x_wconf 91' lang='lat' dir='ltr'><strong>culpa</strong></span> <span class='ocrx_word' id='word_1_367' title='bbox 3716 2190 3807 2244; x_wconf 84' lang='lat' dir='ltr'><strong>mi-</strong></span> 
     </span>
    </p>
   </div>
   <div class='ocr_carea' id='block_1_54' title="bbox 2174 2277 3803 2350">
    <p class='ocr_par' dir='ltr' id='par_1_54' title="bbox 2174 2277 3803 2350">
     <span class='ocr_line' id='line_1_55' title="bbox 2174 2277 3803 2350; baseline -0.001 -17"><span class='ocrx_word' id='word_1_368' title='bbox 2174 2279 2399 2345; x_wconf 92' lang='lat' dir='ltr'><strong>nuitur,</strong></span> <span class='ocrx_word' id='word_1_369' title='bbox 2429 2278 2766 2334; x_wconf 88' lang='lat' dir='ltr'><strong>defensione</strong></span> <span class='ocrx_word' id='word_1_370' title='bbox 2795 2279 3151 2334; x_wconf 86' lang='lat' dir='ltr'><strong>cumulatur.</strong></span> <span class='ocrx_word' id='word_1_371' title='bbox 3180 2281 3245 2334; x_wconf 87' lang='lat' dir='ltr'><strong>Et</strong></span> <span class='ocrx_word' id='word_1_372' title='bbox 3302 2278 3532 2335; x_wconf 90' lang='lat' dir='ltr'><strong>silendo</strong></span> <span class='ocrx_word' id='word_1_373' title='bbox 3588 2277 3803 2350; x_wconf 85' lang='lat' dir='ltr'><strong>corrigi-</strong></span> 
     </span>
    </p>
   </div>
   <div class='ocr_carea' id='block_1_55' title="bbox 2174 2367 3804 2440">
    <p class='ocr_par' dir='ltr' id='par_1_55' title="bbox 2174 2367 3804 2440">
     <span class='ocr_line' id='line_1_56' title="bbox 2174 2367 3804 2440; baseline 0 -18"><span class='ocrx_word' id='word_1_374' title='bbox 2174 2383 2328 2433; x_wconf 91' lang='lat' dir='ltr'><strong>mur,</strong></span> <span class='ocrx_word' id='word_1_375' title='bbox 2362 2368 2734 2424; x_wconf 88' lang='lat' dir='ltr'><strong>contentione</strong></span> <span class='ocrx_word' id='word_1_376' title='bbox 2762 2367 3146 2440; x_wconf 90' lang='lat' dir='ltr'><strong>prolabimur.</strong></span> <span class='ocrx_word' id='word_1_377' title='bbox 3195 2368 3284 2423; x_wconf 92' lang='lat' dir='ltr'><strong>Sit</strong></span> <span class='ocrx_word' id='word_1_378' title='bbox 3305 2368 3518 2424; x_wconf 88' lang='lat' dir='ltr'><strong>saltem</strong></span> <span class='ocrx_word' id='word_1_379' title='bbox 3549 2384 3804 2423; x_wconf 91' lang='lat' dir='ltr'><strong>verecun-</strong></span> 
     </span>
    </p>
   </div>
   <div class='ocr_carea' id='block_1_56' title="bbox 2173 2455 3804 2526">
    <p class='ocr_par' dir='ltr' id='par_1_56' title="bbox 2173 2455 3804 2526">
     <span class='ocr_line' id='line_1_57' title="bbox 2173 2455 3804 2526; baseline -0.002 -15"><span class='ocrx_word' id='word_1_380' title='bbox 2173 2457 2291 2526; x_wconf 90' lang='lat' dir='ltr'><strong>dia,</strong></span> <span class='ocrx_word' id='word_1_381' title='bbox 2325 2457 2425 2511; x_wconf 91' lang='lat' dir='ltr'><strong>ubi</strong></span> <span class='ocrx_word' id='word_1_382' title='bbox 2457 2473 2571 2511; x_wconf 90' lang='lat' dir='ltr'><strong>non</strong></span> <span class='ocrx_word' id='word_1_383' title='bbox 2604 2461 2695 2512; x_wconf 92' lang='lat' dir='ltr'><strong>est</strong></span> <span class='ocrx_word' id='word_1_384' title='bbox 2723 2457 3034 2512; x_wconf 89' lang='lat' dir='ltr'><strong>absolutio.</strong></span> <span class='ocrx_word' id='word_1_385' title='bbox 3083 2457 3222 2512; x_wconf 90' lang='lat' dir='ltr'><strong>Inde</strong></span> <span class='ocrx_word' id='word_1_386' title='bbox 3270 2455 3416 2511; x_wconf 92' lang='lat' dir='ltr'><strong>illud</strong></span> <span class='ocrx_word' id='word_1_387' title='bbox 3451 2473 3465 2510; x_wconf 86' lang='lat'><strong>:</strong></span> <span class='ocrx_word' id='word_1_388' title='bbox 3528 2459 3703 2513; x_wconf 75' lang='lat' dir='ltr'><strong>Justus</strong></span> <span class='ocrx_word' id='word_1_389' title='bbox 3754 2459 3804 2510; x_wconf 88' lang='lat' dir='ltr'><strong>in</strong></span> 
     </span>
    </p>
   </div>
   <div class='ocr_carea' id='block_1_57' title="bbox 2171 2546 3803 2616">
    <p class='ocr_par' dir='ltr' id='par_1_57' title="bbox 2171 2546 3803 2616">
     <span class='ocr_line' id='line_1_58' title="bbox 2171 2546 3803 2616; baseline -0.001 -16"><span class='ocrx_word' id='word_1_390' title='bbox 2171 2546 2397 2602; x_wconf 74' lang='lat' dir='ltr'><strong>exordio</strong></span> <span class='ocrx_word' id='word_1_391' title='bbox 2427 2548 2692 2602; x_wconf 77' lang='lat' dir='ltr'><strong>sermonis</strong></span> <span class='ocrx_word' id='word_1_392' title='bbox 2713 2549 2993 2601; x_wconf 74' lang='lat' dir='ltr'><strong>accusator</strong></span> <span class='ocrx_word' id='word_1_393' title='bbox 3018 2554 3098 2602; x_wconf 81' lang='lat' dir='ltr'><strong>est</strong></span> <span class='ocrx_word' id='word_1_394' title='bbox 3125 2547 3215 2600; x_wconf 87' lang='lat' dir='ltr'><strong>sui</strong></span> <span class='ocrx_word' id='word_1_395' title='bbox 3263 2547 3443 2616; x_wconf 87' lang='lat' dir='ltr'><strong>(Prov.</strong></span> <span class='ocrx_word' id='word_1_396' title='bbox 3500 2563 3657 2611; x_wconf 81' lang='lat' dir='ltr'><strong>xviii,</strong></span> <span class='ocrx_word' id='word_1_397' title='bbox 3709 2546 3803 2615; x_wconf 83' lang='lat' dir='ltr'><strong>l7).</strong></span> 
     </span>
    </p>
   </div>
   <div class='ocr_carea' id='block_1_58' title="bbox 2173 2633 3803 2707">
    <p class='ocr_par' dir='ltr' id='par_1_58' title="bbox 2173 2633 3803 2707">
     <span class='ocr_line' id='line_1_59' title="bbox 2173 2633 3803 2707; baseline -0.001 -19"><span class='ocrx_word' id='word_1_398' title='bbox 2173 2635 2242 2688; x_wconf 87' lang='lat' dir='ltr'><strong>Et</strong></span> <span class='ocrx_word' id='word_1_399' title='bbox 2272 2635 2484 2690; x_wconf 89' lang='lat' dir='ltr'><strong>iterum</strong></span> <span class='ocrx_word' id='word_1_400' title='bbox 2515 2637 2588 2690; x_wconf 92' lang='lat' dir='ltr'><strong>ab</strong></span> <span class='ocrx_word' id='word_1_401' title='bbox 2621 2636 2748 2707; x_wconf 90' lang='lat' dir='ltr'><strong>ipso</strong></span> <span class='ocrx_word' id='word_1_402' title='bbox 2779 2635 3029 2691; x_wconf 93' lang='lat' dir='ltr'><strong>Domino</strong></span> <span class='ocrx_word' id='word_1_403' title='bbox 3060 2634 3198 2690; x_wconf 91' lang='lat' dir='ltr'><strong>alibi</strong></span> <span class='ocrx_word' id='word_1_404' title='bbox 3241 2634 3464 2690; x_wconf 91' lang='lat' dir='ltr'><strong>dictum</strong></span> <span class='ocrx_word' id='word_1_405' title='bbox 3525 2633 3762 2707; x_wconf 88' lang='lat' dir='ltr'><strong>legimus</strong></span> <span class='ocrx_word' id='word_1_406' title='bbox 3793 2649 3803 2686; x_wconf 90' lang='lat'>:</span> 
     </span>
    </p>
   </div>
   <div class='ocr_carea' id='block_1_59' title="bbox 2173 2723 3805 2796">
    <p class='ocr_par' dir='ltr' id='par_1_59' title="bbox 2173 2723 3805 2796">
     <span class='ocr_line' id='line_1_60' title="bbox 2173 2723 3805 2796; baseline -0.001 -18"><span class='ocrx_word' id='word_1_407' title='bbox 2173 2725 2272 2778; x_wconf 86' lang='lat' dir='ltr'><strong>Dic</strong></span> <span class='ocrx_word' id='word_1_408' title='bbox 2297 2726 2613 2794; x_wconf 81' lang='lat' dir='ltr'><strong>iniquitates</strong></span> <span class='ocrx_word' id='word_1_409' title='bbox 2635 2734 2778 2790; x_wconf 77' lang='lat' dir='ltr'><strong>tuas,</strong></span> <span class='ocrx_word' id='word_1_410' title='bbox 2821 2732 2881 2779; x_wconf 82' lang='lat' dir='ltr'><strong>ut</strong></span> <span class='ocrx_word' id='word_1_411' title='bbox 2930 2724 3253 2796; x_wconf 81' lang='lat' dir='ltr'><strong>justiﬁceris</strong></span> <span class='ocrx_word' id='word_1_412' title='bbox 3318 2725 3425 2793; x_wconf 88' lang='lat' dir='ltr'><strong>(Isa</strong></span> <span class='ocrx_word' id='word_1_413' title='bbox 3488 2739 3646 2792; x_wconf 77' lang='lat' dir='ltr'><strong>xuii,</strong></span> <span class='ocrx_word' id='word_1_414' title='bbox 3704 2723 3805 2790; x_wconf 87' lang='lat'><strong>26).</strong></span> 
     </span>
    </p>
   </div>
   <div class='ocr_carea' id='block_1_60' title="bbox 2173 2812 3806 2886">
    <p class='ocr_par' dir='ltr' id='par_1_60' title="bbox 2173 2812 3806 2886">
     <span class='ocr_line' id='line_1_61' title="bbox 2173 2812 3806 2886; baseline -0.001 -18"><span class='ocrx_word' id='word_1_415' title='bbox 2173 2812 2401 2876; x_wconf 89' lang='lat' dir='ltr'><strong>Quanta</strong></span> <span class='ocrx_word' id='word_1_416' title='bbox 2430 2813 2671 2884; x_wconf 91' lang='lat' dir='ltr'><strong>pudoris</strong></span> <span class='ocrx_word' id='word_1_417' title='bbox 2697 2813 2904 2886; x_wconf 90' lang='lat' dir='ltr'><strong>gratia,</strong></span> <span class='ocrx_word' id='word_1_418' title='bbox 2939 2818 3005 2868; x_wconf 90' lang='lat' dir='ltr'><strong>ut</strong></span> <span class='ocrx_word' id='word_1_419' title='bbox 3051 2813 3348 2883; x_wconf 87' lang='lat' dir='ltr'><strong>justitiam</strong></span> <span class='ocrx_word' id='word_1_420' title='bbox 3415 2816 3611 2868; x_wconf 88' lang='lat' dir='ltr'><strong>teneat</strong></span> <span class='ocrx_word' id='word_1_421' title='bbox 3664 2827 3806 2868; x_wconf 90' lang='lat' dir='ltr'><strong>vere-</strong></span> 
     </span>
    </p>
   </div>
   <div class='ocr_carea' id='block_1_61' title="bbox 2174 2901 3805 2974">
    <p class='ocr_par' dir='ltr' id='par_1_61' title="bbox 2174 2901 3805 2974">
     <span class='ocr_line' id='line_1_62' title="bbox 2174 2901 3805 2974; baseline -0.001 -18"><span class='ocrx_word' id='word_1_422' title='bbox 2174 2901 2408 2969; x_wconf 90' lang='lat' dir='ltr'><strong>cundia,</strong></span> <span class='ocrx_word' id='word_1_423' title='bbox 2444 2918 2621 2974; x_wconf 90' lang='lat' dir='ltr'><strong>quam</strong></span> <span class='ocrx_word' id='word_1_424' title='bbox 2643 2901 2826 2974; x_wconf 79' lang='lat' dir='ltr'><strong>culpae</strong></span> <span class='ocrx_word' id='word_1_425' title='bbox 2857 2906 3056 2958; x_wconf 88' lang='lat' dir='ltr'><strong>reatus</strong></span> <span class='ocrx_word' id='word_1_426' title='bbox 3086 2901 3431 2958; x_wconf 82' lang='lat' dir='ltr'><strong>abstulerit!</strong></span> <span class='ocrx_word' id='word_1_427' title='bbox 3467 2901 3599 2958; x_wconf 88' lang='lat' dir='ltr'><strong>Ideo</strong></span> <span class='ocrx_word' id='word_1_428' title='bbox 3629 2904 3805 2957; x_wconf 89' lang='lat' dir='ltr'><strong>autem</strong></span> 
     </span>
    </p>
   </div>
   <div class='ocr_carea' id='block_1_62' title="bbox 2175 2990 3804 3062">
    <p class='ocr_par' dir='ltr' id='par_1_62' title="bbox 2175 2990 3804 3062">
     <span class='ocr_line' id='line_1_63' title="bbox 2175 2990 3804 3062; baseline -0.002 -16"><span class='ocrx_word' id='word_1_429' title='bbox 2175 2990 2256 3046; x_wconf 90' lang='lat' dir='ltr'><strong>ait</strong></span> <span class='ocrx_word' id='word_1_430' title='bbox 2288 3006 2301 3044; x_wconf 91' lang='lat'><strong>:</strong></span> <span class='ocrx_word' id='word_1_431' title='bbox 2331 2991 2573 3059; x_wconf 78' lang='lat' dir='ltr'><strong>Quiesce,</strong></span> <span class='ocrx_word' id='word_1_432' title='bbox 2616 2991 2892 3062; x_wconf 90' lang='lat' dir='ltr'><strong>quoniam</strong></span> <span class='ocrx_word' id='word_1_433' title='bbox 2928 3007 3043 3046; x_wconf 92' lang='lat' dir='ltr'><strong>non</strong></span> <span class='ocrx_word' id='word_1_434' title='bbox 3111 2990 3290 3047; x_wconf 90' lang='lat' dir='ltr'><strong>habes</strong></span> <span class='ocrx_word' id='word_1_435' title='bbox 3354 2991 3514 3062; x_wconf 92' lang='lat' dir='ltr'><strong>quod</strong></span> <span class='ocrx_word' id='word_1_436' title='bbox 3563 3005 3804 3047; x_wconf 84' lang='lat' dir='ltr'><strong>excuses.</strong></span> 
     </span>
    </p>
   </div>
   <div class='ocr_carea' id='block_1_63' title="bbox 2174 3078 3806 3152">
    <p class='ocr_par' dir='ltr' id='par_1_63' title="bbox 2174 3078 3806 3152">
     <span class='ocr_line' id='line_1_64' title="bbox 2174 3078 3806 3152; baseline -0.001 -18"><span class='ocrx_word' id='word_1_437' title='bbox 2174 3078 2365 3151; x_wconf 70' lang='lat' dir='ltr'><strong>Culpze</strong></span> <span class='ocrx_word' id='word_1_438' title='bbox 2399 3079 2586 3152; x_wconf 90' lang='lat' dir='ltr'><strong>ipsius</strong></span> <span class='ocrx_word' id='word_1_439' title='bbox 2616 3080 2686 3135; x_wconf 92' lang='lat' dir='ltr'><strong>ad</strong></span> <span class='ocrx_word' id='word_1_440' title='bbox 2719 3084 2774 3135; x_wconf 90' lang='lat' dir='ltr'><strong>te</strong></span> <span class='ocrx_word' id='word_1_441' title='bbox 2804 3079 3102 3136; x_wconf 87' lang='lat' dir='ltr'><strong>conversio</strong></span> <span class='ocrx_word' id='word_1_442' title='bbox 3132 3084 3240 3135; x_wconf 92' lang='lat' dir='ltr'><strong>est.</strong></span> <span class='ocrx_word' id='word_1_443' title='bbox 3299 3079 3426 3134; x_wconf 88' lang='lat' dir='ltr'><strong>Non</strong></span> <span class='ocrx_word' id='word_1_444' title='bbox 3486 3078 3640 3136; x_wconf 90' lang='lat' dir='ltr'><strong>enim</strong></span> <span class='ocrx_word' id='word_1_445' title='bbox 3705 3078 3806 3133; x_wconf 89' lang='lat' dir='ltr'><strong>fra-</strong></span> 
     </span>
    </p>
   </div>
   <div class='ocr_carea' id='block_1_64' title="bbox 2174 3167 3806 3240">
    <p class='ocr_par' dir='ltr' id='par_1_64' title="bbox 2174 3167 3806 3240">
     <span class='ocr_line' id='line_1_65' title="bbox 2174 3167 3806 3240; baseline -0.001 -17"><span class='ocrx_word' id='word_1_446' title='bbox 2174 3169 2338 3224; x_wconf 92' lang='lat' dir='ltr'><strong>terei</strong></span> <span class='ocrx_word' id='word_1_447' title='bbox 2372 3169 2686 3224; x_wconf 87' lang='lat' dir='ltr'><strong>adducitur</strong></span> <span class='ocrx_word' id='word_1_448' title='bbox 2710 3170 2844 3240; x_wconf 88' lang='lat'><strong>(62),</strong></span> <span class='ocrx_word' id='word_1_449' title='bbox 2907 3169 3008 3225; x_wconf 89' lang='lat' dir='ltr'><strong>sed</strong></span> <span class='ocrx_word' id='word_1_450' title='bbox 3055 3185 3218 3224; x_wconf 81' lang='lat' dir='ltr'><strong>error</strong></span> <span class='ocrx_word' id='word_1_451' title='bbox 3269 3167 3604 3236; x_wconf 88' lang='lat' dir='ltr'><strong>ascribitur,</strong></span> <span class='ocrx_word' id='word_1_452' title='bbox 3652 3168 3806 3238; x_wconf 85' lang='lat' dir='ltr'><strong>cujus</strong></span> 
     </span>
    </p>
   </div>
   <div class='ocr_carea' id='block_1_65' title="bbox 421 3236 3803 3333">
    <p class='ocr_par' dir='ltr' id='par_1_65' title="bbox 421 3236 3803 3333">
     <span class='ocr_line' id='line_1_66' title="bbox 421 3236 3803 3333; baseline 0 -24"><span class='ocrx_word' id='word_1_453' title='bbox 421 3253 515 3310; x_wconf 90' lang='lat' dir='ltr'><strong>uis</strong></span> <span class='ocrx_word' id='word_1_454' title='bbox 545 3270 753 3327; x_wconf 90' lang='lat' dir='ltr'><strong>genus,</strong></span> <span class='ocrx_word' id='word_1_455' title='bbox 785 3236 1001 3328; x_wconf 75' lang='lat' dir='ltr'><strong>dequo</strong></span> <span class='ocrx_word' id='word_1_456' title='bbox 1032 3257 1175 3312; x_wconf 89' lang='lat' dir='ltr'><strong>dicit</strong></span> <span class='ocrx_word' id='word_1_457' title='bbox 1206 3236 1493 3330; x_wconf 72' lang='lat' dir='ltr'><strong>Propheta</strong></span> <span class='ocrx_word' id='word_1_458' title='bbox 1525 3277 1536 3314; x_wconf 97' lang='lat'>:</span> <span class='ocrx_word' id='word_1_459' title='bbox 1598 3236 1959 3333; x_wconf 51' lang='lat' dir='ltr'><strong>fmpinéuasti</strong></span> <span class='ocrx_word' id='word_1_460' title='bbox 2003 3265 2064 3318; x_wconf 86' lang='lat' dir='ltr'><strong>in</strong></span> <span class='ocrx_word' id='word_1_461' title='bbox 2095 3236 2138 3304; x_wconf 80' lang='lat' dir='ltr'>C</span> <span class='ocrx_word' id='word_1_462' title='bbox 2175 3256 2301 3330; x_wconf 86' lang='lat' dir='ltr'><strong>ipse</strong></span> <span class='ocrx_word' id='word_1_463' title='bbox 2330 3258 2441 3314; x_wconf 88' lang='lat' dir='ltr'><strong>sibi</strong></span> <span class='ocrx_word' id='word_1_464' title='bbox 2474 3262 2679 3314; x_wconf 89' lang='lat' dir='ltr'><strong>auctor</strong></span> <span class='ocrx_word' id='word_1_465' title='bbox 2713 3236 2836 3314; x_wconf 58' lang='lat' dir='ltr'><strong>est.</strong></span> <span class='ocrx_word' id='word_1_466' title='bbox 2875 3258 2936 3312; x_wconf 95' lang='lat' dir='ltr'><strong>In</strong></span> <span class='ocrx_word' id='word_1_467' title='bbox 2969 3262 3048 3326; x_wconf 86' lang='lat' dir='ltr'><strong>te,</strong></span> <span class='ocrx_word' id='word_1_468' title='bbox 3097 3257 3308 3330; x_wconf 91' lang='lat' dir='ltr'><strong>inquit,</strong></span> <span class='ocrx_word' id='word_1_469' title='bbox 3357 3257 3666 3314; x_wconf 88' lang='lat' dir='ltr'><strong>revertitur</strong></span> <span class='ocrx_word' id='word_1_470' title='bbox 3710 3236 3803 3310; x_wconf 83' lang='lat' dir='ltr'><strong>cri-</strong></span> 
     </span>
    </p>
   </div>
   <div class='ocr_carea' id='block_1_66' title="bbox 418 3342 2063 3424">
    <p class='ocr_par' dir='ltr' id='par_1_66' title="bbox 418 3342 2063 3424">
     <span class='ocr_line' id='line_1_67' title="bbox 418 3342 2063 3424; baseline 0.005 -26"><span class='ocrx_word' id='word_1_471' title='bbox 418 3342 537 3399; x_wconf 84' lang='lat' dir='ltr'><strong>oleo</strong></span> <span class='ocrx_word' id='word_1_472' title='bbox 563 3348 727 3416; x_wconf 81' lang='lat' dir='ltr'><strong>caput</strong></span> <span class='ocrx_word' id='word_1_473' title='bbox 751 3361 938 3401; x_wconf 85' lang='lat' dir='ltr'><strong>meum</strong></span> <span class='ocrx_word' id='word_1_474' title='bbox 968 3347 1137 3417; x_wconf 83' lang='lat' dir='ltr'><strong>(Psal.</strong></span> <span class='ocrx_word' id='word_1_475' title='bbox 1171 3364 1308 3414; x_wconf 81' lang='lat' dir='ltr'><strong>xxii,</strong></span> <span class='ocrx_word' id='word_1_476' title='bbox 1363 3349 1440 3418; x_wconf 88' lang='lat'><strong>5).</strong></span> <span class='ocrx_word' id='word_1_477' title='bbox 1496 3349 1660 3404; x_wconf 90' lang='lat' dir='ltr'><strong>Sicut</strong></span> <span class='ocrx_word' id='word_1_478' title='bbox 1715 3352 1871 3406; x_wconf 91' lang='lat' dir='ltr'><strong>enim</strong></span> <span class='ocrx_word' id='word_1_479' title='bbox 1928 3353 2063 3424; x_wconf 87' lang='lat' dir='ltr'><strong>agni</strong></span> 
     </span>
    </p>
   </div>
   <div class='ocr_carea' id='block_1_67' title="bbox 419 3430 2060 3511">
    <p class='ocr_par' dir='ltr' id='par_1_67' title="bbox 419 3430 2060 3511">
     <span class='ocr_line' id='line_1_68' title="bbox 419 3430 2060 3511; baseline 0.005 -24"><span class='ocrx_word' id='word_1_480' title='bbox 419 3430 605 3488; x_wconf 87' lang='lat' dir='ltr'><strong>multo</strong></span> <span class='ocrx_word' id='word_1_481' title='bbox 634 3432 786 3489; x_wconf 88' lang='lat' dir='ltr'><strong>lacte</strong></span> <span class='ocrx_word' id='word_1_482' title='bbox 815 3435 1229 3507; x_wconf 86' lang='lat' dir='ltr'><strong>pinguescunt,</strong></span> <span class='ocrx_word' id='word_1_483' title='bbox 1261 3441 1318 3491; x_wconf 89' lang='lat' dir='ltr'><strong>et</strong></span> <span class='ocrx_word' id='word_1_484' title='bbox 1347 3437 1500 3492; x_wconf 90' lang='lat' dir='ltr'><strong>sicut</strong></span> <span class='ocrx_word' id='word_1_485' title='bbox 1529 3454 1662 3494; x_wconf 91' lang='lat' dir='ltr'><strong>oves</strong></span> <span class='ocrx_word' id='word_1_486' title='bbox 1693 3439 1838 3495; x_wconf 91' lang='lat' dir='ltr'><strong>bene</strong></span> <span class='ocrx_word' id='word_1_487' title='bbox 1881 3446 2060 3511; x_wconf 63' lang='lat' dir='ltr'><strong>pasta:</strong></span> 
     </span>
    </p>
   </div>
   <div class='ocr_carea' id='block_1_68' title="bbox 418 3520 2059 3598">
    <p class='ocr_par' dir='ltr' id='par_1_68' title="bbox 418 3520 2059 3598">
     <span class='ocr_line' id='line_1_69' title="bbox 418 3520 2059 3598; baseline 0.007 -24"><span class='ocrx_word' id='word_1_488' title='bbox 418 3520 592 3591; x_wconf 85' lang='lat' dir='ltr'><strong>adipe</strong></span> <span class='ocrx_word' id='word_1_489' title='bbox 620 3522 808 3576; x_wconf 88' lang='lat' dir='ltr'><strong>nitent</strong></span> <span class='ocrx_word' id='word_1_490' title='bbox 841 3539 853 3576; x_wconf 94' lang='lat'><strong>:</strong></span> <span class='ocrx_word' id='word_1_491' title='bbox 888 3524 972 3579; x_wconf 90' lang='lat' dir='ltr'><strong>Ita</strong></span> <span class='ocrx_word' id='word_1_492' title='bbox 1000 3524 1316 3596; x_wconf 88' lang='lat' dir='ltr'><strong>apostolico</strong></span> <span class='ocrx_word' id='word_1_493' title='bbox 1347 3543 1520 3582; x_wconf 90' lang='lat' dir='ltr'><strong>succo</strong></span> <span class='ocrx_word' id='word_1_494' title='bbox 1573 3531 1741 3598; x_wconf 88' lang='lat' dir='ltr'><strong>pasta</strong></span> <span class='ocrx_word' id='word_1_495' title='bbox 1796 3529 2059 3586; x_wconf 84' lang='lat' dir='ltr'><strong>ﬁdelium</strong></span> 
     </span>
    </p>
   </div>
   <div class='ocr_carea' id='block_1_69' title="bbox 417 3607 979 3680">
    <p class='ocr_par' dir='ltr' id='par_1_69' title="bbox 417 3607 979 3680">
     <span class='ocr_line' id='line_1_70' title="bbox 417 3607 979 3680; baseline 0.009 -18"><span class='ocrx_word' id='word_1_496' title='bbox 417 3607 748 3680; x_wconf 87' lang='lat' dir='ltr'><strong>pinguescit</strong></span> <span class='ocrx_word' id='word_1_497' title='bbox 776 3611 979 3667; x_wconf 86' lang='lat' dir='ltr'><strong>oratio.</strong></span> 
     </span>
    </p>
   </div>
   <div class='ocr_carea' id='block_1_70' title="bbox 487 3697 2057 3778">
    <p class='ocr_par' dir='ltr' id='par_1_70' title="bbox 487 3697 2057 3778">
     <span class='ocr_line' id='line_1_71' title="bbox 487 3697 2057 3778; baseline 0.007 -25"><span class='ocrx_word' id='word_1_498' title='bbox 487 3697 579 3753; x_wconf 87' lang='lat'><strong>23.</strong></span> <span class='ocrx_word' id='word_1_499' title='bbox 611 3699 832 3755; x_wconf 86' lang='lat' dir='ltr'><strong>Horum</strong></span> <span class='ocrx_word' id='word_1_500' title='bbox 858 3701 906 3756; x_wconf 90' lang='lat' dir='ltr'><strong>si</strong></span> <span class='ocrx_word' id='word_1_501' title='bbox 939 3702 1091 3758; x_wconf 88' lang='lat' dir='ltr'><strong>desit</strong></span> <span class='ocrx_word' id='word_1_502' title='bbox 1118 3703 1342 3775; x_wconf 87' lang='lat' dir='ltr'><strong>aliquid</strong></span> <span class='ocrx_word' id='word_1_503' title='bbox 1400 3722 1525 3777; x_wconf 63' lang='lat' dir='ltr'><strong>quae</strong></span> <span class='ocrx_word' id='word_1_504' title='bbox 1580 3707 1850 3778; x_wconf 91' lang='lat' dir='ltr'><strong>superius</strong></span> <span class='ocrx_word' id='word_1_505' title='bbox 1911 3708 2057 3764; x_wconf 81' lang='lat' dir='ltr'><strong>dixi-</strong></span> 
     </span>
    </p>
   </div>
   <div class='ocr_carea' id='block_1_71' title="bbox 418 3789 2057 3868">
    <p class='ocr_par' dir='ltr' id='par_1_71' title="bbox 418 3789 2057 3868">
     <span class='ocr_line' id='line_1_72' title="bbox 418 3789 2057 3868; baseline 0.005 -24"><span class='ocrx_word' id='word_1_506' title='bbox 418 3803 575 3859; x_wconf 88' lang='lat' dir='ltr'><strong>mus,</strong></span> <span class='ocrx_word' id='word_1_507' title='bbox 626 3789 984 3846; x_wconf 83' lang='lat' dir='ltr'><strong>sacrificium</strong></span> <span class='ocrx_word' id='word_1_508' title='bbox 1015 3809 1129 3847; x_wconf 93' lang='lat' dir='ltr'><strong>non</strong></span> <span class='ocrx_word' id='word_1_509' title='bbox 1188 3795 1485 3864; x_wconf 89' lang='lat' dir='ltr'><strong>probatur.</strong></span> <span class='ocrx_word' id='word_1_510' title='bbox 1531 3795 1780 3868; x_wconf 89' lang='lat' dir='ltr'><strong>Ideoque</strong></span> <span class='ocrx_word' id='word_1_511' title='bbox 1835 3797 2057 3854; x_wconf 91' lang='lat' dir='ltr'><strong>dictum</strong></span> 
     </span>
    </p>
   </div>
   <div class='ocr_carea' id='block_1_72' title="bbox 415 3877 2053 3953">
    <p class='ocr_par' dir='ltr' id='par_1_72' title="bbox 415 3877 2053 3953">
     <span class='ocr_line' id='line_1_73' title="bbox 415 3877 2053 3953; baseline 0.007 -22"><span class='ocrx_word' id='word_1_512' title='bbox 415 3881 508 3933; x_wconf 88' lang='lat' dir='ltr'><strong>est</strong></span> <span class='ocrx_word' id='word_1_513' title='bbox 536 3877 608 3932; x_wconf 86' lang='lat' dir='ltr'><strong>ad</strong></span> <span class='ocrx_word' id='word_1_514' title='bbox 637 3877 776 3932; x_wconf 90' lang='lat' dir='ltr'><strong>Cain</strong></span> <span class='ocrx_word' id='word_1_515' title='bbox 812 3897 825 3935; x_wconf 90' lang='lat'><strong>:</strong></span> <span class='ocrx_word' id='word_1_516' title='bbox 858 3879 920 3934; x_wconf 90' lang='lat' dir='ltr'><strong>Si</strong></span> <span class='ocrx_word' id='word_1_517' title='bbox 945 3888 1086 3936; x_wconf 81' lang='lat' dir='ltr'><strong>recte</strong></span> <span class='ocrx_word' id='word_1_518' title='bbox 1114 3882 1329 3953; x_wconf 76' lang='lat' dir='ltr'><strong>offeras,</strong></span> <span class='ocrx_word' id='word_1_519' title='bbox 1360 3899 1471 3937; x_wconf 87' lang='lat' dir='ltr'><strong>non</strong></span> <span class='ocrx_word' id='word_1_520' title='bbox 1499 3887 1683 3940; x_wconf 82' lang='lat' dir='ltr'><strong>autem</strong></span> <span class='ocrx_word' id='word_1_521' title='bbox 1712 3890 1856 3941; x_wconf 85' lang='lat' dir='ltr'><strong>recte</strong></span> <span class='ocrx_word' id='word_1_522' title='bbox 1903 3887 2053 3943; x_wconf 70' lang='grc'><strong>217</strong></span> 
     </span>
    </p>
   </div>
   <div class='ocr_carea' id='block_1_73' title="bbox 413 3966 2056 4044">
    <p class='ocr_par' dir='ltr' id='par_1_73' title="bbox 413 3966 2056 4044">
     <span class='ocr_line' id='line_1_74' title="bbox 413 3966 2056 4044; baseline 0.007 -24"><span class='ocrx_word' id='word_1_523' title='bbox 413 3966 627 4022; x_wconf 81' lang='lat' dir='ltr'><strong>dividas</strong></span> <span class='ocrx_word' id='word_1_524' title='bbox 652 3971 906 4038; x_wconf 76' lang='lat' dir='ltr'><strong>peccasti.</strong></span> <span class='ocrx_word' id='word_1_525' title='bbox 967 3969 1234 4042; x_wconf 76' lang='lat' dir='ltr'><strong>Namque</strong></span> <span class='ocrx_word' id='word_1_526' title='bbox 1291 3972 1549 4027; x_wconf 91' lang='lat' dir='ltr'><strong>mundus</strong></span> <span class='ocrx_word' id='word_1_527' title='bbox 1602 3972 1727 4044; x_wconf 87' lang='lat' dir='ltr'><strong>ipse</strong></span> <span class='ocrx_word' id='word_1_528' title='bbox 1783 3973 2056 4032; x_wconf 90' lang='lat' dir='ltr'><strong>distincte</strong></span> 
     </span>
    </p>
   </div>
   <div class='ocr_carea' id='block_1_74' title="bbox 412 4053 2055 4136">
    <p class='ocr_par' dir='ltr' id='par_1_74' title="bbox 412 4053 2055 4136">
     <span class='ocr_line' id='line_1_75' title="bbox 412 4053 2055 4136; baseline 0.007 -27"><span class='ocrx_word' id='word_1_529' title='bbox 412 4053 626 4126; x_wconf 87' lang='lat' dir='ltr'><strong>legitur</strong></span> <span class='ocrx_word' id='word_1_530' title='bbox 653 4057 862 4125; x_wconf 87' lang='lat' dir='ltr'><strong>factus,</strong></span> <span class='ocrx_word' id='word_1_531' title='bbox 912 4075 1048 4114; x_wconf 91' lang='lat' dir='ltr'><strong>cum</strong></span> <span class='ocrx_word' id='word_1_532' title='bbox 1105 4064 1259 4116; x_wconf 89' lang='lat' dir='ltr'><strong>esset</strong></span> <span class='ocrx_word' id='word_1_533' title='bbox 1287 4065 1420 4116; x_wconf 88' lang='lat' dir='ltr'><strong>ante</strong></span> <span class='ocrx_word' id='word_1_534' title='bbox 1477 4061 1864 4134; x_wconf 89' lang='lat' dir='ltr'><strong>incomposita</strong></span> <span class='ocrx_word' id='word_1_535' title='bbox 1920 4082 2055 4136; x_wconf 90' lang='lat' dir='ltr'><strong>pars</strong></span> 
     </span>
    </p>
   </div>
   <div class='ocr_carea' id='block_1_75' title="bbox 410 4145 2055 4224">
    <p class='ocr_par' dir='ltr' id='par_1_75' title="bbox 410 4145 2055 4224">
     <span class='ocr_line' id='line_1_76' title="bbox 410 4145 2055 4224; baseline 0.006 -25"><span class='ocrx_word' id='word_1_536' title='bbox 410 4145 580 4216; x_wconf 87' lang='lat' dir='ltr'><strong>ejus:</strong></span> <span class='ocrx_word' id='word_1_537' title='bbox 642 4147 782 4217; x_wconf 89' lang='lat' dir='ltr'><strong>quia</strong></span> <span class='ocrx_word' id='word_1_538' title='bbox 828 4149 986 4203; x_wconf 82' lang='lat' dir='ltr'><strong>Terra</strong></span> <span class='ocrx_word' id='word_1_539' title='bbox 1040 4157 1159 4204; x_wconf 78' lang='lat' dir='ltr'><strong>erat</strong></span> <span class='ocrx_word' id='word_1_540' title='bbox 1207 4150 1522 4216; x_wconf 71' lang='lat' dir='ltr'><strong>invisibilis,</strong></span> <span class='ocrx_word' id='word_1_541' title='bbox 1596 4160 1649 4206; x_wconf 78' lang='lat' dir='ltr'><strong>et</strong></span> <span class='ocrx_word' id='word_1_542' title='bbox 1703 4153 2055 4224; x_wconf 80' lang='lat' dir='ltr'><strong>incomposita</strong></span> 
     </span>
    </p>
   </div>
   <div class='ocr_carea' id='block_1_76' title="bbox 409 4233 2052 4310">
    <p class='ocr_par' dir='ltr' id='par_1_76' title="bbox 409 4233 2052 4310">
     <span class='ocr_line' id='line_1_77' title="bbox 409 4233 2052 4310; baseline 0.005 -21"><span class='ocrx_word' id='word_1_543' title='bbox 409 4233 566 4302; x_wconf 88' lang='lat' dir='ltr'><strong>(Gen.</strong></span> <span class='ocrx_word' id='word_1_544' title='bbox 601 4251 636 4303; x_wconf 85' lang='grc' dir='ltr'><strong>ι,</strong></span> <span class='ocrx_word' id='word_1_545' title='bbox 667 4237 746 4302; x_wconf 90' lang='lat'><strong>2).</strong></span> <span class='ocrx_word' id='word_1_546' title='bbox 778 4236 1128 4310; x_wconf 38' lang='lat' dir='ltr'><strong>Nempehlux</strong></span> <span class='ocrx_word' id='word_1_547' title='bbox 1168 4239 1423 4310; x_wconf 88' lang='lat' dir='ltr'><strong>primum</strong></span> <span class='ocrx_word' id='word_1_548' title='bbox 1454 4239 1605 4295; x_wconf 88' lang='lat' dir='ltr'><strong>facta</strong></span> <span class='ocrx_word' id='word_1_549' title='bbox 1627 4244 1736 4307; x_wconf 89' lang='lat' dir='ltr'><strong>est,</strong></span> <span class='ocrx_word' id='word_1_550' title='bbox 1768 4245 1826 4296; x_wconf 90' lang='lat' dir='ltr'><strong>et</strong></span> <span class='ocrx_word' id='word_1_551' title='bbox 1877 4258 2052 4297; x_wconf 88' lang='lat' dir='ltr'><strong>voca-</strong></span> 
     </span>
    </p>
   </div>
   <div class='ocr_carea' id='block_1_77' title="bbox 409 4323 2054 4400">
    <p class='ocr_par' dir='ltr' id='par_1_77' title="bbox 409 4323 2054 4400">
     <span class='ocr_line' id='line_1_78' title="bbox 409 4323 2054 4400; baseline 0.005 -23"><span class='ocrx_word' id='word_1_552' title='bbox 409 4323 490 4378; x_wconf 88' lang='lat' dir='ltr'><strong>vit</strong></span> <span class='ocrx_word' id='word_1_553' title='bbox 515 4323 669 4380; x_wconf 91' lang='lat' dir='ltr'><strong>Deus</strong></span> <span class='ocrx_word' id='word_1_554' title='bbox 699 4323 913 4392; x_wconf 88' lang='lat' dir='ltr'><strong>lucem,</strong></span> <span class='ocrx_word' id='word_1_555' title='bbox 959 4332 1016 4382; x_wconf 91' lang='lat' dir='ltr'><strong>et</strong></span> <span class='ocrx_word' id='word_1_556' title='bbox 1043 4327 1332 4400; x_wconf 86' lang='lat' dir='ltr'><strong>separavit</strong></span> <span class='ocrx_word' id='word_1_557' title='bbox 1387 4329 1542 4384; x_wconf 90' lang='lat' dir='ltr'><strong>Deus</strong></span> <span class='ocrx_word' id='word_1_558' title='bbox 1573 4330 1726 4384; x_wconf 89' lang='lat' dir='ltr'><strong>inter</strong></span> <span class='ocrx_word' id='word_1_559' title='bbox 1775 4329 1964 4385; x_wconf 89' lang='lat' dir='ltr'><strong>lucem</strong></span> <span class='ocrx_word' id='word_1_560' title='bbox 1997 4336 2054 4386; x_wconf 90' lang='lat' dir='ltr'><strong>et</strong></span> 
     </span>
    </p>
   </div>
   <div class='ocr_carea' id='block_1_78' title="bbox 408 4412 2054 4492">
    <p class='ocr_par' dir='ltr' id='par_1_78' title="bbox 408 4412 2054 4492">
     <span class='ocr_line' id='line_1_79' title="bbox 408 4412 2054 4492; baseline 0.007 -27"><span class='ocrx_word' id='word_1_561' title='bbox 408 4412 703 4478; x_wconf 82' lang='lat' dir='ltr'><strong>tenebras,</strong></span> <span class='ocrx_word' id='word_1_562' title='bbox 763 4419 821 4469; x_wconf 89' lang='lat' dir='ltr'><strong>et</strong></span> <span class='ocrx_word' id='word_1_563' title='bbox 887 4421 1100 4471; x_wconf 62' lang='lat' dir='ltr'><strong>vocata:</strong></span> <span class='ocrx_word' id='word_1_564' title='bbox 1169 4421 1308 4471; x_wconf 92' lang='lat' dir='ltr'><strong>sunt</strong></span> <span class='ocrx_word' id='word_1_565' title='bbox 1342 4419 1590 4473; x_wconf 61' lang='lat' dir='ltr'><strong>tenebras</strong></span> <span class='ocrx_word' id='word_1_566' title='bbox 1649 4435 1780 4474; x_wconf 92' lang='lat' dir='ltr'><strong>nox.</strong></span> <span class='ocrx_word' id='word_1_567' title='bbox 1835 4419 1900 4474; x_wconf 90' lang='lat' dir='ltr'><strong>Et</strong></span> <span class='ocrx_word' id='word_1_568' title='bbox 1950 4437 2054 4492; x_wconf 89' lang='lat' dir='ltr'><strong>per</strong></span> 
     </span>
    </p>
   </div>
   <div class='ocr_carea' id='block_1_79' title="bbox 408 4501 2049 4579">
    <p class='ocr_par' dir='ltr' id='par_1_79' title="bbox 408 4501 2049 4579">
     <span class='ocr_line' id='line_1_80' title="bbox 408 4501 2049 4579; baseline 0.005 -23"><span class='ocrx_word' id='word_1_569' title='bbox 408 4501 673 4556; x_wconf 90' lang='lat' dir='ltr'><strong>ordinem</strong></span> <span class='ocrx_word' id='word_1_570' title='bbox 705 4503 936 4576; x_wconf 89' lang='lat' dir='ltr'><strong>singula</strong></span> <span class='ocrx_word' id='word_1_571' title='bbox 955 4505 1108 4575; x_wconf 92' lang='lat' dir='ltr'><strong>quod</strong></span> <span class='ocrx_word' id='word_1_572' title='bbox 1141 4506 1292 4560; x_wconf 82' lang='lat' dir='ltr'><strong>facta</strong></span> <span class='ocrx_word' id='word_1_573' title='bbox 1322 4506 1442 4561; x_wconf 88' lang='lat' dir='ltr'><strong>sint</strong></span> <span class='ocrx_word' id='word_1_574' title='bbox 1481 4506 1753 4579; x_wconf 90' lang='lat' dir='ltr'><strong>legimus,</strong></span> <span class='ocrx_word' id='word_1_575' title='bbox 1814 4508 2049 4576; x_wconf 65' lang='lat' dir='ltr'><strong>cailum,</strong></span> 
     </span>
    </p>
   </div>
   <div class='ocr_carea' id='block_1_80' title="bbox 2173 3344 3800 3419">
    <p class='ocr_par' dir='ltr' id='par_1_80' title="bbox 2173 3344 3800 3419">
     <span class='ocr_line' id='line_1_81' title="bbox 2173 3344 3800 3419; baseline -0.003 -17"><span class='ocrx_word' id='word_1_576' title='bbox 2173 3364 2328 3414; x_wconf 88' lang='lat' dir='ltr'><strong>men,</strong></span> <span class='ocrx_word' id='word_1_577' title='bbox 2358 3347 2512 3418; x_wconf 91' lang='lat' dir='ltr'><strong>quod</strong></span> <span class='ocrx_word' id='word_1_578' title='bbox 2544 3364 2578 3403; x_wconf 89' lang='lat' dir='ltr'><strong>a</strong></span> <span class='ocrx_word' id='word_1_579' title='bbox 2607 3351 2662 3402; x_wconf 90' lang='lat' dir='ltr'><strong>te</strong></span> <span class='ocrx_word' id='word_1_580' title='bbox 2693 3347 2868 3419; x_wconf 67' lang='lat' dir='ltr'><strong>coapit</strong></span> <span class='ocrx_word' id='word_1_581' title='bbox 2896 3347 3020 3402; x_wconf 77' lang='lat' dir='ltr'><strong>Non</strong></span> <span class='ocrx_word' id='word_1_582' title='bbox 3051 3346 3232 3403; x_wconf 89' lang='lat' dir='ltr'><strong>habes</strong></span> <span class='ocrx_word' id='word_1_583' title='bbox 3278 3346 3336 3400; x_wconf 91' lang='lat' dir='ltr'><strong>in</strong></span> <span class='ocrx_word' id='word_1_584' title='bbox 3395 3363 3515 3418; x_wconf 91' lang='lat' dir='ltr'><strong>quo</strong></span> <span class='ocrx_word' id='word_1_585' title='bbox 3572 3344 3800 3402; x_wconf 87' lang='lat' dir='ltr'><strong>necessi-</strong></span> 
     </span>
    </p>
   </div>
   <div class='ocr_carea' id='block_1_81' title="bbox 2171 3436 3799 3509">
    <p class='ocr_par' dir='ltr' id='par_1_81' title="bbox 2171 3436 3799 3509">
     <span class='ocr_line' id='line_1_82' title="bbox 2171 3436 3799 3509; baseline -0.003 -18"><span class='ocrx_word' id='word_1_586' title='bbox 2171 3440 2370 3506; x_wconf 85' lang='lat' dir='ltr'><strong>tatem,</strong></span> <span class='ocrx_word' id='word_1_587' title='bbox 2403 3436 2592 3509; x_wconf 88' lang='lat' dir='ltr'><strong>magis</strong></span> <span class='ocrx_word' id='word_1_588' title='bbox 2623 3452 2800 3507; x_wconf 92' lang='lat' dir='ltr'><strong>quam</strong></span> <span class='ocrx_word' id='word_1_589' title='bbox 2832 3442 3086 3492; x_wconf 88' lang='lat' dir='ltr'><strong>mentem</strong></span> <span class='ocrx_word' id='word_1_590' title='bbox 3137 3440 3322 3504; x_wconf 90' lang='lat' dir='ltr'><strong>tuam,</strong></span> <span class='ocrx_word' id='word_1_591' title='bbox 3380 3451 3614 3508; x_wconf 90' lang='lat' dir='ltr'><strong>arguas.</strong></span> <span class='ocrx_word' id='word_1_592' title='bbox 3673 3436 3729 3488; x_wconf 92' lang='lat' dir='ltr'><strong>In</strong></span> <span class='ocrx_word' id='word_1_593' title='bbox 3755 3436 3799 3486; x_wconf 88' lang='lat' dir='ltr'><strong>te</strong></span> 
     </span>
    </p>
   </div>
   <div class='ocr_carea' id='block_1_82' title="bbox 2170 3523 3794 3597">
    <p class='ocr_par' dir='ltr' id='par_1_82' title="bbox 2170 3523 3794 3597">
     <span class='ocr_line' id='line_1_83' title="bbox 2170 3523 3794 3597; baseline -0.002 -17"><span class='ocrx_word' id='word_1_594' title='bbox 2170 3529 2539 3597; x_wconf 88' lang='lat' dir='ltr'><strong>retorquetur</strong></span> <span class='ocrx_word' id='word_1_595' title='bbox 2569 3524 2912 3597; x_wconf 91' lang='lat' dir='ltr'><strong>improbitas</strong></span> <span class='ocrx_word' id='word_1_596' title='bbox 2959 3529 3079 3593; x_wconf 90' lang='lat' dir='ltr'><strong>tua,</strong></span> <span class='ocrx_word' id='word_1_597' title='bbox 3141 3528 3201 3580; x_wconf 81' lang='lat' dir='ltr'><strong>tu</strong></span> <span class='ocrx_word' id='word_1_598' title='bbox 3241 3525 3501 3596; x_wconf 82' lang='lat' dir='ltr'><strong>princeps</strong></span> <span class='ocrx_word' id='word_1_599' title='bbox 3550 3540 3604 3580; x_wconf 89' lang='lat' dir='ltr'><strong>es</strong></span> <span class='ocrx_word' id='word_1_600' title='bbox 3656 3523 3794 3577; x_wconf 81' lang='lat' dir='ltr'><strong>illius</strong></span> 
     </span>
    </p>
   </div>
   <div class='ocr_carea' id='block_1_83' title="bbox 2168 3614 2547 3683">
    <p class='ocr_par' dir='ltr' id='par_1_83' title="bbox 2168 3614 2547 3683">
     <span class='ocr_line' id='line_1_84' title="bbox 2168 3614 2547 3683; baseline -0.005 -13"><span class='ocrx_word' id='word_1_601' title='bbox 2168 3614 2319 3683; x_wconf 83' lang='lat' dir='ltr'><strong>(Gen.</strong></span> <span class='ocrx_word' id='word_1_602' title='bbox 2363 3631 2437 3682; x_wconf 84' lang='lat' dir='ltr'><strong>IV,</strong></span> <span class='ocrx_word' id='word_1_603' title='bbox 2471 3616 2547 3682; x_wconf 91' lang='lat'><strong>7).</strong></span> 
     </span>
    </p>
   </div>
   <div class='ocr_carea' id='block_1_84' title="bbox 2236 3699 3788 3775">
    <p class='ocr_par' dir='ltr' id='par_1_84' title="bbox 2236 3699 3788 3775">
     <span class='ocr_line' id='line_1_85' title="bbox 2236 3699 3788 3775; baseline -0.004 -17"><span class='ocrx_word' id='word_1_604' title='bbox 2236 3704 2328 3758; x_wconf 86' lang='lat'><strong>25.</strong></span> <span class='ocrx_word' id='word_1_605' title='bbox 2361 3703 2511 3760; x_wconf 89' lang='lat' dir='ltr'><strong>Bene</strong></span> <span class='ocrx_word' id='word_1_606' title='bbox 2537 3703 2618 3759; x_wconf 87' lang='lat' dir='ltr'><strong>ait</strong></span> <span class='ocrx_word' id='word_1_607' title='bbox 2649 3721 2663 3760; x_wconf 90' lang='lat'><strong>:</strong></span> <span class='ocrx_word' id='word_1_608' title='bbox 2706 3703 2778 3758; x_wconf 87' lang='lat' dir='ltr'><strong>Tu</strong></span> <span class='ocrx_word' id='word_1_609' title='bbox 2802 3705 3054 3775; x_wconf 79' lang='lat' dir='ltr'><strong>princeps</strong></span> <span class='ocrx_word' id='word_1_610' title='bbox 3107 3718 3162 3757; x_wconf 91' lang='lat' dir='ltr'><strong>es</strong></span> <span class='ocrx_word' id='word_1_611' title='bbox 3222 3702 3391 3756; x_wconf 84' lang='lat' dir='ltr'><strong>illius.</strong></span> <span class='ocrx_word' id='word_1_612' title='bbox 3425 3701 3650 3758; x_wconf 88' lang='lat' dir='ltr'><strong>Etenim</strong></span> <span class='ocrx_word' id='word_1_613' title='bbox 3695 3699 3788 3753; x_wconf 88' lang='lat' dir='ltr'><strong>im-</strong></span> 
     </span>
    </p>
   </div>
   <div class='ocr_carea' id='block_1_85' title="bbox 2166 3789 3788 3865">
    <p class='ocr_par' dir='ltr' id='par_1_85' title="bbox 2166 3789 3788 3865">
     <span class='ocr_line' id='line_1_86' title="bbox 2166 3789 3788 3865; baseline -0.003 -19"><span class='ocrx_word' id='word_1_614' title='bbox 2166 3793 2352 3865; x_wconf 78' lang='lat' dir='ltr'><strong>pietas</strong></span> <span class='ocrx_word' id='word_1_615' title='bbox 2383 3797 2570 3848; x_wconf 89' lang='lat' dir='ltr'><strong>mater</strong></span> <span class='ocrx_word' id='word_1_616' title='bbox 2597 3793 2864 3864; x_wconf 74' lang='lat' dir='ltr'><strong>quasdam</strong></span> <span class='ocrx_word' id='word_1_617' title='bbox 2894 3796 2982 3848; x_wconf 90' lang='lat' dir='ltr'><strong>est</strong></span> <span class='ocrx_word' id='word_1_618' title='bbox 3010 3790 3356 3847; x_wconf 90' lang='lat' dir='ltr'><strong>delictorum</strong></span> <span class='ocrx_word' id='word_1_619' title='bbox 3391 3808 3404 3846; x_wconf 93' lang='lat'><strong>:</strong></span> <span class='ocrx_word' id='word_1_620' title='bbox 3440 3795 3499 3846; x_wconf 89' lang='lat' dir='ltr'><strong>et</strong></span> <span class='ocrx_word' id='word_1_621' title='bbox 3527 3789 3624 3862; x_wconf 92' lang='lat' dir='ltr'><strong>qui</strong></span> <span class='ocrx_word' id='word_1_622' title='bbox 3675 3803 3788 3860; x_wconf 87' lang='lat' dir='ltr'><strong>gra-</strong></span> 
     </span>
    </p>
   </div>
   <div class='ocr_carea' id='block_1_86' title="bbox 2165 3877 3788 3954">
    <p class='ocr_par' dir='ltr' id='par_1_86' title="bbox 2165 3877 3788 3954">
     <span class='ocr_line' id='line_1_87' title="bbox 2165 3877 3788 3954; baseline -0.004 -18"><span class='ocrx_word' id='word_1_623' title='bbox 2165 3881 2326 3936; x_wconf 89' lang='lat' dir='ltr'><strong>viora</strong></span> <span class='ocrx_word' id='word_1_624' title='bbox 2357 3881 2698 3954; x_wconf 89' lang='lat' dir='ltr'><strong>peccaverit,</strong></span> <span class='ocrx_word' id='word_1_625' title='bbox 2731 3880 2792 3936; x_wconf 92' lang='lat' dir='ltr'><strong>in</strong></span> <span class='ocrx_word' id='word_1_626' title='bbox 2821 3884 3028 3936; x_wconf 66' lang='lat' dir='ltr'><strong>caetera</strong></span> <span class='ocrx_word' id='word_1_627' title='bbox 3059 3878 3227 3934; x_wconf 83' lang='lat' dir='ltr'><strong>facile</strong></span> <span class='ocrx_word' id='word_1_628' title='bbox 3258 3877 3604 3951; x_wconf 89' lang='lat' dir='ltr'><strong>prolabitur.</strong></span> <span class='ocrx_word' id='word_1_629' title='bbox 3659 3877 3788 3942; x_wconf 87' lang='lat' dir='ltr'><strong>Quo-</strong></span> 
     </span>
    </p>
   </div>
   <div class='ocr_carea' id='block_1_87' title="bbox 2166 3963 3791 4041">
    <p class='ocr_par' dir='ltr' id='par_1_87' title="bbox 2166 3963 3791 4041">
     <span class='ocr_line' id='line_1_88' title="bbox 2166 3963 3791 4041; baseline -0.006 -16"><span class='ocrx_word' id='word_1_630' title='bbox 2166 3970 2340 4026; x_wconf 91' lang='lat' dir='ltr'><strong>modo</strong></span> <span class='ocrx_word' id='word_1_631' title='bbox 2387 3970 2543 4026; x_wconf 91' lang='lat' dir='ltr'><strong>enim</strong></span> <span class='ocrx_word' id='word_1_632' title='bbox 2601 3973 2790 4041; x_wconf 87' lang='lat' dir='ltr'><strong>potest</strong></span> <span class='ocrx_word' id='word_1_633' title='bbox 2848 3969 2922 4024; x_wconf 91' lang='lat' dir='ltr'><strong>ab</strong></span> <span class='ocrx_word' id='word_1_634' title='bbox 2988 3967 3263 4024; x_wconf 88' lang='lat' dir='ltr'><strong>humanis</strong></span> <span class='ocrx_word' id='word_1_635' title='bbox 3326 3971 3650 4041; x_wconf 77' lang='lat' dir='ltr'><strong>temperare</strong></span> <span class='ocrx_word' id='word_1_636' title='bbox 3706 3963 3791 4035; x_wconf 89' lang='lat' dir='ltr'><strong>qui</strong></span> 
     </span>
    </p>
   </div>
   <div class='ocr_carea' id='block_1_88' title="bbox 2164 4054 3788 4129">
    <p class='ocr_par' dir='ltr' id='par_1_88' title="bbox 2164 4054 3788 4129">
     <span class='ocr_line' id='line_1_89' title="bbox 2164 4054 3788 4129; baseline -0.005 -15"><span class='ocrx_word' id='word_1_637' title='bbox 2164 4059 2361 4114; x_wconf 88' lang='lat' dir='ltr'><strong>divina</strong></span> <span class='ocrx_word' id='word_1_638' title='bbox 2388 4057 2640 4123; x_wconf 91' lang='lat' dir='ltr'><strong>violavit,</strong></span> <span class='ocrx_word' id='word_1_639' title='bbox 2671 4062 2728 4114; x_wconf 92' lang='lat' dir='ltr'><strong>et</strong></span> <span class='ocrx_word' id='word_1_640' title='bbox 2757 4057 3096 4113; x_wconf 90' lang='lat' dir='ltr'><strong>hominibus</strong></span> <span class='ocrx_word' id='word_1_641' title='bbox 3127 4057 3314 4113; x_wconf 92' lang='lat' dir='ltr'><strong>bonus</strong></span> <span class='ocrx_word' id='word_1_642' title='bbox 3345 4072 3476 4112; x_wconf 91' lang='lat' dir='ltr'><strong>esse</strong></span> <span class='ocrx_word' id='word_1_643' title='bbox 3507 4054 3604 4129; x_wconf 90' lang='lat' dir='ltr'><strong>qui</strong></span> <span class='ocrx_word' id='word_1_644' title='bbox 3629 4054 3788 4110; x_wconf 88' lang='lat' dir='ltr'><strong>Deum</strong></span> 
     </span>
    </p>
   </div>
   <div class='ocr_carea' id='block_1_89' title="bbox 2163 4140 3790 4219">
    <p class='ocr_par' dir='ltr' id='par_1_89' title="bbox 2163 4140 3790 4219">
     <span class='ocr_line' id='line_1_90' title="bbox 2163 4140 3790 4219; baseline -0.006 -17"><span class='ocrx_word' id='word_1_645' title='bbox 2163 4146 2310 4202; x_wconf 67' lang='lat' dir='ltr'><strong>laesit</strong></span> <span class='ocrx_word' id='word_1_646' title='bbox 2338 4147 2365 4201; x_wconf 86' lang='lat'><strong>?</strong></span> <span class='ocrx_word' id='word_1_647' title='bbox 2393 4147 2749 4202; x_wconf 85' lang='lat' dir='ltr'><strong>Atrociorem</strong></span> <span class='ocrx_word' id='word_1_648' title='bbox 2801 4146 2980 4219; x_wconf 90' lang='lat' dir='ltr'><strong>igitur</strong></span> <span class='ocrx_word' id='word_1_649' title='bbox 3047 4145 3335 4202; x_wconf 90' lang='lat' dir='ltr'><strong>scelerum</strong></span> <span class='ocrx_word' id='word_1_650' title='bbox 3404 4150 3630 4202; x_wconf 88' lang='lat' dir='ltr'><strong>reatum</strong></span> <span class='ocrx_word' id='word_1_651' title='bbox 3669 4140 3790 4196; x_wconf 85' lang='lat' dir='ltr'><strong>vitia</strong></span> 
     </span>
    </p>
   </div>
   <div class='ocr_carea' id='block_1_90' title="bbox 2161 4233 3786 4307">
    <p class='ocr_par' dir='ltr' id='par_1_90' title="bbox 2161 4233 3786 4307">
     <span class='ocr_line' id='line_1_91' title="bbox 2161 4233 3786 4307; baseline -0.006 -16"><span class='ocrx_word' id='word_1_652' title='bbox 2161 4235 2385 4307; x_wconf 89' lang='lat' dir='ltr'><strong>reliqua</strong></span> <span class='ocrx_word' id='word_1_653' title='bbox 2426 4241 2800 4306; x_wconf 89' lang='lat' dir='ltr'><strong>sequuntur;</strong></span> <span class='ocrx_word' id='word_1_654' title='bbox 2848 4233 3128 4306; x_wconf 90' lang='lat' dir='ltr'><strong>quoniam</strong></span> <span class='ocrx_word' id='word_1_655' title='bbox 3181 4251 3295 4306; x_wconf 90' lang='lat' dir='ltr'><strong>quo</strong></span> <span class='ocrx_word' id='word_1_656' title='bbox 3345 4233 3630 4307; x_wconf 85' lang='lat' dir='ltr'><strong>ﬂagitiosa</strong></span> <span class='ocrx_word' id='word_1_657' title='bbox 3672 4244 3786 4302; x_wconf 90' lang='lat' dir='ltr'><strong>pro-</strong></span> 
     </span>
    </p>
   </div>
   <div class='ocr_carea' id='block_1_91' title="bbox 2161 4320 3781 4397">
    <p class='ocr_par' dir='ltr' id='par_1_91' title="bbox 2161 4320 3781 4397">
     <span class='ocr_line' id='line_1_92' title="bbox 2161 4320 3781 4397; baseline -0.006 -16"><span class='ocrx_word' id='word_1_658' title='bbox 2161 4325 2488 4397; x_wconf 86' lang='lat' dir='ltr'><strong>penderint,</strong></span> <span class='ocrx_word' id='word_1_659' title='bbox 2528 4341 2595 4380; x_wconf 91' lang='lat' dir='ltr'><strong>eo</strong></span> <span class='ocrx_word' id='word_1_660' title='bbox 2635 4323 2919 4378; x_wconf 92' lang='lat' dir='ltr'><strong>inclinant</strong></span> <span class='ocrx_word' id='word_1_661' title='bbox 2975 4328 3201 4379; x_wconf 65' lang='lat' dir='ltr'><strong>cetera.</strong></span> <span class='ocrx_word' id='word_1_662' title='bbox 3281 4325 3369 4378; x_wconf 91' lang='lat' dir='ltr'><strong>Tu</strong></span> <span class='ocrx_word' id='word_1_663' title='bbox 3437 4338 3572 4395; x_wconf 87' lang='lat' dir='ltr'><strong>ergo</strong></span> <span class='ocrx_word' id='word_1_664' title='bbox 3635 4320 3781 4391; x_wconf 91' lang='lat' dir='ltr'><strong>prin-</strong></span> 
     </span>
    </p>
   </div>
   <div class='ocr_carea' id='block_1_92' title="bbox 2159 4404 3778 4486">
    <p class='ocr_par' dir='ltr' id='par_1_92' title="bbox 2159 4404 3778 4486">
     <span class='ocr_line' id='line_1_93' title="bbox 2159 4404 3778 4486; baseline -0.007 -16"><span class='ocrx_word' id='word_1_665' title='bbox 2159 4430 2297 4486; x_wconf 90' lang='lat' dir='ltr'><strong>ceps</strong></span> <span class='ocrx_word' id='word_1_666' title='bbox 2327 4413 2518 4485; x_wconf 89' lang='lat' dir='ltr'><strong>operis</strong></span> <span class='ocrx_word' id='word_1_667' title='bbox 2549 4413 2654 4480; x_wconf 88' lang='lat' dir='ltr'><strong>tui,</strong></span> <span class='ocrx_word' id='word_1_668' title='bbox 2688 4417 2751 4468; x_wconf 87' lang='lat' dir='ltr'><strong>tu</strong></span> <span class='ocrx_word' id='word_1_669' title='bbox 2809 4413 2927 4467; x_wconf 91' lang='lat' dir='ltr'><strong>dux</strong></span> <span class='ocrx_word' id='word_1_670' title='bbox 2990 4412 3272 4468; x_wconf 89' lang='lat' dir='ltr'><strong>criminis.</strong></span> <span class='ocrx_word' id='word_1_671' title='bbox 3344 4411 3471 4467; x_wconf 91' lang='lat' dir='ltr'><strong>Non</strong></span> <span class='ocrx_word' id='word_1_672' title='bbox 3537 4415 3591 4466; x_wconf 90' lang='lat' dir='ltr'><strong>te</strong></span> <span class='ocrx_word' id='word_1_673' title='bbox 3653 4404 3778 4462; x_wconf 90' lang='lat' dir='ltr'><strong>invi-</strong></span> 
     </span>
    </p>
   </div>
   <div class='ocr_carea' id='block_1_93' title="bbox 2158 4495 3776 4572">
    <p class='ocr_par' dir='ltr' id='par_1_93' title="bbox 2158 4495 3776 4572">
     <span class='ocr_line' id='line_1_94' title="bbox 2158 4495 3776 4572; baseline -0.007 -14"><span class='ocrx_word' id='word_1_674' title='bbox 2158 4508 2306 4570; x_wconf 92' lang='lat' dir='ltr'><strong>tum,</strong></span> <span class='ocrx_word' id='word_1_675' title='bbox 2363 4502 2516 4559; x_wconf 72' lang='lat'><strong>218</strong></span> <span class='ocrx_word' id='word_1_676' title='bbox 2591 4518 2706 4556; x_wconf 93' lang='lat' dir='ltr'><strong>non</strong></span> <span class='ocrx_word' id='word_1_677' title='bbox 2781 4501 3215 4572; x_wconf 88' lang='lat' dir='ltr'><strong>imprudentem</strong></span> <span class='ocrx_word' id='word_1_678' title='bbox 3289 4517 3452 4556; x_wconf 88' lang='lat' dir='ltr'><strong>error</strong></span> <span class='ocrx_word' id='word_1_679' title='bbox 3524 4495 3776 4554; x_wconf 82' lang='lat' dir='ltr'><strong>attraxit:</strong></span> 
     </span>
    </p>
   </div>
   <div class='ocr_carea' id='block_1_94' title="bbox 406 4582 3777 4672">
    <p class='ocr_par' dir='ltr' id='par_1_94' title="bbox 406 4582 3777 4672">
     <span class='ocr_line' id='line_1_95' title="bbox 406 4582 3777 4672; baseline -0.001 -30"><span class='ocrx_word' id='word_1_680' title='bbox 406 4591 580 4654; x_wconf 89' lang='lat' dir='ltr'><strong>terra,</strong></span> <span class='ocrx_word' id='word_1_681' title='bbox 615 4588 774 4662; x_wconf 90' lang='lat' dir='ltr'><strong>ligna</strong></span> <span class='ocrx_word' id='word_1_682' title='bbox 833 4592 1152 4658; x_wconf 86' lang='lat' dir='ltr'><strong>fructifera,</strong></span> <span class='ocrx_word' id='word_1_683' title='bbox 1202 4593 1482 4650; x_wconf 88' lang='lat' dir='ltr'><strong>animalia</strong></span> <span class='ocrx_word' id='word_1_684' title='bbox 1538 4595 1785 4652; x_wconf 91' lang='lat' dir='ltr'><strong>diversa.</strong></span> <span class='ocrx_word' id='word_1_685' title='bbox 1847 4597 2047 4653; x_wconf 89' lang='lat' dir='ltr'><strong>Distri-</strong></span> <span class='ocrx_word' id='word_1_686' title='bbox 2075 4608 2122 4672; x_wconf 72' lang='grc' dir='ltr'><strong>ι)</strong></span> <span class='ocrx_word' id='word_1_687' title='bbox 2158 4593 2258 4648; x_wconf 91' lang='lat' dir='ltr'><strong>sed</strong></span> <span class='ocrx_word' id='word_1_688' title='bbox 2316 4591 2682 4647; x_wconf 86' lang='lat' dir='ltr'><strong>voluntarius</strong></span> <span class='ocrx_word' id='word_1_689' title='bbox 2758 4607 2893 4646; x_wconf 90' lang='lat' dir='ltr'><strong>reus</strong></span> <span class='ocrx_word' id='word_1_690' title='bbox 2927 4589 3174 4660; x_wconf 89' lang='lat' dir='ltr'><strong>judicio,</strong></span> <span class='ocrx_word' id='word_1_691' title='bbox 3254 4606 3370 4645; x_wconf 91' lang='lat' dir='ltr'><strong>non</strong></span> <span class='ocrx_word' id='word_1_692' title='bbox 3438 4589 3603 4660; x_wconf 89' lang='lat' dir='ltr'><strong>lapsu</strong></span> <span class='ocrx_word' id='word_1_693' title='bbox 3664 4582 3777 4638; x_wconf 86' lang='lat' dir='ltr'><strong>feci-</strong></span> 
     </span>
    </p>
   </div>
   <div class='ocr_carea' id='block_1_95' title="bbox 402 4677 3574 4755">
    <p class='ocr_par' dir='ltr' id='par_1_95' title="bbox 402 4677 3574 4755">
     <span class='ocr_line' id='line_1_96' title="bbox 402 4677 3574 4755; baseline 0 -23"><span class='ocrx_word' id='word_1_694' title='bbox 402 4677 548 4732; x_wconf 90' lang='lat' dir='ltr'><strong>buta</strong></span> <span class='ocrx_word' id='word_1_695' title='bbox 576 4682 772 4734; x_wconf 89' lang='lat' dir='ltr'><strong>autem</strong></span> <span class='ocrx_word' id='word_1_696' title='bbox 806 4685 945 4735; x_wconf 90' lang='lat' dir='ltr'><strong>sunt</strong></span> <span class='ocrx_word' id='word_1_697' title='bbox 989 4680 1203 4736; x_wconf 87' lang='lat' dir='ltr'><strong>leviora</strong></span> <span class='ocrx_word' id='word_1_698' title='bbox 1260 4684 1685 4755; x_wconf 89' lang='lat' dir='ltr'><strong>superioribus,</strong></span> <span class='ocrx_word' id='word_1_699' title='bbox 1744 4691 1808 4740; x_wconf 92' lang='lat' dir='ltr'><strong>ut</strong></span> <span class='ocrx_word' id='word_1_700' title='bbox 1863 4702 1962 4742; x_wconf 91' lang='lat' dir='ltr'><strong>aer</strong></span> <span class='ocrx_word' id='word_1_701' title='bbox 1990 4689 2048 4742; x_wconf 90' lang='lat' dir='ltr'><strong>et</strong></span> <span class='ocrx_word' id='word_1_702' title='bbox 2155 4681 2230 4737; x_wconf 91' lang='lat' dir='ltr'><strong>sti</strong></span> <span class='ocrx_word' id='word_1_703' title='bbox 2305 4680 2536 4747; x_wconf 88' lang='lat' dir='ltr'><strong>dolum,</strong></span> <span class='ocrx_word' id='word_1_704' title='bbox 2611 4695 2726 4750; x_wconf 93' lang='lat' dir='ltr'><strong>quo</strong></span> <span class='ocrx_word' id='word_1_705' title='bbox 2803 4679 3011 4736; x_wconf 71' lang='lat' dir='ltr'><strong>divina:</strong></span> <span class='ocrx_word' id='word_1_706' title='bbox 3087 4678 3314 4749; x_wconf 71' lang='lat' dir='ltr'><strong>injuria:</strong></span> <span class='ocrx_word' id='word_1_707' title='bbox 3411 4693 3574 4734; x_wconf 88' lang='lat' dir='ltr'><strong>reum</strong></span> 
     </span>
    </p>
   </div>
   <div class='ocr_carea' id='block_1_96' title="bbox 2155 4785 2473 4825">
    <p class='ocr_par' dir='ltr' id='par_1_96' title="bbox 2155 4785 2473 4825">
     <span class='ocr_line' id='line_1_97' title="bbox 2155 4785 2473 4825; baseline -0.013 0"><span class='ocrx_word' id='word_1_708' title='bbox 2155 4785 2473 4825; x_wconf 75' lang='lat' dir='ltr'><strong>CODVIDCIS.</strong></span> 
     </span>
    </p>
   </div>
   <div class='ocr_carea' id='block_1_97' title="bbox 402 4765 2041 4846">
    <p class='ocr_par' dir='ltr' id='par_1_97' title="bbox 402 4765 2041 4846">
     <span class='ocr_line' id='line_1_98' title="bbox 402 4765 2041 4846; baseline 0.006 -25"><span class='ocrx_word' id='word_1_709' title='bbox 402 4765 557 4838; x_wconf 89' lang='lat' dir='ltr'><strong>ignis</strong></span> <span class='ocrx_word' id='word_1_710' title='bbox 590 4785 603 4822; x_wconf 89' lang='lat'><strong>:</strong></span> <span class='ocrx_word' id='word_1_711' title='bbox 635 4768 901 4840; x_wconf 87' lang='lat' dir='ltr'><strong>graviora</strong></span> <span class='ocrx_word' id='word_1_712' title='bbox 928 4769 1322 4840; x_wconf 89' lang='lat' dir='ltr'><strong>inferioribus,</strong></span> <span class='ocrx_word' id='word_1_713' title='bbox 1354 4771 1464 4828; x_wconf 93' lang='lat' dir='ltr'><strong>hoc</strong></span> <span class='ocrx_word' id='word_1_714' title='bbox 1483 4778 1573 4828; x_wconf 89' lang='lat' dir='ltr'><strong>est</strong></span> <span class='ocrx_word' id='word_1_715' title='bbox 1602 4778 1756 4830; x_wconf 88' lang='lat' dir='ltr'><strong>terra</strong></span> <span class='ocrx_word' id='word_1_716' title='bbox 1784 4779 1840 4830; x_wconf 90' lang='lat' dir='ltr'><strong>et</strong></span> <span class='ocrx_word' id='word_1_717' title='bbox 1869 4791 2041 4846; x_wconf 84' lang='lat' dir='ltr'><strong>aqua.</strong></span> 
     </span>
    </p>
   </div>
   <div class='ocr_carea' id='block_1_98' title="bbox 401 4855 2043 4932">
    <p class='ocr_par' dir='ltr' id='par_1_98' title="bbox 401 4855 2043 4932">
     <span class='ocr_line' id='line_1_99' title="bbox 401 4855 2043 4932; baseline 0.004 -20"><span class='ocrx_word' id='word_1_718' title='bbox 401 4855 611 4928; x_wconf 91' lang='lat' dir='ltr'><strong>Utique</strong></span> <span class='ocrx_word' id='word_1_719' title='bbox 643 4857 821 4914; x_wconf 92' lang='lat' dir='ltr'><strong>simul</strong></span> <span class='ocrx_word' id='word_1_720' title='bbox 852 4859 1050 4914; x_wconf 91' lang='lat' dir='ltr'><strong>omnia</strong></span> <span class='ocrx_word' id='word_1_721' title='bbox 1069 4859 1192 4915; x_wconf 82' lang='lat' dir='ltr'><strong>ﬁeri</strong></span> <span class='ocrx_word' id='word_1_722' title='bbox 1219 4861 1425 4931; x_wconf 88' lang='lat' dir='ltr'><strong>jubere</strong></span> <span class='ocrx_word' id='word_1_723' title='bbox 1472 4862 1662 4932; x_wconf 89' lang='lat' dir='ltr'><strong>potuit</strong></span> <span class='ocrx_word' id='word_1_724' title='bbox 1690 4862 1848 4919; x_wconf 90' lang='lat' dir='ltr'><strong>Deus</strong></span> <span class='ocrx_word' id='word_1_725' title='bbox 1882 4882 1894 4918; x_wconf 92' lang='lat'>:</span> <span class='ocrx_word' id='word_1_726' title='bbox 1943 4864 2043 4920; x_wconf 84' lang='lat' dir='ltr'><strong>sed</strong></span> 
     </span>
    </p>
   </div>
   <div class='ocr_carea' id='block_1_99' title="bbox 399 4945 2043 5020">
    <p class='ocr_par' dir='ltr' id='par_1_99' title="bbox 399 4945 2043 5020">
     <span class='ocr_line' id='line_1_100' title="bbox 399 4945 2043 5020; baseline 0.005 -20"><span class='ocrx_word' id='word_1_727' title='bbox 399 4945 834 5003; x_wconf 88' lang='lat' dir='ltr'><strong>distinctionem</strong></span> <span class='ocrx_word' id='word_1_728' title='bbox 865 4965 1095 5005; x_wconf 87' lang='lat' dir='ltr'><strong>servare</strong></span> <span class='ocrx_word' id='word_1_729' title='bbox 1124 4949 1354 5018; x_wconf 87' lang='lat' dir='ltr'><strong>maluit,</strong></span> <span class='ocrx_word' id='word_1_730' title='bbox 1408 4967 1586 5020; x_wconf 90' lang='lat' dir='ltr'><strong>quam</strong></span> <span class='ocrx_word' id='word_1_731' title='bbox 1636 4968 1743 5006; x_wconf 92' lang='lat' dir='ltr'><strong>nos</strong></span> <span class='ocrx_word' id='word_1_732' title='bbox 1800 4952 1858 5007; x_wconf 91' lang='lat' dir='ltr'><strong>in</strong></span> <span class='ocrx_word' id='word_1_733' title='bbox 1919 4969 2043 5008; x_wconf 70' lang='lat' dir='ltr'><strong>omo</strong></span> 
     </span>
    </p>
   </div>
   <div class='ocr_carea' id='block_1_100' title="bbox 399 5036 2045 5111">
    <p class='ocr_par' dir='ltr' id='par_1_100' title="bbox 399 5036 2045 5111">
     <span class='ocr_line' id='line_1_101' title="bbox 399 5036 2045 5111; baseline 0.003 -19"><span class='ocrx_word' id='word_1_734' title='bbox 399 5036 573 5093; x_wconf 90' lang='lat' dir='ltr'><strong>nibus</strong></span> <span class='ocrx_word' id='word_1_735' title='bbox 629 5038 997 5094; x_wconf 90' lang='lat' dir='ltr'><strong>imitaremur</strong></span> <span class='ocrx_word' id='word_1_736' title='bbox 1051 5039 1318 5111; x_wconf 90' lang='lat' dir='ltr'><strong>negotiis,</strong></span> <span class='ocrx_word' id='word_1_737' title='bbox 1352 5044 1409 5094; x_wconf 92' lang='lat' dir='ltr'><strong>et</strong></span> <span class='ocrx_word' id='word_1_738' title='bbox 1475 5041 1727 5096; x_wconf 88' lang='lat' dir='ltr'><strong>maxime</strong></span> <span class='ocrx_word' id='word_1_739' title='bbox 1774 5041 1832 5096; x_wconf 92' lang='lat' dir='ltr'><strong>in</strong></span> <span class='ocrx_word' id='word_1_740' title='bbox 1881 5041 2045 5097; x_wconf 91' lang='lat' dir='ltr'><strong>vicis-</strong></span> 
     </span>
    </p>
   </div>
   <div class='ocr_carea' id='block_1_101' title="bbox 399 5125 2045 5200">
    <p class='ocr_par' dir='ltr' id='par_1_101' title="bbox 399 5125 2045 5200">
     <span class='ocr_line' id='line_1_102' title="bbox 399 5125 2045 5200; baseline 0.002 -20"><span class='ocrx_word' id='word_1_741' title='bbox 399 5125 759 5184; x_wconf 86' lang='lat' dir='ltr'><strong>situdinibus</strong></span> <span class='ocrx_word' id='word_1_742' title='bbox 789 5128 1134 5200; x_wconf 76' lang='lat' dir='ltr'><strong>gratiarum,</strong></span> <span class='ocrx_word' id='word_1_743' title='bbox 1196 5129 1254 5182; x_wconf 92' lang='lat' dir='ltr'><strong>in</strong></span> <span class='ocrx_word' id='word_1_744' title='bbox 1314 5127 1530 5198; x_wconf 90' lang='lat' dir='ltr'><strong>quibus</strong></span> <span class='ocrx_word' id='word_1_745' title='bbox 1581 5145 1695 5183; x_wconf 91' lang='lat' dir='ltr'><strong>non</strong></span> <span class='ocrx_word' id='word_1_746' title='bbox 1755 5129 1898 5184; x_wconf 87' lang='lat' dir='ltr'><strong>satis</strong></span> <span class='ocrx_word' id='word_1_747' title='bbox 1957 5134 2045 5186; x_wconf 87' lang='lat' dir='ltr'><strong>est</strong></span> 
     </span>
    </p>
   </div>
   <div class='ocr_carea' id='block_1_102' title="bbox 397 5215 2042 5289">
    <p class='ocr_par' dir='ltr' id='par_1_102' title="bbox 397 5215 2042 5289">
     <span class='ocr_line' id='line_1_103' title="bbox 397 5215 2042 5289; baseline 0.002 -19"><span class='ocrx_word' id='word_1_748' title='bbox 397 5215 639 5271; x_wconf 89' lang='lat' dir='ltr'><strong>reddere</strong></span> <span class='ocrx_word' id='word_1_749' title='bbox 679 5216 832 5286; x_wconf 91' lang='lat' dir='ltr'><strong>quod</strong></span> <span class='ocrx_word' id='word_1_750' title='bbox 891 5217 1206 5288; x_wconf 89' lang='lat' dir='ltr'><strong>acceperis,</strong></span> <span class='ocrx_word' id='word_1_751' title='bbox 1259 5217 1361 5271; x_wconf 89' lang='lat' dir='ltr'><strong>sed</strong></span> <span class='ocrx_word' id='word_1_752' title='bbox 1420 5217 1830 5273; x_wconf 87' lang='lat' dir='ltr'><strong>commendare</strong></span> <span class='ocrx_word' id='word_1_753' title='bbox 1886 5220 2042 5289; x_wconf 93' lang='lat' dir='ltr'><strong>quod</strong></span> 
     </span>
    </p>
   </div>
   <div class='ocr_carea' id='block_1_103' title="bbox 397 5304 2044 5376">
    <p class='ocr_par' dir='ltr' id='par_1_103' title="bbox 397 5304 2044 5376">
     <span class='ocr_line' id='line_1_104' title="bbox 397 5304 2044 5376; baseline 0.002 -17"><span class='ocrx_word' id='word_1_754' title='bbox 397 5305 627 5360; x_wconf 89' lang='lat' dir='ltr'><strong>reddas.</strong></span> <span class='ocrx_word' id='word_1_755' title='bbox 660 5305 806 5359; x_wconf 87' lang='lat' dir='ltr'><strong>Nam</strong></span> <span class='ocrx_word' id='word_1_756' title='bbox 838 5305 887 5360; x_wconf 90' lang='lat' dir='ltr'><strong>si</strong></span> <span class='ocrx_word' id='word_1_757' title='bbox 919 5305 1052 5376; x_wconf 90' lang='lat' dir='ltr'><strong>quis</strong></span> <span class='ocrx_word' id='word_1_758' title='bbox 1079 5305 1340 5361; x_wconf 89' lang='lat' dir='ltr'><strong>debitum</strong></span> <span class='ocrx_word' id='word_1_759' title='bbox 1374 5304 1576 5372; x_wconf 88' lang='lat' dir='ltr'><strong>solvat,</strong></span> <span class='ocrx_word' id='word_1_760' title='bbox 1609 5310 1664 5359; x_wconf 91' lang='lat' dir='ltr'><strong>et</strong></span> <span class='ocrx_word' id='word_1_761' title='bbox 1696 5305 1753 5360; x_wconf 89' lang='lat' dir='ltr'><strong>in</strong></span> <span class='ocrx_word' id='word_1_762' title='bbox 1798 5307 2044 5362; x_wconf 87' lang='lat' dir='ltr'><strong>referen-</strong></span> 
     </span>
    </p>
   </div>
   <div class='ocr_carea' id='block_1_104' title="bbox 397 5391 2042 5462">
    <p class='ocr_par' dir='ltr' id='par_1_104' title="bbox 397 5391 2042 5462">
     <span class='ocr_line' id='line_1_105' title="bbox 397 5391 2042 5462; baseline 0.002 -16"><span class='ocrx_word' id='word_1_763' title='bbox 397 5393 471 5446; x_wconf 92' lang='lat' dir='ltr'><strong>do</strong></span> <span class='ocrx_word' id='word_1_764' title='bbox 499 5391 779 5462; x_wconf 89' lang='lat' dir='ltr'><strong>injuriam</strong></span> <span class='ocrx_word' id='word_1_765' title='bbox 812 5393 987 5448; x_wconf 88' lang='lat' dir='ltr'><strong>faciat</strong></span> <span class='ocrx_word' id='word_1_766' title='bbox 1015 5393 1310 5459; x_wconf 89' lang='lat' dir='ltr'><strong>creditori,</strong></span> <span class='ocrx_word' id='word_1_767' title='bbox 1343 5392 1770 5448; x_wconf 90' lang='lat' dir='ltr'><strong>intolerabilius</strong></span> <span class='ocrx_word' id='word_1_768' title='bbox 1799 5400 1887 5450; x_wconf 91' lang='lat' dir='ltr'><strong>est</strong></span> <span class='ocrx_word' id='word_1_769' title='bbox 1937 5396 2042 5450; x_wconf 88' lang='lat' dir='ltr'><strong>uti-</strong></span> 
     </span>
    </p>
   </div>
   <div class='ocr_carea' id='block_1_105' title="bbox 3670 4672 3776 4742">
    <p class='ocr_par' dir='ltr' id='par_1_105' title="bbox 3670 4672 3776 4742">
     <span class='ocr_line' id='line_1_106' title="bbox 3670 4672 3776 4742; baseline -0.038 -16"><span class='ocrx_word' id='word_1_770' title='bbox 3670 4672 3776 4742; x_wconf 83' lang='lat' dir='ltr'><strong>ipse</strong></span> 
     </span>
    </p>
   </div>
   <div class='ocr_carea' id='block_1_106' title="bbox 2783 4881 3176 4939">
    <p class='ocr_par' dir='ltr' id='par_1_106' title="bbox 2783 4881 3176 4939">
     <span class='ocr_line' id='line_1_107' title="bbox 2783 4881 3176 4939; baseline -0.005 0"><span class='ocrx_word' id='word_1_771' title='bbox 2783 4881 3015 4939; x_wconf 86' lang='lat' dir='ltr'><strong>CAPUT</strong></span> <span class='ocrx_word' id='word_1_772' title='bbox 3048 4882 3176 4937; x_wconf 84' lang='lat' dir='ltr'><strong>VIII</strong></span> 
     </span>
    </p>
   </div>
   <div class='ocr_carea' id='block_1_107' title="bbox 2157 4971 3771 5048">
    <p class='ocr_par' dir='ltr' id='par_1_107' title="bbox 2157 4971 3771 5048">
     <span class='ocr_line' id='line_1_108' title="bbox 2157 4971 3771 5048; baseline -0.009 -19"><span class='ocrx_word' id='word_1_773' title='bbox 2157 4974 2294 5030; x_wconf 83' lang='lat' dir='ltr'><strong>Cain</strong></span> <span class='ocrx_word' id='word_1_774' title='bbox 2323 4973 2693 5048; x_wconf 70' lang='lat' dir='ltr'><strong>admonitione</strong></span> <span class='ocrx_word' id='word_1_775' title='bbox 2710 4971 3283 5048; x_wconf 71' lang='lat' dir='ltr'><strong>spreta_insolentiam</strong></span> <span class='ocrx_word' id='word_1_776' title='bbox 3331 4979 3381 5026; x_wconf 81' lang='lat' dir='ltr'><strong>et</strong></span> <span class='ocrx_word' id='word_1_777' title='bbox 3438 4971 3638 5048; x_wconf 73' lang='lat' dir='ltr'><strong>crimen</strong></span> <span class='ocrx_word' id='word_1_778' title='bbox 3685 4979 3771 5048; x_wconf 49' lang='lat' dir='ltr'><strong>aii-</strong></span> 
     </span>
    </p>
   </div>
   <div class='ocr_carea' id='block_1_108' title="bbox 2222 5033 3772 5114">
    <p class='ocr_par' dir='ltr' id='par_1_108' title="bbox 2222 5033 3772 5114">
     <span class='ocr_line' id='line_1_109' title="bbox 2222 5033 3772 5114; baseline -0.005 -15"><span class='ocrx_word' id='word_1_779' title='bbox 2222 5048 2326 5114; x_wconf 84' lang='lat' dir='ltr'><strong>get.</strong></span> <span class='ocrx_word' id='word_1_780' title='bbox 2356 5043 2612 5114; x_wconf 85' lang='lat' dir='ltr'><strong>Ejusdem</strong></span> <span class='ocrx_word' id='word_1_781' title='bbox 2643 5033 2821 5097; x_wconf 70' lang='lat' dir='ltr'><strong>verbis</strong></span> <span class='ocrx_word' id='word_1_782' title='bbox 2855 5059 2867 5097; x_wconf 94' lang='lat'><strong>:</strong></span> <span class='ocrx_word' id='word_1_783' title='bbox 2900 5043 3117 5097; x_wconf 86' lang='lat' dir='ltr'><strong>Eamus</strong></span> <span class='ocrx_word' id='word_1_784' title='bbox 3148 5043 3207 5097; x_wconf 91' lang='lat' dir='ltr'><strong>in</strong></span> <span class='ocrx_word' id='word_1_785' title='bbox 3259 5057 3554 5114; x_wconf 85' lang='lat' dir='ltr'><strong>campum,</strong></span> <span class='ocrx_word' id='word_1_786' title='bbox 3584 5033 3772 5114; x_wconf 73' lang='lat' dir='ltr'><strong>signi/l-</strong></span> 
     </span>
    </p>
   </div>
   <div class='ocr_carea' id='block_1_109' title="bbox 2223 5108 3770 5186">
    <p class='ocr_par' dir='ltr' id='par_1_109' title="bbox 2223 5108 3770 5186">
     <span class='ocr_line' id='line_1_110' title="bbox 2223 5108 3770 5186; baseline -0.008 -17"><span class='ocrx_word' id='word_1_787' title='bbox 2223 5108 2343 5170; x_wconf 64' lang='grc' dir='ltr'><strong>ἑανί</strong></span> <span class='ocrx_word' id='word_1_788' title='bbox 2367 5108 2669 5170; x_wconf 72' lang='lat' dir='ltr'><strong>ostenditur</strong></span> <span class='ocrx_word' id='word_1_789' title='bbox 2694 5115 2882 5186; x_wconf 85' lang='lat' dir='ltr'><strong>pravis</strong></span> <span class='ocrx_word' id='word_1_790' title='bbox 2911 5113 3216 5169; x_wconf 83' lang='lat' dir='ltr'><strong>actionibus</strong></span> <span class='ocrx_word' id='word_1_791' title='bbox 3245 5108 3456 5169; x_wconf 75' lang='lat' dir='ltr'><strong>deserta</strong></span> <span class='ocrx_word' id='word_1_792' title='bbox 3480 5112 3590 5166; x_wconf 85' lang='lat' dir='ltr'><strong>(cca</strong></span> <span class='ocrx_word' id='word_1_793' title='bbox 3616 5115 3664 5161; x_wconf 78' lang='lat' dir='ltr'><strong>et</strong></span> <span class='ocrx_word' id='word_1_794' title='bbox 3685 5108 3770 5159; x_wconf 81' lang='lat' dir='ltr'><strong>sle-</strong></span> 
     </span>
    </p>
   </div>
   <div class='ocr_carea' id='block_1_110' title="bbox 2222 5187 2687 5242">
    <p class='ocr_par' dir='ltr' id='par_1_110' title="bbox 2222 5187 2687 5242">
     <span class='ocr_line' id='line_1_111' title="bbox 2222 5187 2687 5242; baseline -0.009 0"><span class='ocrx_word' id='word_1_795' title='bbox 2222 5189 2355 5242; x_wconf 84' lang='lat' dir='ltr'><strong>rilia</strong></span> <span class='ocrx_word' id='word_1_796' title='bbox 2382 5187 2687 5242; x_wconf 83' lang='lat' dir='ltr'><strong>convenire.</strong></span> 
     </span>
    </p>
   </div>
   <div class='ocr_carea' id='block_1_111' title="bbox 2221 5291 3766 5371">
    <p class='ocr_par' dir='ltr' id='par_1_111' title="bbox 2221 5291 3766 5371">
     <span class='ocr_line' id='line_1_112' title="bbox 2221 5291 3766 5371; baseline -0.01 -14"><span class='ocrx_word' id='word_1_797' title='bbox 2221 5303 2311 5358; x_wconf 85' lang='lat'><strong>26.</strong></span> <span class='ocrx_word' id='word_1_798' title='bbox 2343 5300 2692 5357; x_wconf 86' lang='lat' dir='ltr'><strong>Admonitus</strong></span> <span class='ocrx_word' id='word_1_799' title='bbox 2725 5299 2903 5371; x_wconf 88' lang='lat' dir='ltr'><strong>igitur</strong></span> <span class='ocrx_word' id='word_1_800' title='bbox 2933 5305 2997 5354; x_wconf 91' lang='lat' dir='ltr'><strong>ut</strong></span> <span class='ocrx_word' id='word_1_801' title='bbox 3027 5298 3366 5371; x_wconf 90' lang='lat' dir='ltr'><strong>quiesceret,</strong></span> <span class='ocrx_word' id='word_1_802' title='bbox 3410 5299 3579 5368; x_wconf 87' lang='lat' dir='ltr'><strong>auget</strong></span> <span class='ocrx_word' id='word_1_803' title='bbox 3630 5291 3766 5346; x_wconf 89' lang='lat' dir='ltr'><strong>inso-</strong></span> 
     </span>
    </p>
   </div>
   <div class='ocr_carea' id='block_1_112' title="bbox 2151 5373 3767 5461">
    <p class='ocr_par' dir='ltr' id='par_1_112' title="bbox 2151 5373 3767 5461">
     <span class='ocr_line' id='line_1_113' title="bbox 2151 5373 3767 5461; baseline -0.012 -15"><span class='ocrx_word' id='word_1_804' title='bbox 2151 5391 2412 5457; x_wconf 89' lang='lat' dir='ltr'><strong>lentiam,</strong></span> <span class='ocrx_word' id='word_1_805' title='bbox 2446 5389 2679 5446; x_wconf 88' lang='lat' dir='ltr'><strong>acerbat</strong></span> <span class='ocrx_word' id='word_1_806' title='bbox 2736 5387 3046 5461; x_wconf 86' lang='lat' dir='ltr'><strong>flagitium.</strong></span> <span class='ocrx_word' id='word_1_807' title='bbox 3106 5388 3252 5454; x_wconf 91' lang='lat' dir='ltr'><strong>Quid</strong></span> <span class='ocrx_word' id='word_1_808' title='bbox 3307 5387 3488 5459; x_wconf 90' lang='lat' dir='ltr'><strong>igitur</strong></span> <span class='ocrx_word' id='word_1_809' title='bbox 3524 5381 3629 5439; x_wconf 90' lang='lat' dir='ltr'><strong>sibi</strong></span> <span class='ocrx_word' id='word_1_810' title='bbox 3663 5373 3767 5461; x_wconf 84' lang='lat' dir='ltr'><strong>vult</strong></span> 
     </span>
    </p>
   </div>
   <div class='ocr_carea' id='block_1_113' title="bbox 395 5459 3763 5553">
    <p class='ocr_par' dir='ltr' id='par_1_113' title="bbox 395 5459 3763 5553">
     <span class='ocr_line' id='line_1_114' title="bbox 395 5459 3763 5553; baseline -0.002 -19"><span class='ocrx_word' id='word_1_811' title='bbox 395 5495 527 5550; x_wconf 89' lang='lat' dir='ltr'><strong>que,</strong></span> <span class='ocrx_word' id='word_1_812' title='bbox 561 5459 746 5551; x_wconf 79' lang='lat' dir='ltr'><strong>quam</strong></span> <span class='ocrx_word' id='word_1_813' title='bbox 805 5497 919 5536; x_wconf 88' lang='lat' dir='ltr'><strong>non</strong></span> <span class='ocrx_word' id='word_1_814' title='bbox 978 5481 1302 5538; x_wconf 89' lang='lat' dir='ltr'><strong>reddidisse</strong></span> <span class='ocrx_word' id='word_1_815' title='bbox 1354 5482 1508 5553; x_wconf 87' lang='lat' dir='ltr'><strong>quod</strong></span> <span class='ocrx_word' id='word_1_816' title='bbox 1565 5482 1831 5539; x_wconf 89' lang='lat' dir='ltr'><strong>debebat.</strong></span> <span class='ocrx_word' id='word_1_817' title='bbox 1916 5484 2040 5540; x_wconf 88' lang='lat' dir='ltr'><strong>Non</strong></span> <span class='ocrx_word' id='word_1_818' title='bbox 2150 5481 2304 5552; x_wconf 90' lang='lat' dir='ltr'><strong>quod</strong></span> <span class='ocrx_word' id='word_1_819' title='bbox 2331 5480 2456 5536; x_wconf 89' lang='lat' dir='ltr'><strong>ait:</strong></span> <span class='ocrx_word' id='word_1_820' title='bbox 2527 5480 2728 5534; x_wconf 80' lang='lat' dir='ltr'><strong>Eamus</strong></span> <span class='ocrx_word' id='word_1_821' title='bbox 2791 5459 2852 5532; x_wconf 78' lang='lat' dir='ltr'><strong>in</strong></span> <span class='ocrx_word' id='word_1_822' title='bbox 2879 5493 3132 5548; x_wconf 87' lang='lat' dir='ltr'><strong>campum</strong></span> <span class='ocrx_word' id='word_1_823' title='bbox 3195 5475 3346 5548; x_wconf 84' lang='lat' dir='ltr'><strong>(Gen,</strong></span> <span class='ocrx_word' id='word_1_824' title='bbox 3380 5491 3454 5544; x_wconf 85' lang='lat' dir='ltr'><strong>IV,</strong></span> <span class='ocrx_word' id='word_1_825' title='bbox 3516 5473 3614 5541; x_wconf 92' lang='lat'><strong>8);</strong></span> <span class='ocrx_word' id='word_1_826' title='bbox 3668 5459 3763 5519; x_wconf 71' lang='grc' dir='ltr'><strong>ῐιίεί</strong></span> 
     </span>
    </p>
   </div>
   <div class='ocr_carea' id='block_1_114' title="bbox 463 5673 2038 5748">
    <p class='ocr_par' dir='ltr' id='par_1_114' title="bbox 463 5673 2038 5748">
     <span class='ocr_line' id='line_1_115' title="bbox 463 5673 2038 5748; baseline 0.005 -22"><span class='ocrx_word' id='word_1_827' title='bbox 463 5673 573 5745; x_wconf 86' lang='grc'><strong>(62)</strong></span> <span class='ocrx_word' id='word_1_828' title='bbox 606 5673 802 5745; x_wconf 82' lang='lat' dir='ltr'><strong>Antiq.</strong></span> <span class='ocrx_word' id='word_1_829' title='bbox 831 5673 994 5740; x_wconf 87' lang='lat' dir='ltr'><strong>edit.,</strong></span> <span class='ocrx_word' id='word_1_830' title='bbox 1015 5675 1104 5745; x_wconf 86' lang='lat' dir='ltr'><strong>adj</strong></span> <span class='ocrx_word' id='word_1_831' title='bbox 1117 5676 2038 5748; x_wconf 63' lang='lat' dir='ltr'><strong>icitur.Rom.etjmss.,addicitur.</strong></span> 
     </span>
    </p>
   </div>
  </div>
