3878 6208
169 308 276 377 3'73

1352 309 1456 373 DE
1498 309 1681 374 CAIN
1724 308 1825 372 ET
1868 307 2073 372 ABEL
2116 306 2266 372 LIB.
2313 302 2392 372 II.

3449 307 3571 372 374

175 445 303 522 quia
328 443 500 505 locus
531 445 734 505 nudus
763 441 1129 522 gignentium
1170 441 1405 518 eligitur
1446 442 1760 517 parricidio
1783 440 1812 499 ?
1846 443 1894 511 Α
1928 440 2279 500 conﬁtentis.
2313 441 2412 499 Est
2435 441 2703 516 quadam
2734 442 2794 500 in
2826 439 3079 517 peccatis
3108 441 3481 513 verecundia,
3515 445 3575 500 et

177 536 276 595 Ubi
323 535 481 594 enim
532 536 715 593 frater
760 536 1012 592 habebat
1058 533 1263 603 occidi,
1310 534 1425 590 nisi
1464 534 1564 590 ubi
1595 534 1818 589 fructus

178 626 435 684 deesset?
464 627 777 699 Tanquam
824 625 1181 699 praesagiens
1229 627 1439 680 natura
1466 622 1611 679 tanti
1640 622 1815 679 scele-

178 716 255 772 ris
279 715 406 772 loco
437 714 707 788 germina
739 715 1123 787 denegaverat
1155 731 1168 769 :
1202 713 1342 785 quia
1372 729 1485 768 non
1517 710 1817 769 convenie-

178 806 273 861 bat
301 808 368 860 ut
392 803 548 860 idem
579 802 771 859 solum
791 807 847 858 et
867 802 1136 876 contagia
1174 801 1535 875 parricidalis
1582 800 1818 872 sangui-

180 893 268 950 nis
298 892 582 965 reciperet
608 895 820 964 przster
849 894 1141 960 naturam,
1165 895 1221 947 et
1248 891 1473 946 fructus
1495 889 1818 945 secundum

180 986 447 1039 naturam
495 980 868 1054 germinaret.
920 979 1126 1036 Merito
1177 980 1301 1052 ipse
1349 978 1490 1034 dicit
1549 995 1561 1033 :
1622 979 1821 1033 Eamus

180 1073 238 1126 in
266 1086 542 1142 campum.
573 1069 698 1125 Non
741 1068 882 1124 dicit
913 1083 925 1123 :
957 1068 1175 1123 Eamus
1224 1068 1282 1122 in
1329 1066 1689 1140 paradisum,
1724 1065 1822 1120 ubi

182 1175 353 1232 poma
383 1159 615 1226 ﬂorent;
649 1174 765 1213 non
795 1157 856 1213 in
887 1156 1142 1229 aliquem
1192 1155 1416 1212 cultum
1469 1159 1526 1210 et
1566 1153 1821 1210 fructife-

181 1264 308 1305 rum
357 1247 572 1304 locum.
632 1245 748 1319 Ipsi
801 1245 1100 1319 parricidae
1148 1245 1710 1313 indicantlfructum
1764 1260 1826 1299 se

182 1337 416 1396 sceleris
446 1337 658 1394 habere
687 1353 802 1392 non
833 1352 1025 1409 posse,
1059 1352 1164 1392 nec
1194 1351 1372 1409 penes
1421 1352 1520 1391 eos
1568 1335 1823 1390 fructum

182 1443 438 1495 manere,
472 1426 570 1499 qui
600 1429 776 1482 tantae
822 1425 1108 1498 impietati
1164 1423 1515 1498 praebuerint
1544 1423 1824 1480 officium.

182 1516 326 1572 Nam
356 1515 546 1587 ipsam
578 1514 877 1586 refugiunt
919 1512 1341 1569 elementorum
1382 1512 1825 1584 benignitatem,

181 1610 246 1662 ut
290 1607 405 1661 iste
448 1603 586 1659 Cain
634 1602 734 1675 qui
782 1602 1015 1659 videtur
1059 1602 1283 1659 veritus
1329 1619 1402 1658 ne
1445 1602 1662 1674 largior
1689 1599 1829 1657 boni

180 1699 337 1751 terra
380 1696 695 1765 proventus
742 1691 909 1747 triste
954 1690 1182 1747 facinus
1230 1691 1557 1764 impediret,
1590 1694 1648 1745 et
1683 1689 1825 1744 libe-

1929 531 2280 604 poenitentiaa
2309 533 2495 606 portio
2525 533 2745 590 crimen
2772 532 2960 597 fateri,
2991 549 3098 589 nec
3140 533 3400 590 derivare
3447 532 3570 589 cul-

1928 637 2063 693 pam
2095 622 2231 694 (65),
2265 622 2364 678 sed
2398 638 2826 695 recognoscere.
2852 622 3080 696 Mitigat
3103 622 3362 694 judicem
3387 623 3577 694 pudor

1928 724 2183 779 reorum,
2242 710 2452 766 excitat
2508 716 2703 766 autem
2762 711 3079 783 pertinacia
3135 711 3571 784 denegantium.

1928 796 2068 853 Vult
2097 802 2152 853 te
2184 814 2495 870 provocare
2542 801 2613 854 ad
2658 800 3057 872 paenitentiam
3089 801 3202 873 (66)
3234 801 3407 869 Deus,
3452 800 3578 857 vult

1930 885 2001 941 de
2030 902 2091 941 se
2121 888 2343 959 sperari
2377 888 2822 961 indulgentiam,
2854 889 2981 945 vult
3028 890 3429 945 demonstrare
3475 894 3578 946 tua

1931 975 2294 1031 confessione
2326 978 2478 1048 quod
2513 994 2628 1033 non
2662 978 2740 1033 sit
2768 982 2970 1033 auctor
2999 978 3252 1034 malitiae.
3285 980 3431 1035 Nam
3473 979 3574 1051 qui

1932 1068 2235 1137 peccatum
2264 1082 2436 1121 suum
2472 1066 2541 1121 ad
2575 1068 2892 1138 quamdam
2934 1067 3210 1134 referunt,
3246 1072 3309 1123 ut
3328 1068 3576 1140 gentiles

1931 1158 2224 1219 asserunt,
2256 1154 2469 1210 decreti
2504 1159 2607 1211 aut
2636 1156 2828 1225 operis
2876 1156 2966 1211 sui
3019 1157 3448 1222 necessitatem,
3488 1158 3575 1211 di-

1932 1242 2065 1297 vina
2110 1259 2351 1316 arguere
2396 1245 2684 1312 videntur,
2739 1245 2909 1317 quasi
2958 1246 3219 1318 ipsorum
3270 1244 3355 1301 vis
3404 1262 3581 1301 causa

1934 1332 2149 1403 peccati
2192 1332 2287 1388 sit.
2341 1333 2448 1398 Qui
2501 1334 2658 1388 enim
2705 1334 3053 1391 necessitate
3101 1334 3297 1407 aliqua
3343 1340 3580 1391 coactus

1934 1420 2229 1486 occiderit,
2261 1422 2429 1493 quasi
2488 1422 2705 1478 invitus
2762 1422 2990 1479 occidit.
3039 1425 3118 1478 Ea
3174 1440 3307 1479 vero
3366 1441 3494 1496 qum
3551 1442 3586 1480 a

1935 1508 2105 1565 nobis
2134 1515 2291 1579 sunt,
2313 1512 2747 1567 excusationem
2780 1529 2895 1567 non
2927 1512 3149 1567 habent
3183 1530 3195 1569 :
3231 1529 3356 1584 quae
3387 1520 3584 1568 autem

1936 1602 2144 1671 praeter
2200 1615 2307 1655 nos
2361 1604 2519 1667 sunt,
2580 1600 2938 1656 excusabilia
2985 1606 3141 1656 sunt.
3194 1602 3307 1656 Sed
3364 1604 3582 1673 quanto

1936 1686 2172 1761 gravius
2203 1693 2439 1760 peccato
2471 1689 2599 1762 ipso
2629 1690 2700 1745 ad
2733 1691 2915 1746 Deum
2945 1691 3157 1746 referre
3179 1691 3335 1763 quod
3360 1691 3584 1758 feceris,

180 1781 432 1839 talitatis
462 1780 841 1837 assuetudine
871 1780 1162 1853 genitalis,
1196 1796 1323 1852 quae
1355 1778 1491 1835 facit
1535 1778 1646 1835 sibi
1676 1779 1829 1876 fetus
1860 1813 1908 1878 B
1939 1781 1998 1833 et
2042 1781 2241 1834 reatus
2290 1778 2373 1878 tui
2424 1778 2704 1835 invidiam
2755 1781 3168 1835 transfundere
3199 1781 3257 1834 in
3290 1783 3585 1836 auctorem

181 1876 238 1928 et
266 1871 498 1927 fructus
527 1868 718 1926 varios
749 1869 1197 1943 germinascere,
1225 1868 1285 1923 in
1317 1869 1426 1924 hoc
1458 1884 1690 1940 quoque
1710 1866 1829 1922 cri-
1860 1866 1906 1878 “’
1938 1882 2051 1921 non
2086 1866 2374 1933 criminis,
2408 1868 2508 1923 sed
2542 1868 2906 1924 innocentiae.

181 1958 362 2016 minis
394 1962 679 2031 apparatu
703 1956 792 2014 vel
824 1962 987 2013 muta
1016 1957 1208 2029 specie
1256 1957 1343 2013 sui
1395 1957 1717 2012 fraternum
1749 1971 1831 2010 re-

179 2050 416 2106 vocaret
444 2047 738 2102 aifectum.
780 2046 949 2102 Latro
997 2046 1150 2101 diem
1194 2045 1410 2118 refugit
1439 2045 1609 2117 quasi
1640 2043 1805 2099 crimi

180 2137 274 2193 nis
301 2140 541 2203 testem,
559 2133 750 2190 lucem
783 2133 1013 2190 adulter
1040 2134 1333 2191 erubescit
1361 2133 1531 2206 quasi
1561 2130 1831 2188 adulterii

180 2224 505 2289 consciam,
536 2223 831 2295 parricida
878 2226 1167 2279 terrarum
1217 2223 1633 2279 fecunditatem
1662 2220 1830 2292 fugit.

181 2313 489 2380 Quomodo
532 2310 695 2367 enim
752 2314 981 2383 poterat
1035 2311 1368 2367 communis
1398 2315 1600 2383 partus
1642 2310 1835 2365 videre

179 2400 502 2467 consortia,
525 2400 627 2473 qui
658 2403 989 2455 consortem
1019 2399 1112 2456 sui
1143 2398 1449 2473 sanguinis
1477 2396 1836 2454 trucidabat?

178 2489 402 2563 Joseph
451 2489 514 2543 in
565 2488 762 2543 lacum
809 2487 1064 2543 mittitur
1108 2487 1352 2555 siccum,
1411 2488 1620 2543 Annon
1682 2486 1838 2541 intra

181 2581 428 2638 domum
464 2576 769 2633 occiditur.
801 2576 1040 2631 Justum
1072 2576 1253 2649 igitur
1283 2580 1493 2632 natura
1521 2579 1611 2631 est
1628 2574 1839 2647 imper-

180 2670 290 2725 tita
311 2666 633 2742 judicium,
661 2680 730 2721 ea
758 2664 886 2721 loca
914 2664 974 2720 in
1007 2664 1223 2736 quibus
1253 2670 1376 2721 erat
1407 2665 1669 2720 futurum
1702 2680 1834 2735 par-

182 2757 485 2823 ricidium,
518 2754 782 2810 muneris
813 2753 904 2810 sui
930 2754 1063 2810 dote
1092 2753 1371 2827 privando
1407 2771 1419 2810 :
1452 2757 1518 2808 ut
1556 2770 1625 2808 ex
1668 2751 1834 2807 inno-

182 2847 370 2905 centis
401 2843 513 2902 soli
545 2844 799 2925 quadam
830 2842 1204 2899 damnatione
1243 2843 1581 2899 ostenderet.
1617 2845 1839 2913 quanta

184 2939 388 2993 essent
445 2934 646 2989 futura
704 2931 994 3005 supplicia
1059 2932 1364 2988 noxiorum
1413 2931 1545 3003 (63).
1599 2931 1839 3001 Propter

185 3025 383 3081 scelus
413 3021 596 3095 igitur
625 3020 934 3077 hominum
983 3023 1041 3076 et
1075 3019 1204 3092 ipsa
1232 3019 1518 3075 elementa
1545 3018 1836 3073 damnan-

2005 1956 2094 2009 28.
2154 1955 2450 2027 Perpende
2517 1961 2711 2012 autem
2766 1957 3067 2028 parricidae
3098 1957 3585 2030 responsionem:

1938 2044 2143 2110 Nescio,
2177 2044 2390 2116 inquit,
2422 2046 2691 2116 numquid
2729 2054 2903 2101 custos
2930 2048 3127 2118 fratris
3171 2048 3280 2101 mei
3324 2062 3416 2118 ego
3464 2063 3589 2102 sum

1940 2132 2095 2203 (Gen.
2130 2150 2206 2198 1v,
2237 2133 2335 2204 9)?
2365 2133 2483 2189 Etsi
2533 2135 2964 2191 contumaciam
3006 2136 3215 2207 prodat
3244 2134 3338 2190 hic
3369 2151 3585 2202 sermo,

1942 2225 2114 2276 sonat
2141 2225 2336 2277 tamen
2368 2221 2507 2294 quia
2532 2222 2579 2277 si
2614 2224 2832 2278 bonum
2866 2225 3102 2279 fratrem
3134 2223 3586 2292 considerasset,

1942 2316 2141 2365 custos
2199 2310 2401 2365 debuit
2447 2327 2574 2367 esse
2624 2311 2879 2383 pietatis.
2923 2313 3104 2377 Quem
3163 2311 3320 2367 enim
3378 2313 3589 2386 magis,

1944 2415 2120 2470 quam
2176 2398 2413 2454 fratrem
2475 2415 2706 2455 servare
2761 2401 3084 2457 debuerat?
3129 2403 3239 2461 Sed
3296 2402 3590 2473 quomodo

1942 2487 2349 2560 germanitatis
2380 2493 2636 2544 servaret
2683 2488 2963 2559 officium,
2999 2489 3095 2561 qui
3142 2489 3591 2546 necessitudinis

1944 2592 2058 2630 non
2111 2576 2445 2647 agnovisset
2493 2576 2763 2632 affectum
2795 2578 2903 2648 (67)
2930 2578 2957 2632 ?
2998 2580 3113 2633 Aut
3144 2578 3434 2650 quomodo
3467 2578 3590 2633 fieri

1945 2668 2160 2736 posset,
2190 2670 2253 2720 ut
2296 2668 2517 2720 natura:
2560 2665 2953 2722 obedientiam
3001 2667 3269 2733 deferret,
3325 2665 3425 2738 qui
3473 2666 3589 2721 Deo

1944 2752 2324 2809 reverentiam
2358 2771 2475 2808 non
2507 2753 2840 2809 exhiberet?
2881 2756 3065 2828 Negat
3111 2756 3366 2828 primum
3418 2755 3585 2828 quasi

1943 2842 2099 2913 apud
2130 2842 2497 2915 ignorantem
2532 2859 2545 2898 :
2582 2847 2812 2899 recusat
2844 2845 3107 2900 fraternae
3139 2861 3358 2901 munus
3389 2848 3589 2900 custo-

1943 2928 2071 2999 diae,
2102 2929 2269 3001 quasi
2300 2946 2498 2986 exsors
2529 2934 2784 2998 naturae;
2819 2930 3071 2986 declinat
3100 2930 3384 3002 judicem,
3418 2929 3589 3002 quasi

1942 3017 2090 3073 liber
2119 3017 2362 3073 arbitrii.
2394 3018 2539 3084 Quid
2561 3017 2792 3075 miraris
2813 3019 2861 3074 si
2888 3020 3159 3091 pietatem
3183 3036 3298 3075 non
3329 3019 3588 3093 agnovit,

184 3114 304 3168 tur.
341 3109 602 3181 Denique
629 3106 805 3163 David
840 3106 1137 3163 montibus
1182 3107 1242 3161 in
1292 3106 1509 3179 quibus
1554 3104 1835 3161 Jonathas
1874 3177 1901 3181 μ
1942 3106 2043 3178 qui
2093 3124 2209 3161 non
2262 3107 2498 3178 agnovit
2546 3107 2886 3162 auctorem?
2928 3108 2997 3163 Et
3047 3107 3173 3164 ideo
3214 3107 3441 3163 duceris
3479 3108 3588 3164 hac

182 3216 323 3257 cum
354 3177 523 3270 patre
547 3195 936 3267 interemptus
963 3199 1074 3261 est,
1104 3177 1393 3267 perpetuae
1440 3210 1673 3266 pinnam
1713 3198 1828 3250 ste-
1860 3177 1904 3245 (ἶ
1944 3177 2091 3252 serie
2120 3177 2552 3267 Scripturarum
2597 3196 2773 3251 ﬁdem
2820 3212 2948 3252 esse
3002 3196 3256 3252 radicem
3296 3197 3578 3252 virtutum

178 3285 424 3345 rilitatis
452 3283 670 3357 optavit
715 3284 913 3339 dicens
946 3300 959 3339 :
991 3285 1191 3340 Montes
1238 3285 1334 3355 qui
1378 3284 1504 3339 estis
1528 3285 1589 3338 in
1620 3282 1829 3352 Getboe,

180 3390 359 3449 neque
407 3388 519 3439 ros,
564 3387 739 3444 neque
779 3372 973 3444 pluvia
1030 3371 1189 3427 cadat
1241 3388 1405 3444 super
1452 3387 1542 3428 vos
1556 3389 1580 3436 ;
1628 3374 1834 3427 montes

179 3464 377 3521 me
407 3461 522 3533 (es)
553 3462 625 3533 (ιι
652 3462 778 3530 Reg.
809 3477 850 3529 ι,
880 3460 996 3531 21).

833 3565 1065 3622 CAPUT
1102 3565 1194 3621 IX.

192 3661 369 3715 Deum
420 3658 788 3720 interrogasse
836 3653 1088 3719 Cainum,
1119 3670 1226 3710 non
1271 3662 1332 3711 ut
1376 3655 1622 3720 disceret,
1650 3655 1741 3711 sed
1780 3662 1840 3711 ut

258 3745 385 3784 cum
415 3727 487 3782 ad
516 3725 882 3797 conﬁtendum
912 3726 1209 3782 induceret.
1246 3727 1420 3798 Hujus
1466 3729 1746 3798 responsio
1778 3729 1839 3781 in

258 3804 438 3856 Deum
466 3814 533 3854 ac
559 3801 822 3853 naturam
850 3798 1059 3869 impia;
1088 3799 1244 3869 eique
1286 3799 1529 3868 opposita
1578 3800 1675 3854 Dei
1722 3814 1831 3854 res-

255 3872 454 3942 ponsio
482 3870 862 3942 germanitatis
887 3869 1385 3942 pietatemegregie
1429 3869 1615 3925 docere
1666 3874 1842 3942 osten—

262 3939 436 3997 ditur.
470 3942 511 3995 Α
540 3941 647 4013 Deo
677 3941 843 4007 iustos
870 3939 1059 3995 audiri
1084 3941 1252 3995 etiam
1279 3947 1535 4006 mortuos,
1571 3940 1712 4013 quod
1748 3941 1812 3994 ni
1823 3970 1841 3980 ι

264 4015 477 4068 mirum
504 4013 559 4067 ei
584 4012 791 4079 vivant,
823 4018 873 4067 et
897 4013 1198 4083 peccatores
1226 4013 1432 4067 mortui
1457 4013 1696 4067 sintﬂos
1725 4028 1844 4067 ma-

1939 3285 2226 3341 omnium.
2257 3284 2419 3339 Unde
2462 3287 2516 3338 et
2564 3283 2879 3355 Apostolus
2907 3285 2987 3338 ait
3019 3300 3033 3338 :
3065 3287 3213 3354 Quia
3253 3285 3582 3356 fundamen-

1938 3377 2059 3429 tum
2089 3376 2331 3429 nostrum
2364 3373 2605 3429 Christus
2650 3375 2726 3428 est
2774 3373 2821 3444 (Ι
2872 3373 2990 3429 Cor.
3048 3390 3129 3441 III,
3173 3374 3292 3444 11);
3327 3378 3383 3429 et
3412 3372 3585 3447 quid-

1943 3462 2084 3535 quid
2116 3478 2295 3534 supra
2324 3461 2433 3516 hoc
2465 3462 2912 3516 fundamentum
2943 3462 3335 3531 aediﬁcaveris,
3359 3462 3470 3519 hoc
3501 3479 3588 3519 so-

1943 3550 2066 3605 lum
2099 3551 2170 3606 ad
2202 3549 2394 3621 operis
2425 3550 2509 3604 tui
2553 3549 2828 3627 fructum,
2860 3554 2916 3606 et
2946 3551 3017 3606 ad
3047 3550 3280 3607 virtutis
3310 3551 3590 3624 proficere

1945 3639 2293 3694 mercedem.

2015 3728 2105 3783 29.
2140 3730 2403 3801 Congrue
2432 3726 2612 3799 igitur
2640 3728 2942 3800 respondit
2982 3728 3267 3785 Dominus
3312 3733 3435 3786 tam
3481 3730 3594 3785 im-

1949 3818 2268 3891 prudenter
2295 3818 2552 3889 negauti,
2587 3817 2787 3873 dicens
2848 3834 2860 3872 :
2915 3819 3024 3874 Vox
3067 3821 3360 3888 sanguinis
3401 3821 3595 3889 fratris

1949 3908 2034 3963 tui
2061 3906 2131 3960 ad
2160 3921 2245 3961 me
2273 3907 2473 3960 clamat
2503 3906 2656 3978 (Gen.
2689 3923 2765 3972 IV,
2792 3907 2902 3977 10).
2937 3906 3044 3962 hoc
3094 3911 3204 3974 est,
3247 3924 3354 3964 cur
3405 3908 3596 3964 nescis

1952 3995 2052 4050 ubi
2085 3998 2173 4049 est
2203 3995 2381 4049 frater
2418 3995 2601 4048 tuus?
2648 3993 2767 4049 Soli
2814 3995 2991 4049 eratis
3046 4012 3178 4050 cum
3233 3995 3465 4050 duobus
3496 4012 3597 4066 pa-

271 4085 340 4139 lis
366 4084 731 4155 praesentibus
760 4097 824 4155 ac
848 4082 1054 4153 futuris
1081 4083 1519 4153 cruciari,magis
1539 4091 1718 4139 tamen
1736 4083 1845 4138 sot-
1956 4084 2240 4143 rentibus,
2268 4083 2420 4137 inter
2449 4099 2666 4153 paucos
2701 4083 2877 4138 frater
2926 4087 2982 4138 te
3022 4082 3201 4139 latere
3230 4100 3347 4139 non
3374 4083 3596 4140 debuit.

272 4153 486 4212 ticitari
508 4153 888 4226 praesentibus.

2010 4189 2040 4226 n
2072 4171 2210 4243 quia
2239 4175 2509 4243 parentes
2534 4169 2618 4224 tui
2649 4174 3014 4226 accusatores
3035 4187 3164 4227 esse
3190 4188 3305 4226 non
3328 4172 3604 4243 possunl?

270 4264 362 4318 27.
398 4260 567 4318 Nunc
595 4258 1033 4316 consideremus
1063 4275 1181 4331 qua
1210 4259 1432 4316 ratione
1478 4260 1853 4333 interrogavit
1957 4260 2101 4317 Nolo
2127 4260 2283 4316 enim
2314 4263 2377 4313 ut
2407 4275 2475 4314 ea
2507 4257 2875 4314 necessitudo
2906 4276 3032 4330 quae
3061 4264 3150 4316 est
3194 4264 3399 4315 auctor
3444 4258 3602 4316 salu-

206 4349 359 4406 Deus
406 4348 547 4405 Cain
594 4348 698 4403 ubi
749 4351 903 4404 esset
952 4348 1131 4403 frater
1176 4364 1343 4415 suus,
1384 4349 1554 4419 quasi
1604 4349 1856 4404 nesciret
1960 4349 2057 4415 tis,
2094 4350 2196 4403 fiat
2225 4352 2426 4402 auctor
2455 4346 2715 4418 periculi.
2752 4347 2813 4402 In
2866 4356 2917 4403 le
2962 4349 3087 4403 solo
3135 4347 3294 4421 leges
3324 4365 3463 4405 suas
3501 4365 3604 4404 na-

207 4438 488 4495 oecisum.
555 4436 665 4493 Sed
734 4436 891 4509 quod
952 4436 1025 4491 ad
1086 4436 1389 4492 scientiam
1448 4437 1548 4493 Dei
1610 4442 1854 4510 spectat,
1962 4443 2095 4494 tura
2125 4436 2544 4492 amiserit.ldeo
2576 4452 2712 4508 ergo
2761 4442 2933 4508 putas
2982 4437 3201 4492 crimen
3235 4436 3435 4503 latere,
3469 4438 3610 4510 quia

208 4532 521 4600 negantem
555 4525 768 4598 arguit,
791 4529 849 4581 et
876 4524 1159 4580 inﬁcianti
1190 4525 1359 4597 quasi
1390 4526 1580 4582 sciens
1610 4543 1854 4598 respon-
1889 4551 1934 4615 Β
1966 4532 2234 4600 parentes
2265 4542 2537 4581 accusare
2586 4543 2699 4580 non
2752 4526 3000 4582 debent?
3033 4527 3140 4582 Sed
3190 4544 3255 4582 eo
3296 4528 3485 4599 major
3521 4530 3613 4583 est

208 4616 295 4671 dit
324 4632 340 4671 :
382 4617 495 4672 νοω
521 4616 812 4684 sanguinis
839 4616 1034 4685 fratris
1082 4616 1167 4669 tui
1211 4614 1280 4669 ad
1325 4631 1411 4671 me
1455 4614 1659 4671 clamat
1702 4618 1855 4687 (Gen.
1967 4615 2373 4672 condemnatio
2406 4623 2525 4669 tua.
2560 4614 2705 4670 Nam
2738 4616 2787 4670 si
2819 4615 2996 4671 chara
3025 4617 3478 4672 necessitudinis
3510 4633 3611 4672 no-

210 4720 286 4771 IV,
321 4703 413 4775 10)
447 4719 460 4758 :
495 4702 649 4775 quod
681 4705 877 4759 autem
905 4703 977 4758 ad
1008 4702 1294 4758 rationem
1325 4704 1676 4775 profundam
1725 4706 1859 4760 atti-
1971 4706 2130 4760 mina
2179 4721 2451 4759 accusare
2482 4720 2593 4757 non
2629 4704 2863 4772 debent,
2894 4704 3079 4761 multo
3131 4705 3319 4777 magis
3363 4721 3477 4760 non
3515 4704 3612 4759 de-

210 4796 331 4859 net,
381 4792 539 4849 219
592 4794 898 4864 peccantes
957 4791 1233 4847 admonet
1294 4792 1366 4847 ad
1439 4792 1859 4864 pcenitentiam.
1970 4794 2111 4849 bent
2140 4792 2420 4848 occidere.
2472 4792 2582 4847 Sed
2615 4792 2663 4847 si
2716 4809 2808 4848 me
2854 4797 3060 4850 testem
3108 4792 3341 4857 abnuis,
3373 4796 3429 4847 et
3456 4792 3617 4847 retu-

214 4879 516 4937 Confessio
563 4878 721 4936 enim
770 4896 1075 4953 prunarum
1123 4880 1533 4952 compendium
1566 4888 1672 4937 est.
1726 4882 1864 4938 Inde
1972 4882 2063 4956 gis
2092 4881 2402 4946 arbitrum,
2434 4898 2541 4937 vox
2572 4881 2877 4953 sanguinis
2929 4881 3124 4936 fratris
3172 4880 3260 4935 tui
3312 4879 3477 4935 testis
3508 4883 3618 4947 est,

214 4969 273 5026 in
295 4968 548 5042 judiciis
595 4967 975 5026 saecularibus
1018 4968 1277 5041 impositi
1309 4968 1557 5041 equuleo
1589 4975 1863 5043 torquen-
1975 4989 2102 5044 qua:
2133 4971 2202 5026 ad
2232 4986 2325 5025 me
2353 4969 2585 5025 clamat.
2632 4968 2734 5024 Illa
2783 4974 2839 5024 te
2879 4970 3098 5039 majore
3148 4967 3492 5024 auctoritate
3534 4984 3622 5022 ar-

218 5062 315 5114 tur
344 5062 650 5133 negantes,
682 5061 741 5113 et
769 5059 1037 5130 quaedam
1068 5056 1258 5131 tangit
1287 5057 1541 5130 iudicem
1572 5059 1875 5115 miseratio
1977 5060 2123 5133 guit,
2156 5076 2330 5131 quam
2365 5057 2412 5113 si
2446 5058 2624 5114 frater
2653 5057 2880 5114 viveret.
2912 5056 3029 5112 Soli
3060 5056 3263 5113 eratis:
3302 5055 3435 5128 quis
3486 5070 3622 5111 eum

292 5274 404 5343 (63)
451 5272 601 5345 Edit.
654 5273 766 5329 Vet
794 5315 808 5339 ,
857 5272 1154 5345 ostenderet
1204 5274 1398 5344 futura
1444 5274 1716 5345 supplicia
1772 5292 1870 5331 no-
2054 5274 2162 5345 (64)
2193 5272 2389 5345 Montes
2420 5288 2494 5345 m_.
2524 5271 2582 5324 in
2616 5271 2739 5345 sola
2769 5273 2936 5328 Rom.
2970 5270 3107 5328 edit.
3139 5268 3566 5345 desiderantur.

222 5339 401 5401 ziora.
456 5344 649 5419 Rom,
687 5344 989 5419 ostenderet
1034 5339 1237 5415 quanto
1289 5347 1471 5419 forent
1512 5339 1747 5402 h'orciora
1781 5351 1872 5419 fu-
2055 5339 2163 5419 (ὃᾷ)
2196 5344 2303 5419 Ms.
2342 5342 2545 5419 Laud,
2563 5357 2676 5419 rec
2701 5344 2956 5415 dejurare
2983 5345 3221 5419 culpam.
3273 5339 3483 5419 Melius
3530 5339 3627 5396 alii

225 5420 350 5472 tura
382 5417 675 5488 supplicia.
709 5417 850 5489 Mss.
873 5412 1155 5489 quatuor,
1189 5412 1492 5489 ostenderet
1528 5427 1744 5489 quanta
1781 5412 1872 5474 "es-
1984 5425 2038 5474 et
2063 5412 2229 5483 edit,
2262 5414 2530 5489 derivare.
2563 5412 2665 5489 Est
2694 5412 2889 5469 autem
2921 5412 3153 5487 culpam
3186 5413 3466 5481 derivare,
3498 5428 3628 5468 eam

225 5495 340 5543 sent
380 5484 585 5562 futura
639 5484 919 5562 supplicia
984 5488 1233 5562 noxiorq.
1314 5484 1649 5562 Legendum
1683 5489 1876 5562 Afortc,
1988 5508 2021 5546 a
2050 5484 2414 5562 seinjilium
2446 5484 2781 5562 transferre.

225 5555 420 5630 quanto
468 5561 668 5631 essent,
699 5555 809 5616 etc.
842 5559 959 5631 Nos
1006 5575 1139 5616 vero
1190 5558 1370 5613 Laud.
1397 5555 1639 5631 'codicis
1683 5555 1878 5617 lectio;
2059 5560 2171 5631 (66)
2204 5558 2347 5631 Tres
2377 5572 2518 5612 mss.
2554 5555 2667 5610 uult
2690 5558 2745 5631 te
2771 5571 3065 5631 prouocare
3093 5556 3162 5612 ad
3191 5557 3429 5614 veniam.

228 5628 382 5700 nem,
413 5634 481 5688 ut
510 5630 781 5690 omnium
812 5630 1117 5704 optimam,
1141 5646 1352 5688 sumus
1383 5630 1588 5686 secuti.
2061 5628 2172 5703 (67)
2203 5629 2467 5699 Div.,non
2498 5629 2803 5700 agnovisset
2831 5628 3099 5700 effectum.
