3878 6208
318 366 437 433 3'25

1777 369 1842 432 S.
1889 367 2269 432 AMBROSII

3606 370 3727 431 3'76

319 500 512 577 potuit
538 497 687 561 alter
711 501 1009 562 occidere?
1035 502 1095 561 Si
1125 520 1365 562 accusas
1399 509 1687 577 parentes,
1719 501 1966 577 parrici-
1992 501 2048 569 Α
2076 501 2199 558 Non
2230 505 2320 559 est
2346 518 2483 577 ergo
2514 502 2759 561 dubium
2792 498 2945 578 quod
2975 519 3109 561 eum
3138 506 3194 560 et
3223 502 3528 577 superiora
3556 503 3728 560 dam-

322 594 459 652 dam
489 592 722 667 probas.
747 594 942 650 Potuit
970 594 1205 649 fratrem
1239 593 1519 661 occidere,
1555 594 1653 666 qui
1686 611 1800 650 non
1831 610 1968 664 par-

322 683 403 739 cit
431 682 793 756 parentibus.
844 683 1039 739 Potuit
1085 683 1373 757 parricida
1402 685 1556 740 220
1586 700 1733 751 esse,
1766 682 1866 755 qui
1898 682 1969 738 de

322 771 633 847 parricidis
654 787 715 828 se
740 775 932 827 ortum
962 773 1208 844 probare
1239 774 1549 829 desiderat.

393 860 483 917 30.
510 862 581 916 Et
609 860 755 916 bene
779 859 863 915 ait
893 875 907 915 :
947 862 1057 917 Vox
1082 863 1369 932 sanguinis
1398 864 1594 932 fratris
1612 864 1697 917 tui
1742 861 1967 926 clamat,

323 965 439 1005 non
471 948 652 1005 frater
678 947 913 1005 clamat.
962 948 1081 1005 Hoc
1128 950 1462 1006 innocentia
1508 954 1565 1005 et
1611 950 1799 1021 gratia
1840 964 1967 1021 ger-

321 1037 624 1094 manitatis
653 1036 828 1093 etiam
855 1037 916 1092 in
947 1038 1077 1111 ipsa
1107 1042 1293 1093 morte
1322 1043 1513 1093 servat
1543 1040 1674 1110 (68).
1706 1037 1832 1092 Non
1874 1052 1968 1091 ac-

320 1128 490 1183 cusat
518 1126 696 1183 frater
721 1125 886 1194 Abel,
918 1143 991 1181 ne
1038 1126 1308 1182 videatur
1358 1127 1664 1200 parricida.
1698 1127 1823 1181 Non
1874 1142 1968 1180 ac-

321 1219 492 1273 cnsat
517 1232 625 1271 vox
656 1214 865 1288 ipsius,
899 1232 1015 1271 non
1043 1215 1241 1271 anima
1270 1217 1418 1287 ejus,
1453 1217 1554 1271 sed
1588 1232 1690 1271 vox
1731 1215 1967 1288 sangui-

322 1304 417 1361 nis
472 1307 729 1371 accusat,
780 1322 955 1377 quem
1012 1308 1139 1379 ipse
1196 1305 1415 1360 fudisti.
1468 1306 1660 1361 Tuum
1717 1309 1773 1360 te
1831 1322 1967 1378 ergo

321 1393 571 1460 facinus,
603 1410 719 1450 non
768 1394 946 1451 frater
992 1393 1443 1452 accusat.Simul
1489 1393 1725 1465 querela
1772 1393 1967 1449 crimi-

321 1499 469 1540 noso
498 1483 613 1556 (69)
644 1482 1074 1540 adimitur.Non
1109 1487 1299 1556 potest
1328 1484 1399 1537 de
1426 1482 1613 1538 alieno
1636 1483 1969 1538 testimonio

322 1570 511 1645 queri,
570 1570 672 1644 qui
727 1570 949 1628 crimen
1006 1571 1240 1644 proprio
1314 1572 1568 1627 facinore
1639 1572 1967 1627 confitetur.

323 1660 515 1717 Minor
560 1663 650 1716 est
698 1675 911 1728 sermo,
945 1677 1123 1733 quam
1162 1660 1401 1715 factum.
1436 1661 1538 1716 Est
1567 1664 1761 1715 tamen
1793 1660 1967 1716 etiam

321 1752 479 1805 terra
505 1748 695 1816 testis,
730 1764 857 1821 qua:
905 1748 1055 1820 cepit
1101 1748 1473 1822 sanguinem.
1510 1748 1576 1804 Et
1622 1749 1769 1804 bene
1819 1749 1901 1804 ait
1953 1766 1966 1805 :

2078 592 2360 661 naverint,
2415 610 2589 665 quem
2638 591 2914 650 inferiora
2958 595 3332 651 damnarunt.
3376 594 3524 649 Nam
3579 611 3725 665 quo-

2080 682 2250 736 modo
2317 681 2638 738 absolvitur
2704 700 2851 754 pura
2917 682 3037 738 illic
3102 682 3434 754 caelestique
3498 687 3729 739 senten-

2076 769 2159 825 tia
2214 770 2328 840 (71)
2383 788 2557 842 quem
2621 788 2723 826 nec
2789 776 2953 827 terra:
3023 776 3336 843 potuerunt
3391 772 3730 828 absolvere?

2077 858 2147 913 Et
2175 858 2303 914 ideo
2334 875 2573 931 gemens
2606 864 2663 915 et
2692 864 2951 917 tremens
2972 862 3217 933 jubetur
3244 877 3371 916 esse
3402 878 3580 933 super
3608 866 3725 915 tcr-

2078 964 2226 1002 ram.

2146 1036 2233 1090 32.
2270 1036 2514 1092 Evidens
2562 1037 2967 1109 generalisque
3016 1038 3182 1104 ratio,
3217 1038 3352 1111 quia
3410 1040 3567 1095 omni
3614 1040 3725 1095 im-

2078 1126 2256 1196 probo
2288 1124 2443 1181 mala
2471 1127 2705 1195 adsunt,
2736 1132 2791 1183 et
2822 1128 3094 1183 adfutura
3126 1132 3285 1184 sunt.
3318 1130 3452 1194 Quae
3484 1129 3726 1195 adsunt,

2076 1214 2375 1268 tristitiam
2441 1220 2788 1287 operantur;
2859 1234 2985 1288 quae
3054 1217 3269 1285 futura,
3328 1218 3724 1273 formidinem.

2077 1301 2188 1358 Sed
2222 1302 2555 1375 improbum
2589 1304 2722 1376 plus
2754 1305 3076 1377 praesentia,
3103 1322 3281 1378 quam
3326 1306 3524 1361 futura
3570 1308 3720 1363 221

2078 1390 2412 1447 sollicitant.
2448 1392 2609 1447 Unde
2658 1397 2715 1448 et
2758 1393 2894 1448 Cain
2943 1393 3086 1448 dixit
3134 1394 3204 1448 ad
3254 1395 3435 1449 Deum
3491 1411 3504 1450 :
3554 1396 3731 1465 Major

2077 1496 2243 1535 causa
2271 1497 2391 1536 mea
2420 1485 2520 1545 est,
2550 1499 2715 1553 quam
2758 1491 2820 1538 ut
2856 1483 3167 1538 dimittatur
3194 1483 3353 1537 mihi.
3389 1484 3448 1539 Si
3484 1483 3726 1539 derelin-

2079 1585 2207 1640 ques
2235 1584 2320 1624 me
2349 1569 2530 1637 hodie,
2577 1587 2611 1625 a
2655 1572 2797 1640 facie
2844 1575 2938 1625 tua
2985 1572 3310 1627 abscondam
3340 1588 3425 1628 me
3453 1571 3603 1642 (Gen.
3648 1589 3727 1640 iv,

2080 1657 2168 1724 i3,
2210 1658 2313 1728 Μ).
2349 1657 2505 1713 Nihil
2539 1658 2696 1714 enim
2729 1659 2963 1731 gravius
2993 1677 3167 1732 quam
3200 1665 3490 1716 errantem
3539 1678 3574 1716 a
3611 1661 3729 1717 Deo

2079 1745 2291 1814 deseri,
2321 1750 2388 1801 ut
2417 1763 2478 1803 se
2509 1762 2776 1803 revocare
2824 1765 2939 1803 non
2984 1749 3189 1820 possit.
3223 1749 3378 1805 Mors
3407 1750 3730 1821 peccatoris

323 1836 437 1893 Vox
478 1837 765 1908 sanguinis
821 1839 1017 1908 fratris
1071 1839 1157 1892 tui
1206 1836 1273 1892 de
1328 1840 1476 1891 terra
1532 1836 1737 1892 clamat
1782 1854 1802 1890 :
1853 1852 1967 1890 non
2001 1865 2048 1931 Β
2081 1835 2256 1931 finem
2288 1836 2565 1931 peccandi
2595 1837 2762 1892 affert
2806 1854 2819 1892 :
2869 1837 2988 1892 vita
3037 1841 3234 1893 autem
3280 1838 3475 1894 divino
3513 1839 3728 1911 guber—

324 1924 491 1993 dixit,
523 1925 594 1980 de
622 1924 819 1981 fratris
849 1925 1063 1981 clamat
1107 1942 1366 1998 corpore,
1414 1925 1515 1980 sed
1556 1924 1621 1980 de
1650 1927 1801 1980 terra
1847 1924 1967 1980 cta-

319 2019 456 2070 mat.
521 2012 592 2069 Et
651 2013 702 2069 si
759 2012 938 2070 frater
993 2013 1197 2086 parcit,
1251 2017 1407 2069 terra
1463 2029 1577 2069 non
1636 2013 1841 2085 parcit.
1908 2013 1968 2068 Si

325 2102 505 2159 frater
533 2105 706 2168 tacet,
755 2106 912 2159 terra
956 2103 1328 2159 condemnat.
1377 2102 1509 2174 Ipsa
1556 2105 1663 2166 est,
1714 2101 1772 2157 in
1816 2104 1873 2157 te
1916 2105 1971 2157 et

322 2191 494 2248 testis
522 2194 578 2248 et
599 2191 784 2263 judex
812 2208 826 2247 :
859 2190 1030 2247 testis
1062 2191 1269 2256 acrior,
1294 2207 1422 2262 qua:
1452 2189 1643 2245 adhuc
1674 2190 1971 2263 parricidii

321 2280 411 2335 tui
436 2280 725 2352 sanguine
764 2279 962 2335 madet
1015 2295 1028 2334 :
1073 2278 1257 2350 judex
1302 2277 1581 2351 asperior,
1634 2295 1762 2351 quas
1809 2284 1970 2336 tanto

324 2367 544 2425 scelere
574 2367 954 2440 coinquinata
1008 2370 1117 2437 est,
1149 2372 1215 2423 ut
1265 2367 1513 2439 aperiret
1558 2385 1622 2423 os
1671 2385 1868 2432 suum,
1914 2374 1972 2424 et

326 2457 617 2530 exciperet
644 2458 991 2530 sanguinem
1042 2456 1241 2513 fratris
1287 2456 1371 2512 tui
1418 2458 1489 2512 de
1539 2474 1717 2512 manu
1748 2462 1867 2513 tua.
1902 2458 1972 2513 Et

323 2545 427 2603 illa
450 2545 689 2618 quidem
740 2547 968 2618 aperuit
1015 2563 1079 2602 os
1122 2562 1320 2614 suum,
1353 2546 1524 2617 quasi
1563 2550 1874 2619 exceptura
1901 2547 1972 2602 de

323 2634 604 2691 fratribus
637 2634 813 2691 verba
842 2634 1095 2707 pietatis,
1130 2634 1274 2690 nihil
1322 2634 1537 2692 timens
1582 2652 1715 2689 cum
1765 2635 1971 2691 fratres

321 2724 565 2793 videret,
602 2740 735 2797 qum
763 2724 939 2780 sciret
959 2725 1061 2796 jus
1092 2722 1499 2797 germanitatis
1523 2724 1743 2779 amoris
1773 2723 1969 2779 incen-

320 2812 509 2870 tivum
539 2826 688 2883 esse,
721 2829 838 2868 non
868 2812 1006 2868 odii.
1038 2812 1185 2868 Nam
1234 2812 1525 2883 quomodo
1576 2816 1800 2883 poterat
1839 2830 1972 2885 par-

322 2901 598 2958 ricidium
618 2903 977 2973 suspeetare,
1011 2917 1137 2972 quis
1168 2900 1362 2955 adhuc
1392 2917 1507 2956 non
1538 2900 1760 2956 viderat
1789 2900 1974 2956 homi-

325 2988 589 3046 cidium?
616 2988 728 3045 Sed
759 2991 824 3044 tu
850 2987 1108 3044 etfudisti
1147 2988 1517 3060 sanguinem,
1551 2990 1721 3061 cujus
1768 2989 1972 3046 dolens

322 3077 455 3151 ipsa
482 3075 818 3152 contagium
851 3093 865 3134 :
896 3078 1011 3134 Non
1039 3078 1258 3150 augebit
1286 3077 1419 3149 (70),
1460 3076 1670 3150 inquit,
1715 3079 1973 3134 virtutem

326 3183 484 3223 suam
527 3165 661 3224 dare
704 3167 808 3223 tibi
850 3166 1020 3239 (Ibid.
1074 3168 1182 3235 12).
1234 3167 1418 3231 Quam
1476 3167 1755 3222 innocens
1803 3166 1968 3235 ultio,

2080 1923 2287 1979 naculo
2337 1923 2616 1980 destituta
2663 1925 3074 1997 praecipitatur,
3106 1929 3163 1981 et
3192 1926 3251 1980 in
3281 1926 3548 1999 graviora
3594 1944 3728 1999 pro-

2076 2011 2322 2080 labitur;
2358 2017 2424 2067 ut
2464 2016 2513 2067 si
2557 2029 2792 2085 gregem
2836 2018 3035 2086 pastor
3084 2014 3395 2087 relinquat,
3425 2015 3732 2073 incursent

2079 2099 2275 2156 bestia:
2312 2116 2323 2155 :
2359 2100 2440 2157 ita
2488 2117 2622 2156 cum
2674 2105 2826 2159 Deus
2874 2102 3092 2158 deserit
3137 2102 3458 2171 hominem,
3505 2104 3731 2177 ingruit

2080 2190 2368 2246 diabolus.
2412 2190 2594 2248 Grave
2640 2195 2728 2248 est
2772 2192 3095 2264 przesertim
3126 2192 3545 2265 insipientibus
3613 2211 3730 2250 non

2077 2278 2294 2335 habere
2322 2284 2624 2335 rectorem.
2674 2280 2867 2352 Serpit
2918 2280 3161 2347 malitia,
3194 2280 3410 2337 vulnus
3457 2288 3728 2353 augetur,

2078 2368 2179 2422 ubi
2239 2368 2525 2424 medicina
2573 2368 2842 2425 defuerit.
2899 2369 3220 2425 Ahscondit
3272 2386 3334 2425 se
3385 2375 3585 2426 autem
3633 2371 3733 2442 qui

2078 2456 2270 2512 velare
2345 2456 2467 2511 vult
2533 2456 2787 2529 culpam,
2857 2462 2913 2513 et
2977 2463 3173 2531 tegere
3220 2464 3546 2530 peccatum.
3625 2460 3732 2523 Qui

2079 2546 2235 2601 enim
2290 2544 2440 2600 male
2472 2545 2592 2618 agit
2620 2546 2743 2601 odit
2771 2545 3057 2612 lucem,et
3085 2547 3357 2603 tenebras
3394 2551 3451 2602 et
3480 2564 3731 2604 suorum

2082 2633 2290 2706 quaerit
2319 2632 2564 2689 latibula
2595 2633 2960 2690 delictorum.
2992 2635 3200 2691 Justus
3229 2640 3421 2691 autem
3446 2653 3564 2692 non
3600 2638 3735 2693 abs-

2082 2722 2332 2777 condere
2364 2738 2427 2778 se
2457 2740 2491 2778 a
2522 2722 2768 2778 Domino
2801 2725 2914 2779 Deo
2946 2741 3076 2789 suo,
3107 2724 3208 2779 sed
3253 2725 3381 2795 ipse
3428 2726 3627 2798 magis
3674 2744 3736 2783 se

2086 2810 2294 2866 offerre
2320 2811 2623 2867 consuevit
2665 2811 2913 2867 dicens:
2959 2812 3100 2867 Ecce
3123 2828 3257 2867 sum
3304 2829 3412 2884 ego
3459 2813 3563 2885 qui
3618 2832 3734 2870 non

2081 2897 2266 2954 habeo
2332 2899 2709 2955 criminosam
2761 2899 3199 2966 conscientiam,
3252 2910 3431 2973 quam
3485 2901 3736 2959 timeam

2082 2987 2459 3059 deprehendi.

2152 3076 2240 3131 33.
2276 3074 2478 3131 Merito
2508 3091 2643 3148 ergo
2696 3091 2756 3131 se
2805 3077 3111 3133 abscondit
3153 3076 3305 3132 male
3351 3078 3649 3148 conscius,
3682 3086 3738 3135 et

2085 3162 2167 3218 ait
2199 3180 2212 3218 :
2250 3163 2439 3220 Omnis
2469 3166 2566 3236 qui
2590 3167 2863 3220 invenerit
2909 3182 3013 3233 me,
3064 3165 3264 3221 occidet
3306 3182 3393 3222 me
3423 3166 3588 3237 (Ibid.
3626 3170 3735 3239 14),

328 3258 395 3312 ut
424 3273 551 3330 quas
581 3259 702 3312 tam
734 3235 986 3329 graviter
1007 3254 1220 3311 violata
1249 3255 1593 3324 fuerit,satis
1618 3255 1841 3312 habens
1859 3273 1973 3312 non
2005 3235 2048 3301 (ἶ
2090 3256 2363 3325 Augustas
2409 3235 2623 3308 mentis
2676 3252 2850 3308 homo
2902 3259 3246 3325 praesentem
3279 3235 3523 3310 mortem
3574 3235 3736 3313 vere;

327 3344 624 3418 prodesse,
660 3361 775 3401 non
807 3348 1029 3417 quierat
1058 3361 1284 3400 nocere.

398 3434 488 3489 31.
520 3433 647 3489 Non
688 3433 979 3489 mediocre
1026 3433 1201 3489 etiam
1250 3433 1465 3505 dogma
1510 3433 1665 3506 quod
1706 3433 1825 3489 ait:
1866 3435 1975 3489 Vox

325 3524 618 3592 sanguinis
670 3524 863 3594 fratris
916 3524 999 3578 tui
1050 3522 1121 3577 ad
1171 3538 1259 3577 me
1316 3523 1518 3577 clamat
1565 3540 1583 3577 :
1634 3522 1774 3595 quia
1819 3523 1973 3579 Deus

317 3610 515 3682 justos
558 3626 698 3666 suos
747 3610 913 3666 audit
958 3610 1133 3666 etiam
1176 3615 1457 3680 mortuos,
1517 3611 1794 3682 quoniam
1856 3612 1971 3667 Deo

322 3698 545 3754 vivunt.
578 3698 649 3754 Et
697 3697 907 3754 merito
954 3715 1058 3771 pro
1103 3699 1432 3755 viventibus
1479 3698 1801 3767 habentur;
1836 3701 1974 3772 quia

322 3787 501 3845 etiam
533 3786 583 3844 si
614 3787 875 3860 corporis
896 3788 1255 3860 gustaverint
1286 3788 1743 3855 mortem,vitam
1774 3792 1971 3845 tamen

322 3874 729 3949 incorpoream
761 3875 1022 3948 capiunt,
1101 3880 1158 3930 et
1235 3874 1649 3931 illuminantur
1728 3894 1971 3933 suorum

322 3964 631 4038 splendore
661 3964 1024 4032 meritorum,
1058 3964 1186 4020 luce
1212 3980 1444 4037 quoque
1485 3965 1759 4020 fruuntur
1805 3971 1969 4021 aeter-

322 4068 419 4113 na.
450 4054 754 4112 Justorum
803 4068 939 4127 ergo
983 4052 1150 4109 audit
1195 4053 1543 4126 sanguinem
1597 4070 1609 4109 :
1666 4054 1872 4110 avertit
1909 4072 1972 4111 se

322 4147 518 4201 autem
566 4160 601 4199 a
645 4143 919 4216 precibus
956 4141 1303 4215 impiorum;
1391 4142 1668 4215 quoniam
1737 4143 1970 4200 etiamsi

320 4230 632 4289 videantur
657 4231 867 4301 vivere,
900 4232 1233 4288 miseriores
1281 4236 1478 4287 tamen
1527 4236 1664 4287 sunt
1694 4233 1971 4289 omnibus

324 4320 593 4390 mortuis,
626 4337 861 4377 carnem
910 4337 1078 4377 suam
1130 4320 1286 4376 sicut
1331 4320 1637 4376 tumulum-
1659 4321 1970 4377 circumfe-

322 4416 541 4481 rentes,
599 4410 692 4465 cui
736 4408 1023 4465 infelicem
1075 4409 1412 4465 infoderunt
1462 4410 1721 4464 animam
1776 4427 1967 4465 suam.

321 4496 471 4565 Quid
503 4497 660 4555 enim
687 4497 846 4553 aliud
876 4503 967 4567 est
994 4515 1168 4570 quam
1204 4497 1454 4570 sepulta,
1489 4514 1615 4569 quas
1663 4498 1817 4553 intra
1860 4497 1968 4552 hu-

321 4675 665 4747 cmterisque
685 4673 841 4729 vitiis
869 4674 1210 4741 includitur,
1248 4679 1310 4729 ut
1340 4674 1538 4748 gratiae
1570 4676 1819 4731 ccelestis
1859 4693 1966 4730 au-

318 4782 447 4823 ram
479 4763 701 4839 spirare
720 4779 835 4818 non
853 4763 1082 4835 possit?
1111 4762 1298 4834 Hujus
1329 4763 1485 4819 modi
1508 4769 1776 4835 peccator
1796 4782 1828 4819 a
1852 4770 1966 4819 ter-

318 4870 384 4911 ra
412 4851 761 4910 maledictus
791 4856 1037 4924 est,qua3
1070 4856 1160 4907 est
1186 4851 1391 4908 intima
1421 4857 1478 4907 et
1506 4858 1802 4924 postrema
1832 4870 1967 4925 pars

317 4943 547 5001 mundi.
578 4941 864 5015 Superius
912 4931 1115 5013 utique
1162 4941 1395 5011 ccelum,
1437 4946 1494 4997 et
1542 4958 1669 5014 quae
1719 4941 1776 4996 in
1825 4940 1968 4997 ccnlo

318 5037 479 5100 sunt,
508 5030 615 5100 sol,
642 5030 805 5098 luna,
855 5034 912 5087 et
959 5029 1162 5098 stella,
1213 5030 1456 5097 Throni,
1502 5030 1965 5099 Dominationes,

319 5120 707 5194 Principatus,
740 5124 800 5177 et
828 5118 1172 5187 Potestates,
1206 5118 1521 5175 Cheruhim
1552 5122 1609 5174 et
1638 5118 1964 5190 Seraphim.

391 5272 505 5345 (68)
533 5272 621 5328 Ita
647 5271 786 5328 edit.
817 5274 944 5326 tum
977 5270 1203 5345 prisca,
1237 5272 1381 5345 tum,
1414 5269 1782 5345 recentiores.
1815 5268 1969 5324 Con-

319 5342 413 5399 tra
461 5342 596 5399 vero
641 5358 783 5399 mss.
819 5342 1042 5408 omnes,
1092 5342 1191 5397 hoc
1228 5346 1325 5409 est,
1360 5343 1733 5397 innocentiam
1760 5348 1811 5396 et
1839 5358 1969 5411 gra-

322 5416 459 5485 tiam
487 5415 870 5485 germanitatis
900 5415 1065 5469 etiam
1097 5415 1155 5468 in
1188 5414 1309 5484 ipsa
1336 5416 1509 5485 morte
1534 5415 1730 5467 servat.
1750 5412 1969 5467 Difﬁci-

322 5484 376 5540 le
407 5483 505 5549 sit,
544 5489 672 5539 utra
699 5485 870 5539 lectio
901 5485 1127 5551 melior,
1160 5483 1560 5555 pronuntiare.

394 5555 508 5627 (69)
542 5555 690 5627 Edit.
724 5571 929 5627 omnes
952 5572 1025 5611 ac
1057 5572 1195 5627 mss.
1232 5555 1380 5627 lj‘lor.
1410 5560 1467 5610 et
1493 5555 1623 5610 Vat.
1653 5570 1971 5627 _unus,que-

323 5625 440 5708 rela
475 5625 779 5708 criminosa
811 5644 827 5679 :
858 5626 986 5682 Vat.
1023 5625 1215 5696 alter.,
1247 5625 1372 5681 Div.
1405 5642 1470 5681 ac
1510 5625 1714 5694 Laud.,
1750 5626 1972 5696 querela

320 5711 634 5754 criminosa.

2082 3344 2198 3411 tur,
2232 3346 2570 3413 perpetuam
2605 3341 2928 3414 negligit,et
2972 3343 3236 3399 divinum
3271 3343 3575 3414 judicium
3620 3363 3735 3401 non

2082 3430 2422 3485 reformidat
2454 3447 2466 3485 :
2501 3430 2803 3486 interitum
2833 3431 3026 3487 solum
3058 3433 3315 3504 corporis
3359 3434 3735 3505 deprecatur.

2081 3519 2190 3573 Sed
2223 3536 2257 3574 a
2286 3535 2400 3590 quo
2432 3518 2677 3574 timebat
2705 3520 2912 3590 occidi,
2945 3520 3044 3592 qui
3099 3520 3253 3575 solos
3301 3527 3579 3592 parentes
3628 3524 3735 3577 ha-

2080 3608 2254 3663 bebat
2284 3608 2341 3663 in
2373 3608 2582 3663 terris?
2612 3607 2806 3663 Potuit
2836 3609 3072 3682 quidem
3102 3614 3159 3665 et
3189 3610 3464 3665 incursus
3513 3611 3733 3668 bestia-

2081 3713 2213 3752 rum
2243 3696 2469 3764 timere,
2502 3698 2600 3770 qui
2626 3697 2772 3770 legis
2804 3698 3008 3753 divinze
3050 3699 3189 3770 jura
3234 3699 3585 3769 violaverat;
3629 3718 3731 3757 nec

2081 3803 2432 3858 pressumere
2484 3788 2556 3842 de
2604 3787 2887 3859 subjectis
2931 3787 3285 3843 animalibus
3337 3789 3586 3852 caeteris,
3634 3790 3732 3861 qui

2079 3874 2380 3931 hominem
2409 3876 2687 3932 docuerat
2713 3876 2917 3932 occidi.
2951 3876 3147 3932 Potuit
3193 3881 3251 3932 et
3302 3882 3579 3948 parentes
3605 3894 3732 3949 par-

2080 3962 2293 4019 ricidas
2349 3964 2575 4032 timere,
2623 3966 2724 4035 qui
2784 3965 3061 4020 docuerat
3122 3965 3503 4036 parricidium
3562 3983 3730 4039 posse

2080 4052 2389 4106 committi.
2426 4052 2743 4107 Potuerunt
2770 4052 2925 4109 enim
2967 4057 3023 4108 et
3072 4058 3342 4125 parentes
3373 4054 3446 4109 de
3476 4052 3600 4110 ﬁlio
3641 4054 3727 4110 di-

2081 4156 2259 4208 scere,
2285 4140 2439 4211 quod
2471 4140 2802 4210 didicerunt
2831 4140 3047 4213 posteri
3074 4142 3146 4197 de
3175 4146 3435 4214 parente.

2735 4248 2965 4303 CAPUT
3003 4248 3069 4302 Χ.

2078 4336 2177 4391 Dei
2206 4337 2575 4391 comminatio.
2612 4336 2672 4391 Si
2704 4336 2836 4403 quis
2866 4336 3146 4392 occiderit
3175 4336 3336 4401 Cain,
3378 4340 3517 4402 etc.,
3547 4354 3723 4393 morae

2150 4408 2277 4461 liter
2298 4408 2646 4480 eaplicatur;
2695 4409 2753 4480 in
2789 4409 2951 4480 signo
2995 4410 3165 4478 posito
3210 4423 3376 4480 super
3416 4408 3603 4464 eodem
3643 4409 3723 4463 di-

2150 4479 2282 4532 vina
2334 4477 2625 4534 clementia
2675 4477 3012 4546 declaratur,
3061 4481 3200 4534 sicut
3250 4477 3299 4533 et
3348 4479 3408 4531 in
3456 4495 3517 4534 eo
3568 4479 3724 4534 Caini

328 4549 471 4565 -—-—
507 4549 659 4555 ν----
691 4549 846 4553 -τ--κ
876 4549 964 4567 ,ην
999 4549 1167 4570 γ--τ
1205 4549 1454 4570 η-τπ-ητ,
1497 4549 1609 4569 την
2034 4568 2041 4577 ,
2376 4551 2385 4561 .
3491 4552 3501 4562 .
3670 4552 3679 4562 .

323 4602 491 4644 mum
524 4585 794 4657 volvitur,
826 4590 885 4641 et
929 4591 1173 4642 terrente
1219 4585 1473 4641 avaritias
1525 4586 1968 4659 cupiditatibus,
2001 4580 2061 4669 D7
2148 4549 3719 4669 ginalglgkﬂﬁimgzmutmffrﬁmﬁﬁ?

2148 4637 2313 4692 quam
2340 4629 2626 4676 aeternam.
2661 4622 2797 4676 Hinc
2822 4620 3056 4692 pulchre
3096 4621 3387 4675 disseritur
3431 4621 3498 4676 de
3541 4625 3720 4676 incor-

2148 4692 2517 4762 ruptibilitate
2544 4694 2773 4759 animae,
2803 4708 2868 4747 ac
2890 4694 3083 4762 futura
3130 4694 3262 4747 vita.
3298 4692 3534 4747 Tandem
3571 4693 3721 4763 judi-

2146 4765 2295 4818 cium
2322 4780 2432 4817 mm
2458 4780 2796 4835 przeprOpere
2822 4764 3129 4834 ferendum,
3153 4779 3250 4818 nec
3278 4779 3469 4818 rursus
3488 4765 3718 4819 inultum

2146 4837 2357 4889 crimen
2385 4835 2674 4890 sinendum
2702 4851 2814 4890 esse
2841 4835 3171 4890 ostenditur.

2147 4941 2235 4995 3i.
2270 4940 2436 4995 Nunc
2465 4940 2903 4996 consideremus
2934 4958 3049 5012 qua
3079 4957 3258 4996 causa
3285 4940 3498 4996 dixerit
3525 4940 3679 4996 Deus
3703 4955 3715 4993 :

2080 5028 2267 5084 Omnis
2314 5031 2411 5100 qui
2454 5029 2709 5084 occiderit
2757 5029 2891 5084 Cain
2939 5032 3135 5100 septies
3190 5030 3493 5085 vindictam
3545 5027 3717 5084 exsol-

2077 5121 2163 5172 vet
2199 5116 2352 5184 (Gen.
2403 5135 2479 5183 ιν,
2526 5118 2650 5189 45);
2706 5122 2764 5173 et
2806 5135 2923 5190 qua
2966 5119 3190 5173 ratione
3248 5119 3483 5191 signum
3550 5133 3719 5188 super

2171 5269 2262 5338 70)
2292 5266 2528 5322 Codices
2554 5266 2683 5321 Vat.
2716 5284 2891 5337 unus,
2943 5268 3064 5323 Div.
3115 5284 3181 5323 ac
3234 5267 3405 5333 Flor.,
3457 5284 3570 5322 non
3618 5283 3715 5338 (tu;

2078 5335 2253 5394 debat
2302 5341 2503 5411 inquit,
2568 5342 2849 5405 virtutem,
2879 5335 3014 5395 'etc.
3067 5340 3285 5395 Tamen
3355 5339 3509 5411 apud
3582 5335 3717 5392 LXX

2077 5416 2412 5466 constanter
2459 5408 2649 5479 legere
2710 5414 2800 5466 est
2854 5426 2884 5482 7:
2932 5417 3015 5482 Δοὐ
3084 5418 3353 5482 προσθήσςι
3392 5408 3510 5482 ’τῂν
3582 5416 3716 5482 {play

2078 5488 2229 5548 αὐτῆς
2252 5488 2420 5537 δοῦναί
2447 5470 2548 5539 σοῖί
2574 5482 2680 5536 Pro
2707 5498 2825 5553 qua
2851 5480 3100 5537 habetur
3124 5470 3187 5536 in
3219 5470 3389 5552 V'ulg.
3419 5470 3535 5537 Non
3573 5470 3719 5533 dabit

2079 5553 2182 5607 tibi
2207 5556 2418 5622 [ructus
2442 5568 2583 5607 suos.

2151 5623 2265 5693 (7i)
2297 5623 2446 5679 Edit.
2478 5640 2545 5678 ac
2577 5622 2747 5694 pauci
2778 5640 2947 5693 mss.,
2975 5624 3276 5680 absolvitur
3299 5639 3453 5695 pura
3484 5622 3576 5677 illi
3611 5634 3714 5676 ca?-

2083 5695 2310 5766 lestique
2338 5697 2644 5752 sententiae.
