3862 6210
204 384 307 447 377

1378 385 1480 448 DE
1524 381 1704 446 CAlN
1749 378 1852 443 ET
1894 378 2100 444 ABEL
2141 381 2285 444 LIB.
2320 382 2398 446 ῙῙ.

3478 388 3596 451 378

206 534 323 578 sum
349 518 605 593 ponitur,
639 536 710 578 ne
754 520 1056 578 occidatur
1087 518 1391 594 parricida,
1427 536 1560 576 cum
1594 535 1835 591 prospe-
1863 515 1919 582 Α
1949 520 2310 584 sanctorum,
2333 516 2612 574 destituta
2635 516 2927 590 praesidio,
2948 519 3309 593 consilioque
3336 520 3593 591 viduata,

204 613 347 664 ctum
377 625 493 665 non
526 610 721 678 fuerit,
760 627 834 666 ne
864 611 1146 666 innocens
1188 610 1568 665 occideretur.
1595 608 1843 664 Octavus

206 702 285 753 est
324 697 518 764 homo,
552 699 727 754 habet
758 698 1104 755 rationabile
1146 716 1262 770 quo
1313 702 1545 771 praestet
1592 694 1842 773 steteris,

202 786 366 841 habet
422 791 479 842 et
535 788 796 859 quinque
856 788 1116 860 corporis
1174 805 1407 857 sensus,
1436 787 1613 842 habet
1671 785 1845 839 etiam

201 890 409 938 vocem,
443 874 619 930 habet
668 880 723 931 et
773 877 1087 948 generandi
1138 876 1409 949 gratiam.
1443 876 1572 930 Haec
1623 879 1844 943 septem

203 962 305 1016 nisi
338 961 437 1018 illo
469 964 803 1019 rationabili
837 970 1136 1037 regantur,
1171 965 1433 1035 subjecta
1464 962 1636 1018 morti
1668 965 1842 1016 sunt:

199 1054 252 1105 et
281 1050 407 1106 ideo
440 1051 660 1108 stultus
705 1053 765 1108 in
816 1052 909 1108 his
940 1054 1113 1108 habet
1158 1070 1331 1109 omne
1377 1050 1699 1125 periculum
1732 1049 1844 1104 sui.

204 1140 300 1201 Qui
335 1157 473 1212 ergo
508 1141 853 1197 rationabile
879 1141 1023 1196 illud
1058 1143 1339 1207 amiserit,
1370 1143 1588 1197 frustra
1617 1141 1686 1194 de
1714 1139 1852 1194 isto-

200 1244 323 1281 rum
357 1229 470 1284 sibi
504 1247 614 1284 usu
650 1236 872 1301 septem
903 1230 1225 1284 carnalium
1256 1246 1566 1285 munerum
1598 1228 1853 1282 blandie-

198 1319 310 1371 tur.
345 1317 759 1373 Dissolvuntur
788 1318 907 1373 haec
954 1318 1170 1384 omnia,
1201 1318 1313 1373 nisi
1357 1318 1604 1373 habenis
1635 1315 1849 1389 quibu—

195 1406 361 1460 sdam
400 1407 643 1462 rationis
684 1408 923 1463 astricta
969 1408 1104 1463 sint.
1140 1408 1295 1463 Mers
1343 1408 1539 1479 itaque
1587 1404 1848 1469 rationis,

196 1499 442 1549 mortem
491 1502 764 1567 operatur
814 1495 1300 1551 irrationabilium
1344 1496 1704 1567 passionum.
1738 1492 1851 1547 Sed

193 1580 334 1636 illud
372 1583 582 1639 melius
618 1585 768 1655 quod
806 1585 1090 1655 septimus
1126 1602 1407 1640 numerus
1439 1585 1653 1655 quietis
1685 1588 1741 1639 et
1770 1594 1856 1639 re‘

195 1672 495 1727 missionis
526 1677 632 1728 est.
663 1674 812 1744 Ergo
840 1673 939 1744 qui
969 1673 1066 1728 alii
1100 1690 1214 1728 non
1252 1674 1506 1745 pepercit
1536 1673 1848 1745 peccatori,

192 1766 244 1817 et
278 1779 500 1817 munus
533 1762 583 1815 ei
619 1761 981 1818 remissionis
1006 1768 1375 1834 peccatorum
1410 1762 1701 1829 inviderit,
1728 1763 1853 1835 ipse

194 1850 299 1907 sibi
362 1866 530 1923 spem
592 1850 961 1906 remissionis
1019 1851 1244 1923 eripiet,
1277 1855 1332 1906 et
1388 1851 1497 1907 erit
1526 1852 1585 1906 in
1617 1868 1683 1908 eo
1723 1851 1848 1924 pari
1880 1883 1927 1947 Β

192 1948 474 1995 mensura
502 1938 757 1994 vindicta
783 1939 852 1994 de
883 1939 1088 2011 gratia.

258 2028 346 2083 35.
384 2027 549 2094 Quod
584 2033 778 2083 autem
830 2028 1066 2100 signum
1118 2028 1313 2101 posuit
1356 2045 1534 2100 super
1579 2029 1740 2098 Cain,
1774 2047 1845 2085 ne

194 2117 320 2189 quis
379 2134 519 2173 eum
579 2118 885 2182 occideret,
942 2117 1237 2173 reﬂectere
1291 2117 1474 2174 voluit
1530 2122 1840 2187 errantem,

192 2207 340 2262 222
371 2209 433 2261 et
484 2204 765 2260 beneﬁcio
826 2222 931 2260 suo
988 2205 1232 2261 invitare
1281 2206 1353 2261 ad
1404 2206 1841 2262 correctionem.

188 2293 335 2367 Ipsis
367 2293 530 2349 enim
562 2311 668 2348 nos
716 2293 940 2349 facilius
985 2294 1348 2350 committere
1392 2294 1668 2363 solemus,
1702 2313 1844 2366 quo-

191 2400 317 2439 rum
351 2383 648 2438 habemus
689 2383 956 2455 gratiam.
993 2384 1105 2438 Nec
1148 2388 1364 2450 tamen,
1400 2401 1613 2457 magna
1643 2402 1845 2441 conce-

191 2472 273 2525 dit
305 2490 316 2527 :
354 2473 460 2528 sed
495 2471 552 2525 in
583 2488 647 2527 eo
682 2471 807 2543 ipso
841 2471 1297 2543 imprudentiam
1338 2472 1670 2544 insipientis
1701 2473 1844 2529 ulci-

190 2559 389 2627 scitur,
416 2559 522 2631 qui
551 2576 684 2614 cum
713 2565 865 2615 esset
884 2560 1180 2631 perpetuis
1203 2561 1507 2633 suppliciis
1538 2562 1844 2629 obnoxius,

192 2666 303 2704 non
334 2647 562 2704 remitti
594 2648 704 2703 sibi
747 2666 977 2721 pmnam
1025 2649 1311 2720 poposcit,
1343 2651 1444 2706 sed
1492 2652 1670 2706 vitam
1720 2669 1846 2707 cor-

192 2739 349 2810 poris
382 2738 572 2808 hujus
603 2738 1021 2793 obsecrandam
1057 2736 1278 2809 putavit
1305 2739 1438 2809 (72),
1471 2739 1529 2794 in
1564 2756 1680 2811 qua
1712 2740 1846 2813 plus

192 2844 469 2883 azrumnae
530 2831 638 2891 est,
699 2844 873 2897 quam
934 2825 1274 2898 voluptatis.
1309 2828 1463 2883 Mors
1516 2829 1672 2885 enim
1730 2847 1849 2886 una

190 2921 273 2970 est
318 2917 377 2970 in
426 2915 762 2971 secessione
818 2914 1025 2969 animae
1079 2920 1135 2969 et
1191 2916 1470 2987 corporis,
1504 2921 1561 2972 et
1620 2918 1678 2972 in
1733 2918 1846 2973 ﬁne

192 3004 362 3059 istius
388 3004 552 3068 vitae,
586 3021 734 3075 quae,
758 3002 934 3057 simul
960 3007 1031 3057 .ut
1050 3004 1208 3059 venit
1239 3021 1442 3061 omnes
1467 3006 1723 3077 corporis
1754 3007 1849 3061 do-

188 3090 334 3147 lores
399 3092 656 3160 auferre,
709 3108 822 3145 non
871 3108 1081 3164 angere
1126 3092 1442 3147 consuevit.
1478 3093 1665 3149 Metus
1712 3112 1847 3150 vero

188 3181 284 3252 qui
339 3181 507 3236 hanc
537 3179 715 3234 vitam
773 3178 1111 3236 viventibus
1159 3181 1487 3253 frequenter
1542 3182 1844 3256 ingruunt,

1953 606 2275 678 graviorem
2307 607 2530 663 subiret
2568 625 2888 666 aerumnam
2923 629 2936 666 :
2969 611 3070 667 sed
3111 612 3301 684 magis
3325 612 3598 683 frequen-

1953 695 2115 751 tibus
2145 697 2501 751 commonita
2535 697 2785 753 oraculis
2825 700 3260 770 prophetarum,
3293 702 3366 756 ad
3396 701 3597 757 Domi-

1956 800 2097 839 num
2131 785 2313 841 Deum
2347 802 2522 841 suum
2555 787 2652 858 pio
2695 788 2908 843 rediret
2943 789 3180 858 affectu;
3214 806 3305 858 ne,
3338 790 3599 847 adversis

1955 873 2305 944 captivitatis
2337 875 2552 942 attrita,
2578 882 2879 946 prorueret
2907 878 2966 931 in
2988 879 3241 949 perﬁdize
3271 886 3594 953 peccatum,

1956 960 2279 1033 salutisque
2311 967 2600 1035 perpetuae
2631 965 2954 1021 remedium
2987 967 3339 1038 desperaret.

2026 1052 2113 1103 37.
2148 1050 2603 1123 Redarguuntur
2643 1052 2839 1124 itaque
2890 1053 2998 1109 hoc
3045 1054 3104 1110 in
3146 1054 3271 1111 loco
3320 1056 3417 1127 qui
3469 1057 3621 1112 uni-'

1958 1156 2081 1194 cam
2118 1139 2267 1194 hanc
2288 1140 2464 1195 vitam
2500 1145 2703 1212 putent
2734 1159 2880 1209 esse,
2908 1159 3033 1215 qua:
3061 1144 3136 1197 sit
3167 1144 3223 1198 in
3257 1144 3364 1199 hoc
3389 1145 3601 1202 saeculo

1959 1228 2180 1295 (omnia
2227 1228 2397 1300 plena
2448 1229 2669 1301 lapsus,
2704 1229 2874 1302 plena
2922 1233 3188 1289 mmroris
3236 1237 3396 1302 sunt)
3425 1238 3482 1290 et
3510 1250 3597 1290 re-

1961 1317 2330 1389 darguuntur
2376 1318 2626 1390 simplici
2689 1319 2833 1375 serie
2882 1324 3201 1392 gestorum.
3248 1323 3389 1380 Ecce
3443 1324 3599 1381 enim

1953 1406 2175 1476 justus,
2210 1406 2509 1476 innocens,
2550 1408 2703 1478 pius,
2736 1414 2968 1481 prepter
2998 1411 3243 1479 gratiam
3278 1412 3600 1469 devotionis

1963 1493 2095 1549 odia
2126 1494 2321 1551 fratris
2360 1495 2687 1564 incurrens,
2720 1496 3071 1553 immaturus
3110 1500 3299 1554 adhuc
3329 1501 3430 1557 aevi
3461 1502 3601 1557 sub-

1962 1582 2114 1638 latus
2143 1587 2233 1639 est
2260 1584 2600 1655 parricidio;
2632 1589 2688 1640 et
2714 1584 2971 1657 iniquus,
2997 1586 3333 1655 sceleratus,
3361 1588 3602 1660 impius,

1961 1670 2136 1726 etiam
2171 1672 2425 1728 fraterna
2455 1673 2607 1729 caede
2633 1672 2894 1745 pollutus
2925 1675 3448 1747 longaevam,duxit
3475 1682 3605 1733 acta-

1962 1764 2103 1827 tem,
2157 1761 2319 1815 duxit
2364 1779 2625 1829 uxorem,
2677 1763 3074 1835 posteritatem
3120 1764 3374 1837 reliquit,
3428 1767 3604 1823 urbes

1962 1849 2242 1918 condidit,
2267 1853 2323 1904 et
2352 1850 2463 1905 hoc
2496 1850 2707 1908 meruit
2751 1851 3135 1924 permissione
3164 1853 3378 1909 divina.
3402 1854 3604 1911 Nonne

1959 1937 2015 1991 in
2050 1937 2144 1992 his
2176 1943 2372 2011 aperte
2401 1956 2509 1993 vox
2539 1939 2639 1995 Dei
2684 1939 2943 1996 clamat?
2972 1940 3210 2009 Erratis,
3235 1942 3332 2014 qui
3384 1944 3605 2014 putatis

1954 2025 2048 2081 hic
2081 2043 2209 2081 esse
2242 2043 2475 2083 omnem
2506 2029 2735 2084 vivendi
2774 2028 3022 2102 gratiam
3060 2047 3072 2084 :
3108 2047 3223 2085 non
3258 2029 3602 2104 intelligitis,

1956 2131 2070 2169 non
2119 2115 2418 2172 advertitis
2468 2121 2826 2173 senectutem
2871 2116 3023 2173 hanc
3075 2118 3445 2177 miseriarum
3476 2135 3605 2176 esse

1954 2207 2307 2271 veteranam,
2360 2204 2913 2279 processionemque
2964 2208 3150 2262 aetatis
3207 2225 3602 2265 aerumnarum

1957 2292 2263 2363 stipendia,
2287 2298 2343 2349 et
2373 2293 2584 2365 scylleo
2616 2294 2869 2366 quodam
2904 2312 3015 2350 usu
3045 2297 3465 2353 circumsonari
3498 2314 3603 2354 nos

1958 2381 2312 2452 quotidianis
2361 2382 2705 2455 naufragiis,
2750 2383 2914 2438 tundi
2960 2383 3255 2451 ﬂuctibus,
3288 2385 3347 2440 in
3393 2402 3603 2460 scopu-

1956 2469 2097 2525 losis
2128 2469 2480 2525 habitaculis
2510 2471 2737 2543 degere,
2772 2476 2828 2527 et
2874 2472 2933 2527 in
2984 2472 3077 2527 his
3126 2472 3420 2541 delectari,
3452 2474 3618 2538 sicut,

1956 2557 2100 2613 illud
2134 2575 2249 2613 non
2293 2563 2410 2614 tam
2445 2564 2725 2615 internum
2775 2560 3012 2629 animal,
3047 2578 3223 2633 quam
3276 2562 3604 2620 immortale

1958 2647 2222 2702 malum?
2252 2648 2399 2719 Ergo
2430 2652 2487 2703 et
2516 2647 2615 2703 isti
2634 2648 2783 2703 Cain
2832 2648 3169 2721 longaevitas
3200 2649 3447 2718 indulta,
3480 2652 3602 2707 vin-

1958 2734 2112 2790 dicta
2141 2741 2261 2804 est;
2295 2753 2361 2791 eo
2392 2737 2547 2807 quod
2577 2736 2717 2791 vixit
2756 2737 2815 2792 in
2849 2742 3030 2804 metu,
3061 2742 3122 2793 et
3145 2738 3436 2811 prolixum
3466 2758 3605 2814 spa-

1958 2825 2105 2879 tium
2148 2823 2331 2880 multo
2377 2825 2635 2880 cucurrit
2682 2828 2738 2881 et
2789 2825 3151 2882 infructuose
3184 2828 3337 2885 223
3385 2828 3602 2895 labore,

1957 2930 2074 2985 qua
2122 2930 2291 2985 pmna
2341 2912 2485 2968 nihil
2535 2914 2771 2985 gravius
2803 2931 2977 2985 quam
3022 2919 3083 2969 ut
3133 2916 3266 2989 quis
3317 2917 3442 2991 ipse
3490 2917 3603 2974 sibi

1958 3002 2248 3072 majorum
2296 3018 2474 3057 causa
2530 3019 2832 3073 pcenarum
2866 3002 2959 3057 sit.
2992 3002 3136 3058 Vide
3189 3003 3370 3077 igitur
3426 3023 3601 3078 quam

1957 3094 2238 3162 perpetua
2267 3090 2384 3145 vita
2424 3091 2737 3161 iustorum,
2769 3095 2825 3145 et
2862 3090 3025 3145 nulla
3053 3092 3129 3147 sit
3160 3092 3605 3165 improborum?

1957 3178 2111 3235 Justi
2148 3178 2391 3253 sanguis
2421 3177 2636 3234 clamat
2664 3184 2720 3235 et
2764 3179 2998 3247 mortui,
3029 3181 3145 3235 vita
3175 3186 3370 3236 autem
3401 3199 3604 3253 pecca-

186 3269 509 3334 moestitiae,
544 3268 794 3333 dolores,
840 3268 1119 3341 gemitus,
1153 3269 1484 3342 diversique
1531 3272 1845 3339 cruciatus,
1877 3244 1920 3311 (ἶ
1960 3268 2102 3323 toris
2133 3266 2528 3323 absconditur.

181 3359 571 3430 gravitatum,
588 3361 639 3411 et
658 3356 1073 3428 aegritudinum
1088 3355 1346 3426 vulnera,
1366 3358 1651 3429 plurimas
1672 3362 1847 3417 etiam

184 3450 408 3502 mortes
439 3446 641 3518 generi
686 3446 945 3502 humano
1000 3447 1273 3514 inferunt,
1300 3451 1362 3501 ut
1410 3448 1525 3503 ista
1571 3466 1728 3505 mors
1761 3468 1849 3505 re-

180 3537 449 3591 medium
487 3522 618 3590 esse
649 3536 932 3601 videatur,
967 3552 1081 3591 non
1116 3553 1305 3607 poena.
1339 3536 1461 3592 Non
1516 3538 1669 3592 enim
1722 3556 1847 3610 per-

179 3623 478 3695 emptoria
511 3627 622 3689 est,
656 3640 758 3696 per
788 3640 965 3695 quam
1012 3642 1129 3679 non
1175 3624 1455 3679 adimitur
1484 3626 1618 3693 vita,
1644 3628 1743 3682 sed
1777 3628 1847 3681 ad

178 3712 429 3767 meliora
472 3713 850 3768 transfertur.
882 3713 1032 3768 Nam
1081 3712 1130 3769 si
1180 3718 1452 3769 nocentes
1495 3715 1847 3783 moriuntur,

180 3802 277 3871 qui
310 3802 580 3874 gradum
615 3818 647 3856 a
679 3802 930 3873 peccatis
971 3818 1239 3857 revocare
1286 3801 1609 3871 noluerint;
1642 3804 1726 3858 vel
1759 3804 1847 3859 in-

175 3889 272 3944 viti
322 3896 539 3945 tamen
590 3890 765 3945 ﬁnem
816 3906 929 3944 non
991 3894 1234 3955 naturaz,
1269 3892 1369 3945 sed
1423 3890 1604 3963 culpa
1660 3892 1847 3965 adipi-

177 3984 454 4048 scuntur,
483 3996 563 4034 ne
595 3978 765 4050 plura
794 3979 1156 4051 delinquant,
1180 3980 1395 4051 quibus
1420 3981 1536 4034 vita
1560 3981 1729 4037 tenus
1761 3986 1850 4037 est

171 4066 569 4123 delictorum.
603 4067 664 4122 Si
696 4071 891 4123 autem
939 4068 1101 4121 bonae
1151 4068 1275 4139 spei
1334 4074 1631 4140 compotes
1688 4073 1849 4140 sunt,

171 4156 436 4230 migrare
472 4156 672 4229 magis
704 4172 882 4228 quam
913 4156 1157 4211 deﬁcere
1187 4156 1459 4211 credendi
1491 4161 1647 4213 sunt.

2028 3357 2115 3410 38.
2149 3356 2410 3409 Tertium
2438 3359 2545 3423 est,
2574 3354 2850 3427 quoniam
2883 3371 3017 3410 cum
3044 3355 3421 3426 parricidium
3452 3362 3606 3414 esset

1960 3444 2306 3509 admissum,
2339 3444 2448 3498 hoc
2479 3448 2566 3498 est
2605 3443 2888 3499 scelerum
2926 3443 3307 3516 principatus,
3343 3446 3440 3500 ubi
3473 3464 3603 3519 pec-

1959 3536 2153 3587 catum
2207 3533 2484 3604 obrepsit,
2520 3532 2716 3587 statim
2767 3536 2823 3587 et
2880 3532 2970 3587 lex
3026 3532 3231 3589 divina:
3263 3540 3603 3592 mansuetu-

1959 3621 2115 3676 dinis
2168 3622 2462 3694 prorogari
2520 3621 2748 3688 debuit;
2802 3637 2875 3677 ne
2923 3622 2968 3678 si
3022 3622 3296 3679 continuo
3339 3624 3604 3681 vindica-

1958 3715 2083 3764 tum
2133 3716 2289 3765 esset
2337 3711 2394 3765 in
2455 3727 2640 3776 reum,
2687 3710 2956 3766 homines
3015 3728 3248 3784 quoque
3306 3712 3365 3767 in
3416 3713 3601 3769 vindi-

1960 3799 2143 3854 cando
2195 3799 2305 3871 (73)
2355 3798 2576 3855 nullam
2634 3799 2972 3871 patientiam
3029 3801 3604 3874 moderationemque

1960 3893 2276 3953 servarent,
2324 3889 2424 3944 sed
2477 3888 2678 3944 statim
2737 3906 2867 3944 reos
2916 3888 3202 3962 supplicio
3250 3890 3471 3945 darent.
3506 3891 3602 3946 Di-

1959 3976 2101 4030 vinis
2135 3981 2331 4031 autem
2370 3977 2669 4031 sententiae
2719 3977 3082 4049 providentia
3124 3978 3463 4047 hujusmodi
3492 3984 3600 4047 est,

1960 4068 2025 4118 ut
2055 4063 2597 4137 magnanimitatem
2628 4070 2684 4120 et
2715 4065 3053 4137 patientiam
3086 4066 3318 4120 doceret
3338 4066 3600 4137 judices;

1958 4171 2029 4209 ne
2059 4154 2191 4225 quis
2249 4170 2609 4225 prazpropere
2653 4157 2950 4225 raperetur
2980 4153 3173 4209 studio
3224 4153 3514 4223 vindictas,
3548 4160 3605 4211 et

1958 4243 2086 4313 ipsa
2113 4240 2548 4297 deliberationis
2574 4241 2994 4296 immaturitate
3026 4242 3259 4313 puniret
3277 4242 3600 4312 innoxium,

1960 4336 2060 4386 aut
2091 4347 2321 4402 pcenam
2354 4330 2653 4385 acerbaret
2679 4329 2809 4384 irati
2841 4331 2983 4401 (711);
3018 4347 3122 4385 nec
3147 4333 3342 4385 tamen
3373 4331 3604 4404 penitus

235 4246 325 4301 3C».
365 4246 677 4301 Inseritur
704 4244 813 4300 hoc
861 4242 986 4299 loco
1036 4245 1250 4317 dogma
1294 4246 1363 4300 de
1413 4245 1849 4318 incorruptione

168 4334 405 4405 animae,
444 4335 613 4407 quod
678 4335 810 4406 ipsa
859 4350 995 4388 vera
1051 4340 1109 4388 et
1165 4333 1335 4388 beata
1370 4333 1486 4389 vita
1541 4334 1635 4400 sit,
1671 4352 1846 4407 quam

170 4425 609 4496 unusquisque
658 4425 805 4476 bene
852 4422 1123 4477 conscius
1152 4421 1290 4477 vivit
1319 4420 1503 4477 multo
1547 4422 1753 4494 purius
1784 4441 1849 4479 ac
1958 4419 2213 4474 inultum
2245 4436 2371 4475 esse
2412 4424 2703 4491 pateretur
2734 4418 2792 4474 in
2825 4436 2891 4474 eo
2927 4418 3026 4493 qui
3060 4419 3283 4475 null-1:11
3317 4421 3604 4493 paeniten-

164 4510 425 4581 beatius,
468 4528 616 4566 cum
650 4512 833 4584 hujus
873 4510 1064 4565 carnis
1109 4509 1307 4565 anima
1337 4515 1535 4566 nostra
1566 4512 1847 4584 deposue-
1959 4509 2099 4564 tiam
2158 4507 2395 4564 sceleris
2454 4508 2762 4582 induisset.
2798 4508 2951 4565 224
2984 4508 3219 4581 Repulit
3259 4509 3416 4566 enim
3470 4527 3605 4571 eum

167 4599 239 4653 rit
270 4600 699 4673 involucrum,
732 4604 788 4654 et
833 4599 1087 4671 quodam
1131 4616 1357 4653 carcere
1388 4598 1498 4654 isto
1546 4600 1720 4655 fuerit
1746 4602 1848 4657 ab-
1880 4614 1926 4678 Β
1960 4614 1993 4652 a
2023 4597 2166 4652 facie
2205 4614 2332 4665 sua,
2365 4602 2423 4652 et
2469 4614 2502 4652 a
2550 4598 2890 4670 parentibus
2941 4599 3276 4653 abdicatum
3327 4605 3606 4673 separatae

165 4688 360 4746 soluta
391 4706 725 4762 corporeo;
760 4688 818 4757 in
852 4687 1036 4742 ullum
1071 4687 1428 4758 superiorem
1462 4688 1728 4745 revolans
1759 4690 1846 4745 lo-
1960 4685 2339 4742 habitationis
2371 4682 2623 4757 quodam
2654 4685 2929 4759 relegavit
2978 4686 3210 4753 exsilio;
3243 4703 3308 4742 eo
3348 4689 3501 4759 quod
3534 4691 3606 4745 ab

166 4793 316 4847 cum,
353 4780 534 4834 unde
582 4774 802 4853 uestris
852 4778 1046 4832 infusa
1076 4776 1398 4831 visceribus
1445 4779 1849 4851 compassione
1957 4775 2219 4831 humana
2259 4772 2714 4853 mansuetudine
2754 4775 3064 4831 transisset
3094 4777 3165 4832 ad
3198 4776 3476 4831 saevitiam
3509 4777 3607 4831 be-

163 4869 429 4939 corporis
465 4868 666 4937 hujus
704 4865 1011 4937 ingemuit,
1039 4865 1543 4950 donecscommissi
1566 4868 1848 4938 guberna-
1959 4864 2228 4919 stiarum.
2259 4865 2676 4920 Verumtamen
2710 4882 2823 4919 non
2863 4864 3180 4921 homicidio
3206 4863 3389 4919 voluit
3419 4864 3607 4943 homi-

164 4954 271 5008 culi
304 4972 554 5011 munus
603 4953 907 5025 impleret;
960 4959 1025 5007 ut
1072 4952 1265 5008 carnis
1312 4953 1492 5024 hujus
1539 4954 1845 5011 irrationa-
1957 4953 2148 5008 cidam
2184 4953 2486 5021 vindicari,
2520 4952 2621 5025 qni
2671 4953 2890 5008 mavult
2936 4952 3254 5025 peccatoris
3298 4953 3605 5008 correctio-

164 5041 304 5099 biles
323 5046 564 5116 ‘motus
608 5041 943 5116 rationabili
973 5042 1152 5096 ductu
1198 5046 1422 5114 regeret
1450 5047 1505 5098 et
1536 5049 1845 5099 coerceret.
1914 5070 1917 5073 -
1958 5058 2116 5109 nem,
2148 5058 2324 5113 quam
2374 5046 2641 5097 mortem.
2676 5040 2840 5097 Unde
2880 5041 2937 5095 in
2971 5040 3219 5097 Lamech
3272 5041 3608 5113 septuagies

162 5127 305 5189 Inde
325 5120 425 5190 est
460 5114 640 5206 quod
665 5114 866 5202 postea
884 5130 1263 5203 prophetaein
1291 5130 1683 5203 captivitatem
1713 5150 1846 5188 cum
1959 5130 2171 5203 septies
2204 5126 2559 5198 vindicatur}
2619 5132 2759 5202 quia
2810 5130 3036 5203 gravior
3084 5128 3255 5199 culpa
3308 5129 3436 5199 ejus
3495 5135 3603 5197 est,

165 5223 379 5293 populo
427 5223 797 5279 Judzeorum
847 5220 1241 5287 transierunt;
1292 5236 1363 5274 ne
1413 5220 1636 5292 reliqua
1681 5220 1849 5291 plebs
1959 5219 2059 5291 qui
2089 5236 2195 5273 nec
2252 5223 2383 5290 post
2428 5217 2864 5274 damnationem
2919 5235 2981 5274 se
3039 5217 3287 5273 correxit
3342 5217 3601 5275 alterius.

1959 5335 2095 5397 duo,
2132 5334 2409 5388 acerbaret
2466 5335 2675 5403 ingrati
2705 5351 2723 5388 :
2753 5332 2867 5387 Alii
2925 5337 3064 5398 tres,
3097 5335 3376 5388 acerraret
3419 5334 3555 5390 irati
3584 5354 3602 5388 :

1960 5405 2099 5478 quid
2130 5405 2334 5478 sicum
2370 5404 2595 5459 Latinio
2624 5403 2806 5478 legas,
2842 5406 3050 5459 errati?
3081 5405 3306 5478 Rursus
3337 5404 3452 5478 hec
3476 5404 3603 5478 ipso

1955 5470 2081 5530 loco
2121 5476 2259 5529 edit.
2294 5478 2423 5529 Am.
2459 5480 2633 5545 atque
2677 5470 2804 5529 Era.
2837 5492 2969 5529 cum
3002 5492 3144 5530 mss.
3179 5475 3352 5543 Flor.,
3389 5470 3518 5531 Div:
3547 5482 3605 5533 et

1960 5546 2166 5611 Laud,
2211 5562 2311 5601 nec
2356 5549 2537 5600 tamen
2593 5548 2809 5615 penitus
2864 5545 3139 5600 indultum
3193 5563 3326 5602 esse.
3373 5546 3504 5602 Gill.
3537 5564 3603 5603 ac

1959 5619 2123 5675 Rom.
2156 5634 2291 5673 cum
2322 5617 2474 5685 Vat.,
2508 5618 2748 5670 inultum
2774 5632 2904 5672 esse.

226 5338 337 5407 (72)
370 5339 487 5393 Ita.
552 5353 709 5391 mss.
764 5352 989 5407 omnes.
1019 5334 1144 5389 Vet.
1196 5339 1392 5407 autem
1453 5335 1615 5401 edit.,
1665 5336 1845 5392 obser-

165 5405 399 5466 vandum
460 5409 724 5482 putarit.
758 5406 893 5462 Sola
950 5407 1114 5461 Rom.
1167 5405 1331 5474 edit.,
1380 5407 1706 5462 servandum
1740 5425 1847 5479 pu-

375 5552 518 5633 Ms:
542 5566 734 5633 ligus~
759 5548 886 5631 Vat.
918 5551 1210 5633 εφη-νει..
1233 5546 1395 5612 edit.,
1428 5549 1490 5600 in
1523 5548 1844 5618 judicamio.

169 5620 269 5677 Alii
301 5630 363 5680 et.
391 5624 554 5680 edit.
596 5622 793 5685 Rom,
824 5624 887 5674 in
913 5620 1264 5676 vindicamto.

233 5694 344 5766 (74)
379 5697 474 5751 Ita
527 5691 685 5749 edit.
736 5708 941 5747 omnes
991 5707 1204 5764 magno
1258 5705 1567 5746 consensu.
1600 5691 1673 5745 At
1700 5706 1844 5746 mss.
