3862 6210
285 284 401 347 379
1743 288 1808 352 S.
1854 286 2235 354 AMBROSII
3575 294 3696 361 380

285 414 426 512 (lein
459 417 678 512 impetu
709 418 965 493 quodam
1014 417 1337 512 improvido
1369 423 1500 512 ante
1548 425 1928 512 peccaverat:
1962 445 2018 512 Α
2045 420 2381 480 interimere
2421 438 2578 494 eum,
2612 420 2713 498 qui
2763 440 2947 499 usque
2997 423 3067 484 ad
3117 424 3443 485 naturalem
3486 429 3697 486 termi-

285 507 535 565 Lamech
569 507 772 582 utique
797 512 951 584 quod
982 513 1041 567 in
1073 511 1256 568 altero
1284 511 1704 584 reprehensum
1738 511 1934 567 adver-
1962 507 2018 512 ““
2041 529 2182 568 num
2217 514 2424 568 mortis
2453 529 2572 570 suis
2617 514 2854 588 agenda
2902 514 3156 572 habebat
3201 516 3456 588 spatium
3506 519 3693 590 pceni-

280 601 449 664 terat,
479 615 679 654 cavere
709 600 1010 656 debuerat.
1030 601 1149 656 Suo
1183 601 1401 674 quippe
1421 600 1610 672 judici
1643 601 1934 656 sententia
2039 600 2250 656 tentiis.
2274 603 2561 658 Excusare
2587 607 2786 675 posset
2813 604 2966 676 quod
2997 621 3061 661 se
3087 605 3431 662 redemisset
3451 606 3541 662 vel
3565 623 3696 663 sera

283 685 622 754 debebatur,
656 704 728 743 ne
761 690 892 761 quis
941 690 1164 760 passim
1214 707 1377 745 reum
1425 705 1554 745 esse
1603 689 1930 745 feriendum
2040 691 2265 745 actione
2300 690 2673 762 paenitentiae,
2705 691 2820 748 nisi
2850 709 2985 749 eum
3012 699 3368 765 praematura
3395 712 3571 767 paena
3601 713 3691 753 ra-

280 779 530 845 putaret.
566 777 634 831 Et
681 781 746 831 ut
785 778 856 832 ad
907 777 1254 849 mysterium
1303 777 1522 845 venias,
1558 793 1673 832 non
1728 777 1933 833 debuit
2041 778 2287 850 puisset.

281 924 3685 965 mw

686 1065 838 1122 ²²⁵
871 1077 982 1162 ΙΝ
1043 1075 1488 1161 LIBRUM
1555 1075 1696 1158 DE
1752 1072 1985 1159 NOE
2044 1074 2190 1160 ΕΤ

1752 1072 1985 1159 ΝΟΕ
2044 1074 2190 1160 ΕΤ
2248 1075 2532 1164 ARCA
2590 1076 3271 1166 ADMONITIO.

344 1357 464 1414 Etsi
497 1352 752 1411 dubitari
812 1368 925 1406 non
981 1349 1166 1422 possit
1195 1347 1336 1420 quin
1394 1347 1541 1403 liber
1569 1348 1645 1402 De
1672 1347 1781 1403 Noe
1829 1355 1880 1402 et
1927 1348 2084 1415 Area,
2114 1348 2202 1404 vel
2242 1347 2459 1422 potius,
2493 1349 2577 1404 uti
2609 1349 2821 1405 citatur
2878 1351 2950 1406 ab
3007 1351 3334 1424 Augustino
3365 1353 3544 1422 (Cant.
3573 1357 3685 1424 Jul,

272 1449 481 1518 Pelag.,
527 1444 567 1499 1.
602 1461 661 1510 ιι,
695 1458 742 1495 c.
775 1444 832 1506 2,
863 1445 919 1496 et
950 1439 988 1494 l.
1020 1456 1099 1504 ιν,
1129 1440 1283 1495 Gont.
1316 1437 1450 1493 duas
1493 1438 1650 1508 epist.
1684 1437 1801 1492 Pel.
1840 1453 1888 1491 c.
1926 1438 2034 1508 11),
2086 1441 2143 1494 et
2196 1437 2257 1494 in
2316 1438 2515 1494 codice
2572 1437 2903 1496 Corbeiensi
2963 1444 3356 1513 nuncupatur,
3412 1447 3496 1499 De
3549 1445 3688 1501 Area

270 1536 396 1603 Noe,
430 1529 736 1588 Ambrosio
769 1529 845 1584 sit
877 1527 1290 1593 ascribendus;
1346 1525 1626 1580 ofﬁrmari
1681 1529 1876 1580 tamen
1909 1540 2280 1597 nequaquam
2341 1531 2536 1598 potest
2564 1542 2699 1582 eum
2731 1528 2802 1583 ad
2835 1532 3098 1584 nostram
3128 1534 3356 1585 aetatem
3388 1530 3686 1606 integrum

271 1641 336 1680 ac
375 1622 546 1696 plane
600 1619 1004 1689 incorruptum
1062 1614 1415 1688 pervenisse.
1450 1613 1697 1669 Lacunis
1755 1613 2047 1686 siquidem
2077 1618 2135 1670 et
2163 1613 2658 1686 frequentioribus
2702 1619 2761 1672 et
2816 1616 3320 1675 manifestioribus
3377 1618 3687 1678 interscin-

269 1713 446 1778 ditur,
478 1725 655 1782 quam
688 1711 755 1762 ut
798 1706 868 1760 de
924 1703 1204 1775 temporis
1233 1703 1290 1757 in
1325 1703 1596 1758 eumdem
1630 1701 1846 1772 injuria
1875 1701 2065 1774 queri,
2096 1701 2185 1757 vel
2216 1701 2619 1760 incredibilem
2678 1704 3030 1777 scriptorum
3087 1705 3458 1765 oscitantiam
3512 1727 3685 1767 accu-

267 1817 397 1858 sare
427 1816 541 1855 non
572 1797 763 1852 liceat.
797 1795 1104 1850 Enimvero
1135 1796 1201 1847 ut
1255 1791 1350 1846 hic
1404 1790 1696 1862 ejusmodi
1727 1790 2137 1858 omissionum,
2171 1807 2301 1864 quae
2356 1791 2482 1847 suis
2513 1808 2760 1864 quaeque
2816 1792 2960 1850 locis
3018 1793 3457 1866 iudicabuntur,
3489 1800 3689 1858 omnia

266 1888 531 1962 exempla
587 1902 704 1941 non
761 1883 1146 1956 proferamus,
1178 1881 1501 1936 evidentem
1560 1896 1702 1936 sane
1758 1897 1825 1936 ac
1879 1896 2178 1936 enormem
2206 1888 2561 1938 ἀνακολουθίαν
2591 1881 3024 1954 deprehendere
3052 1887 3142 1940 est
3185 1883 3244 1940 in
3286 1885 3404 1942 illis
3432 1903 3563 1959 cap.
3593 1889 3686 1972 25,

261 1978 456 2038 verbis
487 1996 505 2031 :
537 1975 638 2032 Sed
667 1975 718 2030 si
745 1975 868 2045 quis
899 1973 1087 2044 epulas
1145 1972 1398 2043 fortiores
1453 1970 1560 2025 sibi
1586 1969 1843 2026 exhibere
1869 1985 1981 2025 non
2005 1971 2191 2042 possit,
2222 1969 2534 2040 huiusmodi
2563 1978 2748 2026 tamen
2805 1971 3003 2027 habeat
3053 1973 3334 2044 passiones
3392 1990 3519 2046 quae
3574 1969 3686 2033 non

261 2074 508 2134 noceant,
538 2064 630 2120 sed
657 2062 940 2118 delectent.
982 2060 1102 2116 Ideo
1133 2061 1195 2115 in
1231 2059 1509 2130 principio
1537 2059 1594 2112 S.
1629 2059 1830 2130 Moyses
1859 2060 2182 2130 informavit
2235 2074 2334 2114 nos
2383 2067 2545 2132 atque
2600 2061 2868 2115 instruxit
2923 2059 2991 2116 de
3042 2062 3419 2133 insufﬂatione
3448 2067 3681 2134 animae,

261 2167 321 2216 ut
346 2173 459 2213 non
490 2152 798 2209 laberemur
845 2148 1194 2221 opinionibus
1247 2147 1474 2203 diversis
1518 2146 1983 2218 philosOphorum,
2017 2154 2115 2202 etc.
2150 2146 2286 2211 Quae
2333 2146 2450 2215 hic,
2484 2147 2714 2216 amabo,
2749 2164 2958 2204 sensus
2988 2149 3336 2206 cohaerentia
3378 2155 3437 2207 et
3483 2169 3686 2213 conse.

262 2246 418 2304 cutio
438 2243 467 2299 ‘l
494 2241 605 2298 Sed
637 2239 880 2312 planum
911 2238 1009 2292 fiet
1037 2239 1212 2308 caput
1241 2236 1312 2291 ab
1345 2234 1510 2290 initio
1547 2233 1860 2307 perlegenti
1893 2251 2010 2291 non
2042 2235 2215 2291 modo
2245 2234 2410 2292 illum
2442 2253 2474 2292 e
2503 2236 2711 2293 Genesi
2736 2253 2972 2293 versum
2999 2255 3012 2293 :
3040 2241 3433 2296 Verumtamen
3459 2259 3685 2300 carnem

263 2337 325 2390 in
353 2333 622 2404 sanguine
651 2329 853 2384 anima
883 2343 996 2382 non
1040 2325 1326 2381 comedetis
1354 2323 1506 2396 (Gen.
1541 2339 1617 2388 1x,
1648 2323 1727 2395 5),
1760 2323 2220 2395 praetermissum
2272 2340 2400 2380 esse
2433 2341 2446 2380 :
2479 2327 2539 2380 at
2566 2341 2635 2380 ea
2663 2340 2895 2397 quoque
2927 2326 3246 2383 desiderari
3295 2329 3515 2399 omnia,
3548 2332 3686 2404 qui-

261 2423 374 2479 bus
405 2422 527 2477 haec
552 2418 754 2475 eadem
787 2415 962 2472 verba
993 2417 1230 2470 sanctus
1256 2413 1458 2468 doctor
1499 2410 1874 2484 explicuerat,
1909 2416 1967 2469 et
2008 2413 2164 2469 unde
2195 2412 2508 2486 collegerat
2537 2413 2596 2468 in
2627 2413 2782 2470 hunc
2815 2415 3058 2470 modum
3093 2431 3106 2470 :
3140 2415 3260 2473 Ideo
3291 2418 3351 2472 in
3375 2421 3681 2493 principio,

261 2516 361 2568 etc.
394 2510 634 2566 Constat
663 2505 844 2579 igitur
869 2502 1322 2559 Ambrosianum
1367 2502 1476 2557 hoc
1524 2518 1672 2574 opus
1703 2501 1980 2557 mutilum
2010 2518 2168 2568 esse;
2203 2517 2308 2557 nec
2341 2501 2585 2574 proinde
2615 2501 2854 2570 mirum,
2887 2503 2934 2559 si
2969 2520 3095 2576 quae
3143 2503 3279 2561 inde
3332 2523 3448 2562 non
3498 2510 3684 2566 semel

261 2598 522 2657 laudavit
576 2593 941 2668 Augustinus
971 2593 1094 2664 (loc.
1128 2591 1310 2662 citat.)
1337 2590 1459 2646 illic
1509 2591 1636 2663 jam
1668 2589 1922 2663 amplius
1963 2607 2078 2646 non
2133 2591 2520 2663 reperiantur.
2555 2590 2882 2648 Dolendum
2940 2609 3081 2648 sane
3113 2593 3364 2666 optimos
3413 2611 3684 2668 quosque

261 2686 796 2758 manuscriptorum
828 2680 1133 2746 excidisse,
1167 2695 1231 2735 ac
1266 2696 1373 2734 nos
1404 2695 1518 2735 non
1550 2679 1662 2735 nisi
1708 2678 1767 2734 in
1815 2678 2056 2735 vitiosos
2088 2678 2368 2736 incidisse
2400 2695 2465 2735 ac
2493 2679 2643 2737 fmde
2675 2682 2998 2752 corruptos.
3036 2681 3434 2740 Nihilominus
3477 2688 3681 2743 tamen

260 2794 462 2835 eorum
495 2791 642 2847 quos
673 2765 934 2828 na'ncisci
966 2769 1138 2824 nobis
1166 2767 1433 2841 contigit,
1461 2784 1527 2823 ac
1557 2767 1932 2841 potissimum
1962 2767 2346 2837 Corbeiensis,
2379 2768 2790 2843 Longipontini
2834 2785 2901 2825 ac
2930 2769 3360 2828 Vaticanorum
3393 2773 3684 2834 beneﬁcio

260 2884 376 2923 non
408 2865 610 2938 paucis
640 2877 744 2917 nec
773 2859 1001 2915 levibus
1033 2857 1210 2912 mavis
1240 2857 1340 2928 qui
1374 2857 1439 2932 in.
1464 2857 1752 2914 editiones
1793 2857 2169 2931 irrepserant,
2202 2856 2505 2929 abstersis,
2537 2857 3004 2915 lucubrationem
3057 2859 3209 2916 hanc
3258 2860 3444 2919 multo
3475 2879 3682 2920 emen-

261 2954 544 3012 datiorem
575 2949 940 3007 exhibemus.

332 3045 449 3099 Hoc
497 3041 558 3096 in
607 3055 780 3112 opere
831 3035 1151 3092 universim
1181 3033 1418 3106 quidem
1465 3033 1758 3090 Ambrosii
1788 3033 2103 3090 concilium
2162 3033 2273 3090 fuit
2325 3038 2441 3091 Noe
2493 3036 2671 3091 sancti
2722 3037 2916 3106 vitam,
2949 3052 3123 3094 mores
3172 3045 3321 3109 gesta
3375 3047 3427 3096 et
3477 3044 3683 3100 mentis

259 3131 611 3189 altitudinem
642 3129 790 3201 (cap.
823 3143 864 3192 ι,
897 3143 956 3181 n.
987 3125 1039 3197 1)
1069 3123 1398 3181 describere
1430 3139 1444 3178 :
1478 3123 1578 3179 sed
1631 3127 1830 3180 tamen
1878 3123 2172 3196 pracipua
2199 3123 2328 3195 ejus
2371 3140 2512 3180 cura
2541 3124 2601 3179 in
2626 3125 2786 3180 Arce
2817 3125 3246 3183 constructione
3300 3144 3367 3184 ac
3414 3130 3682 3202 generali

256 3221 482 3278 Diluvio
512 3215 871 3291 explicandis
921 3213 1203 3270 collocata
1248 3217 1354 3270 est.
1389 3211 1666 3286 Singulas
1698 3229 1874 3268 sacrae
1931 3211 2111 3284 hujus
2168 3212 2425 3269 historiae
2480 3217 2676 3284 partes
2733 3211 3042 3287 diligenter
3096 3216 3386 3288 expendit,
3419 3217 3684 3292 indeque

255 3326 496 3368 sensum
555 3323 686 3364 cum
747 3304 1077 3372 litteralem,
1110 3307 1238 3359 tum
1298 3301 1620 3375 spiritalem
1672 3302 1812 3369 sive,
1844 3304 1911 3356 ut
1966 3299 2092 3374 ipse
2146 3301 2426 3374 loquitur,
2459 3300 2729 3359 altiorem
2782 3302 3105 3375 exprimere
3162 3304 3324 3361 omni
3376 3305 3683 3366 industria

254 3399 560 3464 adnititur,
595 3399 660 3451 ut
689 3411 805 3450 non
835 3397 1052 3449 temere
1103 3391 1278 3447 aliam
1311 3391 1440 3462 ejus
1483 3389 2036 3446 commentationem
2069 3390 2344 3463 reperias,
2379 3390 2480 3446 ubi
2513 3390 2722 3462 majori
2780 3391 2974 3448 studio
3032 3393 3091 3448 in
3151 3397 3468 3467 utrumque
3499 3395 3697 3456 illum.

253 3504 496 3546 sensum
529 3483 913 3542 scrutandum
943 3482 1386 3552 eruendumque
1436 3479 1788 3535 incubuerit.
1816 3477 1940 3536 Illic
1968 3479 2146 3535 etiam
2195 3479 2446 3536 aliorum
2495 3478 2811 3537 identidem
2845 3480 3149 3555 opiniones
3179 3499 3296 3539 non
3327 3482 3454 3541 sine
3483 3486 3682 3543 multa

252 3576 578 3633 eruditione
608 3574 667 3628 in
699 3571 958 3627 medium
992 3569 1239 3642 profert;
1272 3569 1322 3625 si
1355 3567 1495 3640 quid
1531 3572 1727 3624 tamen
1760 3567 1874 3641 ipsi
1904 3567 1964 3623 in
1995 3571 2252 3625 mentem
2281 3567 2478 3625 veniat
2514 3569 2669 3641 quod
2699 3569 2967 3626 videatur
2993 3571 3489 3643 anteponendum,
3523 3573 3676 3631 illud

253 3664 498 3722 candide
528 3680 594 3718 ac
625 3661 752 3717 sine
783 3659 900 3715 ullo
929 3658 1241 3731 supercilio
1273 3657 1564 3730 proponit.
2975 3708 2988 3712 _
3532 3702 3540 3710 _

323 3751 487 3818 Quod
521 3750 592 3805 ad
623 3746 884 3804 Philonis
929 3745 1168 3817 scripta,
1197 3745 1432 3801 tametsi
1483 3761 1616 3800 eum
1651 3744 1721 3800 de
1751 3747 1898 3800 Area
1925 3744 2043 3801 Noe
2075 3748 2249 3818 atque
2277 3743 2504 3802 Diluvio
2536 3743 2870 3818 scripsisse,
2901 3761 3034 3802 cum
3091 3747 3162 3802 de
3219 3746 3351 3804 aliis
3409 3747 3674 3807 historiae

253 3839 594 3916 patriarchae
625 3837 888 3909 ejusdem
922 3833 1188 3908 partibus
1235 3835 1520 3889 tractatus
1550 3833 1816 3900 ediderit,
1849 3849 1967 3890 non
2013 3833 2279 3890 videatur
2307 3851 2342 3890 a
2370 3835 2486 3892 ﬁde
2516 3833 2806 3904 alienum;
2839 3838 3038 3892 utrum
3074 3841 3271 3892 tamen
3302 3852 3502 3892 revera
3530 3855 3671 3894 san-

253 3935 382 3986 ctus
413 3928 658 3985 antistes
685 3925 942 3998 aliquem
975 3923 1153 3994 hujus
1180 3922 1436 3978 auctoris
1468 3921 1538 3978 de
1567 3921 1677 3977 hoc
1707 3921 1836 3994 ipso
1867 3927 2212 3996 argumento
2237 3923 2477 3990 librum,
2501 3940 2677 3996 quem
2708 3922 3058 3992 imitaretur,
3086 3924 3377 3995 habuerit,
3400 3925 3668 3984 divinare

252 4037 368 4076 non
400 4032 740 4091 possumus.
777 4013 924 4069 lllud
957 4012 1366 4068 tantummodo
1398 4009 1534 4066 licet
1577 4011 1892 4081 affirmare,
1927 4010 2214 4068 nonnulla
2243 4029 2370 4084 quin
2401 4029 2471 4069 ex
2515 4011 2878 4070 Philionanis
2906 4013 3072 4070 libris
3106 4015 3180 4070 De
3207 4015 3582 4087 Agricultura,
3616 4020 3677 4072 et

252 4105 636 4181 sequentibus
668 4102 920 4159 delibata
952 4102 1185 4170 fuerint,
1221 4101 1280 4156 in
1307 4100 1419 4156 hoc
1451 4103 1699 4156 tractatu
1731 4100 2107 4173 deprehendi.

323 4198 563 4251 Exstant
593 4191 864 4250 similiter
895 4191 954 4245 in
987 4206 1052 4246 eo
1083 4188 1351 4262 quaedam
1383 4188 1550 4260 quasi
1602 4187 1847 4260 vestigia
1888 4189 2235 4245 concionum
2267 4189 2416 4263 (cap.
2447 4205 2488 4258 ι,
2524 4189 2612 4260 13,
2645 4191 2765 4262 19);
2798 4194 2858 4246 at
2887 4207 3002 4246 non
3051 4191 3198 4247 satis
3228 4191 3383 4248 clara
3415 4191 3517 4247 illa
3548 4193 3675 4266 qui-

251 4287 408 4349 dem,
442 4289 508 4340 ut
537 4283 806 4339 eumdem
841 4297 870 4336 e
902 4278 1274 4336 sermonibus
1301 4277 1372 4332 ad
1415 4276 1697 4350 populum
1747 4277 1964 4333 habitis
1989 4294 2118 4335 esse
2148 4279 2539 4352 compositum
2589 4296 2692 4352 pro
2751 4295 2812 4335 re
2863 4285 3162 4352 comperta
3216 4297 3621 4338 asseveremus
3653 4299 3668 4337 :

253 4373 495 4429 minime
524 4375 720 4426 tamen
753 4368 997 4424 dubium
1031 4372 1120 4423 est
1160 4367 1321 4440 pium
1371 4366 1667 4422 doctorem
1699 4383 1814 4438 quo
1843 4370 2104 4439 tempore
2135 4367 2273 4424 huic
2327 4366 2719 4424 lucubrationi
2767 4383 3003 4440 operam
3035 4367 3233 4436 dabat,
3269 4385 3670 4442 sapenumero

251 4463 308 4516 in
345 4459 606 4515 ﬁdelium
637 4462 785 4514 cmtu
819 4458 993 4512 verba
1024 4455 1248 4512 fecisse.
1282 4455 1598 4526 Nunquam
1641 4455 1797 4510 enim
1829 4454 1927 4511 ille
1957 4455 2351 4512 commisisset
2397 4459 2462 4512 ut
2507 4455 2715 4511 solatia
2759 4472 2868 4512 sua
2913 4455 3184 4512 Ecclesiae
3232 4457 3344 4513 sibi
3376 4474 3412 4513 a
3439 4457 3670 4514 Christo

253 4549 611 4606 demendatae
669 4551 795 4601 tum
851 4546 1136 4610 deessent,
1169 4560 1303 4599 cum
1365 4544 1616 4600 maxime
1674 4545 2002 4601 necessaria
2055 4545 2421 4601 videbantur.
2449 4545 2629 4600 Erant
2657 4544 2879 4602 scilicet
2917 4545 3362 4601 luctuosissima
3406 4562 3476 4601 ea
3521 4549 3669 4602 tem-

252 4654 416 4712 pora,
449 4635 666 4708 quippe
696 4651 823 4706 quae
853 4633 1048 4706 ipsum
1081 4631 1375 4706 coegerint
1417 4633 1616 4688 statim
1647 4633 1719 4688 ab
1750 4634 1984 4690 exordio
2015 4633 2196 4704 hujus
2226 4633 2420 4707 operis
2449 4649 2756 4707 erumpere
2797 4634 2859 4690 in
2909 4634 3032 4690 hanc
3076 4635 3254 4691 verba
3285 4650 3299 4689 :
3331 4634 3509 4692 Pudet
3536 4636 3670 4706 ﬁliis

250 4726 614 4799 supervivere,
673 4721 833 4777 tondet
887 4737 1012 4776 cum
1068 4725 1144 4776 tot
1198 4721 1427 4776 adversa
1478 4721 1774 4778 audiamus
1822 4721 2292 4792 charissimorum,
2324 4723 2501 4779 lucem
2557 4723 2698 4779 hanc
2751 4739 2973 4795 carpere
3019 4741 3036 4777 :
3097 4725 3349 4796 ipsarum
3404 4724 3668 4780 Ecclesia-

251 4833 378 4872 rum
407 4814 644 4869 diversos
674 4813 868 4882 ﬂuctus
925 4813 1367 4882 tempestatesque
1421 4810 1505 4865 vel
1558 4815 1853 4882 praesentes
1905 4812 2111 4883 subire,
2142 4813 2227 4869 vel
2255 4813 2442 4868 animo
2471 4813 2730 4886 recipere,
2761 4814 2883 4884 quis
2927 4816 3038 4868 tam
3067 4814 3250 4885 fortis,
3283 4817 3344 4869 ut
3395 4814 3670 4886 patienter

279 4906 397 4960 erat
417 4907 442 4956 .9

369 4942 373 4946 Α
419 4907 442 4940 9

250 4906 500 5048 fergdrro
532 4989 631 5045 illa
661 4986 1122 5043 difficilimorum
1155 4992 1476 5056 temporum
1530 4984 1748 5041 mentio
1799 4985 1969 5043 nobis
2000 4989 2433 5060 quodammodo
2464 4987 2650 5045 facem
2680 4988 2930 5062 praefert,
2964 4990 3133 5062 cujus
3162 5006 3270 5062 ope
3315 4988 3496 5060 hujus
3525 4987 3665 5046 scri-

255 5081 470 5154 ptionis
502 5083 729 5135 (etatem
752 5077 1114 5150 detegamus.
1135 5075 1260 5131 Non
1293 5075 1536 5130 deerunt
1568 5073 1932 5147 forsitanjqui
1961 5079 2169 5149 putent
2197 5094 2313 5134 non
2347 5075 2464 5134 alia
2485 5080 2750 5149 tempora
2778 5075 2886 5132 hoc
2911 5075 3037 5132 loco
3062 5076 3463 5151 intelligenda,
3487 5093 3664 5149 quam

254 5187 322 5226 ea
349 5170 586 5241 quibus,
621 5165 811 5222 occiso
842 5163 1138 5234 Gratiano,
1171 5163 1486 5235 fugatoque
1507 5161 1914 5220 Valentiniano
1946 5181 2012 5220 ac
2039 5165 2291 5235 Justina,
2315 5165 2533 5221 Ariana
2557 5164 2820 5232 muliere,
2844 5165 3181 5223 orthodoxis
3202 5165 3499 5232 omnibus,
3523 5164 3664 5238 ipsi-

255 5274 369 5330 que
398 5256 692 5330 imprimis
720 5253 1028 5310 Ambrosio
1056 5251 1487 5319 inimicissima,
1521 5268 1646 5323 qua
1679 5269 1793 5308 non
1826 5253 1908 5308 ita
1936 5254 2164 5327 pridem
2195 5255 2254 5310 in
2288 5253 2781 5310 Mediolanensem
2812 5253 3131 5310 Ecclesium
3163 5253 3507 5327 impotentia
3537 5269 3663 5309 mu-

253 5346 419 5401 liebri
454 5345 838 5417 perbacchata
868 5344 1076 5408 fuerat,
1111 5340 1397 5397 Maximus
1427 5344 1712 5413 tyrannus
1742 5344 1923 5398 totam
1953 5342 2167 5401 invasit
2209 5342 2455 5401 Italiam.
2489 5341 2594 5398 Cui
2622 5339 2882 5414 opinioni
2899 5346 2968 5410 et
2997 5341 3141 5398 illud
3190 5343 3424 5398 accedet
3470 5341 3662 5399 subsi-

256 5433 441 5492 dium.
471 5434 619 5502 quod
655 5448 789 5486 cum
819 5431 1036 5485 damna
1066 5429 1165 5485 illa
1195 5447 1309 5486 non
1350 5428 1464 5485 nisi
1495 5446 1647 5485 anno
1677 5430 1782 5486 387
1813 5431 2126 5498 evenerint,
2160 5431 2308 5488 nihil
2338 5430 2645 5505 prohibere
2675 5431 2905 5503 poterit,
2938 5430 3080 5503 quin
3112 5430 3661 5488 commentationem

257 5519 406 5574 hanc
439 5519 534 5573 alii
562 5519 692 5573 libri
723 5519 786 5575 de
817 5519 1153 5575 Palriarchis
1185 5519 1448 5592 proxime
1477 5519 1660 5576 secuti
1693 5519 1830 5576 sint.
1866 5520 2002 5577 Illos
2032 5522 2250 5596 quippe
2280 5520 2489 5578 iisdem
2521 5537 2556 5576 a
2579 5535 2642 5576 se
2688 5519 2871 5577 fuisse
2919 5521 3268 5592 subjunctos
3315 5520 3663 5577 Ambrosius

259 5607 319 5662 in
351 5607 528 5678 priori
556 5605 704 5660 libro
735 5607 805 5660 de
847 5607 1140 5664 Abraham
1185 5608 1414 5664 videtur
1461 5609 1725 5676 innuere,
1762 5609 1862 5664 ubi
1893 5609 1978 5667 sic
2008 5611 2282 5684 praefatur
2313 5628 2326 5669 :
2361 5611 2632 5680 Quoniam
2672 5625 2772 5682 per
2816 5610 3066 5667 ordinem
3113 5610 3281 5683 hujus
3325 5622 3538 5683 quoque
3563 5625 3663 5682 pa-
