3878 6208
221 376 325 444 381
1137 417 1140 419 λ
1426 370 1657 433 LIBER
1699 369 1801 431 DE
1847 365 2003 430 NOE
2046 365 2146 427 ET
2190 363 2423 425 ARCA.
3508 354 3626 416 382

220 509 477 570 iriarchz
505 518 657 584 gesta
683 508 1029 568 considerare
1057 509 1305 565 animum
1334 505 1523 562 subiit.
1556 507 1774 560 Verum
1805 518 1939 558 cum
1972 499 2333 556 calamitates
2378 495 2508 552 illas
2540 494 2621 550 ita
2649 493 2877 584 defleat,
2902 495 2974 584 ut
3016 507 3078 548 se
3127 492 3290 584 loqui
3318 492 3390 547 de
3419 508 3482 548 re
3511 509 3632 584 ma-

222 603 308 678 gis
340 579 610 667 aurib'us,
643 618 819 673 quam
853 597 1035 654 oculis
1068 598 1176 655 sibi
1231 595 1463 668 cognita
1497 593 1803 665 signiﬁeet,
1837 589 1980 645 illud
2032 587 2386 644 arbitramur
2430 581 2795 678 commodius
2825 580 3202 678 quadrare-in
3238 581 3294 635 id
3328 579 3629 678 temporis,

221 669 333 765 quo
367 669 752 762 posteaquam
783 689 996 761 Valens
1027 689 1342 759 imperator
1371 684 1470 756 qui
1501 681 1788 738 Ecclesias
1821 695 2025 734 omnes
2071 681 2247 748 atque
2277 675 2629 731 orthodoxos
2659 671 2902 765 immani
2937 669 3278 725 crudelitate
3309 673 3631 765 veitaverat,

223 757 478 836 flammis
510 757 667 835 esset
721 757 1331 850 absumptum—ingens
1376 773 1756 828 barbarorum
1792 770 1946 825 228
1978 766 2292 821 multitudo
2351 763 2659 819 Thraciam
2719 762 3051 817 universam
3111 765 3285 831 atque
3340 757 3633 830 Illyricum

221 886 409 942 usque
439 869 512 923 ad
546 868 720 941 Alpes
749 849 945 922 Julias
969 867 1101 939 igne
1133 865 1399 934 ferroque
1429 859 1764 916 devastavit.
1799 859 2057 922 Quorum
2093 854 2476 925 irruptioncm
2526 852 2823 908 dirissima
2873 851 3055 923 pestis
3103 867 3168 906 ac
3210 849 3636 942 famesconse-

220 933 368 1016 cute
402 975 546 1030 pene
577 933 863 1029 quidquid
898 933 1202 1010 hominum
1237 933 1732 1023 acijumentorum
1769 946 2104 1001 barbaricos
2135 943 2359 1014 gladios
2408 941 2705 1005 vitaverat,
2737 941 2986 1012 depastae
3018 943 3175 994 sunt.
3210 938 3331 1030 Huc
3361 937 3509 1030 adde
3539 933 3640 1030 illa

219 1024 630 1121 cognationem
665 1024 818 1101 haud
850 1045 1118 1116 exiguam
1168 1041 1380 1096 habere
1427 1055 1561 1092 cum
1612 1036 1706 1104 iis,
1739 1035 1953 1107 quibus
1984 1032 2355 1089 Ambrosium
2391 1035 2657 1085 nostrum
2699 1031 3026 1086 charissimi
3076 1028 3271 1083 fratris
3319 1025 3410 1080 sui
3461 1024 3640 1091 Satiri

220 1120 428 1194 eodem
462 1137 641 1191 ferme
673 1140 932 1206 tempore
964 1130 1228 1187 exstincti
1280 1131 1528 1184 mortem
1582 1129 1957 1198 prosecutum
1993 1138 2120 1178 esse
2152 1120 2495 1191 reperimus.
2536 1121 2729 1193 Neque
2777 1141 2906 1179 vero
2957 1125 3086 1180 aliis
3133 1122 3639 1181 commentationi-

223 1227 336 1281 bus
368 1225 438 1280 de
470 1225 808 1280 Patriarchis
839 1222 920 1276 ita
951 1235 1274 1275 connexum
1308 1222 1585 1289 putamus
1628 1214 1849 1268 huncce
1880 1211 2118 1275 librum,
2153 1217 2215 1265 ut
2247 1229 2344 1265 cas
2401 1227 2514 1266 non
2575 1213 2827 1284 potuerit
2857 1213 3079 1285 aliquot
3135 1231 3424 1270 annorum
3458 1215 3638 1269 inter-

219 1313 373 1370 vallo
433 1326 806 1386 praecurrere.
841 1311 1015 1364 Favet
1069 1307 1204 1362 huic
1235 1305 1521 1378 Opinioni,
1553 1308 1680 1358 tum
1713 1302 1868 1373 quod
1901 1300 2010 1356 illae
2044 1317 2156 1354 non
2189 1299 2465 1366 turbatis,
2497 1301 2597 1354 sed
2657 1301 2878 1372 pacatis
2935 1303 3301 1374 temporibus
3329 1303 3641 1358 videantur

221 1404 277 1458 in
316 1402 513 1458 lucem
574 1401 772 1467 editae;
824 1403 949 1453 tum
1009 1398 1164 1469 quod
1224 1395 1390 1450 initio
1422 1393 1552 1448 libri
1586 1393 1650 1447 de
1671 1392 1864 1462 Joseph
1893 1407 2024 1445 cum
2059 1389 2203 1444 alios
2236 1388 2597 1460 patriarchas
2628 1395 2942 1458 recenseat,
2977 1392 3189 1446 Noachi
3223 1391 3391 1464 quasi
3450 1392 3520 1447 de
3573 1406 3640 1446 eo

213 1493 346 1564 jam
380 1489 618 1555 oblitus,
653 1506 779 1545 sese
811 1488 1118 1559 scripsisse
1173 1502 1286 1540 non
1332 1481 1681 1539 meminerit.
1717 1479 1816 1534 His
1876 1480 2071 1550 itaque
2129 1479 2199 1532 de
2259 1476 2452 1532 causis
2510 1477 2654 1532 nihil
2713 1481 3001 1534 succurrit
3031 1481 3428 1549 verisimilius,
3461 1495 3638 1552 quam

221 1586 287 1637 ut
324 1581 517 1636 eidem
549 1579 706 1650 operi
747 1578 1078 1633 tribuamus
1108 1589 1328 1630 annum
1361 1574 1498 1638 379;
1533 1571 1643 1626 sub
1695 1569 1848 1640 quod
1880 1567 2053 1623 ctiam
2091 1571 2324 1638 tempus
2356 1564 2543 1621 multa
2575 1567 2648 1621 ab
2704 1567 3009 1623 Ambrosio
3065 1568 3394 1625 sublimiter
3424 1569 3642 1640 scripta

221 1669 653 1727 Chronicorum
684 1671 970 1723 testanlur
999 1665 1330 1720 conditores
1362 1663 1650 1733 (Prosper,
1684 1658 1970 1723 Cassiod,
2002 1661 2061 1712 et
2107 1657 2274 1726 cret).
2311 1660 2454 1710 Nam
2486 1657 2639 1727 quod
2696 1655 2877 1712 libros
2909 1659 2980 1713 De
3009 1658 3219 1728 Officiis
3248 1657 3372 1729 (lib.
3405 1675 3448 1724 1,
3474 1675 3524 1713 c.
3552 1657 3639 1729 19)

221 1759 280 1813 in
319 1758 540 1830 quibus
570 1773 704 1812 eum
737 1757 808 1810 de
838 1771 952 1826 quo
1009 1753 1405 1824 disputamus,
1439 1749 1742 1803 laudatum
1800 1750 2047 1812 constat,
2083 1745 2367 1800 Baronius
2399 1750 2454 1799 et
2485 1743 2583 1815 qui
2634 1745 2760 1814 ejus
2793 1746 2978 1801 secuti
3037 1751 3178 1801 sunt
3207 1747 3638 1816 auctoritatem,

223 1863 382 1903 anno
413 1847 520 1900 377
550 1848 764 1917 negant
789 1843 903 1898 dici
936 1859 1106 1914 posse
1137 1839 1514 1912 antiquiores,
1550 1836 1716 1892 nobis
1750 1835 1987 1907 quidem
2030 1835 2138 1889 hac
2189 1835 2244 1888 in
2297 1851 2356 1888 re
2407 1851 2521 1889 non
2557 1834 2635 1888 ita
2667 1833 2832 1889 facile
2862 1851 2994 1889 cum
3028 1835 3146 1890 illis
3179 1835 3497 1891 conveniet.
3528 1836 3640 1891 Sed

223 1935 381 1991 alius
411 1934 524 1990 erit
581 1933 758 2004 hujus
788 1931 1150 1987 difficultatis
1182 1927 1583 1985 examinandae
1627 1924 1811 1980 locus.
1843 1924 2083 1979 Interim
2116 1923 2209 1978 hic
2238 1924 2625 1978 omittendum
2687 1940 2800 1978 non
2859 1924 3214 1978 arbitramur
3267 1923 3640 1980 Ambrosium

223 2024 283 2078 in
319 2023 429 2077 hoc
459 2021 610 2076 libro
655 2021 728 2076 De
775 2021 881 2076 Noe
909 2028 958 2074 et
985 2020 1124 2074 Area
1153 2019 1302 2089 (cap.
1341 2018 1426 2086 17)
1460 2014 1804 2087 prodidisse,
1838 2013 1894 2067 in
1944 2012 2108 2068 Italia
2138 2013 2527 2068 Indictionum
2561 2029 2735 2068 usum
2769 2012 2981 2068 recenti
3032 2013 3315 2070 memoria
3345 2013 3526 2070 fuisse
3556 2029 3643 2068 re-

226 2116 489 2184 ceptum.

898 2439 1715 2598 SANCTI
1908 2436 2984 2592 AMBROSII

1482 2691 2054 2753 MEDIOLANENSIS
2094 2691 2408 2747 EPISCOPI

1149 2865 1369 2991 DE
1499 2859 1850 2992 NOE
1969 2862 2179 2987 ET
2295 2859 2742 2990 ARCA

1528 3097 1843 3182 LIBER
1902 3093 2218 3184 UNUS
2261 3084 2367 3182 (⁸).

3409 2255 3645 2263 ___——_

674 3399 818 3456 2‘17
883 3399 1114 3455 CAPUT
1146 3399 1453 3456 PRIMUM.

241 3492 356 3548 Noe
383 3492 570 3545 virum
590 3491 825 3560 justum,
858 3491 955 3561 qui
977 3487 1046 3542 ad
1075 3489 1453 3545 renovandum
1477 3505 1663 3544 semen
1717 3491 1892 3544 homi-

1925 3399 1982 3466 Α
2081 3403 2133 3454 '2.
2170 3399 2330 3455 Unde
2352 3405 2408 3456 et
2428 3401 2546 3456 Noe
2565 3399 2798 3467 dicitur,
2820 3403 2973 3473 quod
3000 3403 3199 3458 Latine
3219 3403 3652 3476 diciturjustus

2002 3487 2087 3544 vel
2124 3489 2375 3560 requies.
2409 3489 2776 3561 Deniquejet
2823 3497 3095 3562 parentes
3151 3495 3279 3564 ejus
3338 3493 3647 3551 dixerunt:

309 3579 447 3616 num
477 3562 705 3616 relictus
733 3561 859 3631 /uit,
913 3561 1162 3632 omnium
1219 3561 1529 3615 imitationi
1584 3577 1891 3632 proponen-

303 3634 439 3689 dum
467 3647 583 3686 esse
616 3648 629 3686 :
665 3635 722 3685 ut
752 3639 804 3685 et
832 3646 929 3685 nos
961 3631 1035 3686 ab
1055 3633 1207 3685 omni
1261 3633 1419 3686 istius
1446 3633 1642 3686 mundi
1681 3631 1892 3688 sollici-

303 3705 527 3772 tudine,
560 3707 727 3774 atque
753 3703 1016 3773 operibus
1045 3704 1358 3773 iniquitatis
1394 3704 1817 3774 requiesco-mus.

305 3811 361 3867 1.
397 3809 518 3864 Noe
550 3808 739 3864 sancti
772 3807 1072 3864 adorimur
1102 3807 1300 3878 vitam,
1334 3825 1549 3874 mores,
1581 3814 1764 3882 gesta,
1817 3811 1893 3866 al-

229 3898 552 3955 titudinem
585 3912 818 3968 quoque
850 3897 1063 3952 mentis
1095 3897 1424 3968 explanare,
1459 3898 1506 3953 si
1554 3915 1891 3969 possumus,

231 3989 384 4044 Nam
415 4003 552 4042 cum
578 3986 705 4057 ipsa
726 3985 1032 4058 prOphetia
1061 3986 1286 4057 (Jerem.
1321 4003 1456 4053 xvu,
1490 3986 1545 4058 9)
1577 3986 1785 4042 dixerit
1816 3989 1894 4059 (2)

233 4076 381 4132 nihil
414 4073 719 4130 difficilius
751 4091 928 4146 quam
987 4074 1244 4130 hominis
1298 4075 1576 4130 interiora
1633 4092 1893 4148 compre-

233 4165 515 4232 hendere,
549 4167 770 4236 quanto
813 4163 1000 4236 magis
1031 4163 1268 4218 difﬁcile
1299 4163 1406 4218 viri
1431 4164 1579 4234 justi
1637 4169 1892 4220 mentem

237 4252 634 4328 cognoscere?
664 4251 888 4307 Etenim
919 4267 1092 4323 quem
1124 4252 1407 4307 Dominus
1440 4253 1592 4308 Deus
1623 4253 1694 4308 ad
1727 4270 1890 4309 reno-

236 4343 500 4398 vandum
524 4357 723 4397 semen
755 4340 1061 4395 hominum
1084 4341 1418 4406 reservavit,
1446 4347 1509 4396 ut
1539 4346 1698 4397 esset
1719 4343 1894 4414 justi-

236 4431 326 4486 tias
359 4429 748 4486 seminarium
775 4447 788 4498 ;
821 4429 1066 4501 dignum
1091 4434 1197 4497 est,
1214 4435 1277 4485 ut
1298 4447 1404 4485 nos
1429 4447 1664 4504 quoque
1681 4431 1894 4487 descri-

239 4521 454 4576 bamus
487 4535 621 4574 eum
648 4519 718 4574 ad
751 4518 1137 4574 imitationem
1168 4519 1452 4587 omnium,
1486 4524 1542 4575 et
1565 4520 1892 4592 requiesca-

241 4626 372 4666 mus
404 4610 466 4663 in
500 4625 568 4664 eo
599 4609 672 4664 ab
707 4607 1050 4664 omniistius
1066 4608 1270 4664 mundi
1291 4608 1892 4682 sollicitudim_a,quam

241 4697 506 4769 quotidie
535 4695 781 4752 diversis
811 4695 1300 4768 exagitationibus
1321 4699 1895 4755 sustinemus.Pudet

243 4785 380 4842 filiis
409 4786 800 4858 supervivere,
835 4787 1004 4841 tendet
1033 4803 1166 4841 cum
1199 4790 1281 4842 tot
1312 4787 1554 4844 adversa
1585 4787 1895 4848 audiamus
1925 4770 1972 4834 Β

242 4875 727 4930 charissimorum
742 4874 842 4946 (3),
861 4874 1051 4931 lucem
1075 4875 1224 4930 hanc
1240 4893 1474 4948 carpere
1495 4893 1506 4930 :
1525 4877 1784 4948 ipsarum
1801 4878 1895 4933 Ec-

243 4962 554 5020 clesiarum
586 4963 846 5019 diversos
875 4963 1085 5019 fluctus
1116 4969 1611 5038 tempestatesque
1641 4965 1728 5022 vel
1751 4984 1894 5038 pra:-

247 5056 440 5108 sentes
466 5051 686 5122 subire,
718 5051 803 5107 vel
823 5051 1020 5107 animo
1054 5053 1328 5124 recipere,
1354 5053 1485 5125 quis
1509 5058 1628 5109 tam
1655 5055 1818 5110 fortis
1834 5061 1898 5111 ut

246 5141 533 5211 patienter
553 5141 744 5196 ferat?
767 5141 976 5196 Etideo
999 5141 1168 5196 nobis
1191 5157 1422 5214 quoque
1435 5144 1760 5199 affectanda
1777 5143 1898 5199 haec

249 5229 476 5301 requies
507 5230 618 5286 fuit
642 5249 653 5298 ;
689 5234 752 5284 ut
781 5230 922 5285 dum
945 5231 1064 5286 Noe
1086 5236 1357 5286 sanctum
1383 5233 1600 5303 majore
1623 5232 1898 5288 intentio-

251 5333 322 5371 ne
351 5320 816 5388 consideramus,
851 5319 1183 5374 reficiamur
1201 5324 1258 5374 et
1280 5337 1406 5387 nos,
1427 5320 1579 5375 sicut
1609 5337 1779 5376 omne
1801 5337 1898 5392 ge-

252 5422 360 5462 nus
382 5407 438 5462 in
453 5407 553 5463 illo
570 5408 851 5478 requievit
871 5409 942 5463 ab
965 5407 1239 5480 operibus
1261 5409 1384 5464 suis
1402 5414 1574 5480 atque
1600 5409 1896 5466 mmstitia.

345 5575 401 5648 1)
426 5575 692 5648 Scriptus
723 5575 858 5630 circ.
893 5592 964 5631 an
993 5577 1114 5632 379.

342 5645 395 5716 2)
426 5645 574 5720 Cod:
593 5648 740 5720 vah,
765 5648 930 5702 Corb.
955 5651 1011 5720 et
1033 5647 1521 5720 Longipontinus,
1548 5649 1903 5720 Philosophia
2013 5645 2150 5706 men
2180 5645 2323 5703 illud
2358 5649 2569 5704 imitari
2603 5667 2668 5705 ex
2700 5667 2790 5720 cp.
2825 5649 2844 5702 Ι

255 5713 472 5774 dii-erit.
498 5719 612 5775 Nec
631 5713 850 5775 forsam
871 5718 1053 5782 male;
1076 5713 1190 5776 non
1212 5713 1368 5775 enim
1392 5713 1699 5778 Ambrosio
1723 5713 1903 5778 moris

2003 3579 2145 3643 Quia
2181 3578 2273 3633 hic
2303 3580 2468 3650 faciet
2493 3595 2590 3635 nos
2621 3581 2963 3650 requiescere
2992 3583 3060 3638 ab
3089 3585 3362 3655 aperibus,
3395 3583 3509 3640 et"a
3546 3588 3649 3640 tri-

2001 3672 2178 3740 stitia,
2211 3675 2262 3722 et
2289 3685 2323 3723 a
2353 3674 2506 3724 terra
2531 3671 2630 3725 cui
2657 3669 2950 3726 maledixit
2974 3673 3237 3728 Dominus
3270 3675 3406 3730 Deus
3437 3673 3649 3746 (Gen.v,

2001 3765 2112 3831 29).
2145 3764 2307 3829 Quod
2342 3763 2541 3834 utique
2568 3762 2616 3818 si
2648 3763 2718 3818 ad
2750 3779 2817 3818 ea
2855 3779 2982 3834 quae
3015 3763 3192 3824 facta!
3222 3767 3359 3818 sunt
3397 3763 3652 3818 referen-

2003 3854 2144 3907 dum
2178 3859 2368 3924 putes,
2401 3869 2535 3907 cum
2569 3851 2854 3906 diluvium
2905 3853 3015 3908 sub
3046 3869 3111 3907 eo
3143 3852 3359 3906 factum
3405 3852 3500 3918 sit,
3535 3867 3651 3906 non

2004 3939 2233 4012 requies
2267 3939 2627 4008 hominibus,
2669 3939 2768 3994 sed
2804 3939 3072 3995 interitus
3101 3939 3366 3995 videatur
3412 3939 3650 3994 illatus:

2003 4045 2109 4084 nec
2140 4028 2408 4083 remissio
2450 4027 2763 4094 malorum,
2796 4029 2897 4083 sed
2929 4027 3202 4083 cumulus
3257 4028 3649 4083 miseriarum.

2002 4118 2218 4171 Verum
2267 4117 2315 4171 si
2341 4116 2486 4187 justi
2518 4116 2623 4170 viri
2674 4121 2928 4171 mentem
2982 4115 3334 4181 consideres,
3387 4116 3653 4172 advertas

1995 4205 2296 4276 justitiam
2327 4203 2512 4260 solam
2561 4221 2710 4271 esse,
2743 4221 2870 4275 quas
2901 4203 3052 4259 alliis
3091 4204 3284 4276 potius
3317 4205 3469 4262 228
3515 4209 3656 4260 nata

2004 4298 2115 4358 est,
2174 4310 2350 4364 quam
2411 4292 2562 4347 sibi:
2599 4309 2711 4347 non
2763 4293 2914 4363 quod
2949 4292 3061 4348 sibi
3091 4292 3232 4349 utile
3263 4298 3353 4349 est
3377 4299 3653 4365 tquaarat,

2006 4384 2103 4440 sed
2139 4383 2292 4454 quod
2330 4381 2645 4448 omnibus;
2679 4382 2799 4436 haec
2831 4399 2936 4437 nos
2987 4382 3349 4453 requiescere
3391 4383 3526 4438 facit
3582 4383 3654 4438 ab

2006 4472 2282 4544 Operibus
2335 4471 2690 4542 iniquitatis,
2723 4471 2843 4526 haec
2873 4476 3100 4527 revocat
3129 4489 3162 4525 a
3194 4473 3465 4540 tristitia;
3518 4472 3656 4544 quia

2004 4563 2147 4616 dum
2171 4578 2238 4616 ea
2257 4561 2565 4633 quaajusta
2581 4561 3171 4633 suntgerimus,nihil
3199 4562 3472 4617 timemus
3498 4579 3654 4634 purae

2005 4650 2369 4705 conscientiae
2383 4649 2835 4718 securitate,non
2850 4650 3114 4706 dolemus
3127 4667 3360 4722 gravem
3375 4651 3653 4707 dolorem.

2004 4738 2160 4794 Nihil
2192 4738 2350 4794 enim
2371 4744 2460 4795 est
2481 4741 2635 4811 quod
2660 4741 2898 4810 majoris
2919 4739 3134 4795 doloris
3155 4740 3250 4806 sit,
3275 4757 3449 4813 quam
3475 4740 3656 4813 culpa:

2006 4834 2222 4884 reatus.
2259 4828 2718 4900 Requiescamus
2749 4830 2925 4885 etiam
2958 4830 3031 4884 ab
3075 4831 3232 4886 omni
3258 4847 3398 4886 cura
3417 4834 3657 4886 terrena:

2006 4917 2483 4984 conversationis,
2517 4935 2641 4988 qua:
2673 4935 2884 4991 corpus
2907 4924 3170 4974 nostrum
3193 4925 3368 4991 atque
3399 4920 3656 4975 animam

2007 5007 2417 5078 frequentibus
2437 5012 2606 5061 vexat
2629 5006 2950 5074 doloribus,
2979 5007 3276 5080 vitamque
3297 5009 3512 5064 atterit.

2650 5157 2877 5212 CAPUT
2930 5156 2992 5212 ΙΙ.

2013 5265 2159 5336 Quid
2189 5267 2413 5338 nomina
2443 5265 2689 5333 ﬁliorum
2720 5265 2841 5338 Noe
2881 5265 3213 5338 signiﬁcent,
3252 5268 3471 5338 ‘quidve
3525 5269 3657 5324 crdo

2085 5353 2188 5408 quo
2220 5337 2321 5390 illa
2351 5339 2746 5408 recensentur?
2772 5335 2842 5389 ld
2869 5336 3116 5406 exemplo
3149 5335 3442 5395 instizuctw
3490 5341 3658 5407 aciei,

2081 5405 2146 5464 dc
2175 5416 2390 5463 natura:
2431 5408 2602 5479 ipsius
2633 5405 2887 5461 instituto:
2916 5405 3228 5476 e.rp0nitur.
3270 5411 3513 5482 Denique
3556 5405 3661 5468 cur

2016 5583 2103 5633 est
2134 5578 2449 5649 prophetia:
2473 5577 2706 5631 nomine
2729 5576 3090 5704 Scripturam
3116 5578 3294 5634 citare
3321 5597 3333 5634 :
3368 5581 3557 5651 potuit
3577 5587 3659 5638 ta-

2016 5666 2143 5704 men
2180 5648 2323 5703 illud
2358 5649 2569 5704 imitari
2603 5667 2668 5704 ex
2700 5667 2790 5704 cn.
2825 5649 2844 5702 Ι
2905 5648 3051 5703 Petr.
3087 5666 3125 5704 1.
3159 5650 3247 5704 2|.

2085 5666 2143 5706 en
2180 5650 2323 5703 illud
2358 5650 2569 5704 imitari
2603 5667 2668 5705 ex
2700 5667 2790 5720 cp.
2825 5650 2871 5704 II
2905 5650 3051 5703 Petr.
3087 5666 3126 5717 1,
3159 5650 3247 5707 2|.

2085 5723 2161 5793 (3)
2194 5720 2360 5776 Rom.
2395 5721 2556 5790 edit.,
2591 5721 3050 5779 clarissimorum.
