3862 6210
185 353 304 420 383
1645 356 1710 420 s.
1757 352 2134 446 iussosu
3472 359 3600 427 au

253 493 311 549 in
337 489 717 570 declarandis
764 507 957 550 eorum
1008 491 1464 564 generationibus
1521 492 1828 549 invertatur
1855 493 1910 558 Α
1939 493 2081 550 aciei
2113 493 2398 568 suscipiat
2426 509 2555 568 quas
2575 491 2710 570 plus
2737 491 3000 566 laborat;
3028 494 3214 554 virtus
3231 495 3392 554 enim
3417 497 3597 555 bella-

250 566 399 631 ordo,
428 568 549 636 fuse
577 565 924 624 declaratur.

2068 600 2078 637 ι
2109 565 2540 640 difﬁcilioribus
2571 565 2714 642 locis
2735 589 2825 642 est
2845 565 3204 656 necessaria;
3233 586 3388 642 sicut
3410 586 3593 644 etiam

249 675 301 727 3.
333 673 477 727 Huic
507 690 638 728 vero
670 677 789 728 tres
843 672 945 726 lilii
980 672 1120 739 nati,
1153 672 1309 742 Sem,
1341 671 1543 738 Cham,
1591 670 1822 742 Japhet.
1936 671 2070 727 boni
2103 673 2362 729 custodis
2411 675 2720 746 praesentia
2749 675 2830 730 ibi
2862 675 3241 747 frequentior,
3285 675 3384 731 ubi
3437 677 3591 732 muri

179 763 312 826 Qum
345 763 582 816 nomina
613 761 943 833 signiﬁcant
976 763 1192 826 bonum,
1227 766 1284 816 et
1305 763 1533 827 malum,
1568 764 1624 814 et
1655 759 1825 830 indif~
1935 759 2279 831 fragiliores.
2314 765 2396 817 Ac
2429 778 2500 817 ne
2530 779 2647 834 qua
2674 779 2808 834 pars
2837 763 2965 818 sine
2997 763 3302 819 defensore
3319 763 3414 828 sit,
3447 766 3588 820 dum

175 852 378 920 ferens,
416 856 477 905 ut
508 856 564 904 et
591 855 807 904 naturae
836 850 1022 920 gratia
1047 849 1369 904 bonitatem
1412 849 1710 913 habuisse,
1769 853 1828 902 et
1933 849 2077 905 illud
2102 849 2320 906 bonum
2354 851 2722 907 inclinatiora
2750 857 3064 919 sustentat,
3093 852 3392 908 tuncillud
3417 853 3594 909 indif-

178 939 466 994 malorum
498 942 858 992 tentamenta
895 938 948 992 ei
1008 954 1379 1009 nequaquam
1433 937 1709 1002 defuisse,
1771 939 1828 990 et
1931 937 2122 994 ferens
2153 937 2346 993 locum
2380 939 2740 1011 superiorem
2775 940 3045 1011 suscipit,
3075 940 3236 996 velut
3265 941 3588 1012 deputante

175 1027 734 1090 ininditi‘erentibus,
756 1027 860 1081 hoc
877 1025 1521 1098 est,vclutsupellectili
1539 1026 1822 1081 virtutum
1931 1026 2043 1082 sibi
2073 1044 2202 1083 eam
2234 1031 2456 1099 partem
2487 1028 2813 1100 perfectiori
2857 1029 3052 1094 bono,-
3085 1028 3230 1084 nihil
3262 1029 3418 1085 enim
3463 1029 3584 1084 vir-

173 1117 503 1172 abundasse
527 1115 809 1171 videatur.
844 1118 967 1180 Qua
997 1117 1218 1170 ratione
1249 1120 1444 1170 autem
1493 1114 1714 1170 malum
1762 1114 1820 1168 in
1928 1118 2054 1171 tute
2080 1115 2412 1187 perfectius.
2447 1116 2840 1172 lndiﬁ‘erentia
2867 1122 3062 1172 autem
3095 1133 3211 1172 non
3237 1117 3460 1174 habent
3488 1133 3584 1173 ro-

173 1205 364 1260 medio
397 1205 673 1276 posuerit,
708 1205 853 1260 ratio
883 1205 1118 1260 evidens
1149 1209 1276 1260 est:
1312 1205 1449 1276 quia
1469 1207 1684 1258 natura:
1718 1203 1818 1257 bo-
1927 1203 2040 1258 bur
2066 1204 2269 1259 valida
2302 1205 2554 1270 virtutis,
2587 1205 2685 1260 sed
2717 1205 2846 1275 ejus
2887 1211 3105 1278 augent
3133 1210 3193 1260 et
3233 1205 3584 1262 diffundunt

173 1311 312 1348 num
345 1294 621 1348 omnibus
649 1294 838 1349 inest:
874 1311 975 1348 nec
1007 1293 1173 1366 quasi
1199 1294 1512 1364 naufragos
1533 1292 1596 1346 in-
1629 1291 1817 1346 lucem
1926 1293 2196 1365 gratiam.
2249 1293 2412 1349 Unde
2436 1293 2647 1364 Japhet
2671 1293 2864 1350 dictus
2891 1299 3001 1361 est,
3034 1295 3191 1365 quod
3222 1295 3462 1351 latitudo
3490 1295 3578 1350 si-

170 1383 421 1454 projicit,
453 1385 554 1438 sed
581 1382 838 1438 suffulsit
869 1388 925 1438 et
952 1382 1173 1437 viribus
1201 1401 1213 1448 ;
1247 1387 1310 1437 ut
1335 1398 1447 1437 non
1479 1381 1816 1452 oppriman-
1925 1383 2240 1454 gnificatur
2269 1382 2488 1438 Latine.

169 1477 266 1526 tur
297 1473 672 1527 tcntamentis
705 1472 962 1538 malitizn,
990 1488 1093 1526 nec
1116 1476 1396 1542 tanquam
1421 1469 1658 1525 invalidi
1684 1486 1814 1524 suc-
2555 1497 2788 1554 CAPUT
2843 1498 2937 1553 In.

169 1563 443 1661 cumba)?
469 1577 487 1660 i
517 1561 842 1661 831mm“?!
859 1565 916 1616 et
936 1560 1106 1615 νθδίίί
1133 1559 1290 1661 velunt
1342 1559 1697 1661 q‘mbuw‘a?‘
1728 1562 1815 1661 ξδ’
1923 1587 2179 1661 Secutum
2197 1587 2413 1661 (diluvio
2433 1590 2749 1650 universam
2783 1587 3192 1661 generationem
3223 1585 3340 1641 ideo
3398 1589 3576 1661 auun-

165 1649 962 1722 gumentisindilferentibus,
988 1666 1114 1720 quae
1147 1654 1286 1704 sunt
1315 1648 1495 1715 salus,
1519 1647 1690 1702 valet:

2052 1677 2144 1714 me
2173 1660 2418 1729 ﬁliorum
2442 1647 2864 1728 procreation'e;
2892 1667 2954 1713 ut
2983 1660 3131 1713 bona
3157 1674 3408 1714 concessa
3436 1659 3577 1714 divi-

163 1740 334 1802 bona,
373 1739 765 1810 pulchritudo,
791 1737 1131 1811 impigritia,
1153 1737 1385 1804 divitiae,
1409 1736 1610 1806 gloria,
1633 1751 1813 1806 gene-
1990 1730 2701 1814 ηδεβλεπιξςγηίιᾳξί,,ςειξιιθγηΔ
2720 1738 2974 1785 reuocata
3000 1746 3064 1784 ac
3078 1745 3270 1801 paena:
3292 1731 3575 1801 irrogata:
3631 1740 3634 1742 ‘

162 1829 244 1884 ris
274 1805 652 1896 claritudomt
682 1844 748 1883 ea
777 1805 908 1882 dote
939 1805 1147 1882 muniti
1183 1805 1458 1882 tueantur
1487 1805 1687 1880 bonita

1348 1805 1458 1880 ,ων
1487 1805 1806 1880 bonitatem
1838 1863 1884 1896 η
1988 1806 2190 1858 nostra
2220 1805 2506 1875 iniquilali
2527 1805 2873 1873 imputemus.

163 1925 403 1982 naturis,
436 1923 493 1972 et
523 1915 744 1972 malum
771 1915 916 1972 illud
967 1916 1288 1984 includant,
1323 1931 1393 1970 ne
1434 1914 1622 1986 possit
1665 1929 1807 1969 noce
1839 1914 1884 1928 "
1983 1919 2036 1972 6.
2072 1918 2187 1983 Nec
2217 1916 2407 1973 solum
2440 1919 2680 1972 sanctus
2700 1916 2820 1972 Noe
2847 1915 3166 1972 abundavit
3192 1915 3448 1972 ﬁliorum
3470 1933 3572 1989 ge-

160 2022 240 2072 re,
276 2011 327 2061 et
363 2006 532 2077 quasi
565 2004 830 2060 clausum
881 2004 1264 2076 strangulent.
1915 2007 2250 2074 neratione;
2282 2006 2384 2061 sed
2415 2005 2592 2061 etiam
2622 2005 2895 2061 universa
2914 2021 2978 2061 se
3006 2005 3216 2061 effudit
3238 2021 3418 2076 quam
3450 2021 3571 2062 ma-

231 2096 282 2148 4.
308 2095 508 2150 Nonne
539 2094 834 2150 cernimus
863 2093 1019 2148 velut
1048 2094 1232 2149 aciem
1265 2092 1579 2164 quamdam
1621 2091 1802 2146 virtu-
1912 2094 2066 2150 xime
2096 2111 2161 2149 eo
2184 2098 2448 2166 tempore
2479 2093 2796 2166 generatio.
2831 2093 2992 2156 Quod
3025 2110 3140 2148 non
3176 2094 3432 2152 otiosum
3481 2095 3571 2150 vi-

155 2188 282 2238 tum
315 2184 641 2239 ordinatam
673 2184 732 2236 in
766 2181 1031 2254 praelium
1059 2200 1071 2250 ;
1106 2186 1170 2235 ut
1191 2181 1492 2236 inferiores
1522 2180 1579 2234 in
1613 2179 1803 2235 medio
1913 2184 2105 2238 detur.
2140 2184 2425 2238 Secuturo
2457 2182 2614 2238 enim
2647 2181 2864 2236 diluvio
2898 2198 3014 2236 non
3047 2182 3248 2237 debuit
3286 2182 3566 2238 mstimari

156 2272 292 2339 sint,
329 2274 562 2327 dextera
592 2271 848 2342 laevaque
869 2269 1025 2326 velut
1055 2271 1112 2325 in
1145 2271 1422 2326 cornibus
1471 2269 1800 2334 validiores,
1911 2271 2167 2326 defuisse
2197 2271 2446 2344 gratiam
2479 2268 2856 2325 fecunditatis
2887 2268 2970 2324 illi
2998 2269 3568 2343 generationi,quam

154 2378 259 2433 per
289 2379 436 2432 quos
460 2365 582 2416 tota
604 2359 757 2415 acies
779 2360 957 2414 robur
977 2358 1268 2431 accipiat?
1289 2359 1451 2414 Unde
1477 2363 1534 2414 et
1559 2358 1800 2430 quidam
1911 2360 2130 2415 diluvia
2159 2359 2591 2415 absorbuerunt
2623 2377 2635 2413 :
2672 2362 2736 2412 ut
2765 2358 2919 2429 quod
2952 2358 3062 2412 fuit
3090 2357 3333 2413 humani
3393 2375 3568 2431 gene-

155 2455 322 2521 poeta
347 2450 578 2504 Graecus
610 2449 721 2503 ait:
755 2459 934 2514 κακοὺς
961 2455 1002 2504 δ’
1059 2459 1103 2510 ἐς
1162 2448 1314 2504 229
1374 2454 1558 2516 μέσσον
1590 2454 1679 2502 ἔλα

2042 2448 2406 2513 ὼυῐιᾶειιιιὶα,
2437 2447 2645 2504 divinas
2675 2447 2989 2519 deputetur
3012 2447 3208 2518 gratiae
3244 2464 3258 2515 ;
3287 2448 3445 2518 quod
3479 2448 3567 2502 di-

152 2538 429 2609 (Homer.,
463 2536 622 2592 Iliad.
655 2538 730 2606 Δ),
757 2536 864 2591 hoc
895 2540 1004 2601 est,
1033 2535 1220 2591 malos
1241 2538 1434 2590 autem
1453 2535 1511 2590 in
1539 2535 1798 2590 medium
1911 2538 2132 2593 luvium
2166 2539 2320 2594 πθ
2341 2541 2608 2592 secutum
2631 2535 2971 2602 est,nostris
3001 2535 3567 2608 ascribaturiniqui-

150 2627 418 2681 inseruit.
453 2626 536 2680 Ita
567 2641 702 2697 ergo
755 2629 813 2680 et
836 2623 1225 2696 naturaquasi
1252 2624 1588 2689 bonusdux,
1616 2623 1800 2696 impe-
1912 2627 2149 2693 tatibus,
2174 2626 2273 2698 qui
2292 2625 2546 2698 peccatis
2564 2623 2781 2679 nostris
2815 2623 3134 2679 avertimus
3175 2623 3407 2678 Domini
3452 2625 3568 2679 mi-

150 2719 313 2770 rante
348 2716 478 2783 Deo,
522 2731 646 2786 quae
682 2731 787 2768 nos
819 2715 889 2769 ad
923 2715 1100 2783 hujus
1124 2713 1325 2767 mundi
1346 2712 1546 2784 przelia
1567 2729 1801 2785 genera-
1911 2715 2310 2772 sericordiam.
2343 2714 2437 2769 Sic
2466 2717 2522 2769 et
2551 2712 2611 2767 in
2644 2712 3067 2785 posterioribus
3116 2711 3562 2784 invenies,quod

151 2821 211 2858 re
243 2803 501 2870 noverit;
536 2819 664 2874 quae
696 2803 849 2858 bona
879 2802 1072 2866 habet,
1132 2801 1321 2872 primo
1352 2801 1554 2857 ordine
1583 2803 1797 2858 consti-
1909 2808 2241 2860 secuturam
2272 2801 2499 2874 [Egypti
2531 2799 2898 2856 sterilitatem
2959 2799 3255 2872 praecessit
3312 2801 3564 2856 totidem

151 2892 299 2959 tuit;
334 2910 458 2962 qua:
490 2891 768 2957 officiant,
802 2892 1086 2956 secundo;
1123 2907 1252 2963 quae
1271 2891 1568 2959 adjuvant,
1594 2890 1795 2957 tertio;
1909 2907 2198 2950 annorum
2233 2890 2559 2947 fecunditas
2591 2887 2742 2960 (Gen.
2789 2905 2900 2956 XLI,
2933 2890 3004 2943 26
3061 2890 3176 2959 27).
3235 2888 3564 2960 Principale

152 2985 215 3035 ut
238 2985 520 3051 tanquam
551 2979 608 3034 in
651 2979 842 3034 medio
901 2977 1165 3033 inclusus
1221 2979 1428 3045 hostis,
1487 2979 1798 3052 geminatis
1908 2987 1997 3038 est
2019 2981 2174 3037 enim
2205 2979 2437 3034 virtutis
2468 2978 2741 3033 inchoare
2769 2994 2802 3032 a
2830 2977 3148 3043 beneficiis,
3181 2981 3237 3032 et
3268 2978 3563 3048 prasemi-

153 3083 504 3140 quocunque
526 3084 585 3122 se
615 3066 949 3134 contulerit,
1009 3067 1375 3138 opprimatur
1400 3067 1623 3122 viribus
1651 3083 1663 3122 :
1726 3085 1800 3124 ne
1907 3087 2047 3126 nare
2076 3069 2350 3144 gratiam.
2383 3068 2547 3124 Unde
2577 3070 2634 3122 et
2664 3066 2839 3121 David
2873 3065 2952 3121 ait
2986 3083 2997 3121 :
3031 3066 3456 3122 Misericordiam
3500 3073 3563 3122 et

149 3155 393 3228 singulas
426 3173 625 3211 eorum
659 3156 733 3227 (4)
765 3155 923 3211 velut
951 3156 1196 3227 aequatis
1214 3157 1530 3227 fatigentur
1562 3155 1794 3228 proeliis,
1844 3231 1858 3233 _
1900 3159 2182 3233 judicium
2209 3158 2444 3213 cantabo
2474 3156 2598 3223 tibi,
2620 3155 3102 3225 DomineU’saLc,
3157 3155 3223 3226 1).
3280 3154 3564 3210 Praecedit

145 3251 201 3300 et
231 3244 513 3300 evadendi
544 3245 614 3300 de
646 3244 934 3317 angustiis
965 3244 1352 3312 naturalibus,
1413 3262 1478 3300 ac
1526 3247 1796 3318 serpendi
1829 3231 1870 3298 C
1903 3231 2173 3305 beneficii
2205 3246 2413 3320 gratia,
2448 3245 2714 3316 sequitur
2750 3261 3000 3300 censura
3029 3243 3236 3298 sobria:
3291 3243 3558 3316 discipli-

147 3333 325 3388 latius
355 3332 692 3389 facultatem
713 3334 972 3389 haberet.
1904 3356 2012 3394 nae.
2047 3336 2319 3392 Divinum
2351 3338 2441 3390 est
2469 3333 2652 3407 igitur
2681 3334 2837 3406 quod
2886 3332 3039 3388 bona
3095 3331 3556 3404 praemittuntur,

213 3423 266 3475 5.
301 3423 410 3477 Sed
443 3423 582 3494 quia
611 3422 710 3476 ubi
765 3427 1136 3495 generantur,
1171 3422 1266 3477 hic
1323 3424 1464 3478 ordo
1523 3427 1628 3492 est,
1690 3424 1789 3480 ubi
1902 3431 2170 3483 nostrum
2205 3423 2360 3496 quod
2393 3425 2720 3478 mutantur.

144 3516 337 3566 autem
367 3517 662 3582 generant,
696 3511 906 3583 Japhet
936 3512 1123 3583 primo
1155 3511 1281 3567 loco
1321 3512 1618 3578 scribitur,
1677 3517 1789 3568 ter-
1970 3517 2024 3570 7.
2059 3517 2191 3588 Ipse
2220 3513 2329 3568 hoc
2361 3510 2617 3568 declarat
2645 3510 2799 3566 Deus
2831 3509 3031 3565 dicens
3067 3525 3080 3564 :
3113 3513 3234 3566 Non
3262 3523 3561 3580 pennane~

142 3601 221 3655 tio
254 3600 434 3654 Cham
462 3618 475 3665 ;
511 3601 639 3654 idco
672 3616 743 3654 ne
775 3601 1067 3656 contraria
1125 3618 1230 3656 nos
1263 3601 1681 3673 posterioribus
1711 3603 1793 3657 di-
1902 3607 1981 3662 bit
2005 3606 2235 3674 spiritus
2258 3618 2408 3658 meus
2429 3603 2491 3658 in
2515 3599 2851 3664 honu'nibus,
2875 3599 3007 3670 quia
3023 3614 3216 3655 omnes
3233 3605 3363 3654 sunt
3393 3596 3554 3669 (Gen.

142 3691 297 3743 xisse
317 3687 453 3758 quis
477 3687 1293 3754 arbitretur,etiamilliusloci
1311 3689 1676 3761 explananda
1699 3708 1790 3747 ra-
1899 3710 1978 3758 v1,
2009 3693 2085 3764 3).
2119 3691 2376 3763 Spiritus
2405 3693 2646 3745 sanctus
2677 3687 2922 3760 spiritus
2951 3687 3252 3758 sapientiae
3290 3691 3400 3755 est,
3433 3687 3557 3759 spi-

143 3778 224 3832 tio
255 3782 362 3832 est.
397 3776 619 3832 Bonum
653 3775 888 3847 quidem
921 3777 1075 3849 quod
1108 3777 1266 3832 velut
1292 3777 1352 3832 in
1384 3779 1640 3848 quadam
1688 3797 1790 3836 na-
1900 3782 2049 3838 ritus
2080 3778 2452 3853 cognitionis.
2483 3777 2670 3834 Habet
2697 3793 2833 3849 ergo
2860 3775 3232 3848 sapientiam,
3265 3775 3441 3832 habet
3497 3781 3559 3831 et

140 3871 282 3922 tura:
314 3865 619 3920 nobilitate
648 3869 739 3920 est
769 3866 1077 3936 praecedit:
1113 3865 1333 3921 malum
1366 3872 1560 3922 autem
1601 3868 1792 3940 sequi-
1898 3868 2293 3942 disciplinam,
2323 3867 2476 3926 sicut
2502 3869 2560 3921 et
2589 3866 2660 3921 de
2706 3863 2981 3930 Beseleel,
3014 3864 3116 3936 qui
3175 3881 3406 3920 sacrum
3462 3868 3554 3920 ta-

141 3959 268 4023 tur;
303 3959 442 4009 sunt
472 3954 626 4008 enim
661 3954 1038 4025 cogitationes
1069 3955 1284 4011 mentis
1305 3957 1627 4024 contrariae,
1663 3973 1788 4028 qua:
1900 3956 2282 4015 bernaculum
2299 3954 2495 4010 divino
2517 3953 2974 4024 oraculojussus
2989 3957 3077 4008 est
3099 3952 3556 4020 facere,aitScri-

142 4043 344 4115 utique
376 4043 646 4098 oriuntur
679 4048 895 4115 postea.
931 4044 1058 4099 Haec
1100 4043 1381 4116 quamdiu
1410 4044 1568 4100 velut
1625 4046 1789 4103 intus
1897 4052 2071 4120 ptura
2103 4046 2283 4114 :Quia
2314 4041 2550 4114 repletus
2577 4050 2655 4100 est
2674 4045 2876 4115 spiritu
2926 4041 3248 4114 prudentie
3276 4045 3328 4098 et
3373 4042 3547 4097 disci-

141 4132 340 4188 clausa
358 4137 514 4199 sunt,
540 4150 644 4188 nec
662 4138 943 4204 tanquam
966 4133 1021 4186 in
1050 4133 1246 4188 herbis
1267 4133 1619 4205 germinant,
1644 4151 1787 4206 quo-
1891 4139 2070 4209 plina;
2101 4134 2296 4209 (Exod.
2328 4149 2482 4201 xxxx,
2511 4133 2588 4200 3).
2625 4132 2726 4188 Hic
2755 4147 2891 4204 ergo
2932 4131 3178 4203 spiritus
3206 4130 3381 4186 datur
3444 4129 3552 4186 ho-

139 4221 274 4276 dam
308 4221 442 4276 sinu
483 4221 644 4276 home
678 4221 891 4276 mentis
915 4221 1199 4289 foventur,
1227 4237 1297 4275 ne
1315 4221 1616 4292 prodeant.
1641 4220 1786 4276 Nam
1897 4225 2182 4294 minibus,
2212 4221 2312 4280 sed
2339 4238 2456 4278 non
2485 4222 2946 4294 permaneLQua
2965 4223 3164 4281 autem
3193 4219 3418 4276 ratione
3433 4236 3556 4275 non

140 4311 397 4381 quandiu
433 4311 491 4364 in
523 4308 819 4366 voluntate
849 4314 938 4365 est
968 4309 1212 4376 malum,
1241 4327 1356 4364 non
1387 4309 1445 4363 in
1487 4317 1784 4384 ἐντελεχείᾳ,
1895 4317 2218 4386 permanet,
2241 4327 2420 4366 causa
2451 4310 2740 4382 proditur,
2773 4309 2916 4382 quia
2946 4325 3078 4364 caro
3110 4312 3269 4364 sunt.
3339 4307 3554 4364 Carnis

140 4397 246 4452 hoc
277 4403 364 4452 est
393 4398 451 4452 in
485 4414 655 4468 opere
685 4403 859 4468 atque
891 4398 1119 4464 effectu,
1176 4397 1409 4454 bonitas
1441 4399 1655 4453 mentis
1685 4415 1788 4471 gu~
1894 4405 2051 4458 enim
2085 4405 2296 4458 natura
2323 4397 2648 4471 disciplina
2714 4402 3020 4470 repugnat,
3064 4397 3206 4469 quia
3259 4396 3550 4470 voluptati

141 4487 466 4541 bernatoris
502 4485 658 4540 velut
689 4487 902 4558 aurigae
935 4487 1106 4540 modo
1139 4486 1370 4541 cohibet
1397 4485 1484 4540 vel
1537 4487 1784 4542 refrenat
1894 4491 2274 4562 obtemperat.
2304 4488 2560 4559 Denique
2591 4487 2660 4544 de
2681 4486 2805 4543 solo
2828 4486 3072 4542 Domino
3097 4485 3237 4542 Jesu
3261 4485 3553 4558 scriptum

141 4573 424 4628 malitiam
457 4579 781 4629 tentantem
815 4591 1192 4646 prorumpere
1222 4593 1234 4642 ;
1288 4591 1422 4630 cum
1455 4592 1586 4631 vero
1622 4577 1786 4632 elfer-
1817 4605 1864 4669 D
1895 4585 2020 4636 est:
2055 4579 2230 4650 Super
2258 4593 2418 4649 quem
2437 4575 2690 4632 videritis
2720 4574 2998 4646 Spiritum
3028 4574 3447 4632 descendentem
3487 4574 3554 4630 de

140 4662 351 4729 buerit,
386 4667 558 4733 atque
592 4663 649 4716 in
705 4662 874 4718 ulcus
917 4662 1192 4735 eruperit,
1237 4679 1308 4718 ne
1369 4665 1554 4736 possit
1605 4664 1782 4721 latius
1817 4662 1857 4669 ’⁷
1897 4668 2061 4736 caelo,
2090 4676 2144 4724 et
2169 4674 2487 4723 manentem
2515 4681 2679 4736 super
2707 4681 2855 4731 eum,
2901 4665 2991 4720 hic
3020 4672 3102 4720 est
3157 4665 3256 4735 qui
3306 4663 3557 4736 baptizat

139 4767 394 4824 serpere,
425 4757 482 4805 et
513 4750 765 4806 ﬁnitima
790 4751 1219 4820 contaminare;
1254 4756 1392 4807 tunc
1403 4753 1568 4823 justa
1589 4769 1784 4809 succe-
1898 4758 2117 4831 Spiritu
2144 4757 2534 4828 sanctoann.
2571 4771 2611 4821 ι,
2638 4754 2752 4821 33).
2831 4754 2894 4808 In
2929 4769 2995 4809 eo
3026 4751 3183 4808 enim
3250 4751 3549 4817 manebat,

137 4841 225 4895 dit
254 4839 638 4912 providentia,
675 4857 742 4894 ne
768 4839 910 4895 illud
942 4839 1280 4896 indifferens
1310 4842 1464 4912 quod
1498 4841 1668 4916 vulgo
1697 4859 1785 4898 se-
1899 4863 2073 4919 quem
2104 4844 2267 4902 nulla
2297 4841 2637 4915 corruptelis
2662 4839 2913 4898 carnalis
2943 4839 3364 4912 impedimenta
3389 4855 3554 4895 revo-

137 4930 394 4984 cundum
429 4930 644 4984 bonum
679 4929 900 4995 dicunt,
933 4927 1091 4984 velut
1120 4927 1244 4984 loco
1274 4930 1462 4997 cedat,
1495 4947 1628 4985 cum
1661 4932 1789 5002 jam
1899 4935 2131 5004 cabant,
2165 4932 2482 5006 quominus
2512 4932 2863 5003 incorruptae
2895 4935 2952 4986 et
2983 4928 3360 5000 impermistzn
3391 4929 3548 4986 ordi-

139 5018 378 5074 ferventi
409 5018 562 5074 malo
595 5036 708 5074 non
741 5019 928 5091 possit
957 5018 1244 5074 resistere.
1282 5019 1481 5091 Itaque
1508 5037 1578 5075 ne
1612 5020 1802 5076 latius
1899 5040 2032 5082 nem
2056 5021 2378 5096 disciplinis
2399 5025 2640 5090 teneret,
2673 5020 2846 5093 cujus
2875 5034 3006 5076 caro
3039 5034 3155 5074 non
3211 5016 3356 5072 vidit
3421 5033 3549 5073 cor-

137 5107 345 5162 fundat
363 5107 523 5163 virus
547 5109 806 5176 noxium,
827 5113 883 5164 et
904 5107 1190 5179 plurimas
1213 5108 1434 5163 inliciat
1455 5110 1787 5180 generando
1898 5113 2254 5186 ruptionem.

135 5196 558 5268 corruptiones,
591 5197 731 5252 illud
757 5198 1014 5272 primum
1036 5199 1255 5253 bonum
1279 5198 1434 5270 quod
1458 5201 1666 5253 natura
1686 5199 1786 5254 bo-
2549 5215 2780 5272 CAPUT
2817 5215 2906 5273 ιν.

137 5291 416 5378 numest,
447 5285 812 5378 duinlocum
836 5292 1059 5378 mutat,
1089 5286 1364 5378 (ordinem
1426 5291 1615 5342 mutat
1649 5305 1661 5354 ;
1725 5292 1789 5342 ut
1897 5307 2220 5377 Gigantibus
2251 5307 2348 5378 qui
2394 5307 2654 5362 vixerunt
2691 5308 2851 5378 nam,
2891 5301 3270 5378 Noetsimiks
3297 5315 3416 5378 ευρ

137 5373 302 5440 quasi
333 5372 616 5430 laboranti
646 5377 846 5431 cornui
879 5393 1047 5447 opem
1079 5375 1244 5444 ferat,
1277 5380 1335 5430 et
1379 5392 1507 5432 eam
1559 5381 1784 5448 partem
1962 5372 2140 5435 mine:
2165 5372 2342 5434 cultui
2367 5380 2556 5434 carnis
2582 5392 2704 5436 suae
2727 5375 3132 5442 studentes.0ui
3157 5372 3556 5442 dicanturﬁlii

211 5535 282 5602 (4?
298 5537 448 5620 Ed‘i‘t.
467 5541 612 5620 item
627 5583 659 5606 .,
682 5543 1141 5620 singulzeearuni.
1166 5542 1380 5620 Melius
1395 5547 1508 5600 vet.
1536 5549 1594 5601 et
1614 5563 1782 5617 mss.,
1893 5553 1950 5605 et
1981 5549 2162 5620 Long.
2187 5547 2501 5620 praeferunt
2523 5545 2918 5620 fatigare.Non
2939 5541 3326 5620 Δειερεὶτιιεὶιιᾴει
3351 5539 3554 5620 Ῑθῦίείοι

135 5610 644 5692 ⁶Ϊ9.¹Ὲ⁷¹ί’..¹ἶθίῖ⁵¹ἷίι3,¹’
669 5610 927 5692 OPM,“
959 5629 1085 5692 (Ιτίθῗ
1115 5614 1254 5692 byw
1277 5614 1466 5692 [ia_bel.
1514 5658 1527 5670 .
1573 5661 1586 5672 .
1623 5661 1652 5692 ζ
1701 5660 1736 5692 ._
1768 5610 1781 5675 ξ
1894 5621 1944 5677 si
1976 5636 2080 5692 pro
2099 5610 2357 5692 singulae,
2392 5610 2656 5692 quae'voi
2684 5615 2902 5690 ubique
2937 5610 3208 5682 habetur,
3255 5613 3556 5687 legeretur

137 5688 264 5742 qua:
287 5677 558 5748 adjuvent.
587 5680 800 5736 Eodem
835 5677 1076 5740 loco-ubi
1099 5684 1236 5750 edit.
1259 5686 1588 5757 fatigentur,
1613 5688 1781 5746 Corb.
1893 5677 2138 5764 ungula.
