3878 6208
223 351 337 417 at

1429 350 1658 414 LIBER
1701 353 1803 413 DE
1848 353 2004 418 ΝΘΕ
2049 356 2153 417 E'l‘
2197 358 2425 419 ARCA.

3512 365 3635 426 386

274 482 1230 566 ιοιέηιρωςρααρρθαρλζξοᾳιω
1272 485 1854 566 immuni-moveri:
1887 488 1943 556 Α
1970 488 2125 549 Deus
2155 490 2372 563 cogitat
2398 491 2557 549 sicut
2580 491 2873 557 homines,
2907 496 2976 555 ut
3005 492 3206 566 aliqua
3237 494 3289 550 ei
3314 512 3461 551 nova
3490 513 3630 552 suc-

286 570 453 627 quare
480 548 1149 627 etiam'irrationabilibus
1168 552 1391 627 propter
1440 554 1679 613 hominis

285 626 466 682 catum
493 626 703 693 deletis,
737 630 850 683 Noe
875 627 1116 695 gratiam
1142 640 1214 699 ap

278 752 337 807 8.
360 750 619 819 Gigantes
639 752 829 806 autem
874 756 1034 805 erant
1050 750 1111 805 in
1124 753 1272 806 terra
1294 749 1560 808 indiebus
1572 752 1687 808 illis
1708 751 1863 827 (Gen.

216 858 289 907 Vl,
315 841 396 910 4).
427 838 552 896 Non
585 842 889 910 poetarum
921 855 1081 895 more
1111 837 1378 911 gigantes
1407 839 1540 897 illos
1576 844 1743 898 terrae
1798 842 1869 901 ﬁ-

214 928 325 987 lios
349 927 477 984 vult
503 926 685 982 videri
716 926 923 982 divina;
952 925 1267 1000 Scriptura
1318 928 1619 985 conditor:
1654 931 1755 986 sed
1800 946 1870 987 ex

216 1016 440 1091 angelis
469 1020 528 1071 et
558 1015 906 1071 mulieribus
936 1020 1244 1088 generatos
1272 1017 1504 1086 asserit,
1554 1035 1703 1090 quos
1759 1018 1869 1076 hoc

216 1104 474 1179 appellat
500 1103 804 1172 vocabulo,
835 1103 1038 1161 volens
1094 1121 1299 1161 eorum
1327 1106 1652 1177 exprimere
1666 1124 1868 1181 corpo-

214 1195 293 1251 ris
324 1193 813 1266 magnitudinem.
846 1193 919 1248 Et
945 1193 1407 1262 consideremus,
1449 1212 1522 1252 ne
1577 1196 1727 1255 forte
1783 1197 1870 1270 gi-

213 1288 461 1356 gantum
490 1282 611 1337 sint
638 1281 863 1337 similes
892 1281 1162 1339 homines
1188 1282 1374 1343 cultui
1407 1284 1714 1341 studentes
1744 1302 1871 1342 car-

214 1372 305 1429 nis
326 1388 469 1439 suae,
503 1370 712 1429 anima
741 1374 936 1426 autem
971 1369 1195 1427 nullam
1208 1388 1409 1429 curam
1439 1372 1758 1431 habentes:
1793 1374 1871 1430 si-

212 1465 310 1517 cut
338 1459 427 1517 illi
460 1459 561 1532 qui
592 1459 665 1515 de
697 1462 855 1515 terra
884 1460 1215 1516 secundum
1270 1462 1557 1533 poeticam
1615 1462 1873 1520 fabulam

211 1548 347 1619 orti,
377 1545 535 1607 mole
589 1547 848 1619 corporis
906 1547 997 1603 sui
1056 1548 1213 1614 freti,
1273 1548 1542 1606 feruntur
1600 1551 1879 1609 habuisse

210 1640 614 1709 contemptum
641 1652 991 1708 superorum
1020 1637 1117 1709 (5).
1147 1638 1234 1693 An
1254 1638 1519 1710 dispares
1548 1639 1876 1696 aestimandi

211 1729 356 1783 sunt
390 1724 497 1797 qui
526 1740 662 1781 cum
692 1740 762 1781 ex
790 1724 989 1781 anima
1020 1728 1288 1781 constent
1315 1731 1372 1782 et
1405 1742 1663 1800 corpore,
1723 1744 1881 1783 men-

1313 575 1391 610 ter
1440 575 1679 613 nominis
1733 575 1830 642 pec

1313 627 1478 682 Deum
1499 629 1790 686 invenerit.

208 1816 285 1873 tis
313 1813 576 1886 vigorem
599 1828 716 1884 quo
746 1811 893 1868 nihil
922 1811 1100 1868 habet
1119 1813 1321 1869 anima
1345 1815 1684 1886 pretiosius,
1716 1832 1873 1872 aver-

205 1909 443 1969 santur,
475 1906 535 1961 et
558 1918 623 1961 se
650 1900 846 1957 carnis
872 1900 1055 1972 hujus
1084 1901 1409 1961 imitatores
1460 1902 1619 1959 velut
1646 1907 1865 1960 mater-

207 2011 295 2050 nae
316 1991 597 2049 exhibent
624 1988 961 2046 stoliditatis
989 1989 1251 2049 haeredes
1269 1991 1298 2045 ‘l
1325 1991 1529 2064 Itaque
1558 1990 1618 2049 in
1650 2009 1866 2050 vanum

206 2082 504 2148 laborant,
540 2077 752 2135 calum
785 2078 936 2135 votis
967 2083 1319 2150 usurpantes
1346 2080 1639 2151 superbis,
1671 2085 1729 2140 et
1755 2086 1869 2139 ter-

210 2171 377 2228 renis
403 2168 686 2241 operibus
713 2167 1080 2242 incubantes,
1111 2167 1213 2240 qui
1240 2166 1523 2226 electione
1552 2170 1864 2238 inferioris,

208 2266 264 2318 et
295 2260 644 2330 contemptu
677 2255 997 2328 superioris
1026 2255 1325 2325 consortii,
1356 2260 1641 2330 tanquam
1669 2257 1869 2315 volun-

208 2349 378 2407 tariis
404 2346 643 2405 obnoxii
666 2344 920 2419 peccatis
946 2343 1199 2418 graviori
1217 2346 1688 2407 condemnentur
1700 2363 1865 2406 seve-

208 2449 385 2505 ritate
404 2446 519 2519 (θ).

266 2537 334 2592 9.
380 2534 737 2605 Plerumque
765 2530 1018 2604 Angelos
1046 2531 1199 2590 ﬁlios
1219 2531 1319 2589 Dei
1350 2537 1515 2591 vocat
1543 2533 1865 2607 Scriptura;

212 2627 360 2684 ul
393 2623 537 2696 quia
566 2638 634 2679 ex
660 2620 822 2677 nullo
849 2620 1085 2677 homine
1114 2626 1469 2694 generantur
1497 2622 1706 2681 animae
1763 2624 1864 2697 (7).

212 2715 415 2787 Itaque
436 2712 593 2767 viros
624 2708 826 2766 ﬁdeles
856 2708 1008 2766 ﬁlios
1034 2726 1176 2767 suos
1201 2710 1391 2767 dicere
1420 2727 1538 2767 non
1560 2716 1649 2768 est
1668 2728 1866 2784 asper-

210 2808 386 2860 natus
417 2804 591 2857 Deus.
624 2798 789 2855 Sicut
817 2814 952 2870 ergo
981 2798 1089 2853 viri
1121 2798 1442 2871 probabilis
1471 2799 1599 2856 vita:
1630 2800 1735 2856 ﬁlii
1764 2801 1867 2859 Dei

209 2895 498 2949 vocantur
522 2888 659 2959 (Job.
693 2905 733 2956 ι,
780 2888 845 2955 6;
884 2887 1034 2943 Psal.
1096 2905 1285 2956 nxxxr,
1329 2888 1416 2960 6):
1477 2888 1561 2945 ita
1615 2905 1868 2960 quorum

214 2978 477 3036 carnalia
505 2979 647 3033 sunt
677 2991 874 3049 opera,
904 2975 1013 3033 hos
1044 2975 1196 3033 filios
1225 2975 1479 3034 dicimus
1510 2978 1704 3037 carnis
1719 2978 1869 3035 Scri-

214 3074 519 3142 pturarum
551 3065 913 3122 auctoritate.
946 3063 1097 3121 Dicit
1134 3065 1289 3120 enim
1316 3066 1574 3123 Joannes
1618 3084 1864 3142 evange-

216 3142 383 3213 lista:
440 3154 592 3221 Quia
636 3157 890 3225 quotquot
943 3153 1236 3209 Dominum
1302 3155 1487 3211 Iesum
1522 3160 1864 3227 receperunt,

1972 577 2140 633 cedat
2168 579 2497 648 sententia;
2530 597 2722 653 neque
2751 581 3026 637 irascitur
3054 582 3223 654 quasi
3283 583 3587 640 mutabilis
3616 602 3629 640 :

1974 666 2075 721 sed
2105 666 2235 722 ideo
2264 666 2387 725 haec
2413 667 2712 741 leguntur,
2746 675 2810 724 ut
2851 670 3211 743 exprimatur
3259 676 3627 741 peccatorum

1976 758 2311 811 nostrorum
2338 757 2643 825 acerbitas,
2690 775 2816 830 quae
2848 759 3104 814 divinam
3141 759 3420 815 meruerit
3450 760 3628 816 offen-

1976 858 2102 899 sam
2128 861 2142 911 ;
2174 847 2458 916 tanquam
2478 862 2544 900 eo
2573 863 2759 920 usque
2790 847 3093 903 increverit
3116 847 3308 920 culpa,
3345 852 3409 905 ut
3454 848 3631 904 etiam

1977 930 2152 996 Deus,
2175 933 2275 1004 qui
2300 933 2648 990 naturaliter
2666 952 2781 990 non
2804 941 3068 991 movetur
3099 941 3197 991 aut
3217 937 3322 1002 ira,
3347 939 3448 992 aut
3475 937 3631 1006 odio,

1978 1023 2081 1077 aut
2110 1020 2381 1092 passione
2405 1021 2544 1091 ulla,
2603 1030 2948 1096 provocatus
2977 1024 3240 1080 videatur
3271 1025 3343 1081 ad
3400 1025 3634 1082 iracun-

1980 1108 2159 1165 diam.

2052 1200 2139 1254 10.
2172 1199 2479 1256 Minitatus
2509 1205 2600 1256 est
2655 1207 2930 1273 praeterea
2979 1202 3132 1272 quod
3194 1201 3409 1258 deleret
3438 1203 3632 1259 homi-

1983 1305 2115 1345 nem
2142 1305 2155 1343 :
2188 1290 2530 1355 Abhomine,
2555 1290 2767 1361 inquit,
2786 1308 2963 1363 usque
2979 1291 3335 1360 adpeeus,et
3353 1309 3392 1348 a
3430 1294 3637 1365 reptili

1983 1379 2083 1434 bus
2111 1392 2281 1448 usque
2310 1378 2391 1435 ad
2419 1377 2698 1435 vola‘tilia
2726 1378 2857 1434 coeli
2874 1378 3068 1434 delebo
3091 1380 3408 1450 (Gen.v1,7;
3436 1398 3539 1451 vn,
3558 1383 3632 1454 4).

1984 1463 2133 1531 Quid
2163 1464 2435 1521 laeserant
2459 1466 2882 1522 irrationabilia
2900 1467 2928 1521 ‘l
2958 1468 3067 1522 Sed
3097 1468 3236 1540 quia
3256 1473 3492 1541 propter
3518 1470 3630 1526 ho-

1986 1552 2207 1609 minem
2238 1552 2340 1610 illa
2370 1554 2521 1612 facta
2577 1560 2763 1621 erant,
2798 1573 2865 1610 eo
2897 1556 3099 1628 utique
3149 1556 3338 1612 deleto
3397 1564 3634 1632 propter

1986 1658 2162 1714 quem
2194 1643 2348 1699 facta
2376 1647 2534 1713 sunt,
2567 1660 2931 1715 consequens
2962 1650 3085 1700 erat
3116 1650 3182 1700 ut
3211 1646 3387 1703 etiam
3406 1646 3508 1702 illa
3538 1649 3634 1705 de-

1986 1731 2263 1799 lerentur,
2297 1732 2437 1803 quia
2468 1750 2582 1788 non
2620 1738 2743 1788 erat
2803 1733 2901 1804 qui
2961 1733 3054 1789 his
3113 1737 3393 1791 uteretur.
3441 1736 3631 1793 Sensu

1988 1825 2182 1876 autem
2214 1820 2417 1877 altiore
2449 1820 2589 1877 illud
2617 1821 3045 1888 manifestatur,
3081 1821 3219 1894 quia
3248 1821 3425 1879 homo
3465 1841 3632 1883 mens

1977 1915 2066 1966 est
2096 1926 2224 1981 quae
2254 1913 2344 1965 est
2369 1908 2616 1965 rationis
2646 1926 2826 1981 capax
2852 1927 2866 1976 ;
2900 1912 3075 1965 homo
3134 1910 3292 1965 enim
3353 1912 3635 1970 definitur

1976 1997 2195 2055 animal
2240 1997 2456 2063 vivum,
2500 1996 2766 2063 mortale,
2820 1997 3123 2055 rationale.
3168 1999 3480 2073 Principali
3523 2002 3630 2079 igi-

1975 2093 2071 2147 tur
2100 2085 2403 2151 exstincto,
2437 2086 2611 2142 etiam
2643 2102 2853 2142 sensus
2885 2088 3078 2143 omnis
3098 2088 3531 2161 exstinguitur;
3566 2108 3631 2148 eo

1976 2176 2130 2248 quod
2159 2174 2304 2231 nihil
2333 2174 2541 2247 reliqui
2572 2175 2645 2231 ad
2675 2174 2925 2230 salutem
2957 2175 3234 2248 supersit,
3266 2194 3401 2234 cum
3423 2178 3631 2238 salutis

1975 2264 2428 2321 fundamentum
2449 2264 2636 2320 virtus
2659 2262 2951 2319 defecerit.
2972 2265 3057 2320 Ad
3081 2266 3631 2325 condemnationem

1976 2356 2172 2410 autem
2204 2357 2568 2422 ceterorum,
2601 2357 2657 2408 et
2688 2352 2759 2408 ad
2774 2354 3205 2424 expressionem
3219 2354 3455 2426 pietatis
3487 2357 3633 2412 divi-
3704 2388 3715 2399 -

1976 2460 2063 2499 nm
2095 2441 2312 2498 dicitur
2355 2441 2474 2496 Noe
2495 2441 2650 2512 apud
2683 2445 2863 2497 Deum
2893 2441 3144 2513 gratiam
3200 2442 3508 2501 invenisse.
3543 2445 3632 2501 Si-
3743 2479 3746 2483 η

1976 2530 2098 2587 mul
2131 2527 2464 2586 ostenditur
2481 2529 2641 2602 quod
2673 2528 2974 2585 hominem
2998 2531 3236 2602 justum
3270 2549 3384 2587 non
3425 2534 3631 2590 obum-

1975 2620 2103 2676 bret
2130 2618 2381 2675 aliorum
2414 2618 2676 2689 offensio,
2710 2619 2943 2692 quando
2969 2619 3091 2692 ipse
3122 2620 3193 2675 ad
3248 2620 3427 2677 totius
3457 2639 3629 2695 gene-

1977 2709 2058 2764 ris
2099 2710 2426 2765 reservatur
2455 2706 2860 2771 seminarium,
2913 2706 3012 2778 qui
3070 2724 3186 2762 non
3238 2710 3631 2781 generationis

1976 2797 2301 2862 nobilitate,
2333 2796 2435 2852 sed
2456 2795 2702 2867 justitiae
2756 2800 2813 2850 et
2850 2796 3222 2868 perfectionis
3256 2798 3459 2854 merito
3504 2798 3629 2855 lau-

1976 2887 2168 2943 datur.
2205 2883 2439 2941 Probati
2469 2883 2624 2940 enim
2658 2883 2764 2938 viri
2820 2899 3009 2958 genus
3062 2884 3296 2941 virtutis
3353 2888 3630 2960 prosapia

1976 2981 2105 3043 est;
2164 2974 2305 3046 quia
2362 2972 2515 3029 sicut
2570 2972 2877 3027 hominum
2934 2988 3121 3043 genus
3190 2973 3477 3043 homines,
3549 2976 3631 3033 ita

1977 3063 2307 3121 animarum
2368 3076 2556 3133 genus
2608 3060 2853 3116 virtutes
2903 3066 3061 3116 sunt.
3114 3061 3339 3117 Etenim
3396 3063 3630 3121 familia

1977 3151 2284 3211 hominum
2307 3148 2614 3222 splendore
2624 3149 2856 3222 generis
2874 3148 3220 3205 nobilitantu
3232 3168 3275 3205 r:
3298 3151 3630 3218 animarum

495 3211 816 3315 potestatem
842 3241 989 3310 ﬁlios
1012 3242 1110 3298 Dei
1135 3242 1277 3312 ﬁeri,
1312 3242 1405 3300 his
1433 3245 1530 3316 qui
1807 3211 1869 3301 in
1896 3211 1940 3279 θ
1980 3245 2175 3305 autem
2200 3211 2552 3295 clarilicatur
2579 3211 2767 3310 gratia
2822 3235 3132 3308 splendore
3161 3213 3413 3294 virtutis.

210 3337 436 3392 nomine
464 3333 606 3403 ejus,
635 3332 735 3403 qni
774 3346 886 3387 non
914 3331 1385 3402 exsanguinibus,
1406 3349 1577 3405 neque
1592 3350 1662 3391 ee
1676 3334 1868 3391 volun-

210 3427 329 3481 tate
352 3422 563 3487 carnis,
590 3435 766 3491 neque
785 3436 859 3475 ex
885 3420 1161 3478 voluntate
1209 3421 1339 3487 viri,
1372 3420 1465 3477 sed
1488 3438 1559 3478 ex
1589 3424 1692 3481 Deo
1746 3425 1872 3480 nati

209 3516 339 3569 sunt
360 3512 550 3583 (Joan.
583 3525 620 3566 ι.
651 3511 742 3576 12,
772 3508 885 3580 43).
918 3508 1052 3567 Ideo
1085 3512 1287 3581 postea
1327 3509 1509 3566 habes
1558 3511 1698 3583 quia
1752 3511 1868 3568 ira-

209 3606 306 3659 tus
340 3599 632 3657 Dominus
656 3601 766 3663 est,
784 3597 1079 3670 .quodiam
1127 3597 1397 3669 quamvis
1425 3599 1735 3671 cogitaret.
1757 3600 1868 3659 hoc

212 3695 302 3747 est
324 3690 532 3755 sciret,
585 3686 733 3759 quia
754 3685 937 3760 homo
989 3685 1217 3758 positus
1267 3687 1328 3742 in
1380 3692 1551 3744 terra;
1606 3689 1867 3760 regione,

213 3794 453 3836 carnem
481 3780 744 3849 portans,
772 3776 901 3832 sine
930 3779 1165 3847 peccato
1194 3792 1325 3833 esse
1356 3792 1471 3835 non
1500 3777 1691 3849 possit
1726 3778 1866 3850 (ter-

212 3885 276 3923 ra
298 3867 467 3924 enim
496 3863 656 3921 velut
683 3863 922 3936 quidam
944 3863 1334 3921 tentationum
1363 3863 1527 3924 locus
1557 3869 1665 3933 est,
1699 3882 1866 3923 caro-

215 3973 326 4029 que
355 3951 702 4026 corruptelis
739 3951 1033 4025 illecebra)
1065 3995 1082 4019 ,
1140 3957 1349 4011 tamen
1382 3970 1527 4013 eum
1583 3953 1875 4017 haberent

209 4050 467 4102 mentem
498 4041 741 4098 rationis
771 4057 1043 4113 capacem
1064 4041 1338 4099 virtutem
1352 4058 1469 4114 que
1483 4042 1693 4103 animos
1718 4043 1869 4101 infu-

208 4150 337 4190 sum
371 4130 624 4204 corpori,
652 4130 783 4186 sine
812 4129 1278 4188 consideratione
1307 4129 1507 4202 aliqua
1535 4130 1595 4191 in
1626 4130 1864 4204 lapsum

207 4226 474 4290 ruerunt,
505 4236 577 4277 ex
604 4236 720 4292 quo
768 4233 1036 4276 revocare
1065 4234 1129 4276 se
1155 4217 1395 4277 nollent.
1450 4220 1649 4291 Neque
1674 4254 1677 4261 ι
1705 4220 1864 4281 enim

274 4364 351 4436 (5)
384 4364 474 4419 Ita
493 4361 633 4419 edit.
669 4363 742 4436 At
772 4377 913 4418 mss.
931 4361 1141 4436 _Corb.,
1191 4359 1303 4417 Vat
1352 4364 1409 4417 et
1446 4362 1662 4436 Long,
1732 4379 1860 4420 con-

209 4432 474 4508 temptum
503 4435 900 4508 superiorum._
930 4432 1001 4487 Et
1026 4435 1160 4505 post
1188 4446 1377 4505 pauca
1427 4433 1567 4489 edit.
1585 4432 1611 4436 ⁷
1631 4448 1859 4508 omnes,

206 4503 406 4562 meritis
461 4503 697 4577 vigori”
726 4521 781 4572 .;
815 4503 1043 4577 priscas,
1072 4503 1435 4577 aversantur;
1485 4505 1858 4577 recentiores,

210 4578 595 4633 adversantur.
645 4575 763 4631 Nos
792 4574 925 4631 vero
953 4574 1148 4632 locum
1175 4575 1546 4633 restituimus
1575 4592 1643 4633 ex
1675 4593 1819 4634 mss.
1844 4574 1852 4577 ν
1889 4580 1936 4644 D

273 4649 372 4720 (6)7
389 4647 514 4704 Vet.
532 4646 680 4720 edit.
710 4647 1187 4720 securitate.__Quin
1213 4647 1453 4720 quidem
1493 4645 1663 4720 lectio
1688 4647 1859 4705 mini-

208 4715 297 4793 me
325 4715 589 4793 absurda
618 4720 727 4793 est,
760 4715 1089 4793 cumbulis
1117 4715 1289 4793 poena
1308 4718 1385 4773 sit
1403 4718 1652 4790 gravior,
1677 4736 1856 4793 quam

208 4788 263 4862 in
316 4787 577 4862 peccatis
599 4787 953 4862 (voluntariis
1004 4787 1334 4862 securitas;
1370 4787 1854 4862 attamenfmss.

207 4858 733 4933 leguntseverime,
760 4860 915 4931 quod
938 4858 1431 4933 magis-congruit,
1456 4877 1591 4933 cum
1608 4860 1859 4933 Philone

208 4929 305 4986 lib.
333 4939 717 4998 ὀιτι.6κμπτον
743 4929 801 4987 τὸ
824 4941 985 4998 Θεῖον,
1043 4929 1201 4988 unde
1240 4929 1436 4989 locum
1492 4931 1651 4988 hunc
1722 4932 1855 4988 imi-

207 5005 363 5070 tatus
392 5002 626 5059 videtur
654 5003 1019 5058 Ambrosius.

272 5073 358 5146 (7)
388 5072 607 5146 Vocem
637 5075 835 5146 anima:
856 5073 994 5129 edit.
1029 5072 1198 5146 Rom.
1223 5071 1481 5146 sustulit,
1514 5073 1857 5146 forsitan_ut

206 5143 839 5218 superﬂuam._Sixtus
896 5144 1291 5218 autem_Bibli
1350 5143 1392 5199 Ι.
1451 5161 1506 5218 v,
1560 5161 1698 5218 ann.
1758 5143 1852 5211 77,

209 5214 381 5285 paulo
414 5216 583 5272 aliter
608 5215 769 5270 hunc
798 5215 1092 5271 Ambrosii
1109 5214 1301 5270 locum
1320 5214 1538 5279 retulit,
1568 5215 1661 5272 his
1688 5231 1853 5272 nem-

209 5303 275 5358 pe
318 5287 557 5343 verbis:
610 5288 938 5358 Plemmque
981 5286 1125 5358 ﬁlios
1166 5287 1285 5358 Dei,
1334 5302 1429 5358 seu
1470 5289 1615 5343 tiros
1668 5286 1853 5357 ﬁdeles

209 5356 493 5439 Scriptura
521 5356 938 5439 angelorum—at,
965 5356 1074 5439 etc.
1095 5357 1207 5439 sed
1231 5357 1389 5439 unde
1408 5358 1517 5439 hoc
1547 5356 1852 5439 sumptum

209 5376 493 5439 scriptura
521 5376 738 5484 anqews
766 5376 938 5423 vocat,
965 5376 1074 5413 διο.
1096 5376 1206 5413 aea
1231 5376 1387 5439 unus
1408 5376 1517 5413 noc
1547 5376 1852 5439 sumptum

209 5443 337 5498 quis
367 5428 590 5487 divinet
661 5427 856 5487 Voluit
902 5428 1059 5485 haud
1111 5427 1287 5485 dubie
1322 5428 1426 5483 Vir
1471 5429 1853 5485 doctismmus

210 5500 291 5556 sic
315 5500 625 5573 ostendere
650 5500 801 5557 hanc
833 5517 946 5573 non
981 5499 1163 5573 fuisse
1190 5499 1496 5573 Ambrosii
1515 5500 1851 5573 opinionem

210 5576 272 5627 ut
296 5586 365 5629 ex
396 5570 639 5654 angelis,
671 5571 898 5654 naturis
926 5570 1148 5654 scilicet
1187 5568 1616 5654 spiritualihu‘s,
1656 5576 1851 5654 eumut

210 5656 338 5721 quin
399 5640 636 5721 Philone
690 5640 1249 5721 loquamurhqioyatg",
1294 5656 1511 5721 verum
1567 5659 1635 5701 ex
1706 5642 1846 5721 ﬁliis

210 5666 338 5697 υυω
399 5666 636 5701 ratione
690 5666 1021 5718 loquamur,
1053 5666 1119 5721 ψυ
1158 5666 1249 5713 αις,
1309 5666 1511 5700 γυνυω
1567 5666 1635 5701 ex
1706 5666 1845 5704 ιιιιιδ

210 5711 368 5789 Both,
393 5712 882 5798 dmimnqustis
894 5666 1233 5781 hominibus
1253 5712 1520 5796 gigantes
1539 5717 1845 5797 generatos

2533 3352 2688 3407 232
2730 3349 2961 3406 CAPUT
2998 3350 3067 3405 V.

1977 3446 2210 3501 Terram
2239 3441 2551 3513 iniquitate
2578 3439 2878 3494 hominum
2897 3438 3077 3513 fuisse
3093 3444 3429 3513 corruptam
3449 3458 3471 3503 ;
3494 3443 3628 3499 item

2045 3516 2230 3573 omnis
2249 3511 2503 3568 hominis
2530 3521 2747 3581 tempus
2777 3519 2911 3565 ante
2943 3511 3242 3565 Dominum
3260 3528 3376 3568 esse
3401 3513 3630 3582 duplici

2045 3586 2215 3643 modo
2240 3584 2507 3654 intelligi
2527 3599 2550 3645 ;
2581 3582 2823 3653 denique
2841 3598 2947 3653 pro
2979 3585 3093 3638 toto
3125 3585 3348 3638 nomine
3392 3601 3627 3640 carnem

2046 3658 2218 3727 sumi,
2244 3660 2409 3730 cujus
2439 3653 2727 3710 illecebris
2752 3655 2947 3709 anima
2977 3661 3177 3708 nostra
3208 3657 3624 3725 corrumpitur.

2053 3775 2132 3830 11.
2187 3775 2480 3844 Corrupto
2508 3778 2588 3825 est
2614 3772 2805 3825 autem
2831 3773 2994 3826 terra
3024 3785 3224 3826 coram
3260 3771 3384 3837 Deo,
3419 3775 3475 3826 et
3522 3774 3625 3827 im-

1969 3865 2117 3936 pleta
2145 3866 2247 3928 est,
2277 3861 2488 3933 inquit,
2519 3860 2813 3931 iniquitate
2843 3857 2996 3930 (Gen.
3031 3877 3106 3927 v1,
3142 3860 3251 3930 11).
3287 3860 3474 3915 Causa
3497 3864 3619 3916 ter-

1973 3969 2125 4008 renae
2180 3949 2524 4023 corruptela:
2576 3949 2889 4005 manifesta
2918 3953 3026 4020 est,
3060 3966 3125 4005 eo
3156 3949 3311 4020 quod
3336 3949 3618 4020 iniquitas

1973 4040 2283 4098 hominum
2337 4043 2547 4094 terram
2601 4035 2946 4109 corruperit.
3008 4037 3172 4092 Unde
3223 4041 3279 4091 et
3338 4036 3621 4094 Dominus

1975 4135 2124 4187 Deus
2153 4130 2271 4184 ait:
2310 4129 2535 4196 Tempus
2585 4126 2767 4181 omnis
2825 4125 3073 4181 hominis
3130 4126 3277 4181 venit
3332 4136 3462 4180 ante
3513 4143 3619 4182 me.

1972 4220 2115 4290 quia
2143 4216 2360 4289 repleta
2388 4224 2468 4271 est
2525 4222 2681 4269 terra
2729 4213 3124 4285 iniquitatibus
3170 4213 3287 4268 suis
3318 4213 3394 4285 (8)
3444 4213 3617 4285 (Ibid.

1970 4373 2100 4437 esse
2130 4357 2411 4437 crederet,
2444 4355 2942 4437 quemadmodum
2969 4353 3381 4437 interpretatur
3400 4360 3619 4437 .Augu-

1971 4429 2187 4492 stinus,
2220 4428 2283 4483 de
2311 4428 2418 4483 civ.
2450 4426 2571 4489 Dei,
2596 4427 2634 4481 l.
2666 4443 2760 4495 xv,
2791 4442 2842 4481 c.
2868 4426 2958 4480 23.
2984 4426 3118 4481 Veri
3148 4430 3345 4481 tamen
3364 4426 3618 4483 similius

1970 4505 2059 4557 est
2086 4498 2461 4555 Ambrosium
2495 4498 2755 4554 Philonis
2781 4497 3134 4554 sententiam
3192 4514 3257 4553 ac
3287 4499 3463 4555 verba
3511 4500 3620 4556 hoc

1967 4571 2093 4643 loco
2119 4573 2450 4643 mutuatum
2485 4570 2555 4625 de
2586 4568 2812 4643 angelis
2835 4568 3291 4643 malis,_quos_in
3318 4586 3449 4625 aere
3492 4588 3616 4627 ver-

1968 4641 2083 4699 sari
2118 4642 2301 4707 docet,
2334 4640 2594 4697 locutum
2628 4640 2776 4708 esse,
2819 4643 2971 4696 sicut
3003 4640 3306 4713 id’clarius
3354 4644 3618 4713 exposuit

1966 4713 2027 4769 in
2059 4713 2211 4768 Psal.
2245 4730 2440 4779 cxvm,
2476 4730 2651 4769 serm.
2685 4716 2740 4781 2,
2772 4729 2944 4767 versu
2980 4711 3111 4775 ult.,
3159 4713 3312 4784 quod
3374 4711 3615 4784 quidem

1967 4801 2072 4841 nec
2103 4785 2349 4857 ipsemet
2377 4785 2763 4857 Augustinus,
2797 4789 3000 4856 quaest.
3027 4785 3063 4857 3_
3094 4783 3152 4838 in
3185 4783 3352 4857 Gem,
3376 4783 3615 4841 omnino

1965 4855 2147 4913 ausus
2179 4860 2269 4912 est
2295 4855 2647 4928 improbare.
2682 4855 3304 4928 Quanquamingenue
3326 4856 3616 4928 fateamur

1964 4928 2269 5006 Ductorem
2297 4924 2560 5006 nostrum
2593 4924 3284 5006 antiquis'Pat‘ribusqui
3306 4924 3463 5006 “haec
3516 4944 3615 5006 ea-

1965 5000 2096 5057 dem
2130 4999 2298 5053 bonis
2348 4999 2571 5069 angelis
2601 4994 3096 5069 attribu11nt,_hic,
3122 4994 3268 5069 etin
3300 4994 3400 5048 fin.
3438 4996 3474 5050 l.
3508 4999 3615 5052 Ide

1966 5071 2200 5139 Virgin.,
2233 5065 2598 5124 subscribere
2627 5068 2906 5140 potuisse.
2942 5066 3197 5140 Horum,
3215 5065 3263 5120 si
3295 5072 3480 5140 vacat,
3516 5084 3610 5140 se-

1963 5135 2106 5196 riefn
2137 5140 2372 5209 longam
2401 5135 2807 5209 videbis'apud
2839 5138 3113 5191 eumdem
3142 5135 3283 5209 Sixt.
3330 5135 3456 5209 loco
3487 5138 3609 5201 cit.,

1963 5157 2106 5196 rtem
2137 5155 2231 5195 lon
2279 5155 2372 5194 am
2401 5155 2623 5194 vmems
2653 5155 2807 5209 apud
2839 5155 3113 5191 eumdem
3142 5155 3283 5189 nixu.
3332 5155 3456 5192 ioco
3487 5155 3609 5201 cu.,

1963 5210 2204 5279 Pamel.,
2236 5155 2441 5265 ξανθά.
2476 5227 2516 5275 1,
2550 5210 2732 5274 Tert.,
2765 5214 2823 5264 et
2854 5209 3162 5278 Coquaauni
3226 5206 3282 5261 in
3331 5207 3402 5279 23
3443 5208 3483 5263 l.
3543 5228 3615 5265 xv

1960 5283 2026 5337 de
2050 5285 2157 5339 civ.
2187 5276 2308 5337 Dei.
2340 5281 2625 5336 Caeterum
2652 5280 2806 5334 idem
2838 5276 2969 5349 ipse
2990 5278 3186 5332 Ambr.
3232 5276 3438 5333 multis
3468 5279 3611 5337 locis

1961 5352 2200 5426 angelos
2234 5356 2410 5422 atque
2439 5351 2666 5406 animas
2699 5355 2909 5405 natura
2939 5365 3067 5404 esse
3095 5349 3435 5420 incorporea
3456 5350 3611 5408 clare

2005 5424 2284 5480 rolitetur.

1962 5442 2284 5498 pronteiur.

2032 5495 2108 5567 (8)
2138 5494 2290 5550 Edit.
2325 5492 2514 5567 Rom.,
2548 5495 2765 5567 tempus
2809 5490 3403 5567 omniumhominum
3448 5496 3611 5567 (venit

1958 5562 2149 5623 eorum
2168 5581 2272 5638 me,
2304 5564 2568 5638 quiaArep
2577 5562 2692 5619 leto
2714 5567 2795 5638 est
2816 5571 2976 5619 terra
2996 5562 3295 5634 iniquitate
3315 5564 3388 5620 ab
3403 5565 3500 5621 eis.
3525 5565 3610 5621 Ita

1960 5634 2470 5715 etiamintra',_sed
2502 5634 2751 5715 utroque
2780 5634 2906 5695 loco
2936 5637 3140 5695 contra
3188 5651 3332 5695 mss.
3382 5640 3441 5696 et
3493 5640 3605 5699 vet.

1959 5711 2098 5775 edit.
2121 5706 2543 5774 auctoritatem.
