3862 6210
259 332 376 394 387

1725 329 1786 387 S.
1836 327 2212 390 AMBROSII

3554 324 3674 390 388

260 464 367 535 13).
401 465 660 536 Tempus
693 461 932 535 quidem
964 461 1227 518 omnium
1283 460 1589 515 hominum
1651 459 1708 512 in
1768 461 1990 527 con-A
2022 479 2253 530 manus,
2286 461 2544 532 brachia,
2608 462 2848 530 femora,
2912 465 2968 516 et
3024 477 3192 516 crura
3251 447 3673 534 quadripartita

257 557 462 625 spectu
495 553 617 620 Dei,
650 558 706 609 et
734 553 791 607 in
826 553 952 623 ejus
983 550 1276 607 voluntate
1310 553 1415 604 est.
1449 549 1574 604 Non
1609 548 1785 614 enim,
1847 553 1912 603 ut

254 643 427 716 vulgo
460 642 648 708 aiunt,
683 640 855 697 fatale
886 640 1178 695 decretum
1215 637 1526 709 alligatur:
1561 637 1662 691 sed
1713 641 1908 691 tamen

255 731 588 805 specialiter
617 731 692 802 (9)
723 730 820 785 hic
853 728 1076 784 dictum
1107 731 1270 800 puto,
1307 727 1447 798 quia
1476 725 1536 780 in
1597 725 1910 797 Evangellc

255 821 541 877 Dominus
564 820 974 890 redempturus
995 816 1302 872 hominum
1314 832 1499 888 genus
1520 815 1794 886 passione
1815 815 1908 869 sui

254 909 536 981 corporis,
566 911 624 962 et
649 907 1075 962 emundaturus
1107 905 1393 977 sanguine
1423 920 1548 969 suo,
1585 919 1910 958 sacramen-

251 1000 425 1068 toque
455 995 848 1067 baptismatis,
883 995 964 1050 ait
993 1012 1006 1050 :
1042 996 1230 1061 Pater,
1261 995 1407 1048 venit
1453 992 1609 1058 hora,
1664 991 1910 1059 clari/ica

250 1086 456 1141 Filium
485 1089 664 1153 tuum,
696 1086 755 1138 ut
813 1087 864 1138 et
909 1082 1088 1138 Filius
1138 1087 1262 1137 tuus
1313 1080 1586 1150 ciariﬁcet
1621 1083 1674 1134 te
1728 1080 1903 1150 (Joan.

251 1190 389 1238 xvu,
427 1176 496 1241 1).
529 1173 677 1244 Ergo
709 1172 847 1243 quia
878 1173 935 1225 in
968 1171 1184 1226 diluvio
1217 1186 1318 1242 per
1361 1186 1555 1225 arcam
1611 1169 1727 1222 Noe
1781 1185 1904 1223 ser-

249 1266 390 1316 vatas
423 1264 562 1316 sunt
591 1260 849 1330 reliquis:
890 1259 1120 1331 generis
1143 1259 1385 1314 humani
1420 1259 1489 1312 ad
1515 1257 1903 1312 seminarium

249 1348 636 1422 reparationis
667 1353 723 1404 et
753 1348 1145 1403 renovationis
1178 1347 1406 1413 futurae,
1452 1345 1582 1400 ideo
1623 1345 1906 1417 pramisit

251 1438 382 1493 hic:
418 1439 639 1508 Tempus
669 1439 845 1492 omnis
869 1437 1110 1492 hominis
1141 1439 1294 1491 venit
1323 1456 1341 1501 ,-
1373 1437 1506 1506 quia
1559 1433 1777 1505 repleta
1824 1440 1903 1488 est

249 1535 398 1582 terra
428 1527 832 1596 iniquitatibus
854 1525 990 1581 suis.
1042 1525 1158 1580 Hoc
1191 1524 1246 1578 in
1281 1524 1469 1596 ﬁgura
1497 1541 1509 1591 ;
1540 1523 1598 1577 in
1657 1523 1901 1578 veritate

248 1619 443 1670 autem
477 1614 584 1671 ait:
618 1613 889 1685 Reliquiae
927 1630 1024 1684 per
1080 1613 1432 1669 dilectionem
1483 1614 1681 1681 gratim
1729 1611 1900 1666 salva:

242 1706 419 1775 facta
442 1711 568 1760 sunt
596 1703 767 1775 (Rom.
800 1720 877 1768 x1,
897 1703 951 1774 5)
976 1702 1249 1774 .Ideoque
1271 1701 1561 1757 exclamat
1585 1698 1899 1772 Apostolus

2023 551 2155 622 quis
2183 568 2295 606 non
2330 552 2455 623 ipso
2486 552 2612 607 visu
2654 552 2764 622 (12)
2798 551 3112 606 advertat?
3143 551 3292 606 Sunt
3325 554 3519 606 autem
3553 550 3669 624 ple-

2024 657 2203 712 raque
2234 657 2456 707 eorum,
2493 646 2550 696 et
2580 640 2628 696 si
2661 656 2776 696 non
2809 640 3074 710 ejusdem
3103 639 3512 713 longitudinis,
3572 644 3672 696 aut

2020 727 2350 784 latitudinis
2376 747 2388 796 ;
2409 733 2605 784 tamen
2622 746 2749 801 quas
2781 728 3115 801 analogiam
3135 729 3215 783 ita
3234 731 3480 796 servent,
3515 733 3583 784 ut
3609 728 3665 784 in

2021 816 2094 872 iis
2146 833 2378 889 quoque
2407 834 2666 889 congrua
2695 834 2975 873 mensura
3005 816 3267 888 ratioque
3328 820 3670 872 concurrat:

2019 904 2321 977 longitudo
2391 905 2668 978 prolixior
2726 923 2904 977 quam
2965 905 3214 960 latitudo
3272 905 3367 972 sit,
3427 903 3670 962 latitudo

2019 1011 2196 1065 quam
2229 995 2494 1050 altitudo.
2529 999 2594 1050 Et
2616 996 2768 1050 sicut
2816 994 2958 1067 ligni
2989 1011 3134 1049 arcae
3177 994 3332 1048 trina
3389 994 3667 1049 distantia

2018 1087 2140 1139 est:
2175 1082 2464 1155 siquidem
2511 1087 2904 1139 trecentorum
2965 1082 3298 1138 cubitorum
3351 1081 3666 1154 longitudi-

2017 1188 2170 1237 nem,
2204 1175 2261 1225 et
2308 1172 2738 1244 quinquaginta
2768 1171 3098 1227 cubitorum
3161 1169 3554 1237 latitudinem,
3613 1176 3667 1226 et

2014 1260 2255 1331 triginta
2275 1261 2466 1315 cubito
2477 1277 2603 1316 rum
2620 1260 2991 1314 altitudinem
3015 1259 3360 1314 servandam
3374 1275 3503 1315 esse
3524 1276 3664 1331 prae-

2015 1349 2287 1420 scripsit:
2321 1349 2403 1404 ita
2433 1354 2488 1404 et
2520 1350 2576 1404 in
2625 1353 2823 1404 nostro
2854 1365 3094 1420 corpore
3151 1365 3386 1403 summa
3443 1353 3554 1409 est.
3610 1352 3664 1403 et

2015 1437 2226 1501 media,
2259 1441 2316 1492 et
2347 1436 2592 1492 minima
2612 1436 2905 1492 distantia.
2935 1434 3515 1491 Summasecundum
3541 1433 3661 1490 lon-

2013 1525 2360 1598 gitudinem,
2391 1525 2584 1580 media
2631 1525 2957 1580 secundum
2991 1523 3383 1589 latitudinem,
3415 1523 3660 1578 minima

2013 1615 2334 1669 secundum
2367 1614 2735 1670 altitudinem
2766 1631 2779 1668 :
2814 1618 3000 1669 totum
3028 1617 3220 1668 tamen
3246 1629 3460 1684 corpus
3475 1617 3653 1668 attex-

2011 1708 2136 1758 tum
2169 1721 2234 1759 ex
2266 1702 2515 1775 singulis
2547 1702 2827 1758 membris
2859 1702 3212 1774 quadratum
3242 1701 3492 1757 videtur.
3515 1701 3658 1758 Nam

247 1792 493 1849 dicens:
528 1791 1013 1864 Superabundavit
1041 1795 1340 1862 peccatum,
1380 1793 1434 1844 ut
1479 1789 1894 1863 superabunda-
1928 1830 1974 1894 Β
2008 1798 2065 1848 et
2097 1810 2204 1848 usu
2239 1793 2320 1847 ita
2373 1797 2482 1859 est,
2515 1797 2579 1847 ut
2630 1809 2727 1848 eos
2786 1791 3102 1864 quadratos
3160 1790 3450 1859 dicamus,
3513 1807 3658 1862 quos

247 1887 332 1936 ret
355 1892 404 1937 et
435 1881 624 1952 gratia
654 1883 830 1952 (Rom.
862 1881 1045 1951 v,20).

317 1973 403 2026 12.
435 1973 715 2042 Corrupit,
748 1969 959 2041 inquit,
991 1970 1168 2025 omnis
1212 1986 1349 2026 caro
1379 1971 1524 2024 viam
1553 1985 1713 2024 suam
1739 1967 1890 2039 (Gen.

245 2077 320 2130 v1,
349 2060 459 2132 l2).
494 2060 738 2116 Carnem
772 2059 864 2114 hic
898 2059 1094 2130 posuit
1125 2075 1228 2131 pro
1260 2059 1497 2114 homine
1526 2062 1778 2118 terreno,
1834 2055 1892 2110 in

244 2166 359 2222 quo
391 2150 582 2205 carnis
606 2148 882 2204 illecebra
904 2147 1056 2202 viam
1089 2148 1215 2218 ejus
1239 2145 1705 2219 corruperit.Qui
1733 2144 1780 2200 si
1802 2144 1893 2199 in-

242 2239 560 2294 tellexisset
583 2237 738 2310 quod
757 2253 973 2292 munus
995 2236 1314 2307 accepisset
1331 2254 1363 2291 a
1380 2235 1517 2303 Deo,
1546 2251 1660 2290 non
1685 2235 1893 2306 utique

245 2344 456 2398 passus
482 2331 636 2382 esset
666 2331 730 2380 ut
786 2342 918 2380 caro
970 2325 1227 2380 obstaret
1281 2324 1489 2379 animae
1547 2323 1889 2378 virtutibus.

244 2415 444 2486 Itaque
475 2431 607 2469 caro
637 2430 814 2469 causa
844 2413 952 2467 fuit
981 2412 1418 2484 corrumpendae
1467 2410 1642 2466 etiam
1685 2411 1891 2466 anima:

243 2521 370 2576 quas
398 2501 556 2559 velut
584 2501 744 2573 origo
773 2505 829 2556 et
858 2499 1021 2556 locus
1045 2505 1134 2556 est
1157 2500 1395 2571 quidam
1418 2499 1734 2571 voluptatis
1753 2499 1888 2566 (10),

241 2610 308 2648 ex
340 2609 456 2664 qua
483 2591 640 2647 velut
669 2607 702 2646 a
733 2591 889 2645 fonte
949 2592 1339 2662 prorumpunt
1391 2587 1890 2659 concupiscentia-

239 2698 370 2736 rum
415 2679 818 2750 malarumque
869 2679 1211 2750 passionum
1241 2677 1504 2745 flumina,
1532 2676 1765 2747 lateque
1796 2692 1891 2730 ex-

240 2771 482 2825 undant.
512 2769 734 2833 Quibus
755 2767 1114 2838 demergitur
1144 2766 1351 2822 animae
1374 2765 1669 2837 quoddam
1690 2781 1890 2819 excus-

240 2875 304 2913 so
334 2858 721 2929 gubernatore
777 2855 1110 2926 remigium,
1153 2871 1288 2910 cum
1324 2854 1452 2925 ipsa
1511 2870 1678 2909 mens
1737 2852 1894 2907 velut

239 2946 592 3019 quibusdam
641 2943 1086 3015 tempestatibus
1117 2947 1174 2997 et
1229 2941 1499 3014 procellis
1559 2942 1709 2996 victa
1765 2940 1890 2995 loco

240 3050 345 3090 suo
375 3033 544 3089 cedit.
578 3031 822 3087 Pulchre
852 3035 1049 3086 autem
1076 3031 1176 3096 ait,
1205 3031 1344 3102 quia
1375 3029 1550 3086 homo
1581 3030 1733 3084 viam
1790 3046 1890 3083 na-

237 3128 381 3179 tura
408 3139 524 3177 suae
555 3120 832 3192 corrupit.
868 3121 1014 3175 Nam
1047 3119 1138 3174 via
1169 3137 1275 3176 sua
1308 3120 1366 3174 in
1392 3119 1664 3191 paradiso
1687 3122 1810 3174 erat
1831 3118 1890 3172 in

2007 1899 2109 1936 nec
2130 1898 2396 1938 enormes
2428 1881 2790 1954 proceritate,
2826 1885 2883 1936 et
2912 1880 3133 1936 validos
3191 1879 3411 1935 robusti
3474 1879 3659 1951 quali-

2003 1974 2120 2026 tate
2151 1971 2408 2042 corporis
2441 1970 2826 2025 aastimamus.

2077 2059 2160 2112 14.
2196 2059 2338 2122 Quid
2373 2058 2548 2113 etiam
2581 2057 2692 2112 sibi
2720 2057 2843 2112 vult
2874 2057 3027 2130 quod
3075 2057 3190 2113 ait:
3248 2057 3417 2113 Nidos
3489 2057 3658 2132 facies

2003 2149 2060 2200 in
2091 2163 2230 2202 arca
2263 2146 2470 2218 (Ibid.),
2509 2162 2880 2217 nequaquam
2910 2145 3210 2200 silendum
3266 2145 3518 2200 videtur.
3550 2145 3656 2200 Na-

2001 2235 2267 2292 turaliter
2313 2235 2468 2290 enim
2529 2235 2748 2290 dictum
2803 2235 3074 2302 arbitror,
3123 2250 3190 2290 eo
3267 2235 3423 2305 quod
3489 2250 3657 2290 omne

2002 2342 2213 2398 corpus
2244 2329 2510 2380 nostrum
2544 2327 2826 2379 attextum
2879 2327 2968 2379 est
3000 2323 3151 2379 sicut
3176 2323 3391 2391 nidus;
3427 2327 3495 2379 ut
3543 2322 3659 2396 spi~

2005 2415 2151 2470 ritus
2179 2413 2374 2471 vitalis
2405 2429 2606 2468 omnes
2636 2416 2832 2484 partes
2888 2413 3178 2468 viscerum
3229 2416 3513 2484 penetret,
3576 2417 3659 2467 at-

2004 2521 2114 2576 que
2145 2504 2214 2558 de
2241 2502 2546 2575 principali
2580 2506 2778 2556 nostro
2810 2501 3017 2557 fundat
3046 2517 3107 2556 se
3163 2517 3265 2573 per
3320 2505 3486 2556 artus
3546 2500 3661 2556 sin-

2001 2591 2192 2664 gulos.
2227 2592 2356 2647 Nidi
2389 2592 2630 2663 quidam
2662 2595 2799 2648 sunt
2858 2589 3009 2645 oculi
3054 2589 3260 2658 nostri,
3321 2590 3542 2661 quibus
3599 2605 3658 2646 se

2001 2681 2163 2736 visus
2196 2681 2416 2736 inserit.
2450 2681 2580 2735 Nidi
2614 2684 2753 2737 sunt
2782 2683 3118 2736 nostrarum
3168 2679 3335 2734 sinus
3391 2679 3654 2746 aurium,

2001 2787 2103 2841 per
2133 2787 2281 2841 quos
2311 2770 2547 2824 auditus
2574 2786 2634 2824 se
2665 2769 2944 2836 infundit,
2985 2772 3044 2823 et
3099 2765 3254 2822 velut
3304 2766 3364 2821 in
3426 2767 3652 2822 foveam

2002 2859 2178 2913 altam
2210 2858 2427 2928 dejicit.
2457 2859 2640 2913 Nidus
2671 2861 2759 2912 est
2789 2857 3046 2924 narium,
3089 2856 3190 2928 qui
3218 2856 3288 2911 ad
3323 2871 3384 2911 se
3418 2856 3658 2911 odorem

2002 2946 2261 3001 attrahit.
2350 2945 2534 3000 Nidus
2618 2951 2707 3000 est
2793 2949 3043 3017 quartus
3137 2945 3325 3016 major
3431 2944 3656 3000 caeteris

2001 3036 2198 3090 hiatus
2261 3035 2401 3103 oris,
2465 3035 2523 3088 in
2599 3051 2713 3106 quo
2791 3034 3067 3100 nutritur,
3122 3034 3306 3090 donec
3358 3032 3656 3088 adolescat

2003 3141 2213 3196 sapor;
2247 3127 2301 3178 et
2341 3124 2495 3178 unde
2538 3140 2646 3178 vox
2688 3122 2893 3178 evolat.
2957 3123 3019 3177 In
3079 3139 3194 3193 quo
3252 3123 3390 3178 latet
3449 3120 3652 3194 lingua

240 3212 339 3268 illo
367 3209 796 3266 beatitudinum
823 3209 1076 3276 tramite,
1112 3209 1169 3263 in
1202 3207 1304 3263 illo
1335 3208 1619 3263 virtutum
1652 3208 1810 3276 ﬂore,
1835 3210 1892 3262 et
1923 3188 1964 3253 (ἶ
2004 3231 2128 3285 (μιίὲ
2157 3212 2315 3267 velut
2345 3228 2631 3284 organum
2657 3211 2834 3279 vocis,
2869 3228 3044 3266 sonos
3076 3212 3205 3281 ejus
3247 3209 3455 3266 artiﬁci
3515 3227 3651 3266 sua-

237 3301 296 3355 in
328 3299 428 3356 illa
457 3298 884 3371 incorruptibili
924 3297 1129 3369 gratia,
1187 3313 1365 3368 quam
1423 3297 1576 3352 viam
1634 3295 1882 3351 terrenis
1991 3301 2168 3356 vitate
2199 3300 2574 3366 modulatur;
2609 3304 2665 3355 et
2697 3317 2832 3355 cum
2892 3300 2969 3354 sit
3024 3301 3153 3370 ipsa
3207 3298 3652 3368 irrationabilis,

236 3388 563 3462 inquinavit
591 3387 871 3459 vestigiis.
907 3385 1018 3440 Alii
1069 3386 1318 3442 habent:
1360 3386 1512 3442 Viam
1543 3386 1739 3456 ipsius,
1773 3384 1882 3439 hoc

236 3482 325 3534 est
353 3477 473 3533 Dei.
504 3477 619 3532 Hoc
649 3474 797 3531 solet
821 3477 992 3531 verbo
1025 3475 1255 3530 Domini
1287 3473 1581 3529 declarare
1604 3473 1736 3545 (11).

880 3590 1106 3645 CAPUT
1143 3589 1239 3645 Vl.

235 3686 315 3738 De
343 3679 751 3736 constructione
779 3693 949 3747 amr,
983 3680 1040 3734 in
1072 3695 1180 3748 qua
1213 3678 1446 3733 humani
1473 3680 1718 3747 corporis
1747 3679 1882 3749 ﬁgu-

307 3769 372 3808 ra
399 3751 764 3812 describitur;
795 3753 848 3805 et
876 3754 1040 3822 cujus
1068 3751 1194 3822 nidi
1220 3752 1470 3819 singulas
1484 3750 1728 3822 ejusdem
1757 3765 1879 3822 cor-

306 3824 461 3892 poris
489 3821 722 3877 humani
744 3820 1304 3892 partes'signiﬁcant.
1336 3820 1606 3889 Quomodo
1638 3820 1763 3875 illa
1796 3821 1882 3892 bi-

306 3895 538 3962 tumine,
571 3902 633 3964 u_t
661 3891 906 3965 ﬁrmiter
932 3894 1045 3949 sibi
1071 3898 1412 3960 cohaereant,
1443 3895 1560 3948 sint
1593 3891 1878 3948 linienda’.

315 4010 394 4064 t3.
427 4009 535 4065 Sed
560 4010 686 4081 jam
719 4009 790 4064 de
821 4009 949 4081 ipsa
979 4012 1096 4063 Noe
1137 4025 1271 4064 arca
1328 4007 1664 4074 dicendum,
1703 4023 1881 4077 quam

240 4096 452 4169 siquis
491 4097 625 4153 velit
685 4096 1009 4170 impensius
1066 4097 1452 4164 considerare,
1512 4095 1766 4151 inveniet
1822 4095 1880 4149 in

233 4187 362 4258 ejus
391 4187 777 4244 aediﬁcatione
809 4185 1162 4258 descriptam
1181 4186 1425 4241 humani
1451 4186 1604 4242 288
1631 4184 1880 4256 ﬁguram

232 4275 511 4348 corporis.
536 4276 684 4340 Quid
718 4279 807 4330 est
836 4275 992 4330 enim
1026 4275 1180 4346 quod
1214 4275 1296 4330 ait
1325 4276 1521 4331 Deus:
1557 4276 1663 4329 Fac
1710 4275 1884 4342 igitur

231 4365 336 4419 tibi
357 4381 557 4421 arcam
585 4364 649 4420 de
680 4365 848 4433 lignis
881 4363 1179 4434 quadratis
1206 4364 1362 4435 (Gen.
1406 4381 1482 4431 v1,
1547 4362 1683 4434 14')?
1738 4363 1882 4426 Qua.

233 4453 466 4507 dratum
497 4455 652 4507 certe
683 4451 791 4506 hoc
821 4451 1207 4524 appellamus,
1240 4453 1393 4524 quod
1430 4453 1704 4507 omnibus
1736 4451 1881 4505 bene

1993 3389 2400 3446 rationabilem
2431 3406 2628 3445 vocem
2661 3389 2952 3461 exprimit.
2987 3388 3170 3442 Nidus
3211 3392 3300 3443 est
3354 3387 3650 3444 hemicra-

1993 3481 2176 3534 nium.
2211 3479 2396 3534 Nidus
2428 3484 2516 3534 est
2547 3479 2890 3534 membrana
2920 3477 3020 3532 illa
3051 3493 3176 3548 qua:
3211 3476 3515 3532 cerebrum
3566 3477 3647 3532 fo-

1989 3573 2101 3634 vet,
2135 3572 2192 3625 et
2222 3568 2375 3624 intra
2403 3566 2651 3623 cohibet.
2695 3567 2826 3621 Nidi
2885 3571 3024 3622 sunt
3072 3565 3292 3622 viscera
3348 3564 3678 3637 pulmonis,

1992 3663 2042 3712 et
2077 3657 2286 3711 cordis.
2323 3656 2576 3727 Spiritus
2619 3655 2857 3726 quidem
2914 3654 3118 3720 nostri,
3180 3654 3288 3709 hoc
3346 3658 3458 3720 est,
3518 3655 3648 3725 ejus

1991 3761 2166 3817 quem
2197 3745 2515 3817 carpimus,
2550 3749 2607 3800 et
2651 3761 2766 3815 quo
2825 3743 3040 3798 alimur
3088 3743 3146 3796 in
3200 3743 3309 3797 hac
3357 3742 3496 3809 vita,
3560 3742 3646 3796 ni-

1993 3835 2105 3888 dus
2138 3838 2227 3888 est
2257 3835 2496 3904 pulmo:
2531 3831 2839 3903 sanguinis
2869 3840 3060 3887 autem
3092 3836 3150 3886 et
3188 3831 3433 3902 spiritus
3477 3831 3650 3886 nidus

1991 3927 2079 3977 est
2109 3938 2224 3976 cor.
2264 3921 2389 3976 Duo
2421 3926 2562 3976 sunt
2593 3921 2750 3976 enim
2781 3922 2908 3992 ejns
2940 3920 3124 3975 uteri:
3161 3937 3315 3975 unus
3346 3937 3465 3992 quo
3517 3937 3651 3976 san-

1991 4010 2231 4083 guinem
2255 4009 2413 4065 velut
2444 4010 2702 4081 quodam
2735 4009 2868 4064 sinu
2899 4008 3167 4079 suscipit,
3199 4011 3257 4063 et
3283 4007 3648 4064 transfundit

1990 4099 2050 4153 in
2076 4115 2288 4154 venas:
2324 4096 2470 4153 alter
2501 4114 2616 4169 quo
2648 4098 2872 4170 rigatus
2927 4113 2997 4152 ex
3049 4095 3146 4152 illo
3205 4097 3495 4169 superiori
3545 4098 3641 4152 de-

1991 4188 2154 4242 ducit
2182 4187 2240 4242 in
2272 4185 2514 4242 arterias
2538 4186 2668 4259 jugi
2718 4190 2933 4241 meatu.
2994 4189 3139 4241 Ossa
3195 4202 3429 4257 quoque
3488 4185 3634 4241 vali-

1991 4276 2156 4331 diora
2203 4276 2375 4331 nidos
2404 4275 2642 4330 habent.
2675 4275 2825 4330 Sunt
2867 4274 3023 4330 enim
3080 4275 3240 4330 intus
3297 4279 3520 4343 cavata,
3584 4274 3640 4329 in

1992 4366 2208 4437 quibus
2269 4363 2654 4420 foraminibus
2710 4368 2798 4419 est
2856 4362 3131 4420 medulla.
3197 4364 3257 4419 In
3313 4364 3640 4419 visceribus

1991 4453 2140 4526 ipsis
2175 4452 2550 4508 mollioribus
2582 4452 2705 4507 nidi
2736 4453 3076 4525 cupiditatis
3105 4458 3206 4508 aut
3231 4451 3450 4509 doloris
3484 4456 3636 4508 sunt.

233 4539 514 4596 consistat
544 4539 829 4611 partibus,
862 4540 1243 4595 etconveniat
1270 4540 1404 4595 sibi.
1431 4540 1631 4611 Itaque
1651 4544 1708 4593 et
1727 4539 1880 4594 Deus
1916 4557 1959 4621 D
1993 4544 2061 4597 Et
2092 4541 2206 4598 alia
2240 4542 2289 4597 si
2312 4541 2448 4614 quis
2479 4541 2828 4611 consideret,
2881 4541 3056 4596 etiam
3106 4539 3306 4612 plures
3362 4542 3532 4597 nidos
3561 4541 3640 4595 in-

229 4632 431 4684 auctor
461 4628 645 4683 nostri
665 4628 947 4700 corporis,
975 4633 1316 4699 naturaeque
1348 4628 1663 4683 fabricator
1678 4626 1886 4682 astrui-

233 4720 345 4786 tur,
386 4721 443 4772 et
471 4733 619 4789 opus
650 4717 844 4788 ipsum
877 4716 1197 4788 perfectum
1228 4733 1355 4772 esse
1387 4717 1457 4772 iis
1507 4716 1878 4772 sermonibus

229 4806 617 4880 signiﬁcatur.
651 4805 809 4871 Quad
821 4809 947 4861 rata
977 4809 1172 4861 autem
1195 4805 1452 4862 hominis
1467 4807 1730 4862 membra
1750 4821 1877 4861 esse

227 4896 462 4952 evidens
492 4895 660 4962 ratio,
694 4895 740 4950 si
773 4895 1106 4950 consideres
1144 4900 1345 4967 pectus
1378 4895 1654 4963 hominis,
1688 4895 1875 4950 consi-

228 4985 394 5040 deres
427 4989 683 5040 ventrem
720 4985 843 5056 pari
879 5001 1153 5039 mensura
1183 4984 1567 5056 longitudinis
1598 4990 1652 5039 et
1682 4983 1876 5038 latitu-

228 5073 404 5140 dinis,
439 5073 552 5130 nisi
585 5089 718 5128 cum
751 5072 1146 5146 voluptatibus
1169 5078 1225 5128 et
1268 5072 1456 5145 epulis
1507 5077 1704 5128 ventre
1755 5072 1878 5126 dis-

226 5165 386 5218 tento
416 5179 694 5220 mensura
725 5161 1014 5219 naturalis
1053 5162 1367 5218 exceditur.
1401 5162 1533 5218 Jam
1567 5162 1764 5233 pedes,
1823 5165 1881 5216 et

297 5395 572 5471 (9)__R_o_m.
609 5400 752 5471 edit.
789 5399 934 5467 sola,
954 5403 1310 5471 spiritaliter.

297 5465 409 5535 (10)
439 5467 532 5523 Sic
562 5469 698 5546 edit.
733 5471 872 5546 Mss.
909 5465 1124 5541 autem,
1168 5475 1313 5528 velut
1340 5477 1494 5545 regio
1523 5474 1800 5546 quwdam,
1831 5484 1882 5532 et

233 5537 484 5609 locusest
506 5541 816 5609 uoluptatis.

297 5605 410 5687 (11)
443 5607 592 5687 ﬁdit,
625 5605 850 5687 omnes,
895 5613 1118 5687 Domini
1141 5615 1436 5687 declarari.
1473 5616 1681 5674 Melius
1713 5635 1879 5687 mss.,

226 5675 453 5738 Dornini
466 5679 794 5739 declarare.
816 5681 1382 5762 Subintelligendum
1397 5688 1573 5760 enim,
1590 5675 1884 5767 Scriptura

1992 4632 2184 4686 veniet
2248 4632 2305 4685 in
2375 4631 2484 4687 hac
2533 4630 2752 4685 fabrica
2810 4629 3054 4685 humani
3124 4630 3406 4702 corporis.
3484 4629 3636 4686 Unde

1987 4726 2128 4792 puto
2161 4725 2216 4775 et
2247 4720 2412 4775 illum
2447 4721 2508 4775 in
2541 4719 2774 4775 Psalmo
2805 4735 2920 4774 non
2962 4717 3153 4774 solum
3213 4718 3477 4790 mystice,
3538 4717 3632 4774 sed

1988 4810 2164 4865 etiam
2239 4808 2585 4865 naturaliter
2639 4808 2856 4864 dixisse
2890 4823 2903 4862 :
2939 4807 3162 4862 Etenim
3197 4823 3390 4879 passer
3434 4808 3638 4863 invenit

1986 4898 2102 4953 sibi
2129 4898 2381 4964 domum,
2422 4901 2473 4952 et
2513 4901 2697 4952 turtur
2750 4898 2955 4953 nidum
3012 4898 3110 4952 ubi
3165 4901 3406 4966 reponat
3456 4896 3636 4968 pullos

1989 4987 2143 5043 234
2173 5003 2300 5042 suos
2332 4987 2500 5057 (Psal.
2538 5003 2771 5054 LXXXIII,
2804 4987 2876 5056 4).
2917 4985 3011 5041 Est
3035 4985 3190 5040 enim
3236 4987 3362 5057 jam
3416 4986 3473 5040 in
3530 4985 3632 5039 hoc

1990 5093 2228 5148 corpore
2261 5075 2435 5130 nidus
2467 5075 2788 5146 pudicitiae,
2816 5075 2875 5130 in
2903 5091 3017 5146 quo
3077 5079 3201 5130 erat
3262 5075 3436 5131 nidus
3488 5073 3629 5129 irra-

1987 5163 2287 5220 tionabilis
2318 5163 2820 5236 concupiscentiae.
2855 5163 2964 5219 Sed
3008 5162 3104 5218 ubi
3137 5167 3269 5219 ante
3297 5167 3499 5235 partus
3530 5161 3627 5216 de-

1990 5409 2159 5461 viam.
2193 5405 2412 5461 Pendet
2441 5410 2634 5461 autem
2666 5403 2844 5475 hujus
2873 5404 2982 5462 loci
3013 5419 3222 5460 sensus
3254 5420 3322 5459 ex
3361 5419 3426 5459 eo
3476 5398 3625 5475 quod

1990 5477 2217 5558 legatur
2243 5476 2419 5558 ‘ap‘ud
2477 5478 2634 5548 LXX,
2668 5471 2763 5546 τὴῦ
2788 5484 3097 5558 oculati-cos.
3133 5475 3361 5558 Videsis
3417 5471 3626 5558 NoZbilii

1992 5546 2158 5604 notas
2191 5549 2262 5603 ad
2294 5546 2460 5603 illum
2485 5546 2744 5620 versum,
2777 5556 2832 5606 et
2862 5548 3164 5605 Philonem
3187 5546 3288 5602 lib.
3328 5558 3434 5603 Ὀτι
3488 5553 3624 5615 ἄτρε-

1990 5644 2112 5678 πτον
2141 5629 2196 5676 τὸ
2225 5628 2380 5676 Θεῖον.

2063 5691 2173 5773 (42)
2204 5691 2290 5750 Ita
2319 5689 2485 5750 Corb.
2517 5696 2574 5751 et
2613 5692 2795 5772 Long.
2839 5690 2987 5755 Edit.
3035 5707 3190 5764 vero,
3223 5691 3339 5767 ipso
3359 5701 3483 5744 usu.
