3862 6210
154 399 261 459 389

152 617 419 677 adolescit
444 617 782 675 hereditas.

216 708 296 763 15.
328 708 569 774 Illinies,
600 707 820 779 inquit,
871 722 993 761 eam
1042 706 1311 762 bitumine
1357 708 1511 778 (Gen.
1557 724 1635 777 v1,
1686 708 1793 780 14).

150 796 222 853 Ex
274 794 479 852 multis
529 796 789 865 ossibus,
855 794 1186 866 nervisque,
1255 798 1314 851 et
1378 796 1600 853 caeteris
1633 786 1799 852 'aliis

150 889 367 941 constat
413 885 747 941 humanum
803 900 1036 956 corpus.
1071 884 1137 940 Et
1167 884 1310 940 foris
1339 883 1521 958 igitur
1549 888 1607 941 et
1638 884 1800 940 intus

154 978 277 1047 apta
305 990 590 1047 compage
622 988 951 1029 connexum
984 971 1097 1029 sibi
1129 972 1404 1041 adhaeret,
1458 976 1516 1029 et
1564 973 1797 1029 habitu-

154 1063 277 1119 dine
326 1062 566 1135 propria
610 1078 786 1135 quam
830 1069 964 1133 ἁφὴν
1014 1060 1197 1117 Graeci
1248 1061 1473 1129 dicunt,
1528 1066 1797 1129 tenetur;

156 1155 212 1206 ut
232 1151 391 1207 intus
422 1150 663 1207 clausus
693 1149 940 1222 spiritus
972 1149 1071 1221 qui
1104 1148 1461 1217 infunditur,
1494 1148 1580 1205 vel
1629 1147 1800 1220 spiri-

156 1238 277 1295 talis
324 1238 666 1296 substantia
712 1255 839 1310 quae
887 1238 1048 1293 intus
1108 1242 1403 1310 operatur,
1466 1236 1644 1293 veluti
1700 1253 1802 1309 ge-

157 1330 320 1384 minis
378 1328 697 1384 constricta
743 1326 993 1382 vinculis
1053 1343 1170 1381 non
1231 1330 1555 1399 evagetur:
1590 1326 1691 1382 sed
1730 1325 1803 1380 ad

156 1418 430 1474 unitatem
492 1421 688 1489 aptam
745 1420 802 1471 et
865 1414 1263 1472 continentem
1297 1415 1457 1487 (ιε’),
1491 1414 1803 1471 connexio-

157 1522 396 1578 nemque
445 1504 721 1562 vadidam
770 1503 1095 1561 cohibetur.
1151 1504 1282 1560 Ideo
1327 1503 1617 1559 bitumine
1672 1519 1808 1559 con-

158 1594 351 1669 stringi
381 1612 521 1651 arca
538 1594 813 1665 jubetur;
844 1596 933 1649 est
961 1592 1120 1648 enim
1177 1592 1443 1648 bitumen
1489 1591 1806 1648 vehemen-

158 1683 224 1739 tis
251 1684 320 1739 ad
353 1683 887 1755 constringendam
909 1680 1324 1737 naturallnde
1356 1681 1563 1737 Graece
1595 1680 1808 1737 dicitur

159 1772 318 1836 νάφθα,
348 1773 490 1837 παρά
514 1772 604 1820 ταῦ
633 1774 913 1837 συνάπτειν,
946 1769 1101 1843 quod
1132 1769 1429 1841 disjuncta
1480 1774 1804 1836 connectat,

161 1868 419 1926 nexuque
448 1853 815 1927 constringat
851 1856 1270 1926 indissolubili,
1307 1858 1387 1914 ita
1436 1863 1503 1914 ut
1550 1857 1805 1914 naturali

162 1939 370 1997 unitate
400 1941 520 1998 sibi
550 1942 753 1999 credas
781 1946 1107 2002 convenire.
1140 1945 1224 2002 0h
1255 1946 1404 2003 hanc
1437 1964 1675 2004 causam
1706 1947 1802 2003 in-

160 2033 246 2084 tus
274 2033 331 2086 et
360 2029 507 2087 foris
537 2031 823 2089 bitumine
855 2050 989 2090 arca
1018 2035 1462 2108 constringitur,
1494 2052 1564 2093 ne
1598 2053 1803 2093 conne-

164 2118 246 2175 xio
273 2118 373 2174 illa
397 2118 573 2176 facile
604 2126 937 2194 rumpatur.

788 2238 1019 2295 CAPUT
1058 2239 1176 2297 VII.

166 2323 292 2379 Area
336 2324 619 2397 Noe.cum
666 2325 808 2397 Area
850 2327 1069 2397 foederi:
1112 2331 1499 2397 comparatur;
1526 2329 1681 2397 cujus
1720 2329 1806 2383 di-

226 2396 601 2471 mensionibus
650 2396 903 2471 denotari
950 2397 1251 2456 ostenditur
1279 2401 1530 2471 singula:
1574 2396 1810 2456 humani

228 2470 484 2544 corporis
514 2472 695 2539 partes
744 2469 814 2525 ad
855 2486 1018 2526 usum
1064 2471 1304 2544 aliquem
1326 2469 1386 2528 et
1413 2472 1658 2529 decorem
1700 2488 1812 2528 esse

231 2540 570 2611 compositas.

237 2654 319 2708 16.
353 2653 509 2709 Alibi
540 2657 758 2723 autem,
791 2655 899 2713 hoc
928 2660 1035 2725 est,
1068 2657 1128 2713 in
1158 2659 1352 2715 Exodo
1407 2660 1583 2715 etiam
1634 2660 1811 2716 deau-

174 2747 326 2798 ratur
374 2743 517 2798 foris
575 2749 634 2799 et
688 2744 848 2800 intus
903 2748 1047 2802 Arca
1106 2745 1208 2802 illa
1261 2748 1452 2817 (Exod.
1504 2766 1636 2816 xxv,
1700 2750 1809 2821 11),

176 2845 293 2901 qua:
336 2831 395 2887 in
443 2833 668 2889 sanctis
705 2838 795 2889 est
844 2835 1049 2890 mundi
1096 2834 1485 2908 intelligibilis
1533 2838 1815 2894 imitatrix

177 2917 378 2992 imago.
429 2920 594 2977 Sicut
640 2921 797 2977 enim
845 2923 1156 2994 pretiosius
1204 2941 1413 2980 aurum
1454 2924 1743 2981 bitumine
1797 2944 1810 2982 :

186 3006 257 3062 ita
299 3007 401 3063 illa
447 3025 577 3080 qua
630 3010 688 3064 in
734 3011 954 3067 sanctis
993 3015 1083 3067 est
1132 3029 1284 3079 arca,
1317 3029 1495 3084 quam
1526 3013 1641 3069 ista
1670 3032 1813 3088 prea-

186 3096 435 3153 stantior.
482 3096 745 3170 Denique
774 3099 870 3154 hic
898 3099 1241 3172 simpliciter
1268 3099 1426 3172 ligna
1467 3103 1702 3174 posuit:
1735 3104 1816 3159 ibi

186 3186 366 3241 autem
395 3184 558 3258 ligna
586 3187 822 3258 quidem
871 3188 972 3243 sed
1020 3188 1407 3259 imputribilia
1435 3192 1815 3263 comprehen-

1352 394 1579 459 LlBER
1625 397 1724 458 DE
1771 398 1926 458 NOE
1974 398 2072 460 ET
2121 400 2350 459 ARCA.

153 533 355 587 formes
385 528 681 585 nutriebat
717 528 919 600 libido,
950 527 1031 584 ibi
1062 542 1217 585 nunc
1249 528 1466 586 decorae
1499 529 1784 586 castitatis
1811 530 1868 596 Α
1898 528 1979 584 ait
2026 548 2036 584 :
2075 532 2236 585 Oculi
2282 530 2549 601 sapientis
2602 531 2657 584 in
2706 533 2881 601 capite
2932 532 3047 602 ejus
3094 532 3288 603 (Eccle.
3324 549 3384 600 ιι,
3421 532 3509 603 14)

1834 1901 1882 1966 Β

3442 399 3563 460 390

1908 618 2079 690 quasi
2133 620 2189 674 in
2242 618 2377 674 aula
2428 617 2718 691 imperiali
2765 619 3047 675 virtutum
3096 620 3408 676 concilium
3450 620 3563 675 sibi

1908 706 2234 774 contrahat,
2270 724 2381 778 quo
2415 707 2633 779 stipata
2677 708 2957 781 comitatu
3001 712 3058 763 et
3100 709 3227 781 ipsa
3281 709 3564 765 munitior

1909 795 2006 865 sit,
2040 800 2099 852 et
2130 800 2410 867 tanquam
2443 813 2512 852 ex
2541 796 2695 851 edito
2744 798 2998 868 quodam
3049 796 3172 853 loco
3221 798 3423 855 tuendi
3472 802 3559 854 to-

1909 883 2028 939 tius
2077 885 2337 957 corporis
2387 884 2645 957 regimen
2698 885 3015 958 impertiat,
3046 902 3326 959 responsa
3367 886 3561 959 profe—

1909 975 1999 1027 rat
2025 972 2157 1044 (13),
2191 973 2342 1028 285
2388 989 2491 1044 per
2537 988 2712 1044 quem
2765 973 3061 1045 possimus
3094 992 3201 1030 nos
3254 975 3414 1046 ipsos
3446 992 3563 1030 non

1911 1059 2100 1115 solum
2134 1063 2288 1115 retro
2321 1059 2628 1131 respicere,
2664 1077 2770 1116 nec
2802 1060 2990 1116 solum
3026 1062 3179 1133 quod
3212 1066 3344 1117 ante
3388 1062 3565 1134 pedes

1910 1152 1999 1203 est
2027 1148 2243 1215 videre,
2278 1149 2375 1203 sed
2411 1149 2588 1204 etiam
2621 1148 2745 1203 coeli
2778 1148 2965 1220 ipsius
3012 1154 3235 1205 secreta
3278 1151 3565 1223 profundo

1910 1237 2119 1292 obtutu
2166 1242 2426 1310 spectare
2468 1236 2786 1308 sapientiae.
2826 1237 2905 1292 [bi
2954 1238 3133 1310 igitur
3180 1255 3415 1295 summa
3462 1257 3567 1296 no-

1912 1329 2044 1380 strae
2076 1325 2308 1391 salutis,
2344 1324 2421 1380 ibi
2448 1326 2655 1397 gratia,
2690 1326 2827 1381 Inde
2876 1327 3160 1395 custodia,
3212 1327 3347 1383 inde
3390 1328 3567 1384 etiam

1911 1413 2290 1486 pulchritudo
2322 1414 2430 1469 toti
2460 1414 2688 1487 corpori
2734 1414 3079 1486 acquiritur,
3136 1432 3263 1487 quae
3309 1417 3568 1488 primum

1912 1503 1977 1557 in
2006 1502 2173 1557 vultu
2219 1506 2445 1557 vernat.
2478 1502 2653 1558 Decet
2706 1503 2863 1557 enim
2919 1504 3387 1574 praestantiorem
3439 1523 3571 1563 esse

1915 1590 2063 1647 aulas
2094 1591 2307 1663 regalis
2340 1592 2610 1658 nitorem,
2644 1592 2701 1646 in
2736 1608 2853 1663 qua
2881 1593 3034 1648 sicut
3062 1592 3223 1650 visus
3256 1596 3466 1666 major,
3487 1596 3570 1652 ita

1915 1679 2194 1753 splendor
2221 1684 2327 1736 est.

1995 1770 2075 1824 18.
2110 1769 2375 1839 Namque
2406 1768 2452 1824 si
2488 1773 2711 1841 spectes
2761 1769 2992 1841 singula
3043 1787 3168 1842 quae
3216 1771 3274 1827 in
3312 1772 3567 1832 hominis

1920 1856 2107 1912 forma
2157 1857 2227 1911 ad
2272 1873 2448 1911 usum
2490 1856 2744 1928 aliquem
2794 1859 3116 1929 composita
3165 1860 3455 1931 videntur,
3506 1868 3570 1919 ut

1912 1944 2065 2001 oculi
2097 1945 2169 2000 ad
2203 1945 2541 2013 videndum,
2576 1963 2746 2003 aures
2779 1946 2847 2001 ad
2882 1948 3264 2019 audiendum,
3294 1967 3466 2007 nares
3493 1954 3567 2009 ad

1911 2034 2371 2101 odorandum,os
2406 2034 2478 2088 ad
2509 2033 2889 2105 loquendum,
2915 2035 2999 2091 ita
3028 2053 3173 2093 usus
3204 2039 3565 2109 ministrant,

1914 2126 1977 2177 ut
2004 2125 2281 2193 prmstent
2310 2123 2597 2178 decorem.
2634 2125 2817 2188 Quam
2864 2124 3155 2181 deformes
3200 2132 3341 2183 sunt
3368 2127 3566 2184 vultus

1914 2226 2197 2266 caecorum
2220 2211 2309 2265 lEt
2338 2211 2480 2282 quid
2516 2210 2731 2266 mirum
2765 2211 2815 2267 si
2840 2212 3037 2269 vultus
3062 2213 3321 2272 hominis
3343 2216 3571 2289 absque

1916 2298 2104 2356 oculis
2163 2298 2442 2355 deformis
2494 2303 2603 2369 est,
2651 2300 2887 2371 quando
2938 2302 3134 2374 ipsum
3182 2303 3391 2360 cmlum
3446 2306 3573 2362 sine

1918 2387 2036 2443 sole
2068 2404 2183 2443 non
2217 2387 2389 2444 habet
2438 2405 2613 2443 suum
2664 2389 2977 2444 decorem?
3026 2392 3246 2447 Tristes
3274 2394 3399 2449 sine
3451 2394 3574 2451 sole

1917 2476 2041 2532 dies
2072 2476 2365 2545 ducimus,
2400 2480 2598 2532 noctes
2631 2477 2755 2533 sine
2804 2478 2944 2534 luna
2994 2497 3107 2534 non
3165 2481 3425 2553 placent;
3458 2484 3572 2556 ipsi

1918 2564 2073 2621 enim
2108 2569 2248 2620 sunt
2278 2565 2517 2638 quidam
2550 2566 2757 2620 mundi
2791 2566 2965 2621 oculi.
2987 2568 3233 2625 Detrahe
3263 2570 3568 2627 stellarum

1919 2653 2165 2721 lumina,
2231 2658 2287 2709 et
2337 2654 2604 2726 quaedam
2653 2658 2741 2710 est
2789 2655 2849 2709 in
2900 2655 3043 2712 cmlo
3104 2658 3232 2728 ipso
3298 2660 3574 2717 czecitatis

1921 2742 2283 2799 deformitas.
2332 2743 2416 2797 Pii
2473 2741 2585 2815 ipsi
2640 2743 2739 2815 qui
2793 2744 2995 2799 orbem
3035 2746 3338 2802 oculorum
3371 2753 3574 2820 praete-

1920 2835 2085 2899 xunt,
2118 2836 2173 2886 et
2201 2830 2358 2887 velut
2387 2832 2705 2902 quamdam
2735 2831 2917 2887 aciem
2953 2834 3064 2902 (14)
3096 2837 3482 2908 prastendunt,
3502 2855 3575 2894 ne

1923 2921 2093 2977 sorde
2126 2919 2323 2992 aliqua
2353 2919 2439 2975 vel
2472 2919 2726 2992 pulveris
2757 2919 3003 2993 caligine
3036 2922 3263 2994 pupilla
3292 2923 3571 2995 laedatur;

1923 3015 1979 3065 et
2010 3010 2123 3082 ipsi
2154 3009 2472 3081 excipiunt,
2505 3008 2554 3065 si
2588 3009 2727 3081 quid
2761 3009 2936 3066 fuerit
2983 3010 3214 3067 illatum
3246 3015 3400 3085 quod
3436 3032 3574 3070 ocu-

1923 3097 2047 3153 lum
2119 3097 2305 3170 possit
2373 3095 2613 3163 laadere;
2676 3097 2724 3153 si
2782 3097 3131 3169 lippitudine
3201 3101 3574 3171 intercidant,

1924 3202 2103 3259 quam
2136 3186 2393 3253 dedecet,
2428 3186 2476 3240 si
2510 3185 2786 3258 palpebra
2818 3188 3168 3243 contractior
3200 3189 3451 3257 fuerit,si
3484 3209 3576 3247 ra-

184 3271 279 3337 dit,
326 3273 630 3331 declarans
675 3276 883 3331 merita
930 3281 1290 3333 sanctorum.
1342 3279 1584 3333 Addidit
1638 3280 1815 3336 etiam
1847 3268 1890 3335 C
1930 3277 2144 3331 dantur
2174 3272 2487 3347 supercilia
2516 3291 2641 3345 quae
2672 3274 3058 3346 pretiosorum
3094 3277 3398 3333 monilium
3451 3296 3577 3351 spe-

182 3358 292 3416 illic
322 3364 752 3435 supportatoria
783 3364 1109 3421 immobilia
1125 3366 1438 3438 esse,quod
1472 3372 1809 3424 sanctorum

180 3450 347 3505 statio
378 3451 605 3508 stabilis
649 3457 707 3509 et
755 3454 925 3509 ﬁrma
972 3453 1080 3521 sit;
1131 3455 1271 3527 quia
1316 3454 1446 3510 vitm
1497 3455 1818 3528 probabilis

179 3540 464 3596 tramitem
511 3541 748 3597 virtutis
795 3541 976 3597 ductu
1022 3543 1207 3599 secuti
1254 3547 1414 3610 sunt,
1475 3545 1816 3617 corruptelae

181 3625 527 3686 declinantes
557 3631 867 3687 consortia.
900 3635 1031 3687 Hinc
1083 3636 1278 3687 autem
1327 3649 1481 3699 arca,
1528 3638 1725 3706 utpote
1756 3634 1816 3690 in

179 3715 402 3789 diluvio,
438 3718 555 3773 huc
580 3723 755 3791 atque
780 3718 919 3774 illuc
970 3724 1129 3775 motu
1177 3721 1588 3794 impellebatur
1634 3724 1819 3779 incer-

178 3806 257 3871 to;
288 3822 353 3862 eo
382 3807 543 3879 quod
575 3813 945 3880 peccatorum
978 3812 1166 3865 status
1197 3809 1434 3867 mobilis
1474 3811 1571 3882 sit,
1602 3816 1659 3867 et
1686 3813 1816 3868 vitaa

179 3908 366 3949 eorum
425 3897 687 3967 quodam
744 3897 1201 3953 redundantium
1259 3899 1603 3970 passionum
1663 3901 1814 3957 dilu-

179 3980 259 4036 vio
287 3984 646 4058 corruptioni
677 3985 936 4042 obnoxia:
968 4003 1161 4043 errore
1206 3986 1561 4046 inconstanti
1603 4006 1814 4063 vagen-

179 4072 281 4125 tur.

242 4159 324 4216 l7.
345 4160 459 4218 Nec
488 4160 639 4218 illud
668 4164 1140 4236 prmtereundum
1171 4166 1326 4238 quod
1358 4183 1493 4222 cum
1524 4167 1769 4224 dixxsset
1799 4184 1811 4223 :

180 4250 240 4302 Et
265 4249 428 4318 facies
457 4266 650 4307 arcam
686 4257 1050 4309 trecentorum
1094 4254 1400 4311 cubitorum
1453 4256 1813 4328 longitudine,

180 4339 225 4389 et
284 4340 687 4411 quinquaginta
751 4342 1062 4397 cubitorum
1127 4342 1438 4412 latitudine,
1478 4353 1529 4401 et
1584 4345 1816 4416 triginta

180 4424 467 4484 cubitorum
496 4429 812 4499 altitudine,
864 4430 1089 4486 addidit
1137 4447 1150 4486 :
1205 4432 1473 4505 Colligens
1517 4436 1684 4505 [acies
1720 4450 1812 4489 ar-

180 4528 303 4583 cam,
334 4524 384 4572 et
410 4520 472 4573 in
501 4517 688 4573 cubito
716 4518 1124 4574 consummabis
1165 4535 1286 4576 eam
1333 4538 1367 4576 a
1411 4538 1624 4577 summo
1655 4521 1809 4594 (Gen.

181 4616 247 4667 v1,
278 4603 345 4661 15
388 4611 441 4661 et
490 4607 585 4678 16)

181 4694 559 4752 convenientis
617 4695 690 4750 ad
748 4695 998 4767 gratiam
1053 4696 1257 4752 decore
1286 4698 1601 4769 quadraret
1640 4702 1815 4771 caput

180 4774 441 4852 hominis,
473 4787 532 4840 et
570 4788 851 4857 tanquam
905 4782 1098 4857 regale
1148 4801 1292 4841 arcte
1329 4786 1697 4860 adjungeret,
1746 4805 1814 4844 ex

182 4880 283 4935 quo
311 4886 441 4927 cum
474 4888 688 4928 sensus
718 4889 922 4929 omnes
971 4872 1045 4927 ad
1094 4878 1330 4929 cmteras
1378 4878 1574 4945 partes
1612 4891 1813 4948 corpo-

182 4954 252 5009 ris
286 4961 870 5030 transfunderentur;
930 4968 1056 5018 tum
1115 4962 1367 5017 maxime
1423 4962 1598 5032 oculi,
1658 4963 1815 5019 velut

182 5044 561 5111 speculatores
591 5052 648 5102 et
677 5049 950 5103 custodes
981 5053 1203 5105 naturai
1230 5049 1479 5122 appositi
1511 5050 1816 5122 providen-

180 5128 269 5197 tia,
301 5148 477 5206 prope
505 5139 694 5191 totum
726 5137 884 5192 orbis
918 5138 1101 5193 nostri
1157 5142 1377 5194 statum
1405 5138 1657 5211 desuper
1681 5155 1814 5195 con-

183 5219 488 5281 tuerentur.
539 5224 789 5296 Ipsaque
836 5242 1003 5282 mens
1062 5226 1181 5282 illic
1234 5226 1423 5284 locata
1484 5228 1810 5285 secundum

183 5304 557 5373 plurimorum
592 5314 967 5385 sententiam,
989 5318 1046 5370 et
1070 5314 1322 5371 maxime
1351 5314 1811 5387 Salomonis,qui

244 5422 372 5507 (l2_')
403 5426 581 5507 Edit.,
614 5437 801 5501 aptam
830 5437 881 5486 et
901 5432 1305 5487 continentem:
1339 5446 1505 5502 mss.,
1536 5434 1722 5504 aptam
1758 5437 1811 5489 et

182 5506 556 5554 concinentem.

242 5564 347 5639 (13)
376 5567 503 5646 Yet.
550 5570 723 5646 edit.,_
765 5587 997 5643 regnum
1042 5573 1344 5645 impertiat,
1376 5588 1631 5644 responsa
1673 5590 1807 5646 pro-

181 5632 339 5717 [ςιίνεί
386 5639 554 5717 Mss,
601 5632 851 5717 regimen
892 5632 1192 5716 impertiat,
1246 5632 1497 5715 responsa
1537 5632 1803 5717 proferre.

181 5706 409 5800 genium
452 5706 620 5800 Eam.
664 5706 859 5800 Edit.,.
899 5706 1140 5800 regimen
1172 5706 1502 5800 'impertiat,
1537 5706 1807 5800 responsa

181 5779 422 5855 proferat.
453 5786 614 5844 Hanc
646 5779 827 5865 porro
845 5779 1153 5850 lectionem
1180 5779 1366 5852 secuti
1386 5779 1805 5869 sumus,'quod

637 4624 649 4662 :
700 4610 766 4662 ut
814 4606 1039 4679 reliquo
1088 4609 1313 4680 corpori
1364 4625 1653 4666 mensura
1701 4609 1813 4667 sibi
1842 4638 1890 4702 Β

1928 3365 2013 3420 cie
2042 3364 2200 3419 velut
2230 3363 2447 3419 intexta
2476 3363 2727 3435 gemmis
2756 3362 3079 3435 refulgent!

1999 3454 2085 3508 19.
2113 3451 2356 3507 Aurium
2390 3468 2622 3524 quoque
2652 3456 2717 3505 ut
2745 3452 3111 3509 necessarius
3160 3471 3327 3521 usus,
3360 3455 3441 3511 ita
3480 3457 3576 3512 de-

1927 3558 2062 3597 cora
2092 3541 2315 3613 species
2350 3557 2361 3595 :
2398 3539 2565 3611 quasi
2598 3540 2646 3594 si
2679 3539 2811 3611 quis
2842 3542 3215 3610 truncaverit,
3251 3545 3355 3598 toti
3386 3544 3574 3600 vultui

1924 3630 2101 3685 infert
2129 3629 2579 3687 deformitatem.
2614 3629 2675 3684 In
2709 3628 2925 3700 quibus
2956 3630 3039 3686 ita
3067 3631 3387 3689 elaboravit
3424 3650 3573 3706 opus

1925 3735 2100 3774 suum
2133 3723 2361 3786 natura,
2398 3722 2460 3772 ut
2507 3717 2619 3789 ipsi
2672 3719 2970 3773 anfractus
3004 3736 3383 3778 cavernarum
3425 3723 3576 3779 mira

1925 3807 2288 3880 providentia
2337 3806 2574 3874 sinuati,
2618 3806 2940 3878 plurimum
2989 3808 3254 3865 utilitatis
3306 3812 3571 3881 afferant,

1925 3913 1996 3951 ne
2044 3901 2279 3968 repente
2328 3896 2496 3951 feriat
2544 3900 2768 3951 secreta
2814 3896 3021 3968 capitis
3070 3915 3270 3953 sonus.
3314 3900 3575 3972 Denique

1925 4000 2077 4057 sepe
2107 3984 2324 4040 multos
2354 3984 2669 4055 improviso
2698 3983 2968 4056 clangore
3009 3988 3367 4042 consternari
3420 3988 3576 4043 vide-

1926 4090 2060 4128 mus
2089 4078 2148 4129 et
2177 4073 2455 4129 attonitos
2488 4077 2590 4128 aut
2628 4075 2785 4128 vocis
2834 4072 3087 4143 alicujus
3132 4079 3233 4129 aut
3285 4075 3577 4131 tumultus

1924 4178 2067 4218 sono
2098 4177 2493 4234 expavescere.
2524 4162 2737 4217 Sordes
2785 4160 2922 4232 ipsae
2976 4177 3102 4232 quae
3150 4162 3301 4217 inter
3340 4164 3577 4220 eosdem

1923 4251 2249 4323 gignuntur
2278 4249 2597 4316 anfractus,
2631 4248 2788 4304 velut
2834 4250 3091 4321 quodam
3137 4249 3364 4323 glutino
3418 4252 3579 4307 audi-

1922 4345 2050 4395 tum
2097 4338 2299 4411 ligant.
2351 4337 2537 4393 Simul
2596 4338 2645 4394 si
2696 4337 3093 4395 vehementior
3141 4339 3349 4411 pulsus
3404 4340 3578 4398 fuerit

1924 4428 2174 4500 alicujus
2205 4444 2404 4492 sonus,
2441 4426 2786 4499 infringitur
2832 4444 2899 4482 ac
2948 4429 3296 4496 retardatur,
3332 4435 3396 4486 ut
3436 4447 3579 4502 pras-

1924 4517 2229 4573 nuntiatus
2278 4517 2473 4588 potius
2524 4514 2798 4583 mulceat,
2849 4533 3027 4588 quam
3077 4516 3431 4590 improvisus
3479 4519 3571 4575 in-

1921 4610 2086 4662 terna
2117 4606 2430 4661 concutiat.
2476 4603 2793 4660 Vermiculi
2844 4622 3076 4678 quoque
3125 4607 3172 4663 si
3225 4625 3426 4664 aurem
3476 4626 3574 4682 pe-

1923 4698 2149 4749 netrare
2181 4692 2553 4758 tentaverint,
2586 4695 2841 4765 quodam
2895 4695 3156 4750 sordium
3191 4696 3348 4752 visco
3380 4702 3580 4753 tenen-

1926 4789 2041 4839 tur.

1994 4872 2083 4926 20.
2142 4869 2322 4926 Nares
2388 4870 2549 4925 simas
2617 4876 2823 4927 contra
2887 4876 3157 4927 naturam
3226 4872 3499 4928 videntur
3557 4892 3570 4928 :

1916 4961 2041 5031 jam
2093 4958 2141 5014 si
2192 4960 2388 5015 incisae
2439 4959 2676 5025 fuerint,
2730 4962 3024 5031 quomodo
3055 4965 3244 5031 potest
3279 4962 3395 5015 vita
3439 4963 3576 5017 subd

1922 5049 2148 5117 sistere,
2198 5047 2428 5103 sublato
2482 5047 2744 5119 spirandi
2799 5058 3027 5115 meatu;
3074 5049 3572 5120 quemadmodum

1923 5136 2163 5209 pecudis
2191 5137 2377 5209 magis
2408 5136 2608 5203 facies,
2642 5152 2818 5208 quam
2869 5136 3065 5193 vultus
3114 5136 3373 5194 hominis
3424 5138 3575 5195 aesti-

1923 5224 2153 5281 matur?

1989 5316 2079 5369 21.
2132 5312 2336 5385 Capilli
2394 5312 2602 5386 capitis
2659 5329 2836 5385 quam
2895 5318 3059 5388 grato
3118 5315 3336 5370 amictu
3396 5321 3573 5389 caput

1921 5448 2033 5487 non
2086 5429 2202 5486 alia
2246 5434 2574 5503 occurreret
2619 5430 3003 5486 emendatior.
3046 5431 3171 5486 Nisi
3225 5431 3357 5503 quis
3407 5431 3574 5486 malit

1916 5518 2178 5575 responsa
2205 5504 2451 5575 proferre
2482 5500 2678 5575 Graeco
2706 5518 2871 5575 _mo_re
2902 5502 3124 5575 dictum
3174 5500 3278 5575 pro
3333 5520 3571 5575 respon-

1918 5574 2067 5641 sa,id
2100 5577 2208 5638 est,
2225 5573 2398 5643 jussa
2418 5573 3001 5643 proferendo.Confer
3023 5573 3192 5629 hunc
3210 5574 3403 5631 locum
3431 5573 3568 5630 cum

1918 5663 1965 5702 c.
1999 5644 2098 5699 91.
2132 5661 2185 5701 γι
2218 5644 2474 5699 Heronem.
2509 5659 2569 5697 ιι.
2601 5644 2673 5697 55
2702 5648 2758 5698 et
2784 5660 2845 5699 se
2896 5687 2908 5698 .

1986 5717 2099 5773 (14)
2126 5718 2231 5773 Ms.
2264 5713 2433 5773 Corb.
2468 5718 2526 5773 et
2556 5714 2759 5773 Long"
2793 5660 2908 5773 υθῗα

1986 5717 2099 5791 (14)
2126 5718 2231 5775 Ms.
2264 5713 2433 5773 Corb.
2468 5718 2526 5775 et
2556 5714 2759 5789 Long,
2793 5713 2939 5775 velut
2969 5713 3205 5791 quadam
3235 5717 3372 5779 acie.
