3862 6210
285 301 394 360 391

1741 299 1808 359 S.
1855 295 2231 359 AMBROSII

3578 303 3697 367 392

281 432 556 500 vestiunt,
588 429 745 486 velut
773 430 1014 501 quidam
1054 430 1199 487 aulae
1252 431 1421 504 regiae
1463 431 1811 504 stipatores;
1861 446 1929 484 ne
1958 429 2015 496 Α
2045 428 2492 502 purgationibus
2522 431 2739 487 ventris
2773 437 3121 505 conspectus
3153 438 3352 490 noster
3380 435 3696 494 oll'endere-

282 521 585 576 cerebrum
642 537 784 575 aura
831 518 1026 587 laedat,
1078 524 1180 575 aut
1226 521 1412 576 imber
1454 520 1645 586 feriat,
1697 525 1795 576 aut
1844 518 1931 574 sol

284 611 512 665 adurat.
547 610 704 673 Quos
732 608 815 663 ita
839 613 1035 663 tamen
1069 610 1231 665 dedit
1264 615 1491 675 natura,
1523 614 1589 665 ut
1641 627 1741 682 pro
1791 625 1928 663 sexu

283 702 386 755 aut
415 697 754 771 prolixiores
782 697 1198 769 placeant,,aut
1240 698 1442 765 recisi;
1492 704 1548 753 et
1596 715 1699 771 pro
1743 701 1928 762 aetate,

281 791 382 843 aut
410 786 759 859 plerumque
791 804 892 858 pro
925 787 1206 859 temporis
1256 793 1315 842 et
1360 788 1499 843 anni
1531 786 1832 859 qualitate.
1871 787 1928 839 lu

281 876 521 932 senibus
569 880 735 947 grata
783 876 1131 941 canities,in
1168 876 1363 948 pueris
1411 876 1777 948 prodigiosa;
1830 875 1928 929 de-

278 965 452 1020 lectat
479 964 705 1020 tonderi
740 968 939 1019 aestate
972 965 1232 1036 pressius
1263 964 1595 1037 (15),hieme
1626 962 1932 1035 indulgen-

277 1054 397 1109 tius
448 1070 462 1109 :
511 1053 858 1109 mulieribus
906 1059 1247 1109 ornamento
1292 1059 1381 1108 est
1432 1070 1619 1121 coma,
1662 1051 1927 1107 dedecori

278 1147 367 1198 est
392 1142 553 1199 viris.
586 1142 846 1213 Denique
895 1142 1212 1213 Apostolus
1260 1142 1591 1197 evidentius
1645 1140 1930 1211 expressit

277 1231 389 1287 hoc
435 1231 636 1287 dicens
683 1248 696 1285 :
738 1233 877 1286 Nam
922 1233 1044 1302 ipsa
1090 1234 1295 1286 natura
1340 1231 1493 1286 docet
1537 1246 1628 1285 vos
1674 1229 1813 1299 quod
1843 1229 1929 1282 vir

277 1320 497 1391 quidem
523 1322 575 1375 si
595 1336 806 1375 comam
830 1321 1062 1388 nutriat,
1095 1320 1407 1387 ignominia
1432 1322 1511 1373 est
1554 1319 1643 1373 illi
1675 1336 1693 1372 :
1723 1317 1930 1371 mulier

276 1425 400 1464 vero
427 1410 477 1463 si
500 1409 729 1479 capillos
758 1407 973 1475 habeat,
1022 1408 1205 1476 gloria
1248 1411 1329 1461 est
1378 1407 1468 1461 illi
1498 1406 1544 1477 (Ι
1574 1408 1693 1462 Cor.
1728 1421 1805 1469 xx,
1838 1404 1925 1473 l4,

278 1499 386 1569 15).

348 1587 502 1643 236
531 1586 619 1640 22.
652 1585 801 1649 Quid
838 1585 910 1640 de
953 1586 1081 1657 ipsa
1128 1584 1285 1657 regia
1335 1583 1563 1654 loquar,
1599 1599 1700 1654 per
1747 1598 1924 1654 quam

276 1675 447 1732 aulici
478 1691 779 1730 sermones
810 1675 1116 1746 prodeunt,
1153 1673 1391 1745 quidam
1447 1671 1664 1726 mentis
1714 1674 1925 1725 nostrae

2041 523 2158 573 tur.
2191 522 2263 573 At
2292 536 2423 574 vero
2448 520 2760 591 Apostolus
2789 514 2959 589 :Qna?
2980 524 3247 591 videntur,
3282 523 3495 595 inquit,
3528 541 3694 580 mem-

2043 607 2139 661 bra
2166 610 2407 679 corporis
2437 610 2747 678 inﬁrmiora
2778 627 2909 678 esse,
2941 615 3246 668 necessaria
3290 622 3420 667 sunt
3467 614 3521 684 (I
3568 615 3688 669 Cor.

2041 712 2139 761 x11,
2170 697 2282 767 22),
2318 713 2433 752 uno
2483 715 2550 752 ac
2597 698 2851 770 simplici
2900 703 3074 755 verbo
3106 702 3534 772 descriptiones
3564 703 3692 758 Phi-

2040 783 2317 855 losophia:
2347 802 2796 857 supergressus;
2829 792 2882 842 et
2911 805 3030 860 quae
3059 797 3318 860 putamus
3358 791 3691 860 ignobiliora

2038 888 2151 927 esse
2187 874 2427 929 membra
2473 877 2732 946 corporis,
2786 876 2870 930 his
2920 878 3179 933 honorem
3231 878 3689 935 abundantiorem

2036 962 2437 1016 circumdamus
2472 980 2490 1017 :
2521 966 2571 1017 et
2594 979 2721 1036 quae
2768 967 3055 1020 inhonesta
3110 971 3238 1021 sunt
3286 976 3495 1035 nostra,
3528 968 3688 1024 hone-

2035 1052 2227 1105 statem
2256 1052 2705 1107 abundantiorem
2752 1054 2950 1109 habent
2992 1054 3149 1125 (Ibid.
3194 1056 3306 1125 23).
3349 1057 3689 1113 Sobrietatis

2036 1139 2193 1193 enim
2246 1145 2457 1194 nostrze
2504 1145 2562 1195 et
2606 1144 3005 1213 temperantiae
3055 1144 3338 1199 indicium
3399 1145 3687 1217 praecipue

2035 1226 2155 1281 illic
2185 1229 2571 1299 cognoscitur.
2611 1230 2915 1287 Helluones
2946 1232 3100 1286 enim
3136 1237 3236 1286 aut
3265 1233 3688 1288 distenduntur

2036 1316 2321 1371 cruditate
2370 1334 2558 1389 usque
2623 1319 2694 1373 ad
2768 1320 3115 1390 periculum,
3177 1326 3278 1376 aut
3338 1321 3686 1394 plerumque

2036 1403 2342 1459 solvuntur
2371 1406 2696 1462 visceribus
2725 1408 3057 1463 exinanitis.

2105 1523 2193 1575 25.
2235 1521 2396 1584 Quod
2457 1522 2696 1592 pulchre
2747 1522 2922 1577 etiam
2974 1523 3046 1579 ad
3094 1523 3364 1579 Ecclesiae
3421 1527 3688 1583 membra

2033 1609 2344 1680 Apostolus
2375 1610 2570 1665 retulit
2601 1611 2758 1681 (Ibid.
2789 1613 2860 1666 27
2885 1616 2935 1667 et
2964 1612 3099 1684 seq.)
3132 1613 3268 1676 Quae
3318 1612 3477 1668 enim
3518 1614 3685 1670 inho-

2036 1703 2199 1752 nesta
2230 1701 2367 1752 sunt
2394 1703 2593 1753 nostra
2646 1716 2709 1754 ac
2760 1701 3077 1772 superflua,
3121 1701 3232 1755 nisi
3284 1699 3540 1768 luxuria,
3574 1704 3684 1760 nisi

272 1764 849 1862 lfldicesojmimiqlfe
881 1762 1263 1818 internuntii?
1293 1762 1564 1862 oni-duae
1612 1761 1739 1862 ἔξεο
1780 1759 1919 1813 den'
1954 1792 1999 1856 Β
2030 1785 2305 1841 lascivia?
2336 1787 2558 1851 Quibus
2593 1788 2641 1842 si
2674 1789 2807 1860 quis
2831 1759 3086 1859 juventae
3119 1789 3378 1845 irretitus
3400 1759 3683 1862 tempore,

274 1854 421 1909 tium
448 1853 670 1918 ordine,
705 1852 803 1923 qui
851 1868 985 1906 cum
1035 1868 1141 1906 suo
1190 1866 1360 1921 opere
1390 1849 1493 1904 toti
1527 1848 1763 1919 quidem
1798 1863 1922 1902 cor-

273 1941 400 2014 pori
429 1940 579 1997 vires
598 1940 966 2007 ministrent,
990 1944 1115 1993 tum
1148 1940 1321 1993 etiam
1357 1936 1753 1992 modulatorcs
1784 1940 1927 1991 sunt

271 2030 428 2085 vocis
458 2028 686 2101 ipsius?
716 2029 795 2083 De
826 2028 1043 2099 quibus
1074 2028 1121 2083 si
1156 2027 1252 2098 qui
1280 2024 1731 2092 ceciderint,vox
1761 2024 1920 2079 clau-

273 2119 451 2173 dicat.

341 2210 429 2261 23.
461 2206 594 2260 Haec
623 2205 694 2259 de
723 2203 911 2274 capite
944 2202 1223 2273 prolixius
1264 2201 1546 2271 diximus,
1578 2201 1714 2273 quia
1751 2216 1922 2272 opor-

268 2295 385 2349 tuit
413 2310 624 2349 sensus
653 2309 856 2347 omnes
909 2291 967 2345 in
1018 2308 1251 2345 summo
1299 2289 1495 2357 locari,
1532 2289 1686 2344 unde
1725 2289 1923 2344 omnia

270 2399 375 2455 per
401 2381 660 2453 reliquas
691 2386 884 2451 partes
915 2380 1107 2434 oftl‘cia
1132 2379 1546 2434 dividerentur.
1580 2379 1766 2450 Capiti
1812 2396 1919 2432 au-

269 2476 385 2527 tem
428 2476 627 2526 nostro
676 2486 710 2525 a
757 2472 918 2539 tergo
966 2467 1157 2523 cervix
1205 2474 1491 2539 proxima,
1537 2468 1772 2521 dextera
1822 2466 1918 2520 it’B-

266 2576 453 2632 vaque
483 2557 723 2615 brachia
753 2561 911 2627 sunt,
958 2574 1088 2629 quae
1136 2573 1329 2611 arcem
1381 2556 1743 2627 imperialem
1790 2559 1917 2610 tan-

268 2664 445 2719 quam
475 2647 593 2702 fida
622 2650 863 2702 tuentur
892 2645 1177 2700 custodia.
1212 2645 1472 2716 Denique
1502 2645 1624 2699 haec
1650 2645 1707 2698 in
1750 2645 1919 2699 nobis

268 2736 725 2807 validiora'quzs
774 2734 1046 2807 propiora
1095 2734 1294 2805 capiti,
1331 2734 1450 2787 haec
1491 2734 1916 2804 prazstantiora.

268 2825 477 2880 Pectus
506 2840 738 2895 quoque
757 2822 917 2878 velut
938 2823 1233 2893 quoddam
1257 2822 1577 2877 sacrarium
1596 2821 1914 2892 sapientiai,

267 2918 325 2968 et
356 2912 696 2967 stomachus
726 2910 885 2964 velut
916 2909 1153 2981 quidam
1187 2910 1376 2973 testis,
1398 2914 1459 2963 ut
1490 2908 1696 2964 medici
1731 2909 1915 2977 aiunt,

269 3006 328 3057 et
375 3001 645 3056 conscius
695 3005 1049 3054 secretorum
1096 2999 1325 3069 capitis,
1376 2997 1919 3069 compassionisque

268 3105 528 3153 consors,
557 3088 649 3142 cui
698 3104 806 3141 sua
854 3088 1052 3142 omnia
1096 3086 1183 3141 vel
1230 3086 1509 3153 salubria,
1543 3085 1628 3141 vel
1677 3086 1917 3141 adversa

265 3178 659 3234 transfundat.
692 3177 916 3241 Latera,
954 3175 1173 3241 nalicaa,
1210 3175 1453 3235 femora.~
1471 3180 1525 3229 et
1557 3190 1727 3229 crura
1760 3191 1916 3228 men-
1945 3157 1987 3223 C

267 3285 416 3324 suras
467 3265 837 3321 latitudinem
871 3265 1001 3335 ipsa
1030 3265 1220 3336 specie
1268 3264 1632 3336 signiﬁcant;
1669 3264 1911 3335 pedum-

163 3375 178 3386 ο
266 3374 379 3430 que
409 3373 646 3429 gressus
691 3354 792 3427 qui
839 3354 943 3410 etsi
993 3353 1291 3410 exsiliores
1320 3353 1616 3419 videntur,
1648 3354 1798 3408 ﬁunt
1826 3357 1911 3409 ta-

268 3462 400 3501 men
429 3444 665 3500 latiores
693 3460 828 3498 cum
860 3443 1207 3498 incedimus.

879 3566 1109 3622 CAPUT
1146 3567 1293 3622 VIII.

261 3669 368 3722 Per
398 3667 597 3720 ostium
625 3673 932 3720 transverso
982 3666 1041 3718 in
1092 3682 1219 3719 arra
1264 3668 1502 3736 positam
1540 3665 1787 3720 decenter
1814 3682 1908 3719 ex-

329 3738 503 3809 primi
522 3806 535 3809 Α
544 3744 760 3807 partem
801 3737 1041 3809 corporis
1085 3738 1474 3806 ignobiliorem
1502 3755 1522 3790 .·
1552 3738 1643 3809 cui
1671 3752 1739 3791 ex
1768 3741 1906 3805 Apo-

331 3806 467 3864 stolo
516 3806 775 3863 honorem
824 3806 1280 3861 abundantiorem
1329 3807 1753 3862 circumdamus.
1803 3809 1910 3861 Hoc

332 3882 515 3950 ipsum
544 3895 668 3934 eam
698 3879 954 3934 Ecclesiae
982 3878 1259 3950 membris,
1291 3886 1409 3933 tum
1439 3878 1615 3934 eidem
1658 3879 1908 3933 Ecclesiae

332 3948 398 4008 ac
424 3951 732 4023 Synagogc'e
759 3948 1213 4004 accommodatur.

329 4070 419 4122 24.
453 4064 699 4122 Pulchre
746 4069 941 4121 autem
989 4065 1219 4120 addidit
1267 4084 1278 4121 :
1332 4067 1537 4122 Ostium
1572 4081 1641 4120 ex
1686 4065 1907 4121 adverso

259 4158 427 4228 facies
475 4155 586 4228 (46)
634 4154 787 4228 (Gen.
836 4171 913 4221 vn,
963 4154 1076 4225 l6),
1137 4171 1265 4210 eam
1321 4159 1542 4226 partem
1604 4153 1905 4210 declarans

260 4247 519 4318 corporis
550 4262 652 4317 per
676 4262 851 4318 quam
881 4245 1042 4300 cibos
1088 4261 1320 4318 egerere
1365 4244 1807 4311 consuevimus;
1842 4248 1907 4298 ut

258 4352 386 4407 quae
417 4339 692 4407 putamus
717 4333 1064 4405 ignobiliora
1112 4350 1239 4389 esse
1289 4333 1567 4405 corporis,
1603 4332 1695 4387 his
1725 4333 1905 4387 bono-

259 4439 381 4478 rem
413 4423 893 4478 abandautiorem
925 4423 1334 4477 circumdaret.
1369 4422 1529 4485 Quod
1561 4420 1748 4476 multo
1778 4437 1901 4492 gra-

256 4509 376 4565 tius
433 4509 733 4581 Scriptura
778 4510 1065 4582 expressit
1113 4527 1289 4581 quam
1336 4511 1601 4565 Socrates
1648 4509 1707 4565 in
1754 4508 1913 4596 libro.
1945 4525 1992 4590 D

256 4596 513 4653 Platonis
545 4597 762 4652 dixisse
787 4596 1019 4669 legitur.
1054 4598 1199 4652 Nam
1234 4615 1367 4652 cum
1412 4598 1569 4652 istud
1625 4598 1679 4651 in
1729 4597 1912 4669 Moysl

257 4685 493 4758 scriptis
523 4686 643 4741 sive
673 4686 798 4756 ipse
821 4690 1102 4751 Socrates,
1138 4686 1256 4739 sive
1290 4685 1448 4740 Plato
1501 4686 1603 4758 qui
1647 4686 1703 4740 in
1743 4686 1909 4758 Egy-

256 4779 354 4846 pto
387 4774 516 4841 fuit,
544 4774 819 4846 potuerit,
852 4773 937 4829 vel
971 4774 1178 4844 legere,
1211 4773 1296 4828 vel
1350 4775 1420 4829 ab
1472 4774 1601 4829 aliis
1652 4774 1909 4847 percipe-

254 4879 316 4918 re
339 4862 442 4935 qui
464 4862 755 4935 legerant;
790 4863 997 4918 decoro
1030 4867 1225 4916 motus
1255 4862 1488 4918 invento
1536 4864 1751 4919 ostium
1798 4865 1909 4921 sibi

254 4957 521 5023 apertum
574 4951 821 5024 putavit,
875 4956 940 5005 ut
987 4951 1307 5021 operatoris
1361 4953 1541 5007 nostri
1595 4953 1909 5009 consilium

255 5040 594 5111 praedicaret
626 5059 639 5097 :
676 5040 925 5096 laudans
957 5057 1023 5094 eo
1056 5040 1211 5111 quod
1239 5040 1293 5094 id
1328 5042 1707 5112 potissimum
1741 5044 1909 5099 deco-

253 5126 302 5180 ri
353 5127 703 5195 convenerit,
732 5132 797 5182 ut
846 5128 1059 5182 ductus
1111 5127 1394 5198 quosdam
1445 5127 1534 5182 vel
1584 5129 1775 5183 exitus
1807 5146 1907 5183 cu-

254 5214 583 5271 niculorum
644 5221 978 5271 nostrorum
1043 5233 1077 5270 a
1133 5221 1294 5287 tergo
1356 5220 1667 5285 averteret;
1729 5235 1799 5273 ne
1850 5218 1909 5272 in

324 5381 433 5449 (l5)
468 5384 847 5438 Desideratur
895 5384 948 5437 in
1008 5389 1119 5438 vet.
1172 5384 1315 5439 edit.
1369 5389 1424 5439 et
1466 5385 1597 5441 Vat.
1652 5405 1763 5442 ms.
1799 5405 1907 5444 vox

252 5451 481 5530 tonderi,
512 5471 686 5530 quam
739 5472 844 5509 nos
891 5471 927 5530 e
976 5456 1171 5530 codice
1221 5455 1384 5530 Corb.
1425 5460 1482 5512 et
1511 5457 1685 5529 Long.
1740 5476 1913 5530 repo-

253 5525 503 5599 suimus.
537 5525 807 5599 AtPiom.
839 5525 979 5579 edit.
1014 5525 1194 5599 habet
1223 5526 1434 5583 deserta
1460 5525 1747 5599 pressius;
1795 5525 1911 5587 non

252 5589 428 5670 male,
458 5592 507 5670 si
538 5592 672 5670 quis
703 5593 754 5647 ei
787 5610 896 5649 ms.
928 5597 1366 5670 suffragaretur.

323 5660 434 5746 (l6)
467 5660 634 5725 Corb.
664 5678 782 5749 me.
840 5669 897 5724 et
945 5660 1149 5746 Longi,
1195 5683 1265 5728 ex
1309 5676 1618 5732 transverso
1665 5672 1907 5755 facies...

2040 1891 2173 1930 cum
2225 1875 2295 1929 ad
2328 1877 2705 1931 maturiorem
2769 1881 2993 1931 aetatem
3065 1879 3434 1950 processerit,
3493 1880 3687 1936 veniat

2033 1963 2104 2017 ad
2150 1964 2531 2035 baptismum,
2565 1965 2859 2020 renuntiet
2906 1965 3328 2037 superioribus,
3374 1984 3685 2041 moresque

2033 2051 2254 2122 priores
2284 2057 2474 2120 exuat,
2507 2058 2742 2124 peccata
2773 2054 3043 2124 deponat,
3076 2054 3509 2126 consepeliatur
3548 2073 3683 2111 cum

2033 2141 2178 2196 231
2216 2140 2461 2196 Domino
2504 2141 2642 2195 Jesu
2696 2141 2947 2208 Christo,
2986 2142 3364 2215 crueifigatur
3406 2144 3459 2198 ei
3512 2160 3683 2199 mun-

2030 2228 2162 2295 dus,
2210 2232 2267 2283 et
2330 2229 2454 2300 ipse
2509 2231 2763 2297 mundo;
2816 2247 3008 2285 nonne
3064 2231 3115 2285 is
3166 2236 3542 2303 peccatorum
3603 2250 3683 2288 re-

2032 2316 2310 2372 missione
2383 2318 2654 2399 donatus,
2726 2319 3212 2376 abundantiorem
3286 2320 3680 2389 honestatem,

2031 2421 2209 2478 quam
2240 2405 2335 2461 ille
2387 2406 2864 2475 catechumenus,
2910 2409 3081 2479 cujus
3129 2408 3243 2464 vita
3288 2408 3681 2476 innocentior,

2029 2492 2243 2548 habere
2273 2494 2755 2565 aestimatur(l7)?
2788 2495 2855 2549 Et
2884 2499 2947 2550 ut
2973 2496 3233 2567 Apostoli
3267 2497 3455 2571 ipsius
3488 2515 3684 2555 exem-

2028 2581 2123 2652 plo
2153 2586 2409 2647 utamur,
2443 2583 2679 2637 Judazus
2711 2588 3195 2655 crat,persecutor
3241 2586 3390 2641 erat!
3438 2592 3684 2643 vocatus

2028 2671 2096 2724 ad
2131 2670 2379 2743 gratiam
2412 2670 2646 2739 Christi,
2680 2673 2852 2743 coepit
2899 2690 3025 2727 esse
3069 2673 3403 2745 Apostolus.
3440 2676 3513 2730 Et
3543 2678 3686 2748 quia

2027 2759 2160 2830 plus
2211 2757 2262 2813 ei
2309 2758 2623 2814 dimissum
2675 2764 2783 2825 est,
2813 2759 2945 2832 plus
2991 2762 3161 2833 erepit
3192 2761 3454 2835 diligere,
3487 2765 3684 2818 abun-

2026 2846 2262 2903 dantius
2316 2849 2537 2903 caeteris
2584 2848 2863 2919 apostolis
2909 2849 3194 2916 laborare,
3227 2868 3327 2905 vas
3376 2851 3685 2909 electionis

2026 2934 2233 3003 factus,
2267 2936 2470 2991 doctor
2499 2936 2763 3008 gentium
2796 2938 3037 2993 missus.
3073 2939 3276 2994 Nonne
3320 2940 3499 2994 etiam
3542 2958 3681 3013 apu-

2026 3024 2308 3079 stolorum
2340 3024 2601 3096 ipsorum
2636 3024 2906 3096 plurimis
2940 3028 3269 3083 uberiorem
3298 3033 3355 3084 et
3384 3028 3688 3084 honestio-

2027 3129 2148 3167 rem
2179 3117 2526 3167 consecutus
2558 3119 2646 3168 est
2687 3113 2952 3185 gloriam,
2996 3116 3095 3186 qui
3147 3121 3280 3171 ante
3326 3120 3383 3172 et
3430 3118 3682 3175 inhone—

2028 3205 2153 3256 stus
2185 3204 2241 3255 et
2270 3200 2625 3273 ingloriosus
2674 3202 2785 3257 fuit
2834 3220 2967 3258 cum
3000 3209 3450 3277 persequeretur
3478 3207 3685 3264 Eccle-

2022 3290 2170 3346 siam
2202 3289 2345 3346 Dei?
2374 3290 2602 3363 Pauper
2650 3291 2757 3346 iste
2807 3292 3017 3348 debilis
3068 3294 3125 3348 in
3176 3293 3436 3350 Ecclesia
3465 3295 3597 3368 ipse
3630 3304 3685 3355 te

2022 3379 2268 3435 redemit
2297 3378 2423 3435 suis
2453 3380 2620 3436 votis.

2089 3498 2178 3551 26.
2211 3496 2280 3550 Et
2308 3501 2373 3552 ut
2406 3497 2628 3567 majora
2657 3497 2987 3569 aperiamus
3030 3500 3323 3570 mysteria,
3358 3500 3499 3571 quid
3558 3506 3681 3559 tam

2021 3582 2273 3656 ignobile
2307 3601 2484 3656 quam
2515 3585 2749 3657 gentilis
2798 3586 3091 3658 populus?
3141 3588 3389 3660 Pauper,
3435 3593 3503 3644 ut
3548 3596 3684 3662 pote

2020 3673 2117 3743 qui
2152 3671 2314 3727 nulla
2344 3674 2583 3728 haberet
2610 3674 2842 3745 eloquia
2884 3675 3007 3741 Dei,
3056 3675 3265 3731 debilis
3313 3682 3369 3732 et
3422 3684 3684 3751 utroque

2017 3761 2160 3831 pede
2190 3759 2453 3829 claudus,
2488 3762 2587 3833 qui
2621 3780 2725 3818 nec
2756 3764 2814 3818 in
2847 3763 3176 3836 legem,nec
3200 3765 3257 3819 in
3292 3766 3680 3838 Evangelium

2016 3848 2380 3918 credidisset,
2412 3854 2649 3905 vocatus
2696 3855 2890 3907 tamen
2939 3852 3186 3907 credidit
3234 3853 3307 3919 ei,
3342 3854 3680 3926 baptizatus

2013 3938 2236 4011 accepit
2263 3939 2530 4010 gratiam.
2565 3939 2767 4011 Itaque
2793 3942 2932 4014 quia
2963 3945 3092 4013 plus
3123 3942 3172 3997 ei
3203 3941 3527 4000 dimissum
3566 3950 3673 4008 est,

2015 4026 2147 4099 plus
2205 4026 2414 4099 diligit.
2450 4028 2752 4084 Remansit
2805 4030 3143 4085 Judaaorum
3204 4031 3478 4103 populus,
3541 4033 3685 4089 licet

2013 4132 2128 4171 uno
2159 4116 2304 4188 pede
2335 4114 2581 4172 claudus
2614 4133 2627 4172 :
2662 4134 3003 4189 quanquam
3033 4123 3090 4174 et
3119 4118 3178 4173 in
3206 4119 3335 4191 ipsa
3356 4118 3483 4192 lege
3526 4120 3681 4177 clau-

2013 4204 2185 4260 dicet.
2240 4205 2444 4277 Itaque
2499 4205 2595 4261 ille
2653 4205 2756 4278 qui
2809 4206 3276 4279 gloriosissimus
3322 4208 3677 4279 habebatur,

2013 4294 2212 4350 amisit
2241 4294 2459 4358 omnia,
2493 4294 2822 4351 mirabilem
2855 4296 3286 4363 consiliarium,
3318 4302 3382 4352 et
3411 4300 3677 4369 pruden-

2010 4387 2127 4439 tem
2151 4382 2534 4438 architectum
2564 4388 2620 4438 et
2663 4384 2990 4455 sapientem
3033 4384 3383 4441 auditorem.
3420 4387 3543 4444 Iste
3577 4388 3677 4459 qui

2023 4471 2301 4545 ignobilis
2330 4472 2843 4544 erat(l8),adeptus
2874 4474 3074 4529 omnia
3096 4474 3229 4529 ﬁdei
3259 4474 3678 4549 titulo,tropaeo

2025 4565 2368 4633 martyrum,
2424 4560 2766 4631 angelorum
2819 4561 3103 4635 gloriatur
3160 4564 3477 4620 consortio.
3532 4566 3677 4638 Ergo

2028 4649 2186 4705 Plato
2218 4650 2371 4721 quod
2406 4649 2907 4720 putuit,sermonis
2942 4651 3190 4707 nitorem
3221 4652 3676 4726 adhibuit.Apo-

2019 4739 2206 4794 stolus
2236 4743 2454 4805 autem,
2487 4738 2588 4809 qui
2623 4738 2875 4794 habebat
2921 4740 3023 4794 Dei
3073 4740 3369 4811 spiritum,
3401 4741 3676 4798 revelavit

2020 4826 2381 4901 mysterium.
2416 4826 2568 4881 Satis
2617 4828 2836 4883 dictum
2890 4833 2978 4882 est
3027 4829 3097 4883 de
3147 4829 3326 4896 ostio;
3393 4830 3673 4901 quoniam

2020 4917 2120 4989 qui
2152 4921 2303 4972 retro
2332 4918 2516 4984 erant,
2554 4916 2775 4988 priores
2805 4917 2941 4971 facti
2973 4922 3131 4972 sunt.

2661 5040 2891 5095 CAPUT
2934 5042 3022 5097 ΙΧ.

2018 5148 2125 5201 Per
2156 5148 2424 5215 inferiora
2455 5162 2593 5200 arra:
2639 5163 2736 5201 nos
2783 5147 2997 5203 edoceri
3042 5151 3288 5203 ciborum
3334 5147 3669 5219 receptacula

2090 5220 2314 5273 minimi
2357 5234 2469 5273 esse
2510 5219 2793 5289 facienda;
2827 5228 2878 5275 el
2907 5221 3008 5274 hac
3035 5223 3310 5276 occasione
3348 5222 3420 5275 de
3459 5220 3667 5274 intesti-

2019 5388 2299 5460 superﬂua
2330 5389 2575 5443 ciborum
2602 5405 2841 5460 egerere.

2092 5459 2204 5528 (l7)
2234 5459 2374 5514 Mss.
2407 5459 2647 5514 Corb.et
2670 5461 2873 5532 Long,
2892 5463 3223 5516 honestatem
3252 5459 3665 5531 habet,quam...

2022 5530 2368 5587 innocentior
2395 5532 2794 5588 wslimabatur.

2024 5599 2203 5733 mUB)
2232 5600 2360 5662 νει.
2394 5601 2532 5661 edit.
2564 5604 2862 5663 immobilis
2907 5603 3075 5663 Rom.
3126 5607 3184 5664 et
3228 5620 3401 5675 mss.,
3448 5600 3665 5675 ignobi-
