3862 6210
111 267 220 329 393
1323 273 1701 374 LIBER'DE
1746 274 1903 337 NOE
1949 273 2049 338 ET
2091 278 2321 340 ARCA.

3399 292 3521 356 394

176 415 377 483 norum
407 398 831 488 conﬁrmatione
857 418 921 457 ac
947 403 1656 488 usu'dz'spatqtur.'Ea'orfri
1701 425 1770 488 eas
1800 411 1852 474 Α
1887 411 2146 480 perantia
2205 413 2359 468 enim
2417 416 2680 472 accendit
2734 416 3038 475 libidinem
3070 461 3088 488 ,
3173 423 3518 482 cruditatem

171 472 598 580 ῗξτθτηρςζαηιξα
621 472 1124 580 ἁξζξιυὶιιηιθηοάυε
1148 472 1518 532 adhibendum
1537 481 1591 534 ei
1609 497 1739 535 remi

203 561 320 580 μη..
359 561 403 580 ρ.
491 561 546 580 ηε
573 562 634 580 ον,
680 563 697 580 .
728 560 798 580 ...ς

1914 506 2136 567 ῸΠΘΙἙῒ,
2167 502 2554 574 corruptelam
2588 511 2762 562 creat.
2797 507 2997 580 Itaque
3027 513 3129 565 aut
3157 511 3376 569 duritia
3433 515 3524 570 in-

169 545 324 600 dium
355 547 434 599 κίε
489 546 814 601 ostenditur,
928 545 939 546 ί
1879 545 2136 571 ⁰””“““’
2167 545 2554 574 “”““”²’“’“““
2588 545 2762 606 “uim”
2797 545 2997 580 "ww
3027 545 3129 610 ut"
3157 545 3385 614 “um”.
3433 545 3524 570 ω’

440 589 454 612 ν
1874 591 2042 644 terna
2069 591 2408 660 tenduntur,
2435 598 2492 648 et
2522 599 2870 666 quatiuntur
2897 597 3218 667 doloribus,
3250 606 3350 657 aut
3371 619 3526 660 Inco-

163 675 248 729 27.
282 672 458 727 Nune
487 670 633 726 illud
709 686 1039 742 quaeremus
1072 714 1086 738 ,
1163 671 1304 744 quid
1347 672 1422 729 sit
1461 674 1612 745 quod
1682 675 1766 731 ait
1874 681 1963 732 cto
2017 677 2282 735 ciborum
2339 680 2586 737 humore
2644 687 2702 738 et
2755 685 3162 758 indigestionis
3211 690 3523 761 asperitate

102 761 723 830 Dominuszlnferiora
751 775 892 815 arcae
939 760 1273 816 bicamerata
1301 770 1352 817 et
1410 765 1765 820 tricamera-ta
1871 763 2113 821 interior
2169 768 2410 839 quidam
2470 770 2884 830 intestinorum
2941 776 3193 833 amictus
3249 760 3516 838 raditur:

98 853 250 923 [acies
280 849 441 921 (Gen.
478 866 552 916 vr,
587 848 697 920 46).
731 848 1015 904 Interiora
1044 849 1282 920 quidem
1325 849 1592 918 dicendo,
1653 852 1761 908 ad-
1871 853 2010 925 quia
2036 855 2194 911 velut
2223 857 2436 913 charta:
2479 861 2670 931 specie
2721 864 2993 934 geminus
3031 882 3232 921 eorum
3265 869 3518 928 amictus

99 940 380 997 vertimus
418 938 575 1010 quod
611 936 854 1010 pulchre
886 954 993 992 nos
1041 938 1258 994 sentire
1307 939 1556 996 voluerit
1611 940 1758 996 infe-
1867 943 2330 1002 asseriturzunus
2361 949 2610 1004 exterior
2640 967 2812 1022 quem
2844 952 3192 1009 continuum
3226 956 3393 1012 aiunt
3417 975 3514 1030 pe-

100 1029 224 1084 riori
255 1027 386 1084 loco
419 1025 772 1082 aestimanda
801 1025 1064 1082 ciborum
1098 1028 1481 1099 receptacula,
1512 1027 1623 1084 hoc
1645 1033 1757 1098 est,
1868 1030 1982 1099 riti,
2016 1031 2102 1086 vel
2135 1034 2235 1104 qui
2267 1034 2534 1093 curiosus
2565 1039 2808 1094 scrutati
2866 1045 3025 1106 sunt,
3061 1060 3094 1098 a
3147 1061 3381 1101 summo
3417 1025 3513 1104 'ad

99 1134 158 1173 ea
184 1118 412 1173 viscera
444 1131 574 1188 qua:
603 1119 911 1186 acceptum
969 1115 1289 1171 conficiunt
1339 1117 1557 1172 cibum.
1619 1117 1754 1174 Cor-
1865 1119 2051 1175 imum
2085 1122 2372 1180 directus:
2421 1125 2572 1181 alius
2600 1126 2843 1184 interior
2895 1134 3178 1202 tanquam
3236 1131 3517 1192 lateribus

100 1205 387 1278 ruptibilis
421 1203 582 1261 enim
615 1221 752 1262 esca
779 1207 869 1260 est
903 1221 916 1258 :
947 1205 1102 1276 quod
1130 1210 1326 1260 autem
1375 1206 1754 1278 corruptibile
1865 1212 2120 1266 attextus
2149 1229 2162 1279 ;
2200 1213 2355 1268 unde
2385 1214 2553 1270 aiunt
2583 1232 2699 1271 non
2731 1221 2917 1272 totum
2941 1217 3085 1274 solvi
3109 1236 3243 1274 cum
3268 1223 3513 1280 raditur.

101 1311 202 1350 non
231 1292 668 1365 superioribus,
703 1293 805 1349 sed
837 1292 1208 1349 inferioribus
1265 1296 1746 1367 comparandum.
1861 1295 2006 1352 Nam
2041 1299 2089 1354 si
2154 1301 2476 1358 continuus
2527 1308 2682 1359 esset
2740 1305 3001 1374 interior,
3061 1307 3516 1368 immedicabilis

100 1383 272 1438 Simul
302 1383 454 1454 quia
484 1382 653 1438 cibus
703 1383 977 1438 deorsum
1044 1381 1248 1449 fertur,
1312 1383 1483 1453 cujus
1541 1384 1750 1457 exigua
1859 1387 1992 1456 ejus
2023 1387 2284 1446 scissura
2317 1391 2482 1459 foret,
2517 1391 2637 1448 illic
2669 1410 2772 1466 per
2802 1411 3026 1451 moram
3068 1397 3516 1464 adjunctionum

100 1472 272 1543 portio
300 1471 538 1527 viribus
569 1469 852 1542 corporis,
885 1469 1293 1541 alimoniaeque
1323 1472 1551 1542 proficit
1585 1490 1598 1539 ;
1657 1490 1744 1530 re-
1858 1475 2150 1533 adhaerere
2202 1478 2465 1535 ciborum
2490 1480 2790 1554 reliquias.
2844 1486 2977 1550 Quae
3027 1486 3076 1540 si
3108 1487 3517 1558 adjunctionee

101 1561 245 1632 liqua
281 1577 422 1616 vero
465 1576 606 1632 pars
644 1558 772 1614 alvo
813 1559 1119 1631 purganda
1185 1560 1538 1629 deducitur;
1608 1563 1747 1633 quia
1854 1562 2173 1636 solvantur,
2197 1568 2446 1624 transire
2476 1585 2735 1627 semesos
2773 1571 2954 1642 cibos,
2975 1577 3033 1630 et
3079 1577 3512 1647 potusdeﬂuos,

101 1649 363 1706 intestina
379 1654 526 1705 sunt
558 1665 660 1721 per
686 1665 815 1720 qua:
846 1648 1209 1704 descendunt
1239 1648 1501 1705 ciborum
1535 1666 1744 1722 super-

99 1740 217 1794 ﬂua.

154 1830 236 1882 28.
275 1827 364 1883 Ita
394 1829 678 1898 operator
709 1830 906 1881 noster
940 1825 1216 1890 instituit,
1259 1831 1323 1882 ut
1350 1843 1464 1883 non
1523 1831 1754 1884 extenta

99 1934 124 1971 a
149 1915 451 1972 stomacho
488 1915 558 1969 ad
596 1915 804 1982 imum,
833 1914 930 1969 sed
965 1914 1198 1970 sinnata
1227 1915 1347 1970 sint
1395 1932 1461 1971 ac
1487 1916 1699 1972 reﬂexa
1733 1933 1746 1971 :

98 2023 197 2077 quo
223 2007 353 2061 vita:
385 2008 607 2061 nostrae
633 2020 775 2058 usus
808 2006 1245 2076 propagaretur.
1281 2004 1424 2060 Nam
1458 2004 1506 2060 si
1551 2009 1748 2062 exten-

97 2095 356 2151 derentur
386 2092 676 2150 intestina
704 2091 961 2147 hominis
994 2109 1120 2164 quae
1153 2091 1487 2164 suscipiunt
1533 2097 1589 2149 et
1646 2094 1745 2150 de-

97 2184 301 2239 ducunt
332 2183 564 2248 cibum,
597 2179 796 2236 statim
827 2179 954 2234 sine
980 2179 1100 2236 ulla
1131 2182 1514 2252 pertransiret
1543 2198 1741 2250 mora;

97 2277 145 2326 et
171 2287 407 2328 necesse
429 2269 1074 2340 essetjugiteresurire
1132 2287 1261 2337 nos,
1323 2271 1538 2342 iugiter
1595 2287 1742 2342 epu-

97 2360 210 2431 lari,
242 2365 344 2416 aut
372 2358 686 2415 deﬁciente
705 2356 1114 2414 alimentorum
1137 2359 1468 2414 substantia
1497 2359 1742 2416 deficere

98 2449 252 2505 illico.
285 2450 456 2505 Nunc
489 2451 686 2503 autem
719 2445 778 2500 in
810 2445 907 2502 illa
957 2445 1370 2503 intestinorum
1432 2449 1740 2504 reflexione

99 2555 155 2594 ac
183 2538 518 2596 sinuatione
545 2535 822 2607 bipartito.
851 2552 916 2590 ac
946 2535 1240 2607 tripartite
1271 2536 1523 2592 adhaeret
1569 2537 1739 2593 cibus

97 2632 146 2681 et
179 2626 588 2683 descendendo
639 2624 792 2680 238
852 2623 1133 2696 paulatim
1204 2625 1355 2680 vires
1418 2625 1734 2693 ministrat,

98 2733 320 2771 succum
353 2713 618 2770 infundit
641 2711 887 2784 corpori,
921 2716 1079 2769 tenet
1137 2713 1491 2780 satietatem,
1545 2714 1737 2770 differt

97 2804 287 2858 edendi
315 2801 718 2876 appetentiam
755 2821 769 2869 ;
805 2818 908 2856 nec
964 2801 1159 2856 subita
1214 2801 1443 2867 ellusio,
1505 2818 1609 2858 nec
1651 2819 1733 2857 re-

100 2893 318 2963 pentina
345 2891 648 2948 evacuatio
679 2895 788 2957 est,
822 2906 928 2945 nec
977 2888 1346 2961 inexplebilis
1399 2891 1732 2962 appetentia

99 2988 191 3049 est,
222 2997 322 3038 nec
349 2979 702 3036 insatiabilis
733 2977 1010 3051 epulandi
1042 2978 1242 3035 libido.
1277 2978 1536 3034 Primum
1592 2995 1730 3052 ergo

101 3069 402 3142 indigentia
424 3073 538 3135 est,
570 3073 628 3123 et
649 3067 833 3124 fames
861 3083 872 3121 :
913 3067 1120 3124 deinde
1149 3084 1218 3122 ex
1250 3067 1342 3123 his
1390 3073 1730 3140 sequeretur

99 3159 286 3214 edendi
316 3159 444 3215 sine
477 3156 910 3212 intermissione
940 3155 1318 3211 continuatio.
1352 3156 1501 3220 Quid
1533 3161 1728 3213 autem
1759 3143 1802 3210 C

100 3247 399 3303 deformius
434 3262 614 3318 quam
647 3261 879 3317 semper
906 3245 1094 3300 ventri
1150 3245 1402 3312 studere,
1437 3245 1537 3317 qui
1595 3262 1731 3302 cum

103 3335 360 3406 repletur,
384 3333 724 3390 vacuandus
755 3337 844 3388 est
877 3351 889 3401 ;
918 3350 1051 3387 cum
1075 3333 1735 3406 vacuatur,replendus?

99 3423 340 3478 Tertium
373 3422 516 3495 quid
549 3427 803 3492 superat,
841 3421 956 3477 nisi
992 3438 1150 3477 mors
1180 3422 1332 3476 inter
1360 3421 1519 3493 ipsos
1570 3423 1732 3479 cibos

103 3511 398 3585 epulasque
427 3510 715 3583 pcrmista
749 3513 771 3565 Ρ
799 3510 1102 3574 Quomodo
1126 3509 1282 3565 enim
1307 3515 1578 3582 poterant
1607 3511 1732 3567 diu-

103 3601 200 3656 tius
227 3602 403 3658 vitam
436 3599 768 3672 procedere,
803 3598 980 3654 simul
1013 3599 1269 3666 edentes,
1294 3604 1352 3655 et
1382 3600 1727 3671 esurientes,

102 3694 146 3742 et
171 3689 448 3757 bibentes,
474 3687 880 3759 sitientesque,
904 3691 961 3743 et
990 3687 1335 3760 priusquam
1369 3688 1733 3760 replerentur

102 3777 470 3835 exinaniantes
518 3793 692 3832 omne
743 3776 898 3848 quod
956 3781 1351 3849 sumpserant,
1413 3778 1731 3850 statimque

104 3865 393 3923 esurientes
422 3867 453 3921 ‘?
477 3865 645 3921 Nune
675 3870 868 3921 autem
914 3865 1056 3921 dum
1087 3865 1370 3938 paulatim
1428 3867 1732 3923 descendit

107 3969 236 4020 esca,
268 3955 482 4012 famem
515 3958 573 4009 et
592 3954 937 4009 cruditatem
970 3955 1253 4010 naturalis
1282 3958 1568 4027 temperat
1595 3973 1731 4028 pro-

104 4042 346 4100 videntis.
381 4043 647 4100 Primum
694 4043 848 4098 enim
899 4042 957 4098 in
989 4043 1288 4100 stomacho
1321 4060 1494 4116 quem
1557 4043 1728 4116 pleri-

109 4147 199 4200 que
228 4139 481 4190 ventrem
513 4131 814 4204 appellant
843 4132 1233 4204 superiorem,
1283 4134 1450 4189 cibus
1496 4134 1730 4189 confici-

109 4223 187 4274 tur
212 4239 224 4277 :
254 4223 463 4278 deinde
483 4221 759 4292 coquitur
789 4220 846 4276 in
873 4223 1095 4292 jecore,
1130 4225 1304 4294 atque
1326 4238 1392 4277 eo
1447 4222 1733 4294 digeritur

109 4323 306 4380 vapore.
340 4313 568 4367 Succus
598 4311 727 4381 ejus
749 4309 1027 4366 dividitur
1056 4310 1229 4366 certis
1253 4310 1541 4366 viscerum
1597 4329 1729 4384 por-

109 4396 350 4463 tionibus,
384 4417 458 4456 ex
489 4415 608 4471 quo
629 4413 802 4454 omne
833 4415 1044 4471 corpus
1078 4398 1337 4455 valescit.
1373 4400 1531 4464 Quod
1585 4401 1729 4457 satis

1854 1651 1962 1708 hoc
1992 1658 2082 1710 est
2114 1655 2374 1713 hominis
2404 1657 2715 1714 diluvium.

1929 1743 2018 1797 30.
2055 1743 2214 1801 Unde
2246 1746 2389 1801 mihi
2421 1747 2652 1803 videtur
2681 1766 2785 1821 per
2813 1767 2958 1807 arcae
3017 1751 3198 1823 hujus
3257 1755 3509 1828 ﬁguram

1860 1829 2115 1888 voluisse
2141 1833 2324 1889 Deum
2347 1853 2455 1891 nos
2476 1837 2739 1904 educere,
2764 1841 3264 1910 quemadmodum
3296 1844 3369 1898 ad
3402 1843 3512 1901 hoc

1860 1920 2099 1990 speciali
2131 1922 2245 1994 (19)
2274 1925 2382 1978 tuti
2400 1925 2587 1982 simus
2620 1927 2857 1983 diluvio.
2893 1928 3194 1987 Corrutela
3237 1932 3396 1988 enim
3429 1931 3514 1988 di-

1859 2005 1996 2062 luvii
2074 2026 2250 2065 causa
2304 2016 2433 2068 est:
2495 2031 2563 2069 ea
2619 2016 2718 2070 ubi
2781 2017 3100 2090 irrepserit,
3164 2020 3512 2092 aperiuntur

1856 2113 2042 2169 aquae,
2073 2098 2367 2155 ebulliunt
2398 2118 2602 2159 omnes
2633 2104 2822 2162 fontes
2853 2107 3242 2178 cupiditatum
3274 2127 3288 2177 ;
3323 2113 3389 2164 ut
3421 2117 3512 2166 to-

1854 2189 1978 2240 tum
2007 2203 2219 2259 corpus
2251 2192 2414 2246 tanto
2445 2195 2503 2246 et
2533 2196 2650 2247 tam
2683 2196 2972 2264 profundo
3004 2196 3278 2252 vitiorum
3331 2198 3506 2257 fluvio

1853 2279 2168 2347 mergatur.
2202 2277 2354 2333 Nihil
2389 2283 2478 2336 est
2509 2281 2664 2336 enim
2697 2284 2852 2354 quod
2881 2287 3002 2340 tam
3047 2285 3274 2341 miseras
3325 2287 3505 2344 servi-

1849 2362 1958 2417 tuti
1991 2365 2269 2436 subjiciat
2300 2367 2621 2440 hominem,
2657 2387 2833 2443 quam
2869 2371 3069 2443 libido,
3104 2378 3277 2446 atque
3336 2376 3502 2447 ejus-

1851 2452 2007 2506 modi
2035 2454 2384 2525 cupiditates
2424 2475 2549 2531 quae
2581 2460 2728 2532 jugo
2750 2462 3005 2532 quodam
3029 2462 3339 2520 criminum
3361 2480 3500 2537 gra-

1848 2541 1899 2593 vi
1976 2541 2314 2614 deprimunt
2375 2545 2652 2602 miseram
2709 2551 3148 2620 conscientiam,
3192 2557 3258 2608 ut
3296 2569 3357 2610 se
3398 2571 3497 2611 ne-

1846 2635 2020 2699 queat
2049 2631 2331 2702 attollere,
2369 2639 2567 2707 utpote
2596 2653 2722 2708 quaa
2753 2636 3085 2695 libertatem
3144 2641 3490 2698 innocentia

1843 2718 2126 2774 amiserit.
2160 2721 2476 2778 Maximum
2509 2741 2644 2798 ergo
2677 2726 2735 2781 in
2769 2726 2877 2782 hoc
2921 2728 3136 2784 diluvio
3168 2734 3259 2786 est
3310 2747 3492 2787 reme-

1842 2807 2029 2874 dium,
2064 2811 2377 2881 utjustum
2414 2813 2566 2870 289
2599 2815 2887 2885 praeferas,
2921 2834 3174 2889 eumque
3224 2821 3490 2877 mandati

1841 2895 2091 2953 Caelestis
2119 2905 2514 2957 exsecutorem
2545 2901 2747 2976 eligas.
2783 2905 2923 2970 Quis
2940 2908 3256 2977 estjustus
3288 2909 3348 2963 in
3386 2927 3490 2967 no-

1839 2985 1948 3052 bis,
1985 2987 2097 3042 nisi
2133 2990 2344 3044 mentis
2377 2990 2536 3063 vigor
2565 2995 2666 3064 qui
2695 2993 2848 3048 intra
2881 2994 3053 3050 istum
3080 2997 3491 3055 arcaminclu-

1841 3075 1936 3130 dat
1969 3093 2140 3133 omne
2167 3079 2555 3135 animantium
2589 3098 2794 3153 genus,
2828 3084 2983 3155 quod
3023 3089 3114 3141 est
3145 3103 3320 3158 super
3376 3091 3492 3154 ter-

1843 3181 1965 3219 ram
1996 3165 2024 3220 ?
2053 3166 2269 3222 Cohibe
2299 3185 2434 3241 ergo
2465 3173 2521 3224 et
2550 3174 2612 3224 tu
2649 3188 2851 3226 omnes
2884 3172 3310 3230 irrationabiles
3357 3193 3492 3248 pas-

1841 3253 2034 3310 siones
2067 3259 2218 3321 tuas,
2251 3273 2570 3330 omnesque
2601 3275 2811 3314 sensus
2844 3264 2977 3316 tuos
3005 3263 3184 3316 menti
3245 3264 3488 3335 subjice,

1841 3343 2140 3415 animique
2171 3344 2432 3418 imperiis
2465 3363 2756 3403 assuesce.
2793 3348 3028 3405 Evolare
3060 3350 3215 3407 foras
3245 3369 3361 3407 non
3419 3353 3494 3408 si-

1841 3449 1946 3488 nas
1977 3433 2328 3505 cupiditates
2359 3439 2516 3502 tuas,
2557 3435 2712 3491 exire
2743 3435 2800 3490 in
2861 3437 3070 3510 vulgus
3128 3439 3436 3498 libidinem
3469 3459 3484 3500 :

1840 3524 1896 3576 et
1926 3539 2028 3594 per
2057 3523 2462 3579 rationabilem
2491 3529 2744 3580 mentem
2776 3527 2992 3598 poteris
3032 3528 3207 3584 etiam
3256 3529 3488 3586 irratio-

1840 3609 2059 3665 nabilia
2088 3615 2210 3680 tua,
2240 3615 2298 3668 et
2329 3613 2636 3669 immunda
2667 3618 2904 3686 peccata
2935 3617 3006 3672 ab
3039 3617 3200 3673 omni
3225 3618 3488 3691 periculo

1838 3698 2042 3754 diluvii
2070 3698 2336 3757 liberare.

2489 3811 2725 3868 CAPUT
2767 3817 2817 3867 X

1842 3900 1920 3950 De
1940 3896 2116 3975 tribus
2144 3901 2325 3975 causis
2356 3899 2419 3975 ob
2449 3917 2585 3970 quas
2613 3909 2766 3956 muta
2795 3903 3170 3959 inanimantia
3194 3920 3297 3975 per
3339 3904 3486 3961 dilu-

1909 3969 2333 4044 viumsubjecta
2357 3969 2471 4025 sint
2494 3989 2680 4041 paenae,
2713 3979 2764 4028 el
2791 3969 3249 4044 quemadmodum
3298 3993 3488 4033 sensus

1911 4042 2085 4093 nostri
2109 4046 2323 4111 peccato
2347 4044 2660 4098 moriantur
2689 4063 2709 4109 ,-
2739 4042 2810 4099 ac
2825 4046 2959 4100 Deus
2989 4050 3375 4102 testamentum
3401 4064 3490 4103 su-

1911 4127 2005 4164 um
2028 4127 2149 4165 cum
2169 4113 2324 4182 justo
2352 4115 2624 4169 statuerit.

1910 4217 1998 4271 31.
2034 4217 2393 4288 Quacumque,
2426 4218 2636 4290 inquit,
2687 4223 2898 4276 suntin
2953 4224 3122 4287 terra,
3181 4225 3489 4280 morientur

1840 4305 1991 4377 (Gen.
2025 4322 2102 4371 v1,
2137 4306 2246 4377 17).
2280 4306 2426 4369 Quid
2475 4307 2676 4378 utique
2735 4314 2897 4364 muta
2945 4309 3314 4382 deliquerant
3370 4313 3489 4368 ani-

1841 4395 2062 4449 mantia
2082 4395 2109 4448 ?
2140 4411 2256 4466 qua
2286 4411 2462 4451 causa
2493 4397 2754 4468 subjecta
2785 4401 2924 4453 sunt
2952 4414 3156 4470 paenae,
3188 4417 3315 4471 quis
3354 4417 3486 4473 pee-

111 4485 372 4552 juniorum
404 4491 788 4556 incrementa,
823 4505 1031 4544 senum
1064 4489 1408 4544 testificatur
1464 4505 1727 4562 perseve-
1757 4511 1808 4576 υ
1838 4481 2007 4576 catuli
2039 4499 2279 4539 sensum
2313 4500 2426 4538 non
2454 4483 2671 4576 habtm}
2699 4485 2727 4540 7
2757 4485 2867 4541 Sed
2901 4488 3398 4576 CluemadmOdum
3425 4492 3486 4546 in

111 4576 286 4632 rentia.
335 4577 652 4648 Reliquum
687 4577 800 4632 cibi
848 4576 906 4632 in
964 4581 1222 4633 ventrem
1267 4577 1489 4646 defluit,
1551 4595 1724 4650 quem

111 4677 282 4722 omnes
298 4672 560 4723 ventrem
580 4664 944 4738 appellamus
963 4665 1087 4720 sine
1111 4667 1727 4740 adjectione,plerique

111 4748 282 4811 dicunt
308 4761 570 4812 ventrem
603 4754 934 4810 inferiorem
971 4772 983 4821 ;
1019 4769 1086 4810 ex
1117 4771 1232 4827 quo
1263 4756 1440 4812 fimus
1490 4772 1726 4814 necesse

1838 4570 1990 4629 bello
2021 4589 2155 4627 cum
2189 4573 2504 4646 imperator
2543 4574 2614 4629 ab
2636 4573 2802 4631 hoste
2833 4575 3137 4647 occiditur,
3169 4579 3487 4634 commori-

1836 4667 1933 4717 tur
1963 4661 2090 4731 ejus
2129 4662 2436 4730 exercitus,
2481 4667 2657 4734 atque
2696 4663 2888 4720 omnis
2920 4665 3344 4722 comminuitur
3371 4669 3486 4724 vir-

1837 4756 1932 4806 tus
1955 4750 2231 4806 militaris
2266 4767 2278 4807 :
2313 4751 2396 4806 sic
2424 4768 2537 4806 non
2570 4754 2900 4826 discrepare
2931 4771 2964 4808 a
3005 4756 3240 4825 justitia
3295 4757 3486 4814 visum

113 4843 181 4893 est
205 4843 294 4914 qui
326 4844 536 4917 plenus
552 4843 680 4915 jam
713 4842 1102 4914 corruptionis
1133 4844 1535 4910 descenderat,
1595 4861 1724 4918 ege-

114 4933 246 4985 ratur
271 4949 369 5004 per
391 4933 541 4990 illud
571 4949 638 4988 ex
669 4940 997 4988 transverso
1027 4933 1269 4989 ostium.

167 5017 242 5074 29.
289 5025 416 5078 Haec
465 5037 601 5077 cum
664 5021 743 5076 ita
800 5020 1016 5076 atl‘abre
1053 5019 1304 5076 naturali
1361 5021 1725 5078 institutione

116 5103 170 5156 ad
195 5104 281 5162 Dei
312 5110 755 5182 praeceptionem
786 5109 1109 5181 composita
1131 5109 1437 5164 videantur
1469 5127 1482 5176 ;
1529 5115 1723 5166 tamen

118 5189 274 5250 sinon
303 5198 508 5254 edendi
541 5215 575 5253 a
605 5197 794 5261 nobis,
826 5198 1155 5268 agendique
1185 5199 1398 5253 modus
1442 5205 1723 5268 servetur,

118 5280 363 5353 tanquam
395 5285 852 5342 exuberantihus
885 5285 1256 5356 passionibus
1298 5291 1610 5358 generatur
1638 5288 1724 5342 di-

117 5360 325 5442 luvium,
349 5379 406 5431 et
435 5375 702 5448 quendam
735 5373 916 5429 totius
947 5373 1109 5430 labes
1168 5375 1446 5446 corporis.
1509 5375 1722 5432 Intem-

1835 4845 2106 4905 est,cum
2157 4840 2422 4895 interiret
2471 4841 2643 4897 homo
2702 4843 2793 4896 cui
2854 4842 3107 4915 regalem
3167 4847 3487 4916 quamdam

1835 4929 2120 4984 Dominus
2152 4929 2306 4984 Deus
2337 4929 2394 4983 in
2422 4947 2594 4985 omne
2626 4931 3018 4987 animantium
3080 4948 3265 5004 genus
3323 4939 3489 5005 pote-

1835 5022 2044 5074 statem
2078 5017 2256 5084 dedit,
2291 5022 2355 5072 ut
2385 5019 2661 5075 omnibus
2688 5018 3046 5087 volatilibus,
3076 5020 3234 5086 feris,
3284 5021 3488 5078 bestiis

1836 5106 2128 5179 imperiali
2165 5111 2439 5177 praeesset
2467 5107 2830 5173 auctoritate,
2866 5109 3020 5178 quod
3079 5109 3254 5163 etiam
3312 5125 3486 5182 pecu-

1834 5197 2020 5262 des,et‘
2037 5212 2397 5267 quaecunque
2419 5194 3016 5251 erantirrationabilia
3057 5213 3489 5254 commoreren-

1834 5291 1930 5342 tur
1951 5284 2512 5355 animalia.l)enique
2543 5284 2591 5339 si
2625 5285 2858 5356 quando
2891 5289 2980 5340 est
3001 5286 3487 5356 pestilentia,cor-

1833 5379 2002 5448 rupto
2030 5373 2158 5430 coeli
2191 5377 2399 5439 tractu,
2428 5372 2591 5445 prius
2635 5389 2702 5428 ea
2732 5390 2858 5445 quae
2916 5379 3057 5429 sunt
3115 5375 3486 5432 irrationabi-

175 5589 267 5666 (19)
295 5596 380 5654 lta
406 5614 550 5655 mss.
584 5596 776 5664 Corb.,
819 5596 996 5671 Long.
1031 5601 1088 5656 et
1143 5600 1253 5655 Vat
1280 5601 1338 5656 et
1393 5597 1530 5658 edit.
1566 5602 1687 5659 aut.
1720 5598 1860 5660 edit.
1897 5597 2062 5658 Rom.
2094 5601 2151 5655 et
2182 5596 2256 5653 al.
2286 5599 2441 5667 Vat.,
2470 5596 2736 5670 spiritali.

397 5723 663 5791 Ρλτιοι..
709 5722 873 5792 XIV.
3089 5726 3165 5798 13
