3862 6210
244 313 359 372 397

1452 317 1683 380 LIBER
1727 317 1826 379 DE
1873 315 2027 380 NOE
2074 318 2171 382 E'l‘
2213 321 2443 384 ΑΒΕΔ.

3523 323 3642 387 398

243 447 432 502 virum
465 464 579 502 non
615 449 804 520 potuit
835 448 1161 520 sequi,cum
1195 449 1316 520 ipse
1340 451 1541 519 justus
1565 452 1636 506 ab
1660 451 1885 522 angelis
1918 455 1968 517 Α
2003 458 2222 523 partus,
2255 460 2310 509 ct
2340 455 2644 512 muliebris
2675 457 2914 530 copulae,
2947 457 3056 513 etsi
3101 457 3421 514 hebdomas
3475 458 3639 513 femi-

244 535 501 592 monitus
544 538 634 592 vix
679 538 926 593 evaserit
954 538 1112 610 (Ibid.
1157 537 1292 609 29)?
1339 539 1485 604 Quid
1531 545 1728 595 autem
1779 540 1886 594 mi-

243 641 370 679 rum
404 625 451 680 si
486 624 709 680 homini
736 625 966 698 obrepit
993 643 1174 693 error,
1203 632 1304 682 aut
1341 645 1402 684 se
1432 627 1652 684 relaxat
1698 628 1886 683 inten-

241 713 358 769 tio?
387 715 578 786 Argue
598 731 735 787 ergo
763 715 903 786 quia
949 718 1007 770 et
1039 718 1240 787 justus
1266 717 1592 773 inebriatus
1635 721 1741 773 est.
1776 717 1887 774 Sed

241 801 361 858 hare
390 801 518 858 loco
551 820 658 859 suo
683 804 1032 860 reservanda
1061 805 1330 862 arbitror.

308 893 399 946 37.
434 891 602 948 Nunc
634 893 789 964 quod
820 898 1086 965 superest
1117 895 1578 952 consideremus.
1643 895 1888 953 Pulchre

239 979 394 1035 enim
427 980 603 1035 dixit:
627 982 768 1049 Quia
796 982 912 1037 vidi
939 987 990 1038 te
1010 985 1225 1054 justum
1251 1000 1433 1039 coram
1459 1001 1545 1040 me
1574 986 1635 1040 in
1664 1001 1888 1054 genera-

237 1069 382 1125 tione
410 1071 520 1125 ista
549 1069 818 1139 (Gen.vn,
852 1073 920 1142 1).
956 1071 1120 1127 Multi
1179 1072 1542 1142 hominibus,
1594 1075 1742 1144 justi
1797 1075 1886 1130 vi-

238 1159 471 1226 dentur,
505 1160 675 1232 pauci
706 1160 820 1216 Deo
854 1177 866 1214 :
899 1159 1066 1217 aliter
1121 1161 1481 1234 hominibus,
1534 1162 1700 1218 aliter
1746 1165 1883 1221 Deo.

239 1246 592 1304 Hominibus
608 1249 934 1304 secundum
953 1249 1078 1304 vita:
1103 1249 1386 1322 speciem;
1411 1251 1526 1306 Deo
1558 1253 1884 1309 secundum

239 1337 557 1407 puritatem
588 1337 790 1407 animi,
820 1338 1052 1394 virtutis
1080 1340 1415 1408 veritatem;
1448 1339 1716 1397 homines
1757 1359 1884 1414 quae

241 1425 380 1481 foris
408 1430 551 1482 sunt
580 1427 1019 1498 probant,Deus
1049 1444 1174 1499 quae
1203 1428 1364 1484 intus
1405 1429 1718 1485 examinat.
1753 1431 1883 1487 Per-

239 1531 415 1586 pense
446 1519 640 1571 autem
673 1515 935 1571 addidit:
962 1518 1026 1572 In
1053 1519 1409 1586 generatione
1437 1519 1576 1585 ista;
1611 1522 1676 1574 ut
1697 1535 1886 1592 neque

239 1603 570 1674 superiores
601 1605 1035 1671 condemnaret,
1070 1622 1256 1678 neque
1305 1607 1657 1677 posteriores
1697 1607 1885 1664 exolu-

237 1692 416 1760 deret,
451 1696 718 1764 recteque
748 1693 1033 1749 diluvium
1063 1695 1279 1750 factum
1311 1701 1597 1751 astrueret
1643 1696 1882 1752 interitu

235 1781 628 1852 generationis
681 1783 810 1852 ejus
869 1800 995 1855 quae
1058 1801 1172 1839 non
1225 1783 1462 1839 haberet
1518 1785 1880 1841 consortium
1909 1824 1957 1888 Β

236 1870 548 1941 aequitatis.
584 1871 714 1926 Haec
746 1873 1072 1926 secundum
1102 1871 1375 1927 litteram.

303 1959 393 2014 38.
427 1958 610 2015 Altior
657 1965 850 2016 autem
910 1977 1120 2016 sensus
1173 1965 1443 2032 provocat
1488 1979 1614 2029 nos,
1661 1965 1726 2018 ut
1773 1963 1881 2020 hoc

234 2051 508 2118 putemus
538 2048 794 2122 vigorem
829 2050 1042 2104 mentis
1075 2049 1133 2104 in
1165 2049 1361 2105 anima
1381 2055 1593 2120 esse,et
1620 2050 1879 2106 animam

232 2135 289 2191 in
323 2154 586 2209 corpore,
619 2139 773 2209 quod
823 2143 911 2194 est
958 2138 1380 2211 paterfamilias
1431 2139 1488 2194 in
1538 2140 1708 2195 domo
1749 2157 1875 2196 sua.

232 2226 392 2290 Quod
423 2226 581 2282 enim
615 2227 672 2282 in
704 2227 900 2283 anima
930 2245 1118 2295 mens,
1153 2229 1260 2284 hoc
1292 2228 1488 2284 anima
1517 2229 1577 2283 in
1618 2244 1875 2300 corpore.

231 2315 287 2370 Si
318 2333 486 2373 mens
519 2321 642 2372 tuta
671 2321 781 2384 est,
812 2322 939 2373 tuta
967 2323 1056 2373 est
1085 2321 1315 2385 domus,
1365 2322 1495 2373 tuta
1540 2318 1737 2374 anima
1771 2335 1783 2373 :
1826 2315 1892 2375 si'

231 2405 430 2462 anima
459 2405 792 2473 incolumis,
823 2405 1135 2462 incolumis
1180 2424 1332 2462 caro.
1367 2406 1530 2464 Mens
1577 2408 1733 2463 enim
1782 2423 1876 2463 so-

231 2495 359 2550 bria
399 2495 705 2567 passiones
753 2511 957 2551 omnes
1008 2495 1256 2565 cohibet,
1306 2512 1518 2552 sensus
1566 2497 1872 2569 gubernat,

231 2601 562 2642 sermonem
595 2586 1020 2656 regit.ldeoque
1041 2585 1188 2640 bene
1217 2586 1360 2640 dicit
1388 2585 1872 2656 Dominusjusto,

229 2677 376 2731 intra
407 2683 487 2740 tu,
517 2674 628 2729 hoc
658 2679 766 2741 est,
799 2674 857 2729 in
891 2675 1143 2746 teipsum
1174 2673 1348 2738 intra,
1389 2673 1448 2728 in
1499 2678 1661 2728 tuam
1712 2692 1873 2729 men-

229 2768 366 2830 tem,
401 2765 462 2818 in
511 2768 625 2818 tuae
679 2762 885 2818 animae
934 2762 1279 2835 principale;
1314 2763 1394 2817 ibi
1435 2763 1595 2819 salus
1641 2767 1749 2832 est,
1792 2763 1873 2818 ibi

227 2851 724 2925 gubernaculum;
759 2852 899 2908 foris
928 2851 1233 2920 diluvium,
1264 2852 1403 2907 foris
1435 2849 1779 2923 periculum.
1813 2852 1869 2908 Si

229 2947 423 3000 autem
485 2942 645 2996 intus
702 2941 882 2998 fueris
928 2944 985 2995 et
1030 2940 1169 2996 foris
1219 2944 1382 2996 tutus
1422 2957 1518 3008 es;
1574 2941 1713 3012 quia
1774 2941 1872 2996 ubi

232 3047 398 3087 mens
425 3031 518 3088 sui
550 3030 770 3085 arbitra
798 3035 905 3096 est,
941 3029 1102 3085 bona:
1151 3035 1289 3084 sunt
1338 3029 1738 3101 cogitationes,
1770 3031 1871 3085 bo-

232 3137 312 3174 na:
345 3125 487 3175 sunt
517 3118 933 3177 exsecutiones.
967 3117 1027 3172 Si
1057 3117 1210 3172 enim
1265 3117 1409 3172 nihil
1457 3117 1582 3172 vitii
1615 3122 1871 3174 mentem

2000 557 2108 595 neo
2139 548 2510 615 nuncupetur
2537 545 2836 614 vocabulo,
2869 545 3055 602 virilis
3106 546 3283 602 habet
3312 546 3640 602 sanctifica-

2000 629 2173 685 tionis
2221 633 2468 704 gratiam
2504 651 2516 688 :
2550 637 2768 692 Omnis.
2798 634 2954 690 enim
2997 636 3273 690 masculus
3317 635 3642 707 adaperiam

1998 717 2216 773 vulvam
2259 725 2476 776 sanctus
2515 723 2740 779 Domino
2769 724 3050 779 vocabitur
3077 724 3268 795 (Exod.
3301 741 3494 790 xxxiv,
3529 724 3638 795 19).

1996 805 2066 860 Et
2092 806 2150 860 in
2183 808 2466 879 propheta
2497 809 2676 866 habes
2710 829 2722 866 :
2756 811 2981 884 Eﬂ‘udit,
3015 821 3065 868 et
3093 814 3306 884 peperit
3334 812 3644 868 masculum

1996 895 2120 961 (Isa.
2157 913 2301 962 vax,
2343 898 2420 967 7),
2481 899 2538 953 id
2589 903 2677 954 est
2730 904 3019 956 sanctum.
3081 901 3385 957 Secundus
3444 904 3640 956 autem

1998 999 2279 1040 numerus
2310 1002 2424 1041 non
2457 992 2547 1042 est
2578 987 2808 1059 plenus,
2837 989 2973 1060 quia
3000 989 3414 1056 divisus.Quod
3444 993 3641 1045 autem

1997 1088 2111 1126 non
2144 1077 2233 1129 est
2263 1073 2522 1146 plenum,
2553 1093 2800 1132 vacuum
2832 1077 3098 1133 habetur.
3123 1079 3423 1151 Septimus
3445 1081 3639 1134 autem

1997 1177 2278 1217 numerus
2311 1164 2539 1234 plenus,
2574 1164 2711 1236 quia
2741 1165 3082 1232 hebdomas,
3118 1171 3183 1220 ut
3211 1167 3412 1234 decas;
3446 1171 3504 1222 et
3555 1165 3640 1222 si-

1997 1249 2153 1306 milis
2185 1249 2342 1306 illius
2375 1251 2571 1324 primi,
2603 1253 2740 1324 quia
2787 1253 2935 1309 facta
2965 1259 3052 1310 est
3083 1255 3154 1309 ad
3187 1253 3639 1310 similitudinem

1996 1339 2105 1411 (22)
2137 1338 2300 1396 illius
2326 1340 2426 1412 qui
2455 1346 2542 1396 est
2576 1358 2824 1413 semper,
2859 1359 2892 1398 a
2923 1359 3038 1414 quo
3069 1343 3371 1414 proﬂuunt
3415 1346 3473 1398 et
3514 1359 3638 1399 mo-

1992 1432 2200 1483 ventur
2230 1445 2356 1501 quze
2389 1433 2526 1484 sunt
2556 1429 2614 1485 in
2646 1429 2806 1485 omni
2836 1446 3046 1502 genere
3075 1431 3339 1490 virtutes.
3372 1431 3503 1487 Haec
3534 1447 3637 1488 na-

1991 1516 2224 1572 turalia.

2064 1607 2151 1660 40.
2187 1605 2267 1662 De
2321 1607 2641 1664 moralibus
2687 1613 2883 1664 autem
2938 1613 3000 1664 ut
3047 1609 3333 1677 dicamus,
3385 1626 3500 1665 non
3550 1614 3640 1668 est

1991 1693 2238 1749 dubium
2290 1696 2444 1767 quod
2497 1695 2894 1753 irrationabile
2926 1698 3038 1768 (23)
3066 1698 3274 1753 animae
3322 1701 3532 1754 nostra:
3575 1698 3635 1756 in

1992 1783 2252 1854 quinque
2282 1801 2491 1840 sensus
2527 1785 2841 1852 dividatur,
2875 1790 2933 1841 et
2977 1801 3198 1854 vocem,
3231 1791 3288 1841 et
3334 1791 3636 1858 generato-

1993 1871 2304 1943 rium,quie
2337 1877 2547 1929 natura
2576 1874 2844 1930 videntur
2871 1891 2999 1931 esse
3029 1874 3308 1944 feminea;
3339 1874 3480 1946 quia
3511 1891 3638 1932 sen-

1991 1977 2093 2016 sus
2125 1960 2306 2016 nostri
2348 1961 2405 2016 in
2456 1962 2780 2018 materialia
2826 1968 2882 2018 et
2929 1962 3230 2019 saecularia
3259 1962 3371 2018 cito
3402 1967 3632 2036 repunt.

1991 2047 2153 2104 Unde
2184 2050 2362 2105 claret
2393 2067 2490 2106 eos
2523 2049 2806 2107 mollioris
2837 2058 3058 2108 natura:
3103 2051 3317 2108 habere
3358 2053 3632 2109 substan-

1987 2136 2149 2192 tiam.
2186 2138 2293 2194 Sed
2323 2139 2548 2194 erudito
2580 2143 2635 2195 ct
2660 2139 2948 2196 indu'strio
2977 2140 3098 2196 viro
3137 2141 3358 2197 munda
3385 2141 3585 2198 omnia
3617 2157 3631 2196 :

1988 2227 2127 2297 quia
2157 2227 2444 2299 sapientia
2472 2228 2890 2284 exercitativiri
2907 2232 2963 2284 et
2984 2229 3168 2284 virtus
3194 2230 3632 2286 firmamentum

1987 2313 2078 2368 his
2129 2315 2279 2370 virili
2328 2317 2685 2372 transfundit
2729 2317 2976 2388 judicio.
3025 2317 3173 2390 Ergo
3223 2318 3529 2391 prudentis
3577 2321 3634 2374 et

1986 2403 2281 2474 proposito
2309 2406 2692 2477 gubernantis
2709 2423 2777 2461 ex
2794 2406 3134 2462 infirmioris
3155 2423 3326 2462 sexus
3350 2406 3630 2478 qualitate

1984 2491 2042 2546 in
2076 2493 2370 2548 fortiorem
2404 2494 2793 2551 substantiam
2829 2496 3259 2552 transferuntur
3278 2495 3629 2567 (24).Valida

1982 2580 2138 2635 enim
2167 2581 2447 2653 sapientis
2478 2587 2533 2638 et
2558 2583 2671 2638 lixa
2693 2583 2982 2639 sententia
3009 2589 3124 2654 est;
3159 2602 3273 2640 non
3299 2582 3626 2642 mutabilis.

1985 2675 2045 2723 ut
2077 2669 2240 2724 stulti
2272 2675 2327 2725 et
2358 2671 2690 2744 insipientis
2737 2673 2837 2744 qui
2887 2673 3129 2729 consilio
3177 2677 3346 2729 nutat
3383 2674 3622 2741 incerto,

1981 2763 2049 2814 ut
2078 2759 2325 2831 improbi
2359 2761 2457 2833 qui
2490 2779 2604 2816 non
2635 2763 2790 2834 quod
2813 2778 3012 2818 verum
3031 2763 3333 2834 etjustum
3351 2763 3427 2819 sit
3442 2763 3624 2836 eligit,

1983 2849 2083 2903 sed
2115 2849 2267 2920 quod
2319 2850 2430 2904 sibi
2475 2852 2850 2906 commodum
2899 2851 3058 2922 velit,
3111 2851 3325 2907 scindit
3379 2869 3412 2908 a
3468 2869 3624 2920 vero,

1981 2938 2232 2993 secernit
2259 2956 2292 2993 a
2315 2939 2746 3010 justo.Justitia
2765 2940 2921 2996 enim
2945 2940 3242 3014 singulare
3271 2944 3359 2997 est
3381 2941 3625 3011 bonum,

1981 3043 2083 3098 per
2131 3043 2192 3082 se
2241 3027 2369 3099 ipsa
2416 3045 2522 3083 suo
2569 3028 2714 3084 tanti
2764 3034 3060 3101 spectatur
3098 3030 3303 3102 pretio.
3338 3030 3625 3102 Iniquitas

1979 3133 2111 3172 vero
2144 3114 2300 3171 velut
2328 3117 2564 3172 dividua
2604 3119 2773 3190 parit,
2808 3136 2962 3174 nunc
3010 3119 3140 3175 odio
3192 3119 3419 3185 inﬂexa,
3471 3135 3626 3174 nunc

231 3207 559 3274 obumbret,
619 3208 856 3264 sincera
914 3206 1294 3278 cogitationes
1353 3211 1511 3260 sunt.
1563 3206 1622 3260 Si
1673 3195 1942 3263 studioC
1981 3209 2231 3276 quaestu,
2287 3209 2344 3260 et
2401 3223 2468 3262 ea
2519 3224 2646 3278 qua:
2719 3211 2856 3262 sunt
2927 3207 3235 3262 dividenda
3297 3206 3625 3264 confundit.

229 3298 304 3352 sit
334 3297 595 3364 castitas,
629 3297 787 3352 cordi
819 3294 897 3352 sit
928 3296 1079 3352 242
1111 3294 1689 3367 temperantia,nul1a
1718 3295 1875 3351 inar-

227 3387 415 3442 descit
463 3387 699 3441 ﬂamma
745 3385 1030 3452 libidinis,
1067 3383 1229 3440 nulla
1280 3383 1472 3439 ulcera
1526 3388 1878 3457 proserpunt

227 3474 615 3547 aegritudinis.
643 3473 939 3532 Sobrietas
983 3473 1141 3532 enim
1185 3473 1420 3540 mentis,
1470 3473 1757 3529 medicina
1789 3477 1879 3530 est

230 3563 510 3637 corporis.

861 3642 1091 3698 CAPUT
1130 3642 1248 3698 XII.

226 3751 464 3822 Septena
487 3751 762 3806 animalia
781 3751 1019 3822 mundos
1043 3751 1325 3822 utriusque
1343 3765 1506 3805 sexus
1527 3757 1578 3804 et
1608 3750 1744 3804 bina
1772 3751 1873 3804 im-

294 3821 506 3876 munda
553 3823 613 3876 in
661 3839 848 3877 arcam
894 3821 1101 3888 induci,
1134 3821 1275 3892 quod
1322 3822 1582 3893 septimus
1616 3836 1878 3893 numerus

295 3909 447 3948 sacer
489 3909 558 3948 ac
587 3893 785 3964 plenus
815 3895 906 3959 sit,
953 3909 1100 3948 secus
1142 3891 1272 3948 vero
1320 3891 1602 3964 secundus.
1631 3891 1695 3964 In
1722 3892 1877 3946 nobis

293 3962 667 4035 septenarium
700 3964 966 4035 quoddam
1001 3965 1295 4033 femineum
1322 3979 1456 4033 esse,
1487 3962 1579 4018 sed
1625 3962 1694 4017 ad
1738 3964 1874 4017 viri-

297 4038 400 4091 lem
428 4035 795 4091 conditionem
825 4036 892 4090 ab
926 4035 1136 4090 erudito
1165 4038 1284 4090 viro
1312 4035 1638 4106 promoveri.
1663 4039 1876 4090 Postre-

298 4123 382 4163 mo
413 4108 717 4162 humanam
744 4113 1010 4162 naturam
1034 4105 1321 4178 designari
1361 4107 1763 4162 contrariorum
1785 4123 1875 4161 ca-

294 4195 502 4250 pacem.

302 4287 390 4342 39.
424 4286 590 4341 Nunc
639 4286 1081 4341 consideremus
1128 4302 1245 4357 qua
1290 4284 1513 4340 ratione
1563 4284 1761 4343 induci
1818 4283 1876 4338 in

231 4392 425 4430 arcam
448 4375 620 4447 jubet
647 4391 680 4429 a
702 4375 989 4444 jumentis
1023 4373 1261 4429 mundis
1290 4377 1512 4446 septem
1544 4379 1602 4428 et
1632 4377 1877 4445 septem,

231 4463 565 4522 masculum
592 4468 651 4520 et
681 4464 958 4519 feminam
993 4481 1006 4517 :
1041 4464 1112 4518 ab
1159 4461 1480 4519 immundis
1525 4467 1718 4518 autem
1763 4463 1880 4520 duo

1982 3292 2208 3350 Stultus
2255 3294 2410 3350 enim
2469 3299 2533 3351 ut
2583 3295 2723 3350 luna
2761 3300 3040 3363 mutatur,
3075 3299 3132 3350 et
3158 3295 3489 3363 versicolor,
3523 3298 3627 3352 aut

1983 3381 2299 3437 humorum
2342 3383 2619 3438 varietate
2647 3383 2932 3439 diﬂ‘ormis
2963 3383 3221 3438 animum
3261 3400 3430 3440 suam
3462 3383 3522 3440 in
3554 3383 3630 3440 le-

1984 3470 2140 3543 prosi
2176 3472 2435 3542 corporis
2467 3473 2721 3544 speciem
2769 3473 2925 3544 turpi
2975 3471 3318 3545 contagione
3365 3489 3629 3528 comma-

1985 3557 2162 3627 culat,
2193 3558 2460 3616 salubres
2511 3561 2890 3633 cogitationes
2941 3561 3129 3617 noxiis
3177 3579 3328 3634 saepe
3375 3562 3629 3635 permis-

1985 3666 2139 3704 cens.

2057 3737 2142 3792 41.
2177 3738 2287 3793 Sed
2334 3738 2577 3795 fortasse
2625 3738 2764 3811 quia
2813 3739 3034 3796 munda
3082 3743 3140 3796 et
3182 3739 3491 3796 immunda
3536 3738 3626 3796 in-

1986 3825 2119 3882 duci
2151 3827 2304 3883 248
2336 3827 2392 3882 in
2429 3844 2623 3883 arcam
2657 3828 2891 3901 praecipi
2923 3828 3114 3885 cernis
3144 3828 3468 3885 animantia
3490 3829 3627 3900 (25),

1977 3916 2110 3986 jure
2142 3932 2369 3972 movere
2400 3916 2585 3988 possit
2632 3917 2770 3989 quia
2799 3917 2917 3972 dixi
2948 3917 3211 3974 honestis
3252 3918 3626 3988 disceptatio-

1987 4003 2159 4059 nibus
2190 4003 2494 4060 indecoras
2526 4022 2640 4060 non
2663 4023 2790 4060 esse
2817 4005 3286 4062 miscendas.Nec
3309 4022 3412 4078 ego
3436 4005 3629 4062 abnuo

1986 4091 2474 4147 irrationabilium
2498 4093 3121 4164 quidem,mundorum
3141 4099 3338 4150 tamen
3363 4099 3630 4150 motuum

1987 4180 2183 4253 aliqua
2221 4197 2350 4237 esse
2397 4181 2624 4237 semina
2672 4188 2728 4237 et
2775 4182 2942 4254 quasi
2992 4182 3279 4255 principia
3325 4182 3386 4238 in
3435 4182 3635 4240 anima

1988 4273 2206 4337 nostra,
2240 4275 2296 4325 et
2319 4286 2519 4326 eorum
2552 4271 2650 4343 qui
2683 4271 2886 4326 mundi
2920 4289 3035 4327 non
3068 4272 3202 4328 sint.
3232 4272 3446 4328 Natura
3475 4272 3633 4329 enim

1988 4359 2248 4414 hominis
2279 4359 2706 4415 contrariorum
2753 4377 2934 4432 capax
2982 4365 3090 4427 est,
3123 4365 3188 4417 ut
3217 4365 3274 4416 et
3304 4361 3541 4418 malitiae
3574 4361 3632 4418 in

1987 4465 2056 4503 ea
2085 4448 2163 4504 sit
2192 4448 2360 4516 vis,et
2383 4448 2612 4504 virtutis
2644 4449 2945 4522 ingressus
2979 4467 2992 4504 :
3029 4451 3356 4522 meritoque
3386 4449 3446 4505 in
3473 4450 3632 4523 prin-

230 4559 290 4608 et
317 4554 451 4623 duo,
489 4559 555 4608 ut
586 4552 878 4607 nutriatur
908 4568 1106 4607 semen
1139 4552 1198 4606 in
1229 4567 1462 4607 onmem
1493 4549 1875 4623 terram(Gen.

2066 4537 2137 4593 )ἱο
2188 4536 2322 4592 libri
2374 4537 2551 4609 hujus
2582 4537 2681 4609 qui
2710 4542 2800 4593 est
2828 4538 3088 4607 Genesis,
3124 4556 3225 4611 per
3254 4539 3479 4596 arboris
3511 4555 3638 4612 spe-

229 4658 331 4708 vu,
362 4645 438 4714 2).
476 4647 562 4709 Et,
599 4647 660 4696 ut
701 4657 805 4714 ego
847 4641 1114 4708 arbitror,
1149 4640 1296 4696 inire
1346 4639 1628 4695 mundam
1671 4639 1880 4695 asserit

229 4731 662 4788 hebdomadam
699 4731 868 4802 :quia
897 4729 1154 4784 mundus
1185 4733 1240 4783 et
1270 4745 1432 4783 sacer
1461 4729 1752 4799 septimus
1775 4745 1881 4783 nu-

233 4819 617 4876 merus.Nulli
648 4819 805 4876 enim
836 4819 1136 4884 miscetur,
1171 4833 1275 4872 nec
1305 4817 1376 4872 ab
1409 4816 1520 4872 alio
1551 4821 1878 4888 generatur.

236 4911 486 4982 Ideoque
511 4909 673 4980 virgo
713 4908 947 4974 dicitur,
1001 4906 1139 4979 quia
1177 4904 1322 4960 nihil
1370 4922 1437 4960 ex
1480 4923 1542 4962 se
1585 4911 1824 4976 generat
1871 4923 1884 4973 ;

237 4999 569 5070 meritoque
617 5002 898 5068 tanquam
951 4995 1197 5052 materni
1243 5011 1440 5050 exsors
1490 4993 1888 5066 immunisque

308 5153 422 5223 (22)
478 5148 619 5205 Mss.
654 5150 821 5223 Corb.
857 5154 912 5203 et
941 5147 1094 5223 Vat,
1127 5149 1255 5223 quia
1284 5148 1446 5219 alpha
1477 5155 1556 5202 est
1585 5147 1660 5201 ad
1687 5147 1886 5223 simili-

240 5218 510 5288 tudinem,
543 5227 652 5276 etc.
717 5221 862 5276 Hinc
911 5219 1082 5273 nobis
1128 5218 1356 5272 videtur
1403 5235 1434 5273 a
1474 5235 1607 5273 vero
1640 5235 1752 5272 non
1788 5218 1887 5271 ab-

237 5295 474 5350 horrere
520 5291 742 5364 aliquid
777 5292 938 5364 prius
969 5292 1038 5344 de
1072 5291 1257 5360 primo
1290 5306 1532 5344 numero
1553 5289 1745 5364 tuisse
1775 5289 1893 5364 dic-

237 5373 510 5438 tum,quo
535 5359 736 5438 postea
764 5359 995 5438 sublato
1019 5359 1130 5416 nun
1165 5365 1481 5417 minimum
1513 5359 1892 5416 obscuritatis

236 5439 340 5494 toti
373 5435 512 5493 huic
540 5435 670 5492 loco
704 5435 1016 5490 subortum
1049 5437 1156 5487 est.

305 5511 415 5581 (23)
452 5513 542 5581 Ita
572 5524 716 5581 mss_.
767 5506 932 5561 Corb.
993 5509 1049 5559 et
1098 5505 1278 5581 Long.
1329 5502 1471 5581 Vat._
1510 5507 1701 5581 autem
1758 5517 1893 5581 cum

237 5573 373 5637 edit.
400 5573 546 5637 'Gill.
581 5595 648 5635 ac
681 5579 846 5633 Rom.
873 5594 982 5633 non
1009 5580 1088 5631 est
1116 5575 1347 5630 dubium
1375 5575 1510 5645 quin
1538 5573 1891 5630 rationabile.

236 5656 364 5787 ῗῗ.
397 5658 457 5712 et
486 5653 644 5720 Era,
687 5666 799 5709 non
847 5653 921 5708 est
968 5648 1215 5706 dubium.
1268 5645 1416 5716 Quod
1462 5648 1611 5706 enim
1655 5647 1896 5708 rationa-

273 5741 294 5786 ι
355 5767 368 5785 .

273 5741 368 5786 ιιθ.

1988 4626 2134 4682 ciem
2153 4626 2210 4680 in
2224 4626 2480 4698 paradisi
2502 4626 2695 4682 medio
2717 4626 2904 4700 legisti
2925 4628 3060 4684 boni
3087 4634 3146 4684 et
3167 4627 3306 4684 mali
3329 4627 3636 4685 scientiam

1993 4714 2242 4784 (6921.11,
2276 4715 2350 4786 9).
2395 4716 2475 4772 De
2524 4733 2640 4787 quo
2690 4716 2846 4789 ligno
2897 4718 3154 4774 scientiae
3205 4718 3341 4774 boni
3395 4722 3453 4773 et
3499 4715 3638 4772 mali

1995 4808 2344 4876 praeceptum
2378 4809 2466 4860 est
2497 4822 2612 4860 non
2643 4823 2771 4861 esse
2799 4807 3162 4878 gustandum
3183 4823 3269 4875 ;eo
3291 4805 3445 4878 quod
3470 4820 3637 4861 mens

1995 4899 2195 4950 nostra
2238 4893 2295 4947 in
2344 4910 2461 4965 qua
2491 4898 2580 4949 est
2631 4894 2882 4966 cognitio
2928 4900 2985 4950 et
3033 4894 3362 4966 disciplina,
3395 4891 3530 4948 boni
3583 4896 3640 4947 et

1998 4981 2135 5038 mali
2164 4981 2370 5054 recipit
2399 4983 2714 5038 notionem.
2748 4984 2948 5055 Itaque
2989 4988 3208 5038 naturae
3257 4982 3447 5053 opifex
3489 4980 3640 5038 sicut

2069 5143 2179 5212 (24)
2213 5142 2360 5198 Edit.
2394 5149 2524 5198 Am.
2561 5160 2641 5198 ac.
2698 5144 2848 5211 Era.,
2897 5145 3233 5214 propositum
3277 5142 3645 5214 gubernantis

1997 5230 2070 5268 ea:
2100 5215 2423 5283 inﬁrmioris
2463 5231 2600 5269 sexu
2629 5213 2909 5286 qualitate
2956 5213 3015 5269 in
3063 5216 3346 5284 fortiorem
3392 5213 3645 5268 substan-

1997 5286 2138 5356 tiam
2169 5288 2591 5355 trans/‘eruntur.
2640 5285 2782 5341 Gill.
2835 5294 2892 5341 et
2941 5286 3133 5350 Rom.,
3180 5287 3509 5356 propositum
3539 5301 3646 5354 gu-

2002 5355 2284 5410 bernantis
2313 5365 2388 5410 est
2419 5357 2743 5424 inﬁrmioris
2771 5373 2933 5412 sex-us
2957 5355 3348 5426 qualitatem...
3370 5359 3649 5426 transfer-

2003 5443 2080 5482 re.
2116 5425 2253 5499 Mss.
2289 5426 2456 5499 Gorb.
2491 5432 2548 5482 et
2579 5425 2977 5499 Long.melius
3008 5436 3074 5482 ut
3100 5430 3157 5482 in
3192 5432 3369 5495 textu,
3393 5426 3492 5482 ubi
3514 5425 3648 5482 sub-

2003 5496 2381 5565 intelligenda
2408 5513 2535 5565 vox,
2558 5496 2788 5554 sensus.

2074 5569 2184 5652 (25)
2198 5567 2596 5652 Editomnes,
2623 5571 2882 5643 praecipit
2909 5572 3098 5629 carnis
3125 5570 3462 5628 animantia.
3480 5568 3645 5643 Mss.,

1997 5641 2236 5718 praecipi
2263 5641 2462 5716 cernis,
2495 5645 2603 5702 etc.
