3862 6210
241 296 360 386 399

1698 300 1764 363 S.
1812 298 2186 363 AMBROSII

3524 292 3647 369 £09

247 410 334 486 ad
376 430 845 505 propagandum,
874 430 962 491 vel
1020 430 1196 488 etiam
1256 432 1642 505 reparandum
1700 448 1885 502 genus
1919 437 1966 500 Α
2001 433 2166 487 venia
2199 434 2548 504 posceretur,
2580 434 2924 505 sequeretur
2951 428 3250 497 correctio,
3279 431 3337 487 et
3364 429 3439 485 ab
3494 430 3644 487 indi-

247 520 569 577 animantia
607 519 941 586 reservavit,
973 524 1039 576 ut
1084 519 1371 577 universae
1412 526 1576 577 terra:
1624 521 1888 577 animan-

246 611 397 666 tium
431 609 655 667 semine
684 608 1047 681 replerentur
1072 628 1085 680 ;
1112 609 1193 681 ita
1223 611 1398 666 etiam
1422 609 1680 681 corporis
1705 609 1893 665 nostri

247 702 537 755 terrenam
565 698 958 755 substantiam
988 715 1232 772 vacuam
1266 715 1382 754 non
1412 698 1636 771 putavit
1669 698 1891 771 passio-

249 804 391 844 num
449 786 790 859 hujusmodi
838 791 1120 860 tanquam
1174 787 1618 844 immundorum
1667 787 1892 842 anima-

248 875 395 934 lium
425 875 891 948 relinquerdam,
926 892 1054 950 qua:
1103 892 1239 931 cum
1290 876 1515 931 deliciis
1565 880 1624 931 et
1667 873 1896 930 luxurie

248 969 531 1038 tanquam
558 964 681 1020 vice
710 963 913 1020 diluvii
943 964 1359 1038 ingurgitatur,
1391 963 1727 1020 memoratis
1758 963 1897 1018 ﬂuc-

248 1057 376 1109 tuat
403 1050 796 1124 passionihus.
843 1051 954 1108 Ubi
1001 1058 1196 1109 autem
1248 1053 1562 1110 sobrietate
1612 1057 1668 1107 et
1713 1050 1895 1107 conti-

249 1140 447 1199 nentia
476 1141 888 1214 unusquisque
917 1140 1332 1197 inundantium
1362 1140 1724 1197 evacuaverit
1753 1139 1899 1196 dilu-

249 1230 409 1285 vium
441 1229 873 1303 passionum,et
901 1229 1219 1300 quamdam
1251 1228 1457 1284 anima:
1489 1228 1756 1285 retexerit
1785 1228 1897 1284 sic-

252 1319 506 1384 citatem,
538 1316 826 1373 vivificare
871 1317 1076 1390 incipit
1118 1334 1292 1373 suum
1342 1334 1576 1391 corpus,
1609 1322 1666 1372 et
1692 1316 1898 1373 animae

252 1407 593 1481 puritatem,
625 1406 718 1462 cui
752 1406 1009 1478 regimen
1040 1405 1327 1478 sapientia
1357 1409 1446 1461 est
1474 1407 1608 1474 (26).

864 1538 1095 1595 CAPUT
1136 1538 1280 1593 XIII.

255 1646 363 1701 Cur
390 1647 633 1715 ingresso
662 1650 774 1701 Noe
803 1647 861 1699 in
892 1653 1229 1716 aream,post
1256 1652 1455 1716 septem
1485 1644 1904 1716 diesrdz'tuvium

322 1718 644 1798 factum‘sit‘.
676 1718 811 1798 [teni
860 1733 962 1771 cur
983 1716 1201 1798 ‘Moyses
1245 1715 1449 1798 miserit
1480 1715 1618 1798 illud
1650 1716 1902 1798 quadra-

2000 521 2276 593 gnatione
2309 520 2717 594 requiesceret.

2070 644 2160 699 43.
2196 644 2356 700 Istud
2387 660 2621 716 quoque
2665 659 2817 699 curae
2865 642 2978 698 fuit
3023 659 3138 698 non
3187 641 3650 715 praetermittere,

2001 750 2068 789 eo
2101 734 2256 804 quod
2288 732 2577 788 diluvium
2608 732 2831 789 factum
2861 731 3092 798 dixerit,
3118 730 3498 803 quadraginta
3538 731 3654 789 die-

2005 824 2120 889 bus,
2152 825 2209 877 et
2239 821 2548 887 addiderit,
2587 820 2955 893 quadraginta
2984 821 3233 876 noctibus
3262 818 3651 892 (Gen.vn,12).

2004 910 2236 965 Scimus
2266 910 2424 964 enim
2446 910 2600 965 diem
2619 909 2733 965 dici
2750 924 2926 980 quem
2949 907 3037 964 sol
3059 913 3276 963 terram
3306 907 3654 965 illuminans

2003 998 2228 1070 signat;
2262 1003 2490 1053 noctem
2521 1013 2700 1069 quam
2728 995 3098 1053 circumfusae
3128 997 3381 1053 tenebrae
3401 1013 3437 1052 a
3485 996 3654 1053 clari-

2005 1090 2123 1142 tate
2148 1087 2589 1154 disterminant;
2623 1089 2680 1142 et
2716 1084 3065 1159 plerumque
3106 1102 3141 1140 a
3186 1084 3356 1142 nobis
3384 1084 3468 1141 ita
3499 1085 3655 1142 diem

2006 1174 2324 1246 significari
2374 1178 2438 1229 ut
2489 1179 2715 1230 noctem
2763 1191 2878 1230 non
2909 1170 3505 1247 comprehendamus,
3538 1172 3657 1246 ple-

2006 1279 2256 1334 rumque
2288 1266 2353 1317 ut
2379 1262 3276 1336 romplectamur.Signiﬁcantes
3303 1260 3463 1318 enim
3488 1278 3659 1319 men-

2008 1367 2131 1407 sem
2164 1352 2406 1423 triginta
2434 1352 2685 1423 dierum,
2711 1351 3119 1425 signiﬁcamus
3155 1358 3211 1407 et
3240 1355 3462 1409 noctes.
3491 1350 3658 1407 Unde

2008 1456 2143 1494 cum
2193 1440 2337 1495 satis
2383 1439 2592 1496 fuisset
2636 1439 2819 1512 Moysi
2877 1439 3095 1496 dixisse
3141 1439 3433 1496 diluvium
3477 1440 3659 1496 fuisse

2010 1527 2382 1599 quadraginta
2420 1528 2629 1596 diebus,
2670 1545 2775 1583 cur
2824 1527 3133 1597 addiderit,
3183 1532 3236 1585 et
3291 1527 3660 1600 quadraginta

2009 1618 2279 1685 noctibus,
2320 1617 2617 1689 quaeritur.
2654 1618 2721 1674 Et
2774 1616 2958 1691 aliqui
3013 1617 3099 1674 ita
3152 1621 3508 1690 acceperunt
3562 1616 3663 1690 qui

2013 1711 2148 1761 ante
2178 1722 2283 1762 nos
2310 1708 2564 1774 fuerunt,
2581 1711 2646 1761 ut
2676 1710 2733 1762 et
2762 1705 3016 1762 virorum
3047 1710 3104 1763 et
3133 1706 3451 1763 mulierum
3473 1706 3663 1763 factus

324 1786 491 1860 ginta
521 1786 727 1868 diebus
760 1792 819 1842 et
847 1786 1236 1868 quadraginta
1268 1787 1537 1843 noctibus
1575 1786 1855 1868 duraeisse
1883 1805 1903 1841 :
1934 1803 1980 1868 Β
2010 1792 2227 1849 diluvio
2272 1795 2545 1850 interitus
2587 1796 3109 1863 demonstraretur,
3142 1794 3297 1851 diem
3348 1795 3421 1850 ad
3472 1794 3663 1850 virum

324 1859 498 1931 quave
525 1860 743 1914 ratione
770 1859 1137 1930 quadraginta
1167 1859 1284 1914 dies
1310 1860 1754 1931 perseuerauerit.
1789 1859 1901 1926 Quo

321 1929 479 2002 pacto
529 1932 591 1985 in
636 1932 753 2002 ipsa
798 1945 981 2001 paenae
1016 1929 1438 1985 comminatione
1466 1929 1657 2002 divina
1686 1931 1900 2002 miseri-

324 2000 515 2073 cordia
541 2000 767 2056 eluceat.
799 2000 945 2057 ’Post
988 2016 1114 2073 quae
1162 2002 1406 2056 liberalis
1451 2002 1558 2056 Noe
1594 2000 1901 2057 obedientza

324 2071 716 2128 consideratur.

324 2188 413 2243 42.
447 2187 596 2243 Illud
627 2204 860 2260 quoque
890 2187 1086 2242 studio
1116 2191 1204 2242 est
1235 2203 1513 2259 quaerere,
1548 2202 1674 2258 quae
1725 2202 1904 2242 causa

254 2279 344 2331 est
372 2291 476 2331 cur
506 2282 708 2347 postea
737 2291 917 2348 quam
945 2274 1250 2348 ingressus
1297 2278 1385 2329 est
1432 2274 1550 2330 Noe
1590 2274 1648 2328 in
1681 2290 1899 2340 arcam,

254 2369 311 2420 et
341 2364 569 2420 induxit
606 2363 948 2431 animantia,
984 2368 1116 2436 post
1164 2368 1386 2436 septem
1440 2364 1565 2419 dies
1614 2362 1897 2418 diluvium

253 2453 470 2508 factum
504 2453 600 2509 sit.
632 2452 757 2509 Non
807 2453 962 2508 enim
1012 2452 1263 2509 otiosum
1312 2452 1562 2520 videtur,
1596 2452 1750 2523 quod
1782 2468 1898 2506 non

252 2546 353 2597 aut
378 2540 579 2615 plures
610 2546 711 2597 aut
735 2542 1038 2614 pauciores
1070 2541 1393 2614 interpositi
1426 2544 1565 2596 sunt
1607 2540 1751 2609 dies,
1796 2540 1897 2595 sed

186 2660 189 2667 η
249 2626 336 2686 tot
363 2636 505 2704 quot
535 2631 592 2686 in
626 2630 1040 2686 constitutione
1073 2631 1273 2685 mundi
1302 2630 1557 2685 fuerunt.
1592 2629 1703 2684 Sex
1740 2628 1895 2684 enim

250 2717 457 2775 diebus
507 2719 692 2775 factus
745 2727 834 2775 est
883 2719 1162 2786 mundus,
1210 2721 1436 2791 septimo
1494 2718 1582 2773 die
1636 2718 1899 2789 requievit

249 2808 389 2863 Deus
417 2808 484 2862 ab
513 2809 763 2878 aperibus
805 2810 922 2862 suis
969 2807 1123 2878 (Gen.
1176 2825 1237 2871 ιι,
1285 2811 1361 2879 2).
1415 2807 1537 2871 Quo
1588 2805 1898 2864 declaravit

251 2894 465 2951 indicio
550 2894 745 2967 ipsum
822 2912 951 2950 esse
1032 2900 1329 2951 auctorem
1409 2894 1637 2961 mundi,
1721 2901 1896 2967 atque

250 2982 763 3040 diluvii.Mundum
801 2987 1036 3057 propter
1065 2983 1382 3039 bonitatem
1419 3001 1584 3039 suam
1612 2983 1893 3050 condidit,

247 3070 533 3126 diluvium
628 3071 764 3127 fecit
826 3076 1160 3127 nostrorum
1220 3072 1428 3128 merito
1523 3071 1889 3128 delictorum.

2013 1884 2326 1938 referentes
2358 1884 2458 1954 qui
2489 1882 2570 1938 sit
2597 1883 2814 1955 purior,
2847 1882 3061 1939 similis
3107 1881 3277 1951 lucis,
3326 1886 3565 1940 noctem
3591 1883 3663 1940 ad

2012 1970 2318 2027 mulierem
2363 1989 2491 2044 quas
2532 1972 2655 2027 viro
2704 1970 3032 2027 dormiente
3080 1974 3276 2028 creata
3312 1971 3667 2028 describitur

2013 2060 2164 2132 (Gen.
2201 2077 2261 2125 ιι,
2290 2061 2411 2129 2-Ι);
2446 2060 2738 2131 simulque
2767 2060 2908 2132 quia
2936 2060 3023 2115 vir
3050 2062 3210 2134 prior
3237 2061 3409 2133 quasi
3439 2065 3663 2128 auctu,

2012 2150 2111 2222 qui
2172 2149 2444 2204 virtutem
2497 2151 2724 2204 moveat
2772 2147 3060 2217 mulieris,
3112 2153 3287 2220 atque
3343 2147 3404 2203 in
3463 2153 3667 2222 partus

2010 2239 2219 2293 excitet
2273 2255 2285 2293 :
2343 2242 2473 2293 actu
2524 2236 2624 2292 ille
2667 2235 2880 2293 clarior
2907 2236 3167 2310 publico;
3200 2237 3315 2293 ista
3341 2236 3667 2305 obscurior,

2008 2332 2291 2398 tanquam
2349 2325 2686 2381 domesticis
2742 2325 2952 2381 clausa
3013 2324 3337 2398 parietibus
3394 2328 3455 2382 et
3521 2324 3676 2382 nocti

2010 2415 2296 2488 proxima,
2354 2415 2615 2470 secundo
2674 2418 2806 2470 orta
2861 2413 3010 2483 loco,
3067 2418 3126 2470 et
3183 2413 3504 2470 creationis
3557 2429 3676 2470 suo

2008 2506 2260 2559 formata
2278 2504 2406 2575 jam
2438 2509 2610 2559 costas
2641 2503 2749 2558 viri
2781 2502 2894 2574 (27)
2928 2503 3149 2559 debens
3195 2501 3470 2576 gratiam,
3503 2518 3674 2575 supe-

2008 2593 2145 2648 riori
2179 2609 2411 2664 quoque
2439 2591 2680 2664 potioris
2709 2591 2959 2648 obnoxia
2987 2589 3313 2664 privilegio,
3341 2595 3401 2647 et
3427 2591 3668 2664 parienu-

2006 2682 2066 2736 di
2143 2699 2252 2736 usu
2339 2680 2749 2736 matcrialibus
2834 2680 3252 2752 comparanda.
3319 2681 3669 2738 Consonus

2007 2776 2205 2827 autem
2247 2771 2305 2825 in
2338 2777 2586 2841 utroque
2627 2786 2909 2825 numerus
2946 2767 3209 2841 periculi,
3251 2768 3390 2841 quia
3426 2774 3669 2841 peccata

2006 2859 2181 2914 etiam
2239 2858 2672 2925 consonantia;
2731 2859 3057 2929 meritoque
3109 2875 3225 2914 non
3265 2858 3491 2914 distant
3528 2875 3665 2931 spa-

2006 2948 2088 3003 tia
2126 2965 2479 3019 temporum,
2520 2948 2661 3018 quia
2711 2964 2828 3004 non
2881 2947 3106 3003 distant
3159 2946 3369 3003 merita
3419 2945 3669 3005 delicto-

2004 3054 2156 3092 rum.

246 3160 548 3216 Admoniti
627 3164 767 3216 sunt
831 3161 1013 3234 igitur
1077 3161 1347 3217 homines
1401 3161 1487 3216 vel
1528 3178 1598 3217 ex
1651 3177 1891 3216 numero
1923 3164 1966 3229 α
2075 3161 2160 3216 44.
2194 3161 2317 3216 Νοη
2348 3160 2723 3215 mediocriter
2769 3159 2882 3231 (28)
2927 3160 3105 3215 etiam
3151 3163 3499 3216 scrutantur
3541 3159 3671 3233 ple-

245 3248 471 3305 dierum
502 3248 719 3322 quibus
746 3249 1005 3304 mundus
1035 3253 1126 3305 est
1155 3249 1445 3316 conditus,
1479 3249 1635 3320 quod
1679 3248 1884 3304 Condi-

243 3342 427 3393 torem
454 3355 629 3394 suum
663 3355 777 3394 non
812 3337 1089 3410 lacrymis
1120 3337 1310 3395 solum
1337 3343 1397 3393 et
1426 3337 1883 3409 precatione,sed

241 3425 596 3482 correctione
645 3442 876 3482 morum
924 3426 1295 3482 reconciliare
1343 3426 1682 3481 debuerant.
1738 3426 1886 3498 Ergo

241 3515 497 3587 spatium
556 3514 716 3569 dedit
773 3514 845 3570 ad
904 3514 1306 3587 paenitentiam
1359 3513 1663 3584 Dominus,
1697 3513 1886 3587 magis

241 3602 439 3659 volens
499 3603 798 3675 ignoscere
855 3619 1035 3674 quam
1090 3603 1328 3675 punire;
1401 3607 1466 3658 ut
1520 3602 1887 3658 imminentis

240 3690 442 3746 diluvii
473 3695 690 3747 terrore
720 3692 1143 3765 suspensus,ad
1180 3691 1401 3746 veniam
1425 3696 1653 3762 cogeret
1682 3694 1882 3762 postu-

238 3776 511 3848 landum;
544 3796 660 3853 quo
689 3780 831 3835 dum
887 3778 1211 3851 periculum
1262 3779 1466 3835 futurae
1511 3779 1716 3835 mortis
1746 3779 1886 3835 hor-

241 3873 497 3936 rescunt,
556 3867 841 3940 impietati
900 3874 1073 3939 atque
1125 3867 1426 3938 iujustitize
1458 3867 1880 3923 renuntiarent.

238 3957 574 4014 Secundum
632 3960 740 4024 est,
797 3960 863 4011 ut
916 3955 1052 4011 hinc
1109 3972 1342 4028 quoque
1409 3955 1640 4010 Domini
1705 3972 1885 4026 supra

239 4047 479 4102 modum
513 4045 911 4101 misericordis
940 4044 1311 4101 clementiam
1333 4043 1711 4118 colligamus;
1745 4044 1885 4117 quia

239 4134 556 4192 multorum
606 4151 896 4190 annorum
955 4133 1332 4189 oii‘ensionem
1386 4151 1420 4188 a
1467 4132 1884 4188 constitutione

238 4225 439 4279 mundi
470 4224 528 4279 in
563 4225 736 4278 finem
769 4239 957 4295 usque
987 4228 1366 4283 contractam,
1398 4222 1600 4294 paucis
1649 4222 1881 4288 diebus,

236 4313 283 4366 si
319 4311 681 4383 paenituisset
710 4313 865 4368 214
900 4327 1021 4379 eos,
1054 4311 1235 4366 voluit
1271 4309 1546 4366 relaxare.
1580 4311 1680 4366 Est
1724 4310 1880 4365 enim

240 4405 389 4454 Deus
420 4401 636 4472 peccati
670 4400 999 4465 immemor,
1029 4399 1263 4454 virtutis
1295 4404 1713 4465 remunerator,
1730 4397 1884 4454 sicut

236 4488 361 4559 ipse
391 4488 471 4543 ait
500 4487 559 4542 in
602 4487 884 4560 propheta
916 4505 929 4543 :
964 4490 1071 4559 Ego
1114 4504 1257 4555 sum,
1304 4503 1400 4555 ego
1440 4503 1563 4543 sum
1608 4489 1704 4559 qai
1730 4486 1881 4545 deleo

236 4577 556 4647 iniquitates
615 4584 667 4630 et
718 4591 925 4630 memor
978 4592 1089 4631 non
1148 4592 1279 4639 ero;
1327 4578 1389 4629 tu
1444 4585 1627 4631 autem
1675 4592 1884 4633 memor

233 4668 365 4733 esto,
407 4667 457 4720 et
491 4663 844 4736 judieemur;
891 4664 979 4719 die
1035 4666 1363 4734 iniquitates
1421 4668 1563 4729 tuas,
1597 4673 1657 4719 ut
1673 4664 1881 4734 justiﬁ-

232 4754 369 4809 ceris
427 4753 550 4826 (lsa.
612 4769 769 4822 XLIII,
829 4754 919 4813 25,
979 4753 1093 4823 26).
1155 4753 1300 4806 Cum
1359 4753 1514 4807 enim
1573 4752 1883 4808 adverterit

230 4860 425 4899 veram
480 4842 994 4898 animas'refusam
1045 4857 1174 4896 esse
1223 4840 1518 4905 virtutem,
1555 4845 1782 4896 tantum
1827 4841 1879 4896 ei

230 4931 470 4988 honoris
501 4928 858 4995 attribuit,ut
888 4946 1002 4984 non
1036 4928 1223 4984 solum
1256 4929 1483 4984 veniam
1508 4935 1877 5001 superiorum

230 5019 532 5093 indulgeat
583 5024 974 5091 peccatorum,
1048 5034 1244 5072 verum
1307 5019 1481 5071 etiam
1535 5019 1784 5090 gratiam
1820 5022 1879 5073 et

221 5107 701 5180 justilicationem
735 5107 1051 5179 impertiat.
1088 5106 1416 5177 Echctarit
1447 5123 1583 5177 ergo
1614 5112 1669 5160 et
1699 5106 1873 5177 septi-

1995 3249 2159 3323 rique
2189 3266 2308 3322 qua
2338 3249 2561 3305 ratione
2584 3248 2975 3321 quadraginta
2998 3249 3124 3305 dies
3146 3249 3433 3305 diluvium
3458 3248 3670 3306 fuerit.

1996 3340 2065 3393 Et
2095 3353 2414 3409 possumus
2446 3337 2638 3392 dicere
2665 3335 3027 3395 materialem
3054 3351 3365 3392 numerum
3392 3336 3675 3395 tristiori-

1996 3428 2127 3494 bus,
2162 3427 2273 3482 hoc
2303 3432 2391 3482 est
2421 3425 2684 3481 delendae
2715 3431 2992 3481 creaturis
3024 3427 3407 3498 deputatum;
3440 3425 3675 3485 hebdo-

1994 3516 2229 3571 madam
2262 3520 2459 3570 autem
2489 3513 2896 3570 constitutioni
2927 3515 3107 3571 totius
3138 3514 3367 3583 mundi,
3402 3514 3515 3573 hoc
3565 3521 3665 3574 est

1993 3602 2452 3678 1a:tioribus.Sed
2486 3603 2736 3659 fortasse
2766 3605 3071 3668 referatur,
3096 3603 3239 3674 quid
3285 3603 3443 3674 quod
3477 3604 3670 3662 etiam

1994 3697 2085 3752 lex
2116 3691 2506 3765 quadraginta
2535 3690 2741 3745 diebus
2772 3690 2891 3747 lata
2918 3696 3027 3757 est,
3049 3696 3137 3746 tot
3165 3690 3293 3746 dies
3322 3690 3670 3751 observavit

1993 3781 2220 3853 Moyses
2279 3780 2339 3835 in
2403 3784 2602 3835 monte
2651 3779 2816 3847 Sina,
2868 3785 2927 3836 et
2968 3780 3307 3835 demoratus
3357 3783 3469 3849 est,
3520 3796 3666 3839 cum

1992 3869 2337 3942 praescripta
2366 3867 2511 3941 legis
2544 3868 2834 3941 acciperet
2881 3868 3079 3941 (Exod.
3112 3883 3267 3933 xxxv,
3302 3868 3433 3943 18)?
3485 3868 3667 3927 Recte

1992 3974 2128 4031 ergo
2187 3958 2393 4014 eodem
2447 3972 2692 4012 numero
2737 3956 3224 4012 declinandorum
3281 3960 3666 4028 peccatorum

1990 4049 2279 4118 praecepta
2307 4044 2670 4112 tribuuntur,
2697 4061 2817 4118 quo
2833 4061 3018 4116 prensa
3066 4043 3242 4116 culpa
3268 4050 3360 4100 est
3384 4045 3665 4117 persolu-

1990 4140 2050 4189 ta
2084 4153 2097 4190 :
2132 4140 2197 4189 ut
2226 4150 2651 4207 cognoscamus
2683 4133 2838 4205 quod
2870 4133 2943 4189 de
2970 4133 3174 4189 eodem
3206 4132 3338 4188 vita
3385 4138 3663 4207 tempore

1991 4224 2197 4278 debeat
2229 4239 2298 4277 ex
2329 4222 2683 4277 correctione
2734 4221 2865 4277 laus
2912 4221 3262 4292 comparari,
3295 4237 3413 4294 quo
3462 4228 3666 4294 potest

1990 4310 2287 4383 punienda
2322 4310 2496 4382 culpa
2542 4310 2850 4365 committi.
2904 4309 3065 4366 Unde
3118 4326 3278 4366 nunc
3344 4311 3477 4381 jam
3536 4328 3660 4370 non

1990 4417 2171 4473 poenae
2199 4399 2519 4472 praescripti
2553 4402 2691 4454 sunt
2720 4398 2845 4454 dies
2877 4398 3287 4472 quadraginta,
3321 4398 3424 4455 sed
3466 4400 3606 4458 vita
3640 4417 3658 4459 :

1991 4494 2056 4544 ut
2079 4488 2190 4544 hoc
2223 4504 2468 4543 numero
2490 4486 2740 4557 jejuniis
2769 4491 2827 4542 et
2855 4486 3220 4542 orationibus
3250 4486 3658 4548 crebrioribus

1992 4581 2325 4632 nostrorum
2380 4575 2639 4631 levemus
2695 4574 2987 4648 supplicia
3016 4579 3414 4648 peccatorum,
3446 4580 3655 4649 atque,

1991 4666 2062 4720 ad
2107 4665 2443 4737 praescripta
2470 4664 2617 4736 legis
2647 4663 2878 4731 intenti,
2911 4663 3215 4720 devotione
3260 4680 3329 4720 ac
3376 4664 3496 4721 fide
3543 4682 3654 4724 no-

1990 4758 2178 4809 strum
2210 4754 2573 4824 corrigamus
2603 4767 2879 4809 errorem.
2911 4752 3114 4824 Itaque
3157 4760 3261 4824 per
3289 4752 3525 4809 Domini
3558 4770 3653 4811 re-

1987 4841 2409 4897 surrectionem
2441 4841 2931 4912 quadragesimus
2959 4840 3086 4897 dies
3128 4842 3254 4912 jam
3308 4857 3426 4897 non
3466 4841 3652 4899 habe-

1988 4935 2088 4985 tur
2118 4929 2500 4995 novissimus,
2534 4929 2635 4984 sed
2664 4929 2891 5001 primus
2924 4945 2938 4984 :
2970 4933 3147 5000 atque
3174 4929 3311 4985 inde
3338 4929 3460 4986 vita
3488 4930 3649 4989 246

1987 5022 2355 5084 numeratur,
2386 5017 2487 5073 ubi
2518 5022 2652 5073 ante
2682 5018 2889 5073 mortis
2918 5033 3202 5073 numerus
3238 5019 3312 5074 ad
3354 5033 3649 5076 consum-

1988 5106 2302 5161 mationem
2338 5106 2542 5160 mundi
2566 5106 2884 5162 ethumani
2914 5106 3145 5179 generis
3175 5105 3471 5163 excidium
3488 5123 3649 5165 com-

229 5212 324 5251 mo
372 5196 486 5264 die,
518 5196 645 5268 ipso
705 5211 820 5266 quo
871 5198 943 5250 ab
992 5195 1330 5267 operatione
1387 5196 1697 5265 requievit;
1732 5200 1795 5250 ut
1824 5195 1874 5252 si
1983 5197 2319 5268 putabatur.

285 5391 410 5514 ((26)
441 5390 554 5446 Sic.
586 5408 726 5447 mss.
762 5391 913 5446 Edit.
966 5408 1118 5459 vero,
1169 5394 1262 5446 cui
1314 5408 1545 5461 regnum
1600 5393 1873 5464 sapientia

225 5475 321 5514 est.

225 5615 370 5673 mss.
404 5600 594 5673 _Corb.,
631 5602 804 5670 Long.
837 5607 893 5655 et
920 5602 1072 5668 Vat,
1122 5605 1365 5673 formata
1402 5606 1463 5659 in
1508 5614 1711 5663 costam
1742 5608 1867 5666 viri.

224 5669 353 5738 Era.
385 5670 660 5746 denique,
688 5669 930 5753 formata
954 5669 1149 5731 ecasta
1174 5674 1311 5747 viro,
1342 5679 1454 5734 etc.

2052 5392 2164 5463 (28)
2184 5391 2277 5467 Ab
2327 5390 2419 5447 his
2471 5394 2701 5467 tantum
2732 5390 2945 5467 verbis
2991 5394 3310 5467 tractatum
3342 5390 3639 5467 incipiunt

296 5500 409 5600 (27)
440 5528 535 5584 Sic
561 5532 698 5586 edit.
731 5531 864 5586 Gill.
898 5503 964 5587 at
996 5504 1173 5587 Rom.
1198 5532 1342 5586 Edit.
1376 5549 1512 5589 vero
1562 5536 1690 5589 Am.
1736 5551 1868 5590 cum

2061 5461 2594 5529 is."l‘ornacensis,
2646 5461 3098 5531 Valliclarensis,
3144 5461 3520 5521 Colbertiniis
3567 5479 3636 5520 ac

2061 5533 2327 5589 lzarinus.
2361 5534 2429 5590 Et
2469 5534 2623 5590 Bart.
2656 5532 2906 5591 Urbinas
2954 5534 3015 5590 in
3066 5532 3207 5590 Mill.
3240 5534 3634 5592 Ambrosiano

1975 5604 2112 5661 libri
2137 5605 2215 5679 de
2243 5605 2362 5662 Noe
2390 5609 2446 5662 et
2471 5608 2621 5679 Area
2649 5604 2872 5679 primas
2900 5622 3071 5669 voces
3115 5604 3175 5665 in
3226 5621 3372 5669 mss.
3410 5606 3634 5675 adserit

1978 5691 2108 5736 esse
2134 5674 2288 5754 illas,
2320 5692 2430 5738 non
2458 5674 2824 5742 mediocriter.
