3862 6210
233 409 344 478 401

1442 415 1677 482 LIBER
1715 412 1823 481 DE
1861 410 2022 483 NOE
2059 418 2164 484 ET
2203 420 2435 489 ARGA.

3515 424 3638 492 40!

300 548 389 607 45.
422 544 512 606 El-
538 546 743 619 delebo,
787 547 984 624 inquit
1023 549 1326 621 Dominus,
1376 562 1589 609 omnem
1635 567 1877 610 resurre-
1912 554 1964 621 Α
1992 553 2275 614 sationem
2317 559 2546 632 generis
2589 564 2845 618 servaret
2886 560 3128 619 humani
3172 560 3331 620 velut
3359 560 3471 637 (30)
3501 560 3632 637 per-

229 641 463 697 alienam
506 642 694 695 carnis
734 655 770 695 a
815 641 960 710 faeie
1005 648 1173 699 terra?
1215 641 1366 713 (Gen.
1397 658 1498 709 vn,
1535 644 1603 710 l).
1640 643 1685 699 Ο
1715 642 1881 697 cmis-

228 728 409 786 stium
460 727 841 802 pulchritudo
887 730 1220 797 verborum,
1253 731 1303 785 si
1352 733 1487 802 quis
1519 748 1580 788 se
1612 749 1646 786 a
1673 732 1882 787 decoro

223 816 524 874 intellectu
575 817 682 891 piae
726 818 941 874 mentis
990 819 1320 876 examinet?
1352 821 1693 895 Indignatur
1725 821 1879 876 Deus

223 907 479 981 peccatis
545 908 784 974 nostris,
854 907 955 964 sed
1016 923 1130 963 non
1191 909 1557 966 obliviscitur
1620 910 1874 983 pietatis.

225 995 486 1052 Minatur
527 995 907 1068 supplicium,
940 997 1042 1053 sed
1096 1012 1210 1053 non
1235 998 1521 1070 permittit
1562 998 1874 1055 excidium-

223 1084 563 1141 Moderatur
589 1085 933 1155 vindictam,
967 1089 1195 1141 revocat
1224 1088 1612 1143 severitatem.
1642 1087 1874 1143 Deletu-

223 1189 356 1230 rum
416 1186 480 1229 se
527 1174 672 1229 dicit
707 1189 942 1230 omnem
981 1190 1215 1230 carnem
1259 1192 1373 1230 non
1413 1193 1447 1231 a
1484 1181 1658 1240 terra,
1701 1176 1800 1230 sed
1841 1193 1876 1229 a

222 1262 368 1319 facie
396 1267 583 1318 terrm.
618 1262 845 1319 Florcm
889 1263 1128 1330 decutit,
1175 1264 1429 1321 radicem
1479 1270 1698 1332 servat;
1734 1264 1875 1318 sinit

221 1356 285 1407 ut
312 1351 374 1407 in
406 1352 696 1424 profundo
726 1351 1069 1408 substantiae
1099 1352 1258 1407 virus
1303 1358 1536 1408 maneat
1574 1353 1869 1417 humanae,

220 1456 352 1513 quas
415 1441 477 1496 in
546 1440 855 1514 superﬁcie
932 1440 1175 1507 laboret,
1243 1442 1405 1496 intus
1491 1440 1870 1513 impassibilis

219 1532 564 1602 perseveret,
598 1528 998 1601 immunisque
1027 1545 1188 1586 noxa
1239 1530 1308 1585 ad
1359 1545 1559 1586 eorum
1587 1530 1870 1585 substitu-

217 1618 439 1674 tionem
508 1619 609 1690 qui
675 1633 792 1673 non
840 1617 961 1673 sint
1000 1618 1185 1675 reatui
1223 1618 1475 1674 obnoxii.
1521 1624 1865 1674 reservetur.

215 1705 466 1765 Pulchre
495 1712 690 1763 autem
719 1706 936 1780 posuit,
971 1708 1183 1773 Delebo,
1214 1711 1500 1779 tanquam
1537 1707 1865 1763 litterarum

214 1795 413 1868 apices
453 1795 556 1867 qui
587 1795 858 1851 delentur
916 1795 1044 1851 sine
1088 1796 1290 1851 fraude
1314 1795 1622 1864 librorum,
1653 1801 1711 1851 et
1740 1795 1868 1852 sine

211 1883 629 1986 imminutione
657 1884 1012 1986 tab-alarum.
1045 1886 1451 1986 Atramentum
1483 1884 1731 1986 deletur,
1762 1886 1861 1941 sed
1899 1920 1946 1986 Β

209 1972 444 2046 lignum
488 1977 714 2029 manet.
748 1973 1027 2029 Delentur
1073 1972 1381 2039 elementa,
1425 1978 1488 2029 ut
1533 1974 1867 2030 scribantur

211 2060 564 2134 plerumque
592 2060 856 2117 meliora.
886 2064 1292 2117 Atramentum
1322 2061 1567 2128 tollitur,
1586 2064 1864 2119 substan-

209 2151 291 2207 tia
319 2162 440 2207 non
486 2152 928 2207 etterminntur.
967 2149 1197 2215 Delebo,
1228 2150 1439 2222 inquit,
1474 2151 1861 2223 corruptelam

211 2240 430 2308 carnis,
466 2244 535 2295 ut
577 2240 831 2295 scribam
878 2238 1398 2312 incorruptionem.
1432 2239 1642 2296 Delebo
1675 2257 1863 2296 resur-

210 2329 533 2385 rectionem
587 2328 783 2384 carnis
832 2343 869 2383 a
926 2327 1071 2384 facie
1121 2332 1306 2395 terrae,
1369 2334 1435 2384 ut
1490 2330 1741 2385 scribam
1801 2330 1861 2385 in

209 2416 550 2474 calentibus
597 2421 990 2490 resurgentes.
1025 2416 1233 2473 Delebo
1265 2418 1337 2474 de
1380 2417 1529 2473 libro
1559 2422 1747 2485 terrae,
1798 2422 1863 2473 ut

207 2506 467 2564 scribam
524 2506 585 2561 in
634 2504 785 2561 libro
830 2505 980 2560 vitae.
1020 2503 1348 2569 Deleantur,
1381 2505 1627 2562 Domine
1670 2522 1859 2570 meus.

208 2594 478 2663 Domine,
511 2593 818 2650 deleantur
845 2593 961 2650 cito
991 2594 1278 2650 elementa
1304 2595 1461 2664 ferri,
1496 2600 1559 2650 ut
1599 2595 1859 2650 scriban-

209 2688 305 2740 tur
329 2684 628 2740 elementa
656 2683 886 2739 Christi.
904 2681 1216 2739 Aboleatur
1245 2682 1588 2740 resurrectio
1607 2690 1860 2747 terrena,

211 2778 274 2829 ut
301 2771 561 2830 cmlestis
590 2772 779 2845 gratia
808 2771 1114 2828 redundet.
1146 2770 1311 2838 Veni,
1347 2772 1862 2844 Moyses,praepara

208 2861 526 2936 gremium,
566 2860 753 2935 legem
792 2860 1010 2934 accipe,
1050 2860 1283 2933 suscipe
1320 2862 1517 2933 apices
1563 2877 1712 2932 quos
1734 2862 1859 2932 jam

211 2949 620 3007 misericordia
683 2950 882 3006 divina
936 2965 1050 3005 non
1100 2949 1305 3006 deleat.
1346 2951 1590 3022 Suscipe
1627 2949 1862 3005 tabulas

214 3054 375 3112 quas
417 3038 701 3095 Dominus
748 3042 972 3094 statuat
1016 3039 1074 3092 in
1117 3042 1420 3093 aeternum.
1456 3038 1687 3109 Utinam
1736 3038 1861 3110 ipse

213 3143 327 3184 nen
358 3128 618 3201 frangas.
651 3127 719 3181 Et
760 3125 921 3198 ipsas
958 3126 1102 3181 mihi
1143 3142 1272 3181 mea
1310 3125 1483 3198 culpa
1522 3126 1861 3191 sustulerat,

215 3217 328 3274 nisi
384 3216 673 3272 Dominus
729 3214 1101 3271 reddidisset.
1132 3214 1270 3271 Jure
1330 3214 1564 3287 quidem
1635 3216 1863 3288 Moyses

214 3306 557 3378 indignatus
587 3309 696 3371 est,
733 3320 801 3360 ne
838 3304 1122 3359 baberent
1167 3302 1364 3359 divina
1410 3303 1729 3376 privilegia,
1764 3304 1862 3377 qui

211 3410 332 3452 non
362 3394 657 3449 deferrent
683 3392 988 3464 obsequia.
1018 3392 1130 3448 Sed
1180 3397 1321 3465 puto
1371 3392 1527 3463 quod
1571 3409 1685 3448 non
1718 3390 1860 3447 mihi

210 3490 331 3550 eas,
363 3482 469 3539 sed
496 3480 716 3538 Judmis
746 3481 1002 3554 fregeris.
1041 3480 1281 3554 Fregisti
1317 3480 1561 3547 Judmis,
1595 3479 1863 3552 recepisti

210 3571 380 3629 mihi.
416 3571 633 3627 Fracta:
694 3574 833 3626 sunt
863 3569 1107 3642 priores,
1143 3573 1208 3624 ut
1269 3569 1619 3641 posteriores
1659 3585 1863 3624 mane-

210 3665 357 3716 rent.
384 3658 632 3730 Fregisti
675 3674 774 3713 eas
827 3656 889 3713 in
932 3657 1264 3729 pectoribus
1309 3656 1665 3712 Judaeorum.
1715 3656 1862 3720 Quid

209 3748 366 3807 enim
409 3747 690 3821 proderat
724 3749 790 3802 ut
829 3745 1063 3802 tabulas
1104 3750 1388 3814 tenerent,
1421 3761 1672 3817 quarum
1718 3763 1861 3817 pris-

210 3838 437 3910 seripta-
459 3840 659 3892 tenere
682 3851 799 3891 non
830 3833 1109 3907 possent?
1141 3835 1284 3890 Ecce
1308 3834 1598 3890 secundas
1628 3833 1866 3890 tabulas

210 3926 417 3983 dicunt
446 3941 510 3981 se
540 3928 758 3990 tenere,
789 3923 891 3979 sed
923 3940 1037 3979 non
1067 3927 1287 3979 tenent.
1324 3923 1536 3978 Dicunt
1565 3939 1627 3978 se
1678 3922 1867 3994 legere

213 4015 413 4071 divina
445 4012 866 4081 elementa,sed
898 4029 1013 4069 non
1039 4010 1461 4084 legunt.Digito
1493 4011 1588 4067 Dei
1615 4012 1865 4083 scriptas

219 4119 347 4161 esse
376 4100 617 4160 tabulas
645 4102 873 4173 Moyses
902 4100 1045 4157 dicit
1074 4104 1260 4168 (Deut.
1296 4117 1371 4168 ix,
1407 4100 1493 4172 10)
1528 4118 1541 4156 :
1584 4099 1668 4154 illi
1718 4100 1869 4171 digi-

220 4195 346 4248 tum
377 4190 484 4248 Dei
514 4204 633 4245 non
670 4188 892 4262 legunt,
939 4189 1161 4245 ferrum
1203 4188 1424 4260 legunt.
1470 4190 1869 4243 Atramentum

219 4279 441 4345 vident,
496 4276 774 4349 spiritum
827 4275 924 4332 Dei
972 4292 1088 4331 non
1152 4276 1370 4331 vident.
1439 4276 1550 4331 Sed
1618 4275 1876 4331 Ecclesia

221 4367 411 4423 nescit
438 4367 853 4432 atramentum,
885 4363 1159 4437 spiritum
1185 4363 1628 4435 novit.ldeoque
1657 4363 1875 4419 Paulus

221 4455 376 4511 novit
405 4452 666 4509 scribere
689 4465 806 4507 non
839 4456 1187 4521 atramento,
1218 4452 1319 4507 sed
1363 4450 1572 4524 spiritu
1620 4450 1718 4506 Dei
1765 4450 1877 4506 vivi

221 4545 291 4615 (II
310 4543 438 4599 Cor.
471 4558 559 4605 ιιι,
588 4543 643 4595 2.
676 4540 753 4611 3).
785 4540 829 4595 Ο
860 4538 1216 4612 sacrilegum
1266 4540 1531 4611 ineptum
1591 4539 1875 4611 populum

1991 646 2271 716 petuitate
2310 648 2665 711 tabularum,
2707 656 2775 707 ut
2834 667 2902 707 ex
2966 666 3035 709 ea
3085 668 3286 709 semen
3338 653 3631 725 reliquum

1988 733 2322 805 pullularet.
2363 738 2465 793 Cui
2524 740 2822 794 sententiae
2881 740 3184 797 convenire
3239 741 3414 797 etiam
3477 743 3632 798 246

1989 820 2131 877 illud
2188 822 2422 879 videtur
2476 827 2631 897 quod
2692 828 2826 884 ait:
2877 830 3086 896 Delebo,
3150 830 3360 902 inquit,
3415 846 3632 886 omnem

1986 914 2438 969 resurrectionem
2491 917 2693 972 carnis.
2756 917 3183 973 Resurrectioni
3221 922 3418 975 autem
3465 935 3630 976 com-

1986 1001 2149 1055 muni
2185 1018 2293 1055 usu
2327 1008 2547 1057 naturas
2583 1006 2872 1062 contraria
2897 1006 3130 1062 videtur
3152 1023 3280 1064 esse
3327 1009 3625 1081 purgatio;

1983 1089 2122 1159 quia
2168 1091 2511 1161 purgatione
2556 1092 2857 1157 reciditur,
2891 1098 2948 1149 et
2995 1095 3331 1167 reprimitur
3367 1112 3625 1153 resurre-

1982 1177 2189 1232 ctionis
2210 1178 2648 1235 luxuria.0mne
2674 1188 2866 1237 tamen
2890 1185 3044 1253 quod
3064 1186 3623 1256 purgatur,speciem

1981 1265 2216 1333 amittit,
2252 1268 2647 1323 substantiam
2680 1286 2848 1325 suam
2882 1276 3093 1337 servat,
3126 1276 3303 1343 atque
3335 1273 3622 1329 meliorat.

1980 1353 2278 1424 Repressit
2347 1356 2527 1427 igitur
2587 1358 2869 1413 Dominus
2931 1359 3027 1431 qui
3088 1361 3214 1431 jam
3282 1362 3627 1433 purgatione

1981 1441 2182 1497 diluvii
2230 1461 2571 1516 corporeum
2612 1463 2786 1501 usum
2825 1447 2963 1519 (31),
3004 1449 3627 1522 conversationemque

1976 1532 2367 1602 generationis
2431 1535 2561 1603 ejus
2627 1551 2755 1605 quae
2822 1537 3271 1607 degeneraverat
3332 1553 3366 1591 a
3420 1538 3624 1594 decore

1978 1624 2198 1675 natura!
2241 1626 2299 1677 et
2340 1622 2556 1694 accepti
2602 1622 2882 1694 muneris,
2922 1629 3211 1680 venustat.
3253 1626 3384 1682 Haec
3414 1642 3623 1683 secun-

1976 1709 2115 1764 dum
2159 1708 2437 1766 litteram.
2489 1712 2650 1777 Quod
2697 1716 2891 1768 autem
2941 1714 3012 1769 ad
3063 1713 3327 1770 altiorem
3373 1716 3624 1787 pertinet

1977 1812 2214 1854 sensum
2267 1798 2466 1854 diluvii
2514 1801 2739 1871 species
2778 1805 2953 1874 typus
2982 1806 3071 1856 est
3103 1803 3466 1875 purgationis
3497 1803 3622 1858 aui-

1979 1901 2086 1940 mas
2118 1891 2347 1943 nostris.
2382 1889 2586 1959 Itaque
2616 1904 2749 1943 cum
2784 1906 2949 1944 mens
2984 1896 3181 1945 nostra
3210 1906 3272 1946 se
3303 1906 3337 1946 a
3359 1906 3623 1963 corpora-

1972 1973 2130 2030 libus
2162 1976 2367 2031 mundi
2399 1976 2578 2048 hujus
2607 1976 2898 2033 illecebris
2928 1979 3146 2050 quibus
3186 1983 3319 2034 ante
3368 1979 3620 2035 delecta-

1973 2063 2164 2131 batur,
2186 2063 2631 2129 abluerit,bonis
2661 2082 2894 2138 quoque
2924 2067 3379 2138 cogitationibus
3408 2068 3620 2123 veteris

1971 2151 2277 2207 colluviem
2309 2153 2650 2225 cupiditatis
2699 2156 3014 2227 absterget,
3045 2161 3325 2227 tanquam
3370 2156 3617 2228 puriori-

1970 2241 2083 2296 bus
2112 2241 2433 2297 absorbens
2463 2242 2632 2315 aquis
2660 2243 3030 2299 turbidarum
3061 2245 3226 2317 prius
3274 2245 3617 2300 amaritudi-

1971 2344 2106 2384 nem
2137 2329 2514 2386 ﬂuentorum.

2040 2418 2129 2471 47.
2165 2418 2226 2472 Et
2252 2420 2401 2488 fecit,
2433 2418 2642 2491 inquit,
2676 2422 2863 2476 omnia
2910 2421 3021 2476 Noe
3067 2436 3194 2492 quae
3239 2421 3521 2478 mandavit
3565 2425 3621 2478 ei

1968 2507 2230 2562 Dominus
2260 2507 2400 2561 Deus
2436 2507 2588 2575 (Gen.
2635 2525 2733 2575 vn,
2763 2509 2839 2579 5).
2867 2509 3074 2565 Justus
3131 2511 3407 2565 mandata
3451 2526 3615 2566 acce-

1969 2594 2074 2666 pit,
2107 2610 2311 2649 servus
2353 2594 2617 2667 imperia.
2651 2596 2755 2650 Hic
2801 2597 2973 2652 amici
3024 2602 3294 2653 censetur
3338 2598 3462 2653 loco
3510 2600 3611 2670 qui

1970 2682 2170 2738 fecerit
2200 2699 2565 2756 quaecunque
2592 2686 2963 2757 exsequenda
2993 2687 3313 2758 susceperit
3346 2705 3358 2742 :
3391 2686 3489 2742 ille
3510 2687 3609 2758 qui

1969 2776 2139 2826 nutat
2169 2772 2491 2843 obsequiis,
2522 2773 2679 2828 oneri
2731 2762 3030 2829 servitutis
3078 2775 3387 2830 addicitur.
3437 2774 3610 2831 Deni-

1968 2874 2082 2931 que
2113 2864 2170 2915 et
2198 2859 2483 2916 Dominus
2510 2861 2683 2917 Jesus
2712 2861 2855 2917 dicit
2882 2862 2937 2916 in
2972 2863 3308 2935 Evangelio:
3332 2866 3425 2920 Vos
3446 2865 3615 2920 amici

1968 2951 2081 3004 mei
2128 2951 2274 3016 estis,
2312 2952 2366 3005 si
2398 2952 2635 3021 feceritis
2672 2965 2797 3023 qum
2832 2952 3096 3023 przecipio
3134 2952 3301 3007 vobis.
3343 2954 3465 3008 lam
3500 2967 3615 3008 non

1967 3037 2147 3093 dicam
2202 3054 2292 3093 vos
2348 3054 2529 3093 servos
2584 3041 2761 3110 (Joan.
2814 3057 2907 3105 xv,
2961 3041 3027 3094 14
3063 3049 3115 3095 et
3153 3041 3263 3111 45).
3304 3041 3617 3096 Mandatur

1970 3142 2106 3197 ergo
2146 3132 2211 3181 ut
2247 3126 2455 3193 amico,
2498 3129 2811 3183 mandatur
2848 3133 2913 3183 ut
2950 3128 3002 3183 ei
3042 3130 3139 3201 qui
3194 3129 3385 3185 valida
3430 3129 3616 3185 chari-

1970 3219 2108 3280 tate,
2143 3214 2337 3271 sobrio
2395 3216 2637 3271 consilio
2669 3232 2736 3271 ea
2783 3233 2912 3288 quae
2957 3218 3236 3271 mandata
3265 3222 3422 3283 sunt,
3454 3234 3614 3273 exse-

1974 3307 2208 3383 quatur.
2269 3304 2382 3359 Nec
2447 3301 2650 3359 fefellit
2711 3303 3025 3359 Dominum
3058 3304 3349 3374 judicium
3418 3321 3615 3375 suum,

1972 3391 2236 3463 implevit
2256 3393 2458 3462 justus
2488 3392 2778 3458 universa,
2813 3408 2927 3447 non
2960 3391 3314 3463 partem,sed
3348 3393 3620 3449 universa

1973 3496 2101 3551 quas
2160 3481 2440 3535 mandata
2494 3484 2633 3535 sunt
2681 3480 2767 3546 ei;
2809 3485 2866 3535 et
2901 3479 3030 3535 ideo
3071 3478 3381 3552 Scriptum
3410 3481 3619 3536 divinas

1974 3568 2197 3640 accepit
2225 3568 2651 3623 testimonium.
2684 3568 2799 3624 Nec
2829 3568 3194 3641 superﬂuum
3257 3574 3426 3642 putes
3484 3569 3622 3641 quia

1974 3656 2151 3711 simul
2185 3656 2379 3728 posuit
2410 3655 2726 3712 Dominum
2755 3661 2811 3712 et
2840 3657 3045 3725 Deum,
3075 3674 3212 3713 nam
3268 3661 3326 3715 et
3372 3658 3528 3715 Deus
3560 3658 3620 3713 in

1974 3745 2239 3807 Domino,
2271 3751 2329 3800 et
2359 3744 2641 3800 Dominus
2672 3745 2730 3800 in
2767 3750 2877 3801 Deo
2912 3763 2924 3802 :
2959 3746 3058 3802 sed
3093 3751 3157 3801 ut
3193 3746 3379 3802 Patris
3429 3750 3487 3803 et
3530 3746 3621 3803 Fi-

1975 3831 2038 3887 lii
2074 3832 2366 3905 intelligas
2414 3850 2727 3889 commune
2774 3839 3149 3907 prmceptum.
3184 3834 3375 3907 Aliqui
3424 3840 3621 3891 tamen

1978 3924 2111 3975 ante
2140 3937 2246 3975 nos
2268 3920 2352 3976 sic
2383 3920 2748 3993 interpretati
2779 3927 3011 3987 sunt,eo
3042 3923 3197 3993 quod
3231 3922 3545 3978 Dominum
3568 3927 3626 3977 et

1977 4008 2161 4063 Deum
2193 4008 2436 4064 dicendo
2468 4010 2577 4065 hoc
2606 4009 2752 4075 loco,
2784 4016 2843 4066 et
2887 4010 3238 4065 vindicaturi
3283 4016 3336 4066 et
3378 4009 3627 4082 ignosci-

1978 4097 2092 4152 turi
2127 4096 2421 4167 geminam
2454 4099 2805 4169 expresserit
2851 4101 3231 4170 potestatem;
3279 4101 3338 4152 et
3383 4097 3482 4168 qui
3532 4096 3628 4153 hic

1980 4184 2236 4239 vindicat
2263 4184 2425 4256 prius
2478 4186 2534 4240 in
2570 4190 2917 4257 peccatores,
2951 4186 3080 4240 ideo
3126 4189 3264 4240 ante
3311 4184 3627 4241 Dominum

1984 4273 2226 4341 dixerit;
2261 4273 2538 4345 quoniam
2569 4291 2700 4329 vero
2729 4280 2949 4345 postea,
2981 4279 3047 4328 ut
3075 4272 3217 4344 justi
3247 4274 3630 4329 seminarium

1989 4367 2346 4434 propagetur
2375 4361 2659 4435 indulget,
2694 4363 2820 4418 ideo
2855 4367 3030 4417 Deum
3064 4366 3266 4434 postea
3303 4361 3635 4417 nominave-

1990 4450 2085 4505 rit.
2121 4450 2383 4522 Denique
2431 4451 2691 4506 l‘acturus
2742 4450 3030 4505 mundum
3082 4450 3237 4505 Deus
3281 4449 3497 4505 dicitur
3529 4467 3541 4505 :
3573 4450 3636 4505 In

1989 4540 2266 4611 principio
2292 4542 2423 4609 fecit
2455 4540 2591 4595 Deus
2621 4540 2815 4594 emtum
2842 4542 2893 4594 et
2920 4543 3143 4595 terram.
3184 4539 3250 4593 Et
3293 4538 3439 4594 dixit
3474 4540 3634 4606 Deus,

219 4631 563 4688 Iudaeorum
594 4628 743 4701 (29)!
779 4628 962 4684 Homo
992 4627 1200 4700 spiritu
1234 4628 1336 4684 Dei
1368 4627 1592 4693 scribit,
1616 4632 1674 4683 et
1705 4628 1880 4684 homo
1915 4636 1959 4700 ι)
1991 4626 2089 4697 ﬁat
2120 4629 2220 4682 lux
2248 4626 2399 4699 (Gen.
2434 4645 2472 4694 ι,
2510 4630 2558 4697 1,
2589 4629 2667 4698 3).

224 4719 333 4775 sub
362 4718 494 4792 lege
525 4716 809 4782 nutritus,
837 4720 898 4771 et
945 4714 1030 4770 illi
1072 4715 1278 4771 volunt
1318 4715 1505 4772 Deum
1557 4720 1883 4772 atramento

230 4805 560 4880 scripsisse,
595 4820 712 4860 non
744 4803 978 4876 spiritu.

297 4896 385 4951 46.
411 4894 586 4966 Ergo,
621 4895 687 4948 ut
711 4893 784 4947 ad
815 4886 1474 4963 superiora'redeamus,
1528 4892 1697 4947 debet
1729 4893 1884 4948 Deus

232 4981 720 5040 resurrectionem
766 4978 981 5047 carnis,
1010 4983 1289 5053 tanquam
1341 4976 1882 5052 apicum'scriptio-

235 5078 395 5132 nem;
428 5086 549 5142 quo
588 5068 923 5125 declaratur
969 5069 1123 5140 quod
1175 5068 1532 5141 superﬂuam
1582 5068 1882 5123 hominum

234 5159 601 5216 nativitatem
668 5161 905 5230 propter
974 5157 1333 5229 impietatem
1420 5157 1549 5228 ejus
1614 5156 1889 5213 deleverit

233 5249 423 5321 specie
460 5246 823 5314 litterarum;
865 5244 1254 5301 substantiam
1294 5249 1491 5301 autem
1548 5249 1603 5301 et
1656 5262 1888 5301 conver-

296 5426 411 5496 (29)
445 5425 531 5480 Ita
553 5439 712 5496 imas.
752 5422 943 5492 Corb.,
996 5422 1221 5496 Loug.,_
1255 5422 1411 5478 Vale.
1446 5427 1503 5478 et
1550 5421 1714 5477 Colb.
1747 5439 1882 5478 cum

232 5501 339 5551 vet.
372 5494 514 5552 edit.
551 5494 717 5549 Rom.
749 5498 967 5565 autem,
998 5509 1029 5550 ο
1052 5494 1402 5565 sacrilegum.
1434 5509 1464 5549 ο
1513 5496 1759 5564 ineptum
1790 5509 1886 5563 po-

230 5568 423 5638 pulum
448 5564 783 5638 .ludzeorum.
815 5564 954 5622 Cod.
988 5565 1142 5635 Vat.,
1173 5581 1203 5620 o
1249 5566 1598 5638 sacrilegium
1639 5567 1886 5635 ineptum

234 5636 566 5696 ludmorum.
623 5636 767 5692 Maz.
812 5637 1074 5708 tandem,
1132 5652 1163 5691 ο
1222 5636 1576 5706 sacrilegium
1633 5638 1883 5708 ineptum

232 5711 417 5782 populi
442 5708 781 5767 Iudaeorum.

2607 4715 2838 4771 CAPUT
2874 4715 3016 4771 XIV.

1992 4804 2275 4859 Diluvium
2306 4821 2469 4859 verno
2496 4808 2733 4876 tempore
2757 4805 3034 4873 accidisse,
3056 4809 3117 4860 ut
3137 4806 3315 4873 magis
3342 4804 3641 4876 eoucrueia-

2066 4884 2260 4930 rentur
2314 4876 2558 4931 homines
2580 4874 2615 4941 ς’
2638 4882 2687 4931 et
2741 4881 3129 4932 sexcentesimo
3187 4890 3332 4929 anno
3388 4874 3517 4939 Noe,
3578 4881 3639 4927 ut

2065 4948 2352 5001 hominum
2400 4949 2651 5003 interitus
2692 4964 2813 5001 cum
2849 4964 3037 5002 eorum
3069 4948 3342 5001 creatione
3376 4959 3638 5013 congrue-

2069 5026 2166 5072 ret.
2204 5019 2337 5072 [lem
2370 5034 2472 5089 per
2509 5020 2747 5088 fontium
2779 5018 2965 5090 abyssi
3000 5026 3050 5071 et
3085 5021 3499 5090 cataractarum
3522 5013 3646 5090 στεέί

2067 5082 2382 5157 ruptioneni
2426 5082 2624 5144 mentis
2672 5082 3118 5159 atque'corporis
3146 5085 3421 5141 diluvium
3449 5082 3641 5153 signﬁ-

2065 5175 2203 5214 cari.

2070 5247 2157 5301 48.
2191 5247 2292 5302 Est
2320 5246 2494 5301 etiam
2527 5245 2626 5301 illa
2659 5263 2773 5302 non
2806 5244 3203 5319 perfunctoria
3231 5241 3639 5311 consideratio,

2069 5423 2184 5493 (30)
2216 5422 2366 5476 Edit.
2400 5439 2625 5489 omnes,
2677 5425 2889 5493 generis
2934 5438 3153 5479 servare
3195 5423 3426 5478 humani
3453 5422 3646 5477 voluit.

1998 5494 2150 5570 Mss._
2170 5493 2356 5570 _Cplb.,
2392 5494 2585 5554 Corb.,
2616 5494 2795 5565 Long.
2827 5494 3073 5570 et__l\Ia_z..
3093 5499 3157 5549 ut
3186 5495 3247 5549 in
3276 5498 3456 5570 tes-tu.

2070 5565 2181 5645 (Si)
2204 5564 2299 5645 hlta
2332 5580 2473 5644 mss.
2508 5562 2761 5645 qustu-or
2793 5562 3258 5645 meliorismotaa.
3289 5562 3400 5645 Alii
3429 5576 3564 5616 vero
3596 5563 3653 5616 et

1998 5636 2161 5703 edit.,
2193 5636 2457 5697 Dominus
2502 5637 2829 5706 purgatione
2859 5636 3129 5690 diluvii...
3162 5636 3409 5692 muneris
3454 5645 3651 5685 venus-

2000 5710 2125 5761 tate.
3416 5735 3423 5743 ε
