3878 6208
207 377 325 444 103

1663 375 1729 440 S.
1775 371 2151 438 AMBROSII

3472 377 3588 443 404

210 511 365 590 quod
396 508 818 571 sexcentesimo
852 527 1005 569 anno
1033 511 1168 579 Noe,
1204 528 1403 568 mense
1434 510 1692 568 secuudo
1717 508 1848 581 (32),
1882 508 1933 576 Α
1964 508 2193 565 constat
2232 504 2405 564 istius
2453 503 2658 563 mundi
2708 521 2881 564 omne
2927 504 3300 581 principium.
3331 506 3588 583 Undique

207 602 487 662 vicesima
514 606 571 659 et
598 603 849 676 septima
896 602 1116 659 mensis
1166 602 1227 657 fit
1277 600 1581 657 diluvium.
1634 600 1853 656 Secun-

211 693 355 750 dum
384 708 647 748 mensem
678 690 836 747 verni
875 706 1003 747 esse
1032 690 1310 762 temporis
1351 707 1466 746 non
1513 687 1855 760 ambigitur,

214 781 447 856 quando
479 784 769 854 augentur
798 778 1261 852 nascentia.ager
1290 774 1855 852 parturit,terrarum

213 870 432 944 pariter
459 874 631 942 atque
672 869 1061 925 animantium
1115 868 1303 924 fetura
1352 883 1411 923 se
1460 866 1671 922 fundit.
1698 866 1859 921 Tunc

212 975 349 1032 ergo
407 958 538 1014 fecit
587 957 895 1026 diluvium,
948 958 1098 1014 247
1150 957 1385 1029 quando
1437 954 1603 1011 dolor
1657 970 1859 1010 eorum

214 1047 402 1118 major
432 1046 597 1115 foret,
645 1046 745 1118 qui
790 1046 848 1101 in
894 1063 1003 1102 sua
1034 1046 1400 1101 abundantia
1446 1043 1859 1117 puniebantur,

212 1140 352 1192 tunc
384 1134 528 1191 ultio
558 1134 874 1190 terribilior
902 1138 1185 1206 tanquam
1218 1132 1496 1190 discentis
1540 1133 1639 1189 Dei
1676 1150 1689 1187 :
1722 1134 1864 1188 Ecce

215 1224 416 1282 omnia
445 1224 771 1280 secundum
824 1222 1192 1279 liberalitatis
1238 1222 1442 1278 divina:
1491 1220 1864 1295 providentia:

215 1312 465 1387 gratiam
515 1312 677 1368 dives
735 1315 945 1368 natura
992 1311 1304 1384 generavit,
1337 1310 1535 1366 omnia
1577 1311 1634 1365 in
1688 1326 1861 1365 usum

216 1400 527 1458 hominum
594 1400 943 1472 germinavit
1013 1405 1167 1456 terra
1236 1399 1556 1465 fecundior,
1639 1402 1863 1471 segetes

218 1491 578 1563 spectantur,
636 1488 829 1543 tritico
898 1492 954 1543 et
1024 1488 1235 1543 hordeo
1292 1488 1483 1561 campi
1544 1485 1863 1560 replentur,

217 1594 396 1635 comm
427 1577 701 1632 arborum
724 1577 953 1633 venturi
988 1577 1214 1633 fructus
1244 1577 1487 1633 ﬂoribus
1514 1577 1863 1644 vestiuntur;

218 1682 335 1723 non
367 1666 531 1722 deest
559 1669 714 1721 terra
744 1665 1040 1738 obsequiis
1071 1665 1218 1734 suis,
1253 1683 1365 1721 non
1415 1666 1614 1722 bestia:
1654 1666 1868 1721 desunt

220 1754 568 1812 muneribus
597 1754 878 1825 suis,quaa
911 1753 1201 1810 solemnes
1231 1752 1539 1810 solvuntur
1560 1755 1617 1809 in
1643 1758 1865 1827 partus,

1963 614 2099 671 ergo
2141 597 2525 653 influentibus
2592 613 2878 669 aquarum
2943 596 3198 654 molibus
3261 598 3586 656 conclusum

1964 702 2151 759 genus
2182 684 2486 741 hominum
2542 689 2889 758 perurgetur
2932 686 3072 757 (33).
3112 685 3242 742 Haec
3284 688 3591 743 secundum

1964 773 2241 830 litteram.
2266 773 2426 838 Quod
2459 778 2657 828 autem
2688 774 2759 828 ad
2793 773 3057 830 altiorem
3080 774 3327 846 pertinet
3345 791 3596 843 sensum,

1968 862 2095 919 caeli
2155 861 2420 936 symbolo
2473 879 2640 918 mens
2694 862 2957 918 humana
3014 863 3394 937 significatur,
3443 870 3596 921 terra!

1970 957 2166 1008 autem
2196 950 2583 1023 appellatione
2614 967 2825 1023 corpus
2855 955 2911 1008 et
2936 969 3171 1009 sensus.
3196 953 3406 1025 Magna
3432 953 3602 1027 igitur

1970 1041 2296 1119 naufragia,
2330 1040 2563 1112 quando
2595 1040 2808 1096 mentis
2839 1042 3056 1113 pariter
3084 1044 3141 1096 et
3170 1040 3428 1114 corporis
3474 1059 3595 1097 sen-

1971 1146 2260 1201 suumque
2313 1129 2575 1184 omnium
2636 1130 2808 1184 turbo
2855 1133 2912 1184 et
2959 1129 3213 1202 procella
3270 1130 3598 1186 miscentur.

1972 1218 2289 1291 Diligenter
2319 1217 2471 1272 dicta
2502 1217 3193 1291 pensemus.Plerumque
3226 1219 3384 1275 fraus
3401 1220 3603 1275 mentis

1972 1312 2031 1364 et
2073 1307 2243 1363 dolus
2295 1323 2468 1361 suum
2525 1312 2794 1363 exercent
2820 1323 3128 1374 venenum,
3164 1309 3265 1363 sed
3299 1313 3487 1364 tamen
3519 1325 3605 1364 so-

1973 1395 2191 1453 brietas
2222 1395 2480 1467 corporis
2511 1400 2568 1449 et
2597 1394 2954 1451 continentia
3000 1396 3357 1452 obumbrant
3405 1397 3608 1453 mentis

1976 1484 2434 1557 improbitatem.
2474 1484 2830 1557 Frequenter
2867 1483 3086 1541 incerto
3116 1484 3252 1541 ﬁdei
3283 1488 3456 1556 atque
3489 1485 3610 1557 opi-

1974 1573 2168 1629 nionis
2222 1589 2343 1628 suae
2401 1589 2568 1629 mens
2626 1572 2853 1629 lubrica
2908 1573 3060 1631 248
3099 1577 3211 1638 est,
3267 1574 3369 1630 sed
3426 1578 3615 1630 tamen

1977 1679 2109 1720 caro
2169 1660 2393 1718 deliciis
2446 1665 2503 1717 et
2548 1660 2778 1717 luxuria
2824 1667 3010 1729 vacat,
3060 1667 3126 1718 ut
3172 1662 3479 1737 frugalitas
3510 1662 3619 1735 (34)

1977 1767 2233 1808 errorem
2266 1750 2480 1806 mentis
2508 1753 2764 1818 excuset,
2799 1750 2952 1807 sicut
2999 1750 3171 1806 multi
3226 1754 3368 1807 sunt
3408 1751 3622 1807 heareti«

223 1846 291 1898 ut
327 1841 554 1898 homini
594 1841 741 1897 nihil
787 1842 967 1910 desit;
1003 1842 1177 1899 homo
1223 1843 1383 1899 solus
1430 1842 1698 1915 partibus
1742 1842 1868 1899 suis
1897 1877 1945 1941 B
1978 1856 2180 1896 eorum
2213 1838 2313 1911 qui
2354 1839 2710 1938 praetendere
2757 1838 2960 1895 volunt
3011 1839 3279 1912 corporis
3328 1839 3620 1937 continen-

222 1932 409 1999 deest,
439 1930 626 1987 nescit
676 1934 973 1987 auctorem
1019 1948 1194 1987 suum
1227 1948 1262 1987 a
1289 1949 1404 2004 quo
1434 1932 1485 1988 ei
1516 1931 1715 1988 omnia
1754 1931 1868 1987 mi-

224 2019 572 2088 nistrentur,
638 2019 880 2093 negligit
933 2020 1313 2077 conditorem.
1382 2020 1632 2093 Despicit
1694 2020 1870 2076 homo

223 2112 719 2166 remuneratorem
753 2126 951 2176 suum,
992 2126 1127 2165 cum
1166 2109 1321 2166 Βθυε
1351 2126 1500 2182 opus
1547 2126 1724 2166 suum
1755 2125 1871 2165 non

225 2197 573 2269 despexerit.
605 2197 851 2253 Pereant
896 2214 1030 2254 cum
1089 2191 1328 2254 homine
1379 2198 1597 2267 omnia,
1640 2202 1876 2271 propter

227 2301 402 2358 quem
433 2288 572 2340 nata
600 2289 739 2341 sunt
767 2286 1055 2342 omnia.ln
1089 2286 1214 2343 suis
1245 2286 1462 2343 divitiis
1494 2291 1876 2344 consumatur

226 2374 424 2442 homo,
458 2390 593 2430 cum
643 2392 751 2430 sua
797 2376 930 2432 dote
979 2375 1283 2431 moriatur.
1316 2375 1471 2433 Nihil
1519 2380 1652 2433 ante
1682 2376 1871 2432 homi-

228 2479 363 2520 nem
402 2465 558 2519 terra
587 2462 933 2535 deliquerat,
975 2463 1153 2520 nullis
1203 2466 1417 2520 erravit
1446 2466 1505 2521 in
1538 2465 1823 2522 fructibus
1857 2483 1870 2533 ;

227 2552 291 2607 in
320 2550 559 2607 homine
588 2550 712 2607 solo
742 2568 804 2608 se
834 2552 1215 2625 degenerasse
1245 2554 1563 2627 cognoscit,
1587 2554 1788 2626 spinas
1818 2560 1876 2610 et

229 2639 478 2696 tribulos
508 2656 613 2711 pro
643 2640 932 2697 fructibus
970 2641 1181 2698 ferens.
1214 2641 1373 2705 Quod
1421 2642 1611 2698 solum
1658 2659 1876 2699 munus

235 2727 579 2784 admirabile
635 2732 742 2795 est,
798 2728 1119 2802 principale
1184 2730 1399 2785 mentis
1466 2729 1705 2786 interiit.
1764 2732 1879 2787 Cur

232 2816 414 2890 igitur
441 2817 639 2873 omnia
654 2816 757 2872 illa
776 2818 1117 2874 servantur?
1147 2818 1280 2874 Ideo
1311 2835 1424 2874 non
1448 2823 1583 2891 post
1610 2818 1878 2877 collectos

235 2905 463 2961 fructus
493 2904 826 2960 infunditur
844 2922 1095 2978 aqua,ne
1112 2907 1460 2962 beneﬁcium
1493 2908 1682 2981 magis
1699 2925 1877 2981 quam

236 2991 521 3047 diluvium
550 2995 707 3048 terra
736 2993 997 3049 sentiret.
1031 2994 1292 3066 Denique
1320 3011 1493 3050 verno
1524 2997 1677 3068 apud
1708 2996 1876 3071 Egy-

1976 1929 2143 1995 tiam,
2176 1931 2242 1983 ut
2271 1927 2609 1983 assertionis
2658 1944 2780 1982 suae
2828 1928 3003 1983 ﬁdem
3051 1928 3396 1984 testimonio
3425 1927 3629 1984 sobria:

1979 2015 2172 2073 carnis
2229 2014 2697 2088 acquirant;etsi
2750 2033 2924 2072 sensu
2979 2015 3210 2085 lubrici,
3262 2021 3461 2073 tamen
3514 2033 3624 2088 quo

1980 2106 2179 2163 minus
2208 2108 2429 2178 turpes,
2463 2104 2761 2177 aliquanto
2805 2104 3268 2162 excusabiliores
3317 2105 3621 2162 habentur.

1982 2195 2128 2251 Cum
2158 2198 2354 2250 autem
2397 2209 2620 2250 venena
2661 2193 2896 2260 mentis,
2927 2197 2985 2250 et
3023 2194 3295 2267 contagia
3342 2210 3622 2267 corporeis

1982 2282 2358 2341 obscenitatis
2389 2299 2628 2338 sensum
2680 2299 2913 2338 omnem
2962 2282 3344 2356 vigoremque
3395 2282 3643 2342 confun-,

1984 2374 2132 2429 dunt
2160 2373 2302 2444 (35);
2349 2376 2523 2443 atque
2569 2369 2803 2426 animus
2849 2369 3069 2425 incerto
3118 2369 3389 2427 lubricus
3446 2375 3626 2438 motu,

1985 2461 2219 2518 malitias
2250 2460 2465 2517 fetidus
2496 2462 2843 2526 atramento,
2876 2458 3244 2516 crudelitatis
3278 2460 3475 2516 furore
3505 2476 3634 2516 suc-

1984 2549 2401 2617 census,etiam
2432 2547 2834 2621 corporalibus
2860 2547 3097 2621 ﬂagitiis
3119 2548 3637 2617 ineitatur,avarus

1986 2655 2220 2712 quoque
2251 2639 2491 2694 affectus
2522 2637 2836 2710 impatiens
2862 2636 3248 2693 mediocrium
3268 2637 3641 2705 facultatum,

1987 2727 2226 2785 luxuria:
2275 2727 2615 2799 cupiditate,
2646 2725 3098 2798 effundendique
3146 2726 3552 2800 praecipitatur
3580 2726 3639 2780 in
3708 2791 3713 2796 ,

1988 2817 2214 2874 facinus
2245 2815 2580 2888 appetendis
2629 2814 2837 2870 salutis
2885 2814 3122 2880 alienae;
3151 2819 3297 2871 tunc
3361 2831 3642 2890 magnum

1986 2909 2074 2961 est
2103 2904 2390 2960 diluvium
2415 2902 2690 2959 omnibus
2717 2903 2934 2974 pariter
2963 2902 3386 2976 ingruentibus
3418 2904 3643 2978 passio-

1988 2994 2198 3077 nibus,‘
2234 2996 2374 3049 tunc
2423 3008 2484 3048 se
2529 2991 2888 3064 insipientia,
2945 2991 3264 3063 injustitia,
3317 2993 3643 3060 temeritas,

233 3080 389 3153 ptios
419 3084 701 3154 tempore,
733 3082 830 3138 sed
876 3099 1076 3139 mense
1121 3083 1347 3140 diverso
1394 3083 1559 3139 Nilus
1601 3086 1878 3158 exundat,
1985 3082 2353 3155 improbitas,
2393 3080 2636 3153 perfidia
2684 3080 2756 3135 de
2804 3078 3089 3153 superiori
3142 3085 3313 3152 parte
3359 3085 3645 3154 tanquam

236 3172 302 3225 ut
338 3169 629 3242 jaciendis
670 3170 997 3228 seminibus
1043 3174 1199 3227 terra
1245 3171 1567 3240 mollescat,
1608 3178 1667 3230 et
1712 3175 1875 3230 blan-
1926 3241 1934 3242 γ
1987 3174 2288 3229 cataracta:
2336 3169 2553 3225 mentis
2590 3168 2859 3223 videntur
2903 3168 3221 3225 effundere.
3276 3170 3420 3225 Inde
3449 3186 3643 3226 erum-

235 3241 396 3315 diore
459 3258 616 3327 sinu,
684 3259 1053 3316 clementiore
1118 3260 1338 3333 gremio
1405 3261 1632 3317 semina
1696 3262 1879 3318 missa
1908 3241 1951 3307 C
1991 3264 2138 3332 punt
2167 3259 2239 3315 de
2268 3257 2526 3331 corporis
2574 3257 2731 3313 fonte
2776 3255 2992 3312 terreni
3020 3255 3226 3323 libido,
3271 3257 3649 3327 temulentis,

235 3346 654 3419 suscipiantur.
690 3350 849 3414 Quod
882 3354 1075 3406 autem
1105 3350 1525 3406 sexcentesimo
1556 3350 1674 3407 Noe
1725 3342 1880 3408 anno
1989 3347 2240 3415 luxuria,
2291 3351 2586 3420 postremo
2641 3345 3003 3401 diversorum
3066 3344 3391 3402 criminum
3457 3345 3650 3420 prola-

232 3435 297 3490 ﬂt
328 3434 637 3506 diluvium,
661 3437 803 3493 illud
835 3438 1062 3494 videtur
1089 3439 1395 3494 ostendere
1426 3439 1567 3511 quia
1595 3444 1755 3496 sexto
1786 3440 1879 3497 die
1989 3436 2246 3510 psiones,
2280 3452 2406 3508 qum
2436 3434 2668 3507 penitus
2692 3437 2749 3490 et
2777 3434 3036 3506 corporis
3065 3434 3251 3490 robur
3301 3439 3363 3492 et
3386 3435 3655 3508 vigorem

228 3523 413 3579 Adam
445 3528 675 3581 creatus
704 3529 812 3581 est.
846 3527 1003 3601 Idem
1028 3543 1332 3598 numerus,
1363 3526 1471 3583 hoc
1501 3531 1609 3594 est,
1640 3528 1740 3600 qui
1773 3545 1880 3602 par
1987 3526 2202 3584 mentis
2232 3523 2589 3582 effeminant.

230 3611 467 3679 dicitur,
517 3616 575 3668 et
618 3613 679 3668 in
729 3617 962 3671 auctore
1008 3619 1065 3671 et
1109 3615 1168 3670 in
1217 3619 1545 3689 reparatore
1577 3622 1871 3687 servatur;
2615 3629 2847 3686 CAPUT
2888 3629 3003 3686 XV.

231 3700 370 3772 quia
421 3700 550 3756 fons
598 3702 944 3792 sexagesimi
990 3692 1047 3759 et
1093 3705 1493 3761 sexcentesimi
1551 3710 1746 3762 sextus
1785 3712 1875 3763 est
1980 3725 2089 3779 per
2116 3737 2304 3777 ανεανη
2332 3737 2366 3775 α
2394 3721 2531 3792 foris
2562 3719 2805 3774 clausam
2851 3722 2901 3775 ct
2943 3735 3005 3775 ιη
3048 3720 3212 3792 aquis
3259 3722 3652 3790 ﬂuctuantem,

228 3804 533 3844 numerus.
601 3789 760 3846 Idem
833 3795 1028 3846 autem
1086 3795 1142 3846 et
1194 3792 1420 3864 primus
1476 3796 1533 3849 et
1586 3794 1872 3866 septimus
2051 3808 2245 3865 corpus
2274 3789 2512 3866 hominis
2538 3793 2686 3866 corio
2716 3793 2912 3846 tectum
2936 3797 2989 3846 et
3012 3789 3187 3866 variis
3206 3789 3456 3849 motibus
3477 3796 3655 3864 agita-

227 3877 450 3933 mensis
481 3878 712 3934 dicitur.
727 3878 838 3934 Sed
868 3880 1056 3951 magis
1083 3861 1341 3952 primum
1372 3861 1677 3938 observare
1703 3882 1872 3939 debe-
2051 3861 2209 3952 ίατίτῖ
2255 3879 2376 3952 Pe”.
2404 3861 2949 3952 ςαίτιφιξεὺηηαςιμγὲ
2964 3862 3395 3952 ραὺξιρξηιιμείδ
3442 3861 3657 3952 ἠδηὲβδ

610 3933 643 3934 η
910 3933 1845 3952 ηοηηηππ--“,-τμ--ν----
2418 3933 2423 3934 κ
3015 3951 3027 3962 _
3178 3933 3253 3961 ,κ

224 3979 388 4033 mus;
439 3968 591 4038 quod
641 3972 776 4040 post
813 3967 1099 4024 diluvium
1155 3985 1329 4024 verno
1374 3974 1637 4042 tempore
1685 3971 1872 4026 colen-
2047 3933 3317 4042 ffﬁer‘jf’fﬁ‘,“’;n’iﬁ?j“"3f,ﬁ’f“f,g,Sﬁﬁi‘iﬁ‘i
3358 3951 3654 4042 ait,ng

1577 4005 1650 4078 ff,
1685 4005 1872 4078 ‘f‘f'fmf
2048 4005 2157 4062 tein
2212 4008 2389 4061 omnis
2424 4006 2648 4078 carnis,
2680 4005 2926 4078 (animm
2952 4005 3317 4075 passionibus
3362 4005 3659 4078 corruptae

223 4052 432 4110 dorum
473 4073 615 4112 cura
662 4060 965 4130 reparetur
1012 4074 1309 4130 agrorum,
1339 4061 1396 4113 et
1440 4058 1651 4131 placidi
1693 4064 1851 4131 atqu:

2050 4080 2334 4159 interitum
2363 4052 2718 4159 adumbrarii
2741 4052 2996 4157 θηρονὺῶ
3024 4083 3216 4159 aute-131
3239 4052 3656 4159 praecipuae—

220 4142 420 4200 uberis
464 4144 573 4201 soli
604 4145 846 4218 incipiat
897 4148 1087 4203 fetura
1132 4147 1459 4220 procedere.
1488 4149 1611 4214 Quo
1641 4148 1864 4221 signiﬁ-

2047 4148 2231 4204 lendos
2253 4164 2381 4204 cum
2416 4150 2598 4218 Justus
2639 4147 2882 4210 interim,
2930 4147 3219 4201 exstinctis
3257 4147 3457 4218 pravis
3486 4149 3655 4204 moti-

221 4236 391 4287 catur
417 4250 717 4307 nunquam
743 4235 926 4291 Deum
967 4252 1034 4291 eo
1073 4252 1318 4291 numero
1354 4233 1444 4291 vel
1483 4239 1743 4308 tempore
1780 4237 1867 4291 in-

2047 4221 2164 4285 bus,
2196 4222 2256 4273 in
2285 4234 2506 4290 corpore
2532 4219 2694 4289 quasi
2719 4219 3073 4288 incorporeus
3102 4229 3426 4275 remaneat.

220 4319 458 4376 teritum
488 4321 796 4379 hominum
821 4324 1005 4380 fuisse
1032 4324 1347 4391 facturum,
1380 4340 1496 4395 quo
1526 4324 1662 4381 fecit
1698 4341 1863 4381 exor-
2044 4327 2132 4381 50.
2169 4326 2232 4379 Et
2279 4323 2477 4380 clausit
2532 4324 2794 4379 Dominus
2839 4339 2873 4378 a
2919 4324 3058 4393 fori:
3100 4339 3300 4381 arcam
3332 4324 3497 4396 (Gen.
3549 4340 3654 4392 vn,

220 4406 415 4477 dium;
467 4410 579 4466 nisi
629 4411 991 4468 immanibus
1020 4411 1248 4469 delictis
1289 4417 1443 4467 esset
1468 4413 1744 4470 offensus.
1774 4413 1864 4468 Si-
1975 4414 2084 4483 16).
2144 4413 2346 4468 Sermo
2406 4410 2754 4466 manifestus
2810 4414 2900 4466 est
2955 4410 3295 4467 secundum
3361 4411 3655 4470 litteram.

218 4495 343 4551 mul
367 4496 598 4553 veniam
627 4501 909 4571 temporis
958 4505 1016 4556 et
1061 4499 1291 4556 numeri
1338 4499 1484 4557 ratio
1531 4502 1859 4573 promittit;
1973 4500 2309 4558 Claudenda
2339 4500 2449 4556 fuit
2472 4504 2690 4568 arca,et
2718 4502 2843 4556 tuto
2876 4497 3154 4571 sepienda
3185 4501 3655 4571 munimine;ne

215 4584 373 4673 quod
404 4584 579 4673 etiam
607 4586 793 4643 iratus
824 4590 1207 4644 admoneatur
1253 4592 1374 4643 tam
1406 4590 1863 4660 praecedentibus
1893 4608 1939 4673 Ι)
1969 4607 2099 4648 eam
2154 4605 2301 4662 vaga
2357 4588 2561 4644 diluvii
2635 4587 2855 4644 ﬂuenta
2924 4592 3333 4660 penetrarent.
3411 4590 3659 4649 Altioris

214 4671 410 4728 causis
440 4672 858 4732 beneficiorum
889 4680 1226 4743 suorum,ut
1256 4693 1370 4733 non
1407 4681 1640 4748 penitus
1672 4678 1863 4735 deleat
1895 4671 1925 4673 ﬁ
1970 4694 2205 4752 quoque
2257 4694 2468 4733 sensus
2525 4693 2638 4732 non
2694 4676 3019 4749 incongrua
3082 4675 3543 4751 interpretatio,
3604 4680 3654 4736 si

211 4774 415 4817 eorum
447 4762 862 4831 substantiam,
894 4781 1043 4838 quos
1072 4765 1196 4838 ipse
1226 4765 1480 4820 donavit.
1969 4784 2181 4841 corpus
2232 4766 2559 4822 humanum
2612 4765 2704 4820 cui
2748 4782 2885 4821 arca
2927 4766 3051 4821 hac
3079 4781 3216 4837 quae
3254 4767 3653 4836 describitur,

282 4850 370 4905 49.
404 4852 473 4906 Et
528 4854 681 4925 rupti
721 4862 851 4910 sunt
892 4871 1075 4910 omnes
1119 4857 1295 4927 fonte:
1351 4854 1554 4927 abyssi,
1610 4863 1661 4911 et
1715 4864 1859 4912 cata-
1969 4857 2276 4929 figuratur,
2345 4859 2578 4927 septum
2657 4853 2814 4910 corio
2888 4853 3236 4925 judicemus
3310 4874 3349 4912 a
3430 4858 3655 4931 frigore

206 4946 370 4995 rectae
410 4941 536 4995 caeli
583 4945 785 5013 apertae
830 4948 962 5000 sunt
1010 4945 1162 5011 (Gen.
1208 4961 1308 5011 vn,
1344 4944 1452 5014 11).
1486 4944 1620 4999 Vim
1652 4943 1854 5000 diluvii
1966 4951 2230 5018 aestuque
2259 4942 2512 5009 defendi,
2547 4943 2701 5014 quod
2755 4942 2963 4999 artifex
3020 4943 3175 4998 Deus
3226 4945 3309 5001 ad
3366 4948 3651 5004 omnium

207 5028 617 5087 convenienter
646 5032 949 5105 Scriptura
977 5033 1281 5106 expressit,
1328 5033 1529 5088 dicens
1560 5031 1769 5088 coelum
1801 5038 1857 5089 et
1965 5033 2367 5089 membrorum
2455 5031 2872 5102 protectionem
2940 5029 3330 5090 naturalibus
3410 5034 3657 5092 vestivit

203 5117 417 5172 terram
448 5119 664 5191 pariter
705 5138 833 5178 esse
880 5125 1193 5189 commota,
1227 5138 1258 5176 e
1288 5121 1502 5193 quibus
1551 5120 1854 5178 elementis
1963 5119 2205 5189 exuviis,
2236 5123 2294 5175 et
2325 5118 2579 5192 quodam
2610 5118 2966 5174 circumfuso
2998 5118 3196 5175 induit
3228 5123 3651 5195 operimento,

272 5257 385 5328 (32)
415 5260 593 5315 Abest
624 5262 695 5317 ab
724 5263 1000 5319 omnibus
1029 5267 1157 5318 tum
1190 5279 1331 5317 mss.
1367 5266 1491 5315 tum
1523 5261 1661 5315 edit.
1702 5267 1852 5330 ant.,

199 5341 383 5405 mense
408 5330 661 5386 secundo.
698 5333 907 5405 Excipe
938 5340 1133 5390 tamen
1165 5334 1293 5405 eod.
1327 5335 1491 5398 Maz.,
1523 5333 1580 5387 in
1614 5349 1727 5405 quo
1761 5352 1849 5390 se-

202 5398 395 5452 cunda
425 5416 602 5455 manu
656 5398 991 5459 restitutum
1032 5410 1120 5460 est
1170 5423 1182 5460 :
1235 5404 1388 5459 sicut
1430 5408 1507 5467 et,
1550 5398 1852 5461 secundum

199 5482 473 5547 mensem;
504 5471 826 5547 ubiprima
857 5492 1033 5547 manu
1071 5476 1247 5532 habet
1276 5491 1409 5531 cum
1440 5474 1634 5543 Corb.,
1663 5475 1846 5546 Valc.,

198 5541 379 5616 Long.
415 5540 687 5616 e_t__Colb1,
717 5541 1029 5616 septimum.

272 5554 379 5664 ing.
415 5554 473 5594 et
502 5554 687 5620 pom,
717 5554 1029 5627 septimum.

272 5608 326 5679 (3
367 5610 566 5688 )_E_d1t.
591 5614 717 5669 Am.
752 5621 810 5671 et
837 5618 971 5672 Gl“.
1006 5633 1139 5672 cum
1169 5633 1280 5672 ms.
1326 5617 1492 5682 Maz.,
1542 5622 1851 5688 purgetur;

202 5676 333 5736 Era.
367 5676 426 5737 et
457 5681 624 5739 Rom.
659 5700 793 5741 cum
826 5687 958 5745 aliis
991 5704 1158 5755 mss.,
1180 5676 1531 5759 perurgetur.

2032 5264 2142 5337 (34)
2174 5262 2388 5337 omnes
2416 5261 2655 5337 omnino
2685 5261 2964 5337 edit.c_um
2996 5262 3347 5321 mss.Torn.
3383 5284 3458 5324 ac
3489 5268 3651 5334 Vat.,

1958 5333 2309 5390 et‘luxuriw
2366 5340 2541 5398 vacat,
2571 5336 2632 5386 ut
2695 5333 2995 5403 fragilitas.
3056 5338 3132 5387 At
3196 5351 3358 5393 mss.
3444 5340 3653 5403 Corb.,

1958 5405 2115 5462 Colb.
2176 5409 2233 5459 et
2289 5404 2430 5475 Maz.
2494 5419 2630 5458 cum
2692 5404 2902 5459 Latinii
2962 5405 3340 5475 conjectura,
3407 5411 3651 5466 luxuria

1956 5485 2145 5538 vacat;
2201 5479 2257 5531 et
2314 5474 2481 5529 Corb.
2542 5491 2676 5529 cum
2735 5475 2937 5531 eodem
2997 5474 3221 5542 Latin.,
3276 5487 3344 5535 ut
3402 5482 3656 5555 frugali-

1957 5557 2060 5604 tas.

2027 5618 2137 5690 (35)
2167 5617 2315 5672 Edit.
2347 5630 2575 5686 omnes,
2605 5619 2862 5673 virorem.
2895 5621 3031 5674 Mss.
3065 5621 3285 5677 contra
3336 5638 3487 5680 cum
3537 5624 3649 5681 La-

1952 5687 2127 5761 tinio,
2156 5690 2414 5760 vigorem.
