3878 6208
171 407 261 474 405
1357 408 1590 475 LIBER
1630 407 1734 472 DE
1777 403 1938 472 NOE
1979 401 2081 471 ET
2122 405 2353 473 ARCA.

3435 406 3557 476 406

168 549 219 604 ut
240 560 417 620 neque
444 545 679 623 frigora
696 544 1199 622 congelascatmec
1227 545 1423 603 aestivo
1454 543 1644 602 calore
1675 542 1790 601 snl-
1820 543 1879 611 Α
1975 545 2065 602 53.
2100 544 2302 602 Merito
2333 548 2566 603 mortua
2595 549 2686 603 est
2713 543 2909 603 omnis
2938 560 3073 603 caro
3105 560 3235 620 qua
3282 547 3558 605 moveba-

169 639 321 693 vatur.

219 727 299 782 51.
325 726 661 784 Exundavit
716 726 896 800 igitur
950 743 1126 799 aqua,
1183 730 1243 782 et
1296 724 1504 781 levavit
1560 742 1783 793 arcam,

166 820 211 871 et
234 814 523 871 ferebatur
553 831 733 888 super
761 831 1062 872 summum
1092 831 1401 887 aquarum.
1420 814 1542 870 Non
1578 813 1784 869 imme-

164 904 254 960 rito
279 904 594 960 exundavit
622 921 792 977 aqua,
825 904 1059 977 quando
1086 903 1218 961 caeli
1249 907 1551 960 cataracta:
1574 907 1784 975 apertae
1834 972 1843 981 ο

161 997 297 1060 sunt,
319 996 377 1049 et
406 993 480 1049 de
508 997 667 1049 terra
693 993 849 1065 rupti
881 997 1021 1049 sunt
1049 992 1238 1048 fontes
1268 1008 1558 1063 aquarum
1590 995 1647 1046 et
1678 991 1782 1046 ﬂu-

158 1082 319 1137 mina.
351 1082 517 1150 Uuod
550 1097 766 1154 magna
793 1081 1061 1155 emphasi
1091 1081 1314 1136 dictum
1339 1084 1448 1136 est.
1482 1080 1590 1135 Ubi
1626 1080 1783 1135 enim

156 1170 387 1244 emptio,
427 1170 508 1226 ibi
568 1170 964 1227 irrevocabilis
998 1168 1202 1225 effusio
1246 1172 1323 1224 sit
1369 1185 1605 1224 necesse
1660 1171 1783 1235 est;

155 1276 246 1315 nec
272 1259 507 1316 retineri
535 1259 724 1315 facilis
745 1259 1072 1332 ingentium
1097 1258 1389 1330 prolapsio
1410 1258 1783 1313 ﬂuentorum.

155 1347 516 1404 Manifestum
564 1352 653 1404 est
700 1348 882 1421 igitur
910 1348 1064 1420 quod
1118 1346 1401 1419 scriptum
1431 1350 1537 1402 est.
1570 1346 1784 1401 Verum

154 1437 195 1491 si
239 1436 415 1493 altius
462 1437 843 1511 spectandum
892 1441 1083 1509 putes,
1114 1453 1249 1492 caro
1294 1439 1493 1491 nostra
1540 1434 1787 1490 diversis

151 1526 397 1598 agitatur
425 1530 485 1583 et
513 1525 642 1582 freti
674 1525 847 1582 modo
876 1525 1123 1582 ﬂuctuat
1150 1523 1543 1598 passionibus,
1570 1524 1787 1595 quibus

149 1613 251 1670 huc
275 1618 453 1687 atque
483 1613 622 1670 illuc
650 1618 929 1686 tanquam
952 1630 1129 1686 super
1158 1613 1348 1669 undas
1378 1612 1784 1668 molestiarum

149 1719 379 1759 suarum
442 1720 597 1758 nunc
649 1702 822 1770 fame,
875 1718 1032 1758 nunc
1084 1702 1205 1768 siti,
1237 1717 1392 1757 nunc
1444 1700 1785 1784 cupiditate.

147 1808 291 1847 nunc
320 1790 561 1863 gaudio,
594 1807 750 1847 nunc
776 1790 973 1847 dolore
993 1792 1277 1863 jactatur.

204 1881 294 1977 5_2.
326 1879 479 1977 Illud
506 1896 738 1952 quoque
769 1897 880 1935 non
908 1879 1472 1977 praetermittendum
1512 1878 1784 1977 arbitror,
1815 1911 1864 1977 Β

145 1969 274 2041 quia
297 1968 600 2042 Scriptura
627 1986 743 2025 non
774 1967 1066 2041 praeteriit,
1088 1968 1327 2042 quantis
1354 1984 1599 2024 numero
1630 1969 1782 2024 240

146 2057 349 2115 cubitis
378 2074 535 2130 aqua
562 2074 740 2130 super
766 2064 980 2114 terram
1015 2057 1217 2125 fuerit;
1257 2056 1594 2129 quindecim
1623 2057 1780 2112 enim

146 2148 349 2203 cubitis
376 2164 557 2221 super
578 2146 835 2203 excelsos
863 2150 1091 2204 montes
1136 2162 1353 2218 aquam
1404 2145 1586 2201 fuisse
1614 2145 1778 2201 dixit.

146 2236 395 2309 Simplex
434 2236 630 2309 itaque
676 2235 1006 2292 intellectus
1034 2240 1211 2307 patet.
1245 2234 1535 2307 Allegoria
1585 2239 1780 2290 autem

146 2325 398 2398 quinque
427 2341 639 2383 sensus
668 2323 1090 2396 complectitur,
1122 2324 1225 2396 qui
1270 2327 1412 2380 sunt
1451 2323 1512 2379 in
1543 2339 1782 2394 corpore

148 2418 335 2471 nostro
364 2412 525 2470 velut
551 2411 764 2469 excelsi
793 2416 1040 2480 montes,
1073 2413 1174 2484 qui
1199 2412 1349 2468 hanc
1376 2428 1609 2468 carnem
1642 2428 1779 2483 pas-

147 2504 369 2560 sionum
429 2502 805 2571 obumbrant,
875 2504 932 2556 et
998 2500 1342 2572 plerumque
1406 2501 1783 2557 incursantur

147 2590 361 2661 bestiis,
393 2596 453 2647 et
487 2591 855 2662 exagitantur
884 2590 1179 2647 condensa
1223 2594 1280 2645 et
1325 2606 1507 2661 opaca
1552 2605 1776 2645 eorum.

148 2678 298 2737 Unde
325 2684 383 2738 et
411 2679 698 2736 Dominus
727 2696 829 2752 per
857 2677 1159 2735 nationum
1189 2678 1554 2734 credentium
1601 2678 1777 2733 fidem

146 2768 370 2826 veniens
418 2768 493 2825 ad
546 2767 859 2825 Ecclesiam
891 2784 1081 2835 suam,
1112 2767 1270 2823 venit
1298 2784 1334 2822 a
1364 2767 1584 2822 Libano
1627 2767 1781 2822 sicut

150 2857 220 2914 ait
244 2858 514 2914 Habacuc
536 2857 650 2929 (36)
679 2856 962 2929 propheta
1005 2856 1204 2912 dicens
1254 2873 1268 2910 :
1320 2857 1581 2912 Dominus
1608 2874 1642 2910 a
1682 2857 1777 2911 Li-

142 2947 502 3012 bano-veniet,
531 2963 567 3001 a
614 2948 795 3002 monte
838 2946 1093 3003 umbroso
1145 2949 1197 3000 et
1242 2961 1410 3016 opaco
1440 2945 1656 3016 (Habac.
1690 2962 1776 3015 ιιι,

143 3036 214 3105 3).
243 3034 497 3092 Ecclesia
524 3051 757 3107 quoque
800 3034 959 3091 venit
1004 3052 1039 3090 a
1083 3033 1320 3100 Libano,
1366 3033 1520 3090 sicut
1562 3033 1780 3089 habent

143 3122 371 3182 Cantica
410 3124 795 3180 canticorum.
829 3124 912 3180 Ita
957 3123 1113 3179 enim
1162 3123 1414 3195 legimus
1447 3141 1460 3179 :
1493 3123 1631 3179 Ades
1673 3125 1779 3178 huc

136 3229 175 3267 a
202 3213 424 3279 Libano,
453 3228 674 3285 sponsa,
713 3211 840 3268 ades
895 3212 998 3268 huc
1042 3229 1077 3267 a
1121 3212 1347 3269 Libano.
1408 3213 1681 3269 Transibis
1728 3219 1781 3267 et

1893 639 2010 691 tur.
2044 636 2207 703 Quod
2238 640 2295 693 et
2323 637 2648 692 secundum
2679 635 2933 693 litteram
2985 634 3192 709 liquet,
3220 640 3279 692 et
3322 636 3559 710 proprie

1893 741 1960 781 ac
1991 724 2336 781 naturaliter
2384 726 2578 781 carnis
2625 725 3015 797 corruptelam
3064 725 3283 781 indicio
3325 726 3551 799 procel-

1893 812 2032 870 losze
2060 814 2470 870 commotionis
2500 815 3139 886 expressit.Commotio
3159 815 3319 871 enim
3346 815 3559 872 vitiosa

1894 920 2011 958 non
2042 907 2131 959 est
2161 903 2270 959 nisi
2305 920 2407 975 per
2436 904 2677 959 affectus
2709 905 3360 977 corruptionem.Movet
3389 905 3549 961 enim

1896 991 2221 1063 voluptates
2253 1009 2407 1058 caro,
2440 997 2497 1047 et
2525 992 2653 1064 ipsa
2681 993 3079 1065 voluptatibus
3128 998 3549 1050 commovetur.

1895 1080 2056 1136 Talis
2105 1085 2299 1140 autem
2345 1081 2659 1137 commotio
2708 1081 3102 1153 corruptelam
3155 1087 3331 1138 creat.
3362 1082 3551 1139 Causa

1895 1186 2031 1242 ergo
2063 1170 2402 1242 corruptelae
2452 1170 2767 1226 commotio
2819 1170 2990 1225 istius
3041 1171 3246 1225 mundi
3298 1175 3407 1241 est,
3447 1188 3552 1242 per

1895 1276 2070 1330 quam
2106 1259 2304 1314 anima
2336 1258 2806 1330 uniuscujusque
2837 1260 3166 1332 degenerat.
3202 1260 3345 1315 Cum
3391 1260 3548 1315 enim

1896 1347 2112 1403 vitiosae
2143 1347 2449 1419 passiones
2481 1354 2735 1403 mentem
2771 1353 3023 1416 movent,
3074 1347 3404 1419 corruptela
3450 1363 3548 1420 ge-

1895 1441 2162 1503 neratur;
2196 1453 2329 1491 cum
2359 1436 2615 1492 excitant
2647 1437 2844 1492 studia
2892 1437 3200 1505 virtutum,
3229 1436 3549 1508 disciplinae

1896 1526 2188 1597 profectus
2217 1530 2326 1581 est.
2358 1526 2565 1581 Omnis
2595 1525 2773 1597 igitur
2804 1525 2903 1597 qui
2934 1529 3057 1581 erat
3090 1525 3147 1579 in
3180 1524 3367 1592 arida,
3393 1540 3553 1580 mor-

1894 1617 2032 1669 tuus
2070 1619 2160 1669 est
2191 1631 2203 1669 :
2237 1631 2342 1670 nec
2369 1614 2525 1669 enim
2558 1619 2827 1687 poterant
2863 1631 2978 1670 non
3029 1614 3175 1670 mori
3226 1631 3374 1685 quos
3402 1613 3551 1669 tanti

1894 1702 2098 1757 diluvii
2123 1702 2281 1758 unda
2311 1704 2686 1758 demerserat.
2719 1703 2838 1758 Hoc
2880 1703 3204 1758 secundum
3261 1703 3548 1773 scriptum

1894 1791 2221 1863 seriemque
2247 1792 2580 1847 verborum.
2613 1794 2896 1846 Caeterum
2930 1791 2979 1847 si
3011 1790 3345 1862 allegoriam
3387 1807 3546 1862 qua:-

1894 1895 2011 1947 ras,
2044 1896 2158 1935 non
2192 1880 2437 1935 dubium
2484 1885 2575 1936 est
2622 1880 2761 1951 quia
2808 1880 3072 1951 exemplo
3105 1880 3247 1953 ligni
3280 1879 3548 1936 aridioris

1894 1969 2051 2040 quod
2080 1968 2260 2026 simul
2315 1972 2381 2024 ut
2419 1967 2678 2025 lambere
2722 1968 2980 2041 cteperit,
3013 1969 3167 2041 ignis
3195 1967 3384 2025 exurit
3416 1985 3430 2024 :
3464 1968 3547 2023 ita

1893 2056 2091 2114 anima
2129 2057 2243 2113 nisi
2290 2058 2655 2114 diversarum
2701 2058 3009 2113 humescat
3057 2074 3183 2113 rore
3234 2058 3541 2122 virtutum,

1891 2145 2098 2219 poculo
2130 2147 2381 2218 quodam
2407 2146 2650 2218 irrigata
2679 2147 3059 2218 sapientiamt
3088 2148 3242 2203 fonte
3273 2145 3539 2216 justitiaa,

1890 2240 2064 2307 atque
2094 2235 2313 2307 irriguo
2363 2234 2670 2301 castitatis,
2709 2240 2990 2305 tanquam
3040 2235 3295 2292 arefacta
3341 2234 3536 2290 radice

1890 2322 2071 2388 vitali,
2104 2325 2483 2396 cupiditatem
2516 2324 2798 2397 deﬂagrat
2826 2323 3114 2392 incendio,
3132 2323 3219 2380 vel
3252 2322 3533 2396 proﬂuvio

1890 2414 2083 2469 carnis
2129 2413 2286 2468 illisa
2338 2413 2687 2485 procumbit.
2720 2413 2879 2470 Unde
2909 2428 3141 2484 semper
3185 2411 3407 2483 epulari
3440 2413 3536 2468 de-

1890 2503 1986 2560 bet
2033 2502 2266 2557 animus
2321 2502 2608 2557 bonorum
2656 2518 2898 2573 operum
2948 2501 3349 2574 cogitationes,
3381 2500 3535 2558 250

1890 2596 1957 2645 ut
2003 2590 2323 2662 prudentia:
2372 2606 2546 2645 succo
2595 2607 2760 2645 mens
2816 2590 3105 2646 inebriat-a
3152 2590 3533 2662 pinguescat;

1888 2696 2004 2751 quo
2052 2697 2167 2734 non
2226 2678 2390 2734 facile
2448 2678 2650 2734 diluvii
2708 2678 3025 2751 corporalis
3080 2680 3246 2734 cedat
3284 2676 3532 2749 injuriae,

1888 2772 2062 2839 atque
2118 2768 2280 2823 arido
2337 2767 2575 2822 incuriae
2629 2767 2743 2822 situ
2802 2767 3023 2823 evirata
3069 2767 3181 2839 (38)
3229 2767 3532 2822 moriatur.

1886 2856 2138 2928 Ideoque
2190 2873 2297 2912 nos
2348 2856 2625 2911 admonet
2670 2855 2956 2912 Dominus
2987 2873 3019 2910 a
3050 2857 3206 2911 fonte
3236 2854 3536 2928 sapientia;

1888 2962 2002 3002 non
2062 2945 2348 3012 recedere,
2397 2944 2604 3016 pocula
2651 2943 2884 3000 virtutis
2936 2944 3209 3011 haurire;
3271 2960 3343 2999 ne
3401 2943 3536 3017 quis

1885 3032 2006 3090 sole
2036 3032 2367 3104 iniquitatis
2396 3037 2639 3101 arescat,
2670 3036 2727 3088 et
2755 3031 3068 3105 procellam
3110 3032 3535 3105 persecutionis

1886 3124 2177 3179 sustinere
2242 3140 2356 3178 non
2417 3122 2602 3194 possit
2658 3122 2915 3193 (Baruch.
2983 3140 3067 3189 ιιι,
3139 3124 3207 3178 10
3268 3130 3319 3178 et
3373 3121 3530 3193 seq.).

1887 3212 2182 3284 Scriptum
2213 3217 2302 3267 est
2330 3212 2484 3266 enim
2522 3227 2534 3265 :
2567 3210 2715 3278 Quod
2743 3212 2793 3265 si
2822 3212 2881 3266 in
2911 3211 3134 3268 humido
3165 3211 3263 3285 hoc
3292 3211 3529 3282 faciunt,

137 3280 495 3372 ρετ-ἰηιπείὸᾶ
538 3318 575 3356 a
612 3302 895 3372 principio
938 3301 1088 3371 ﬁdei,
1139 3317 1174 3355 a
1218 3301 1491 3356 cubilibus
1538 3301 1776 3370 leonum,
1808 3280 1850 3347 C
1889 3302 1951 3357 in.
1975 3280 2131 3356 arido
2162 3300 2291 3372 quid
2318 3300 2410 3369 ﬁet
2438 3301 2588 3366 (Luc.
2620 3316 2779 3367 xxm,
2811 3299 2922 3370 31).

148 3399 191 3446 et
240 3391 520 3446 montibus
571 3388 869 3461 pardorum
906 3389 1086 3460 (Cant.
1119 3406 1196 3444 ιν.
1242 3389 1319 3459 8),
1370 3405 1485 3460 quo
1530 3388 1780 3461 gentiles

148 3477 357 3550 populi,
389 3477 492 3549 qui
519 3476 677 3532 velut
704 3475 1040 3533 bestialium
1068 3475 1411 3547 passionum
1440 3491 1647 3547 graves
1678 3492 1778 3547 pa-

150 3565 431 3622 tiebantur
457 3564 753 3632 incursus,
786 3581 940 3621 nunc
971 3562 1280 3621 altitudine
1311 3564 1468 3633 ﬂdei,
1506 3568 1566 3620 et
1595 3563 1777 3631 subli-

148 3654 330 3710 mitate
380 3652 705 3709 devotionis
762 3656 976 3708 meant.
1010 3653 1119 3708 Per
1170 3652 1275 3708 hos
1323 3652 1503 3726 igitur
1550 3657 1779 3709 montes

146 3740 395 3799 Christus
444 3741 696 3809 advenit,
736 3740 1131 3814 comprimens
1177 3741 1527 3814 evangelicis
1575 3742 1776 3814 dispu-

145 3831 453 3897 tationibus
484 3831 704 3886 feroces
732 3830 907 3887 istius
936 3830 1196 3903 corporis
1234 3835 1450 3897 motus,
1483 3835 1658 3903 atque
1708 3830 1775 3885 i1-

140 3917 241 3976 lam
271 3919 648 3977 altitudinem
691 3918 904 3985 cordis,
937 3924 993 3974 et
1041 3935 1103 3975 se
1149 3918 1520 3975 extollentem
1568 3935 1775 3991 super-

138 4006 281 4065 biam
310 4006 643 4065 obedientia
666 4010 727 4063 et
759 4007 1098 4062 humilitate
1153 4007 1243 4062 sui
1267 4007 1576 4062 destruens
1610 4024 1624 4062 :
1659 4023 1777 4062 me-

134 4095 353 4170 rituque
383 4096 612 4152 fructus
633 4095 1104 4152 mansuetudinis
1125 4095 1271 4151 ferre
1292 4099 1611 4167 coeperunt,
1627 4111 1776 4168 quos

131 4189 254 4241 ante
298 4185 569 4259 gravium
627 4183 843 4239 diluvia
886 4184 1227 4255 passionum
1275 4183 1653 4239 subruebant.
1694 4183 1776 4239 De

131 4289 366 4331 numero
417 4277 616 4347 autem
672 4272 1004 4330 cubitorum
1052 4271 1137 4328 sic
1185 4272 1427 4344 quidam
1485 4277 1619 4328 ante
1669 4289 1774 4328 nos

130 4362 738 4433 estimaverunt,quod
771 4359 1033 4433 quinque
1061 4377 1271 4417 sensus
1308 4359 1597 4432 triplicem
1650 4360 1775 4416 col-

130 4447 431 4508 lectionem
458 4451 752 4518 habeant;
794 4466 861 4505 eo
908 4450 1064 4522 quod
1113 4449 1275 4505 visus
1325 4448 1552 4505 visibile
1598 4449 1773 4514 videt,

129 4543 179 4591 et
223 4539 465 4595 auditus
513 4536 770 4594 audibile
817 4537 1000 4606 audit,
1047 4541 1103 4593 et
1151 4537 1427 4594 odoratus
1480 4537 1775 4593 odorabile

1956 3391 2048 3445 54.
2097 3391 2324 3455 Detevit,
2372 3387 2582 3460 inquit,
2611 3388 2750 3443 Deus
2798 3404 2956 3444 omne
2999 3388 3140 3460 quod
3213 3392 3332 3445 erat
3372 3404 3534 3459 super

1885 3480 2086 3551 faciem
2115 3486 2280 3535 terra:
2312 3476 2460 3548 (Gen.
2501 3494 2602 3542 vn,
2631 3476 2742 3547 23).
2798 3476 3010 3548 Scripti
3056 3476 3293 3533 evidens
3334 3477 3531 3550 expla-

1887 3568 2067 3623 natio.
2107 3565 2396 3638 Allegoria
2445 3568 2640 3621 autem
2687 3565 3010 3636 expositam
3056 3565 3227 3622 nobis
3280 3565 3537 3622 declarat

1887 3656 2244 3729 superbiam,
2279 3672 2406 3727 quae
2452 3671 2514 3710 se
2561 3652 2783 3711 extollit
2810 3654 2871 3709 in
2902 3654 3009 3711 hac
3040 3658 3269 3711 terrena
3310 3655 3531 3728 fragili-

1887 3761 2001 3817 que
2028 3744 2382 3813 substantia,
2434 3746 2491 3798 et
2540 3742 2848 3798 immemor
2892 3742 3247 3811 divinorum,
3273 3743 3536 3801 humana

1886 3831 2235 3905 despiciens,
2270 3831 2465 3904 ipsum
2495 3831 2824 3902 arrogantis
2872 3831 2981 3886 viri
3027 3831 3294 3888 habitum
3343 3833 3528 3889 inces-

1885 3938 2137 3993 sumque
2167 3920 2475 3976 deformat.
2508 3920 2718 3983 Quales
2761 3919 3040 3975 describit
3088 3921 3269 3977 Isaias
3315 3921 3532 3978 Judaei

1886 4009 2059 4079 ﬁlias,
2090 4008 2390 4066 oculorum
2423 4008 2709 4063 micantes
2741 4008 3004 4075 nutibus,
3038 4012 3095 4063 et
3137 4007 3253 4064 alia
3298 4025 3361 4064 se
3407 4025 3529 4065 cer-

1882 4097 2005 4154 vice
2031 4100 2323 4169 jactantes
2354 4097 2478 4167 (lsa.
2513 4113 2596 4162 ιιι,
2630 4098 2739 4164 16).
2788 4096 2939 4151 Sunt
2984 4095 3142 4151 enim
3189 4096 3531 4167 huiusmodi

1884 4188 2170 4259 erigentes
2218 4183 2551 4256 supercilia,
2593 4184 2792 4238 inﬂato
2844 4183 3035 4251 corde,
3081 4183 3230 4239 elato
3278 4188 3529 4256 pectore,

1883 4275 2100 4331 cervice
2131 4273 2409 4345 resupina
2444 4291 2457 4328 :
2490 4272 2590 4344 qui
2621 4271 2813 4327 solum
2854 4272 3091 4344 quidem
3139 4273 3403 4346 vestigiis
3431 4291 3530 4346 pe-

1887 4365 2028 4420 dum
2060 4362 2474 4436 perstringant,
2509 4365 2625 4417 toto
2657 4364 2854 4416 autem
2903 4377 2965 4416 se
3013 4359 3229 4416 librent
3270 4378 3529 4435 corpore,

1883 4457 1940 4510 et
1979 4452 2140 4507 inani
2183 4451 2548 4522 suspendant
2593 4448 2858 4506 examine
2908 4465 2921 4504 :
2974 4448 3033 4504 in
3084 4450 3277 4522 priora
3323 4468 3534 4523 gressu

1885 4540 2219 4613 procedant,
2282 4540 2352 4594 ad
2415 4539 2735 4611 posteriora
2791 4537 3066 4594 verticem
3128 4539 3530 4597 reclinantes:

129 4625 421 4699 aduratur,
451 4632 512 4683 et
540 4631 750 4699 gustus
781 4624 1072 4700 gustabile
1093 4629 1373 4699 gustat,et
1392 4630 1583 4682 tactus
1614 4628 1769 4699 quod
1803 4648 1847 4711 D
1883 4629 2095 4685 coelum
2128 4632 2408 4700 spectent,
2427 4634 2640 4683 terram
2674 4632 2867 4683 autem
2903 4626 3226 4694 fastidiant,
3249 4634 3532 4702 tanquam

128 4716 399 4789 tangendi
431 4715 775 4771 substantia:
802 4715 1069 4787 subjacet
1092 4715 1578 4788 (37),tangit.ldeo
1601 4716 1770 4787 quin-

1880 4716 2122 4775 cervicis
2162 4716 2357 4773 dolore
2404 4716 2619 4783 suftixi,
2651 4721 2713 4771 ut
2761 4732 2891 4771 eam
2942 4715 3223 4773 inclinare
3252 4735 3367 4773 non
3400 4736 3534 4790 pos-

131 4817 236 4874 que
257 4821 472 4861 sensus
502 4802 807 4875 tripliciter
831 4802 1100 4859 aestimati
1130 4808 1288 4872 sunt,
1326 4803 1408 4860 vel
1447 4805 1770 4860 secundum
1880 4806 2017 4862 sint.
2054 4807 2168 4861 Hos
2196 4806 2377 4877 igitur
2408 4804 2623 4861 delevit
2648 4805 2718 4860 de
2750 4804 2898 4860 libro
2929 4803 3056 4859 vitae
3088 4804 3243 4860 Deus
3286 4805 3486 4863 dicens
3517 4824 3530 4861 :

129 4888 262 4948 illud
297 4908 312 4949 :
345 4892 537 4950 Scribe
563 4892 674 4949 tibi
699 4893 988 4964 tripliciter
1014 4894 1195 4963 (Prov.
1228 4895 1365 4963 x311,
1398 4894 1511 4964 20).
1547 4894 1663 4966 Ego
1694 4898 1775 4949 ta-

134 4992 254 5036 men
284 4979 656 5037 commodius
689 4985 828 5054 puto
858 4980 1023 5049 illud,
1058 4984 1122 5036 ut
1150 4998 1362 5038 sensus
1412 4982 1623 5038 terreni
1669 4982 1773 5038 ho-

137 5065 303 5124 minis
334 5074 509 5143 atque
537 5068 816 5128 animalis
844 5074 903 5125 et
939 5069 1219 5142 spiritalis
1272 5070 1574 5142 accipiam,
1629 5088 1776 5143 quos

137 5150 232 5209 illa
260 5155 463 5213 diluvii
487 5158 709 5214 ﬂuenta
737 5157 1221 5214 transcenderint.

173 5360 325 5440 .(3)
352 5362 706 5440 Iiecverba,
733 5364 875 5419 sicut
902 5365 983 5440 ait
1009 5364 1322 5440 ﬂabacuc...
1339 5381 1528 5440 usque
1553 5366 1624 5421 ad
1658 5365 1775 5440 illa,

136 5434 273 5509 sicut
299 5434 494 5509 habent
525 5434 772 5509 Cantica,
800 5435 1144 5492 auctoritate
1174 5452 1333 5509 mss._
1350 5434 1613 5509 omnium
1645 5438 1777 5494 Gal-

136 5499 896 5579 licanorum,‘restituimus,
926 5522 1059 5562 cum
1108 5509 1273 5579 prius
1319 5506 1380 5562 in
1420 5508 1556 5564 edit.
1590 5509 1777 5563 omni-

135 5570 248 5628 bus
271 5570 763 5634 desiderarentur.

203 5645 317 5791 (37;
344 5646 507 5705 Rom.
542 5649 707 5718 edit.,
741 5648 881 5721 quod
909 5650 1168 5732 tangibili
1194 5651 1445 5706 materiae
1470 5650 1728 5721 subjacet.

227 5716 296 5772 38
345 5718 414 5776 Et
440 5725 485 5778 t.
520 5724 672 5791 aut.,
701 5721 864 5778 arida
910 5722 1146 5781 incuria
1191 5723 1286 5778 siti
1333 5722 1564 5778 evirata.
1612 5721 1728 5777 Ron

227 5716 317 5791 38)
345 5718 414 5776 Et
440 5725 485 5778 t.
520 5716 864 5793 aut.,‘arida
910 5716 1146 5781 incuria
1191 5723 1286 5778 siti
1333 5716 1579 5778 evirataf
1612 5721 1780 5777 Rom.

1883 4896 2071 4952 Omnis
2110 4896 2206 4966 qui
2233 4910 2289 4949 se
2316 4895 2549 4958 exultat,
2572 4893 2969 4948 humiliubitur
2997 4892 3391 4963 (Luc.x1v,tl):
3429 4910 3533 4949 nec

1880 4983 2033 5040 inter
2063 4985 2264 5038 merita
2299 4985 2633 5037 sanctorum
2683 4979 3030 5035 commentis
3075 4980 3367 5035 adhaerere
3397 4980 3532 5037 facit

1882 5071 2219 5129 cmlestibus
2251 5069 2382 5140 (39).

1953 5162 2043 5215 55.
2077 5157 2362 5215 Omnibus
2418 5156 2598 5229 igitur
2654 5154 2756 5226 qui
2811 5158 2973 5211 extra
3026 5170 3221 5211 arcam
3274 5156 3529 5228 fuerunt,

1885 5370 1943 5423 et
1971 5366 2099 5420 Vat.
2134 5363 2287 5427 cod.,
2319 5362 2480 5417 arida
2513 5361 2745 5416 incuriae
2794 5362 2906 5415 situ
2948 5359 3177 5417 evirata.
3211 5360 3322 5416 Alii
3369 5362 3536 5419 deni-

1887 5455 2001 5510 que
2029 5454 2194 5501 mss.,
2228 5434 2384 5489 arido
2414 5433 2650 5488 ἐπαινίω
2676 5434 2786 5487 situ
2820 5432 3060 5497 evirata;
3107 5431 3275 5499 Maz.,
3328 5436 3535 5491 ευίεεε-

1888 5518 2072 5651 r0159)
2106 5574 2752 5651 Id__est,con_i_mentariis
2782 5570 3118 5630 coelestibus
3149 5575 3361 5641 sive,ut
3391 5593 3533 5648 pau-

1890 5652 1946 5708 lo
1972 5647 2112 5707 ante
2143 5649 2383 5715 dixerat,
2412 5647 2553 5702 libro
2580 5647 2725 5702 vitaz.
