3878 6208
358 438 502 509 ’4οη

1849 443 1916 507 s.
1963 428 2336 507 AMBao'su

3714 446 3829 512 408

379 574 769 652 interemptis,
819 575 1107 634 derelictus
1150 584 1227 634 est
1273 578 1379 635 Noe
1422 577 1570 635 solus
1618 578 1677 634 in
1733 593 1861 633 arca
1906 593 2031 632 cum
2058 575 2114 643 Α
2145 575 2577 635 dimicationem
2611 576 2921 653 utriusque
2951 578 3134 652 partis
3177 581 3597 638 assumerent.
3632 579 3702 637 In
3732 578 3823 637 his

381 670 456 725 iis
501 669 602 741 qui
649 683 775 723 cum
823 669 939 739 ipso
979 674 1139 723 erant
1168 666 1319 739 (Gen.
1351 684 1450 733 vn,
1488 668 1599 738 23).
1634 667 1757 722 Non
1813 666 2034 737 indiget

379 755 861 829 interpretatione
891 772 1082 811 sermo
1125 754 1464 828 simplicior.
1513 755 1816 811 Concurrit
1862 754 2031 810 intel-

379 845 567 903 lectus
596 859 729 901 cum
760 843 972 901 littera.
1000 845 1187 901 Altior
1229 849 1424 900 autem
1471 850 1528 899 et
1574 844 1814 899 interior
1858 843 2036 916 signi-

383 933 573 990 ficatio
631 933 996 990 demonstrat
1034 935 1267 1006 justum
1324 933 1536 1001 virum,
1595 936 2035 1004 amatoremque

383 1022 704 1096 sapientiae,
738 1026 1021 1095 tanquam
1052 1023 1315 1079 arborem
1367 1021 1747 1089 fructuosam,
1781 1020 2035 1076 interne-

383 1112 531 1170 catis
580 1127 707 1185 quae
754 1128 950 1167 escam
995 1112 1124 1182 ejus
1170 1110 1436 1167 solebant
1482 1110 1770 1172 arrodere,
1803 1125 2032 1165 comam

384 1201 756 1268 obumbrare,
809 1203 1103 1255 coarctare
1152 1215 1459 1272 processus
1507 1215 1828 1265 ramorum,
1876 1197 2034 1253 velut

386 1292 675 1347 exsortem
708 1287 1195 1344 irrationabilium
1227 1288 1566 1361 passionum
1589 1286 1779 1342 solum
1803 1302 2031 1342 reman-

385 1379 536 1436 sisse
578 1392 711 1434 cum
761 1378 904 1433 suis.
937 1377 1035 1433 Sui
1080 1381 1272 1433 autem
1325 1380 1462 1432 sunt
1487 1377 1598 1448 (40)
1643 1392 1801 1448 puris
1851 1375 2030 1431 animi

386 1466 856 1539 disceptationes,
908 1482 1037 1538 qua:
1084 1465 1283 1520 virtuti
1352 1464 1704 1520 adhaereant.
1768 1466 1835 1520 Et
1887 1465 2034 1520 bene

385 1555 612 1612 addidit
665 1555 725 1610 in
783 1571 918 1610 arca
974 1553 1348 1619 remansisse,
1395 1554 1563 1625 quasi
1609 1553 1704 1608 vix
1758 1553 2035 1609 credibile

384 1644 705 1717 amputatis
736 1642 1138 1717 corporalibus
1166 1642 1539 1716 passionibus
1568 1642 1862 1699 videretur
1898 1659 2033 1698 eum

384 1731 579 1789 adhuc
628 1732 847 1787 versari
895 1732 955 1786 in
1010 1747 1288 1804 corpore;
1323 1747 1440 1804 quo
1468 1730 1604 1787 licet
1624 1732 1750 1803 jam
1790 1731 2036 1787 terrenis

390 1824 615 1878 careret
645 1819 953 1892 contagiis,
992 1818 1389 1892 incorruptam
1447 1818 1602 1886 licet,
1643 1820 1901 1893 corporis
1947 1824 2033 1875 ta-

2143 666 2376 739 scriptis
2422 668 2605 724 series
2654 668 3081 725 manifestatur.
3112 668 3325 726 Altiore
3381 673 3606 725 autem
3649 685 3820 727 sensu

2142 759 2364 809 certum
2422 760 2512 811 est
2568 757 2723 828 quod
2772 757 2977 828 justus
3032 757 3092 813 in
3147 758 3341 814 medio
3385 757 3589 813 habet
3615 775 3731 813 non
3764 760 3818 813 in

2143 851 2308 915 parte
2336 844 2716 917 cogitationes
2745 846 2937 902 cordis
2968 847 3061 902 sui
3085 864 3097 903 :
3123 850 3181 903 et
3211 846 3413 919 quoad
3452 846 3655 919 carpit
3676 847 3819 901 hanc

2142 930 2320 987 vitam
2352 932 2565 989 habeat
2593 949 2830 990 necesse
2871 939 2961 990 est
3010 934 3069 991 in
3119 951 3361 1008 corpore
3413 938 3719 1007 tanquam
3762 936 3814 991 in

2142 1018 2244 1075 illa
2300 1037 2434 1077 arca
2485 1021 2704 1077 bestias
2751 1037 2976 1096 graves.
3031 1022 3206 1079 Nulla
3256 1024 3427 1079 enim
3484 1038 3665 1080 mens
3714 1029 3815 1088 est,

2142 1107 2304 1164 nulla
2358 1110 2576 1178 anima,
2609 1127 2736 1184 quae
2794 1127 2910 1167 non
2967 1111 3209 1185 recipiat
3263 1112 3454 1168 etiam
3523 1111 3810 1168 malarum

2142 1202 2339 1255 motus
2394 1204 2654 1269 agrestes
2712 1200 3152 1273 cogitationum.
3200 1204 3412 1274 Itaque
3474 1200 3814 1274 insipientis

2142 1286 2340 1343 anima
2389 1288 2605 1343 ferinos
2654 1290 2813 1345 acuit
2869 1293 3085 1357 motus,
3132 1293 3306 1362 atque
3350 1289 3569 1346 adolet
3598 1307 3814 1345 venena

2140 1381 2477 1449 serpentum
2512 1394 2525 1431 :
2556 1378 2839 1450 sapientis
2865 1383 3059 1434 autem
3090 1378 3256 1451 vigor
3283 1378 3537 1452 mitigat
3564 1383 3625 1435 et
3655 1395 3809 1435 coer-

2141 1468 2253 1519 cet.

2210 1551 2301 1606 58.
2334 1553 2399 1607 Et
2427 1552 2653 1608 induxit
2700 1556 2959 1610 Dominus
3005 1557 3263 1627 spiritum
3292 1571 3472 1628 super
3504 1563 3733 1624 terram,
3762 1564 3805 1613 et

2141 1642 2367 1696 cessavit
2415 1657 2559 1714 aqua
2589 1642 2741 1711 (Gen.
2790 1660 2913 1712 vm,
2962 1643 3039 1715 4).
3089 1644 3212 1700 Non
3257 1649 3407 1717 puto
3463 1644 3581 1701 hoc
3616 1646 3699 1701 ita
3727 1644 3804 1700 di-

2143 1732 2325 1795 ctum,
2356 1734 2423 1785 ut
2451 1730 2694 1804 spiritus
2723 1731 2960 1787 nomine
2992 1736 3230 1788 ventum
3262 1733 3663 1807 accipiamus.
3696 1734 3801 1789 Ne-

2144 1835 2257 1891 que
2307 1819 2462 1874 enim
2510 1823 2719 1876 ventus
2767 1824 2991 1892 poterat
3033 1820 3250 1878 siccare
3290 1821 3621 1878 diluvium.
3654 1822 3801 1878 Alio-

387 1924 523 1964 men
570 1907 763 1999 adhuc
812 1907 1201 1964 substantiam
1258 1909 1589 1999 reservabat
1619 1925 1632 1963 :
1666 1913 1722 1999 et
1751 1909 1909 1999 velut
1944 1909 2033 1964 in-
2063 1933 2113 1999 B
2145 1907 2285 1999 quin
2318 1923 2451 1962 cum
2484 1924 2645 1999 mare
2693 1910 2882 1999 ventis
2926 1909 3251 1983 exagitetur
3278 1909 3581 1984 quotidie,
3614 1912 3798 1968 exina-

389 2011 702 2070 corporeus
731 1996 791 2052 in
823 2012 1082 2069 corpore,
1133 1997 1606 2070 superferebatur
1634 1998 1873 2069 diluvio,
1917 2013 2031 2054 non

385 2085 842 2154 absorbebatur;
871 2101 1083 2159 corpus
1126 2084 1361 2159 quidem
1413 2101 1619 2159 gerens
1648 2086 1814 2159 quasi
1848 2086 1906 2143 in
1939 2102 2033 2142 ar-

386 2191 466 2232 ce
496 2174 725 2248 positus
753 2174 1003 2242 interno,
1036 2175 1139 2230 sed
1171 2176 1272 2247 qui
1302 2191 1513 2247 corpus
1542 2176 1762 2248 ipsum,
1794 2175 2031 2250 insupe-

386 2262 591 2320 rabilis
640 2262 1035 2336 passionibus,
1066 2263 1236 2336 quasi
1283 2262 1681 2338 incorporeus,
1730 2264 1791 2320 in
1839 2265 2031 2322 medio

385 2356 684 2410 tantorum
715 2356 981 2409 motuum
1012 2353 1382 2426 gubernaret.

1001 2484 1236 2542 CAPUT
1273 2486 1414 2543 XVI.

382 2574 496 2631 Cur
522 2572 725 2629 dictum
769 2575 842 2630 sit
891 2593 909 2629 :
960 2574 1183 2631 Memor
1224 2574 1334 2630 fuit
1382 2575 1667 2632 Dominus
1703 2576 1842 2642 Noe,
1872 2578 2032 2633 nulla

454 2644 570 2731 ejus
611 2647 803 2731 uxoris
849 2661 921 2729 ac.
961 2646 1368 2728 ﬁlioruneejus
1407 2649 1551 2731 facta
1596 2648 2033 2731 mention-cuca

454 2716 587 2789 item
618 2716 803 2773 bestia
828 2718 986 2787 prius
1015 2733 1181 2789 quam
1212 2716 1457 2789 iumenta
1484 2719 1770 2773 nominata
1796 2720 1949 2786 sint;
1982 2728 2033 2775 et

453 2788 631 2858 qualis
658 2789 889 2859 spiritus
915 2788 1083 2860 super
1110 2796 1315 2843 terram
1344 2788 1615 2857 inductus,
1648 2794 1710 2843 ut
1730 2804 1892 2861 aquae
1919 2806 2028 2846 ces-

454 2874 614 2914 saren
621 2867 660 2914 ι.

458 2972 550 3029 56.
608 2972 809 3027 Memor
859 2974 969 3041 fuit
1019 2974 1282 3029 Dominus
1322 2974 1449 3041 Noe,
1499 2984 1551 3031 et
1599 2976 1913 3044 bestiarum,
1983 2985 2036 3033 et

380 3060 758 3133 jumentorum
786 3060 938 3132 (Gen.
969 3077 1089 3125 vm,
1132 3061 1205 3132 1).
1256 3061 1560 3118 Moventur
1606 3062 1867 3136 plerique
1915 3082 2032 3137 qua

389 3165 571 3207 causa
622 3166 738 3205 non
797 3149 1006 3205 dixerit
1051 3149 1332 3222 Scriptor,
1390 3152 1543 3223 quod
1601 3153 1777 3209 etiam
1834 3153 2031 3209 uxoris

390 3237 536 3295 251
568 3241 626 3294 et
654 3237 908 3293 ﬁliorum
957 3239 1076 3294 Noe
1123 3254 1348 3294 memor
1395 3239 1503 3295 fuit
1550 3240 1853 3309 Dominus,
1896 3258 2029 3298 cum

384 3326 707 3383 bestiarum
737 3330 796 3382 et
819 3327 1220 3398 jumentorum
1254 3328 1428 3384 fuerit
1468 3345 1712 3385 memor.
1745 3330 1854 3387 Sed
1895 3348 2030 3388 cum

384 3416 600 3472 dixerit
623 3415 779 3489 quod
808 3417 927 3472 Noe
958 3432 1187 3472 memor
1214 3415 1406 3485 fuerit,
1438 3417 1494 3472 in
1522 3422 1756 3474 auctore
1802 3423 1860 3475 et
1889 3437 2031 3493 prs:-

382 3502 512 3560 sule
540 3505 752 3561 domus
780 3505 1244 3561 necessitudines
1289 3507 1418 3578 ejus
1466 3506 1721 3580 reliquas
1768 3525 2031 3583 compre-

380 3590 606 3647 hendit.
638 3592 827 3648 Simul
854 3593 1099 3665 exprimi
1128 3594 1358 3651 videtur
1396 3596 1637 3667 quidam
1668 3597 2028 3672 reliquarum

378 3694 706 3737 consensus
734 3682 1256 3740 necessitudinum.
1288 3683 1514 3740 Etenim
1547 3702 1681 3742 cum
1713 3703 1917 3745 omnes
1946 3688 2027 3745 in-

379 3766 568 3824 vicem
597 3768 710 3825 sibi
731 3768 889 3825 cbari
922 3774 1082 3838 sunt,
1114 3788 1233 3827 una
1262 3776 1350 3829 est
1380 3773 1623 3843 domus;
1657 3791 1790 3831 cum
1832 3781 2025 3833 autem

378 3856 738 3931 discrepant,
772 3863 1124 3932 separantur
1171 3864 1229 3916 et
1270 3860 1561 3917 scinditur
1587 3864 1645 3918 in
1679 3864 1876 3936 plures
1924 3867 2026 3922 do-

376 3960 527 4003 mos.
576 3946 685 4003 Ubi
735 3961 873 4020 ergo
918 3948 1193 4017 Charitas,
1246 3948 1326 4004 ibi
1375 3951 1621 4007 senioris
1667 3953 1902 4010 nomine
1956 3955 2027 4011 de

374 4050 493 4107 quo
537 4035 794 4107 pendent
814 4036 1027 4107 caeteri,
1061 4037 1273 4093 domus
1302 4038 1499 4095 omnis
1523 4039 1888 4112 significatur
1919 4060 1932 4111 ;
1965 4050 2027 4100 ut

373 4122 427 4181 si
456 4123 590 4195 quis
615 4124 881 4181 arborem
909 4124 1085 4195 dicat,
1119 4126 1323 4198 utique
1352 4128 1792 4200 comprehendit
1837 4135 1895 4187 et
1938 4148 2025 4187 ra-

374 4227 504 4269 mos
536 4229 550 4268 :
582 4212 633 4269 si
665 4214 799 4286 quis
830 4231 1060 4271 ramum
1092 4215 1376 4284 nominet,
1399 4216 1576 4273 etiam
1607 4218 1799 4274 fructu
1831 4220 1929 4292 qui
1961 4220 2019 4275 in

370 4316 441 4357 eo
467 4305 625 4369 sunt,
657 4302 878 4373 pariter
906 4320 1022 4360 uno
1052 4307 1226 4376 atque
1272 4305 1476 4361 eodem
1526 4322 1794 4364 sermone
1863 4325 2021 4365 com-

372 4387 665 4461 plectitur.

440 4476 533 4531 57.
569 4477 685 4532 Nec
736 4478 881 4535 illud
927 4480 1183 4536 otiosum
1231 4482 1387 4553 quod
1431 4483 1621 4554 primo
1664 4484 1829 4553 dixit,
1881 4486 2021 4558 quia

371 4577 599 4619 memor
624 4564 736 4620 fuit
757 4567 1039 4623 Dominus
1065 4566 1420 4639 Noe,deinde
1448 4570 1794 4638 bestiarum,
1818 4579 2020 4646 postea

2141 1995 2369 2052 niretur
2397 1997 2672 2070 profecto.
2705 1997 2850 2053 Nam
2901 2000 3195 2070 quomodo
3253 2015 3375 2055 non
3425 2006 3801 2056 evacuaretur

2142 2099 2303 2140 mare
2365 2089 2670 2142 ventorum
2728 2086 2805 2154 vi,
2847 2086 2939 2142 cui
2995 2086 3269 2143 cessisset
3327 2091 3461 2144 toto
3524 2088 3790 2143 diffusum

2141 2173 2279 2230 orbe
2333 2172 2621 2230 diluvium
2677 2191 2865 2248 usque
2915 2176 2986 2231 ad
3033 2175 3320 2243 Herculis,
3374 2181 3449 2232 ut
3500 2177 3687 2244 aiunt,
3716 2192 3795 2231 ca

2140 2261 2397 2330 lumnas,
2431 2266 2487 2318 et
2517 2280 2678 2320 mare
2707 2264 2984 2337 Magnum
3018 2264 3184 2320 tectis
3215 2265 3521 2321 montium
3553 2264 3788 2321 excelso-

2141 2368 2272 2407 rum
2320 2351 2636 2408 verticibus
2683 2353 3050 2409 exaestuans?
3087 2352 3343 2426 Spiritus
3392 2353 3587 2428 igitur
3626 2353 3786 2408 divini

2138 2440 2350 2497 virtute
2396 2440 2508 2513 (41)
2566 2440 2845 2497 invisibili
2904 2440 3189 2497 diluvium
3250 2441 3398 2498 illud
3466 2455 3784 2514 repressum

2139 2545 2268 2586 esse
2297 2546 2413 2585 non
2446 2528 2693 2584 dubium
2724 2534 2833 2597 est,
2862 2529 3077 2586 caalesti
3108 2529 3611 2604 cperatione,non
3639 2529 3782 2585 ﬂatu.

2139 2618 2301 2675 Unde
2327 2617 2610 2691 scriptum
2642 2622 2731 2674 est
2762 2636 2774 2674 :
2805 2619 3001 2675 Omnia
3048 2636 3081 2674 a
3127 2623 3180 2675 te
3225 2629 3573 2693 exspectant,
3606 2627 3668 2675 ut
3709 2617 3785 2672 de:

2138 2708 2231 2762 illi
2270 2708 2458 2762 cibum
2503 2709 2563 2762 in
2603 2714 2837 2780 tempore
2863 2726 2884 2763 :
2912 2710 3190 2780 aperiente
3239 2715 3288 2765 te
3336 2726 3581 2765 manum
3625 2711 3783 2772 tuam,

2140 2798 2326 2851 omnia
2354 2797 2729 2869 implebantur
2756 2798 3010 2853 bonitate.
3040 2798 3263 2870 Auferes
3288 2800 3563 2870 spiritum
3590 2812 3785 2860 eorum,

2138 2890 2191 2940 et
2214 2885 2483 2955 deﬁcient,
2516 2889 2568 2940 et
2597 2888 2653 2940 in
2688 2886 2970 2958 pulverem
2993 2902 3157 2941 suum
3185 2895 3595 2943 convertentur.
3626 2885 3782 2941 Emit-

2138 2982 2213 3030 tes
2258 2973 2524 3046 Spiritum
2571 2982 2747 3043 tuum,
2792 2979 2846 3031 et
2882 2975 3233 3043 creabantur,
3273 2980 3325 3031 et
3368 2976 3665 3032 renovabis
3708 2974 3784 3043 fa-

2137 3064 2277 3118 ciem
2332 3066 2493 3117 terrae
2529 3063 2699 3135 (Psal.
2758 3079 2879 3131 cm,
2921 3064 3133 3136 27-30).
3182 3064 3285 3119 Est
3340 3076 3485 3137 ergo
3542 3062 3784 3136 Spiritus

2139 3151 2312 3221 cujus
2341 3150 2661 3223 operationi
2694 3151 2898 3207 cedere
2928 3152 3201 3208 universa
3227 3151 3564 3220 videantur,
3587 3151 3646 3206 in
3679 3164 3783 3222 quo

2137 3218 2265 3294 creti
2313 3218 2502 3312 ipsius
2545 3241 2733 3295 virtus
2769 3240 2865 3308 sit,
2890 3239 3043 3296 sicut
3084 3240 3369 3313 scriptum
3422 3248 3513 3297 est
3549 3218 3578 3296 7:
3632 3218 3780 3295 Verlo
3848 3218 3849 3289 l

2143 3330 2367 3386 Domini
2393 3329 2515 3385 ccli
2542 3328 2752 3400 ﬁrmati
2777 3336 2923 3396 sunt,
2954 3333 3009 3386 et
3052 3329 3265 3402 Spiritu
3309 3333 3425 3387 oris
3467 3331 3587 3403 ejus
3616 3327 3781 3385 omnis

2138 3420 2313 3473 virtus
2340 3434 2529 3474 eorum
2559 3419 2727 3491 (Psal.
2758 3435 2933 3487 xxxn,
2966 3418 3020 3487 6)
3056 3434 3069 3472 :
3103 3419 3205 3491 qui
3229 3419 3487 3491 Spiritus
3520 3420 3609 3476 est
3634 3433 3775 3474 crea-

2134 3511 2230 3563 tor
2265 3507 2692 3579 universorum,
2744 3508 2896 3564 sicut
2941 3508 3116 3562 etiam
3163 3506 3273 3563 Job
3322 3508 3517 3564 dicit:
3554 3508 3772 3580 Spiritus

2136 3596 2358 3652 divinus
2386 3597 2487 3669 qui
2511 3596 2648 3670 fecit
2667 3613 2754 3653 me
2781 3597 2917 3669 (Job.
2950 3612 3147 3666 xxxm,
3180 3597 3254 3669 4),

2643 3766 2796 3825 252
2833 3766 3068 3824 CAPUT
3107 3766 3273 3823 XVII.

2139 3884 2361 3941 Clausus
2407 3898 2677 3955 aquarum
2724 3886 2899 3955 fontes
2943 3888 2997 3939 et
3041 3886 3346 3939 cataractas
3377 3883 3627 3955 indicare
3648 3894 3760 3955 cau-

2206 3971 2296 4029 sas
2321 3950 2541 4029 erroris
2558 3953 2629 4010 ad
2675 3950 2885 4011 animae
2928 3956 3220 4029 sanitatem
3263 3970 3381 4029 esse
3416 3950 3762 4029 recideﬂq:

2205 4026 2700 4102 dinumerationem
2754 4026 3015 4099 temporis
3059 4041 3164 4096 quo
3208 4025 3357 4102 sedit
3414 4041 3593 4102 arca,_
3616 4022 3759 4102 initio

2204 4099 2362 4163 anni,
2409 4096 2469 4152 id
2513 4101 2592 4153 est
2636 4114 2810 4152 verm
2856 4094 3190 4167 tempestate,
3220 4099 3441 4168 erupisse
3469 4112 3534 4155 ac
3558 4094 3760 4168 άθξὶωϐ

2203 4162 2499 4232 diluvium,
2560 4168 2860 4240 iisdemque
2905 4162 3151 4224 numeris
3210 4162 3447 4225 creuisse
3498 4176 3551 4223 et
3602 4162 3763 4219 dme-

2204 4242 2345 4295 visse
2374 4257 2387 4294 :
2419 4241 2620 4295 ostium
2646 4254 2794 4312 arcae
2816 4242 3139 4312 reseratum,
3170 4243 3407 4312 mentem
3448 4254 3560 4312 per
3596 4243 3760 4290 sensus

2202 4314 2465 4388 naturam
2508 4309 2916 4388 contemplanda
2944 4309 3015 4364 ad
3050 4311 3416 4388 cognitionem
3434 4308 3577 4388 _'Dei_
3596 4315 3759 4388 ηενυξῖ

2200 4384 2362 4437 nire:
2391 4382 2609 4436 demum
2636 4380 2981 4437 enitssionem
3019 4382 3372 4452 corvi,culpz
3414 4380 3760 4452 depulsionem

2202 4469 2273 4509 ea:
2292 4454 2482 4507 anima
2511 4453 2581 4509 ad
2610 4469 2775 4523 quam
2796 4454 3106 4509 existinctis
3152 4453 3503 4518 passionibus
3546 4463 3648 4504 non
3686 4455 3757 4497 νϐ’

2205 4526 2460 4581 vertitur.

361 4651 789 4724 jumentorum,
832 4652 942 4709 hoc
986 4659 1095 4721 est,
1128 4672 1233 4711 cur
1279 4673 1394 4712 non
1446 4674 1514 4713 ea
1557 4660 1881 4717 animantia
1911 4678 2028 4734 qua
2060 4668 2105 4733 ι)
2209 4665 2301 4719 59.
2332 4663 2499 4719 Nunc
2527 4662 2964 4719 consideremus
3012 4662 3153 4735 quid
3203 4662 3281 4718 sit
3326 4663 3479 4735 quod
3512 4659 3590 4716 ait
3630 4649 3757 4710 Scri-

367 4739 607 4797 miticra
634 4745 797 4809 sunt,
830 4746 963 4813 post
1005 4743 1307 4799 hominem
1365 4745 1706 4813 nominavit,
1740 4750 1841 4805 sed
1882 4751 2024 4807 fero-

368 4828 550 4887 ciora.
595 4830 657 4886 In
710 4846 827 4902 quo
883 4831 1116 4887 videtur
1166 4831 1266 4888 illa
1308 4848 1435 4889 esse
1489 4835 1656 4904 ratio,
1688 4843 1754 4891 ut
1801 4855 1867 4894 ea
1896 4856 2025 4912 quis

369 4918 657 4976 ferociora
687 4923 872 4988 erant,
907 4921 1218 4993 utriusque
1273 4922 1456 4993 partis
1512 4922 1804 4982 vicinitate
1860 4944 2024 4984 man-

376 5012 737 5065 suescerent.
769 5009 931 5074 Quod
963 5009 1193 5065 videtur
1220 5010 1395 5066 etiam
1444 5011 1501 5065 in
1550 5011 1653 5069 illo
1696 5030 1865 5071 versu
1897 5033 2029 5089 poe-

367 5096 483 5154 tico
559 5097 840 5154 declarari
914 5116 928 5154 :
989 5110 1168 5167 κακοὺς
1224 5107 1315 5164 δ’ἆς
1372 5109 1553 5171 μέσσον
1608 5110 1820 5164 ἔλασσεν
1892 5106 2024 5177 (Ho—

376 5202 597 5252 merus,
654 5188 848 5259 Iliad.)
905 5188 1051 5244 Hinc
1107 5187 1260 5244 enim
1320 5188 1494 5245 etiam
1555 5196 1723 5263 poeta
1779 5211 2025 5268 usurpa-

367 5277 472 5339 vit,
542 5280 606 5331 ut
671 5276 1116 5349 dispositionem
1193 5278 1525 5333 dimicaturi
1596 5280 1676 5335 ita
1731 5283 2028 5340 ordinaret

368 5363 692 5432 exercitus;
764 5382 880 5437 quo
945 5366 1250 5421 inferiores
1305 5368 1611 5423 collocaret
1677 5370 1737 5424 in
1812 5372 2026 5440 medio,

369 5465 485 5521 quo
534 5452 725 5524 magis
768 5453 906 5509 hinc
954 5454 1091 5509 inde
1139 5472 1171 5509 a
1216 5454 1553 5512 fortioribus
1575 5458 1941 5529 juvarentur,
1972 5467 2027 5517 et

441 5598 552 5680 (40)
585 5600 948 5680 Ηρᾳξπθᾱίῐε,
982 5604 1082 5680 sui
1111 5609 1293 5659 autem
1331 5610 1461 5680 sunt
1503 5608 1675 5680 juris.
1699 5609 1897 5680 Male;
1932 5611 2027 5666 hic

370 5670 528 5754 enim
563 5670 836 5754 sui‘idem
867 5672 1180 5754 signiﬁcat,
1210 5680 1384 5745 atque
1413 5670 1633 5734 familia
1663 5679 1801 5751 Noe,
1839 5670 1903 5737 ut
1932 5699 2027 5754 pa-

372 5744 456 5800 tet
482 5758 554 5799 ex
580 5742 1081 5799 antecedentibus.

2137 4756 2311 4826 ptura
2340 4752 2537 4807 divina
2569 4768 2582 4806 :
2619 4751 2805 4807 Clausi
2831 4753 2959 4807 sunt
2983 4754 3161 4823 fontes
3201 4767 3496 4825 aquarnm,
3526 4750 3577 4803 et
3625 4744 3754 4798 cala-

2136 4843 2310 4898 racta:
2356 4841 2479 4896 caeli
2530 4841 2685 4913 (Gen.
2736 4857 2856 4908 vm,
2886 4841 2961 4913 2).
2996 4840 3111 4896 Nec
3149 4840 3465 4897 obscurum
3513 4831 3749 4891 arbitror.

2136 4929 2242 4985 His
2261 4930 2416 4985 enim
2449 4928 2644 4985 causis
2676 4928 2963 4984 minuitur
2991 4927 3278 4984 diluvium
3326 4928 3540 5001 quibus
3574 4913 3747 4976 crevit-

2134 5019 2341 5090 Erupti
2370 5022 2537 5073 erant
2566 5018 2754 5073 fontes
2788 5034 3097 5090 aquarum,
3147 5021 3359 5090 apertae
3407 5013 3624 5072 fuerant
3667 5016 3747 5058 ca-

2134 5110 2370 5163 taractae
2399 5106 2547 5174 caeli,
2583 5110 2646 5161 ut
2694 5106 2954 5181 undique
3000 5107 3381 5163 influentibus
3430 5099 3588 5175 aquis
3615 5099 3745 5181 terra

2136 5196 2540 5251 inundarctur.
2572 5177 2903 5251 Debuerant
2931 5194 3124 5250 claudi
3172 5212 3240 5251 ea
3283 5212 3353 5250 ex
3384 5190 3587 5267 quibus
3613 5177 3743 5238 dilu—

2134 5285 2210 5339 vii
2242 5284 2403 5357 origo
2436 5284 2709 5351 manavit,
2740 5288 2805 5339 ut
2841 5284 2969 5356 ejus
2998 5283 3280 5356 inciperet
3327 5299 3453 5340 esse
3494 5273 3741 5361 defectu?-

2134 5373 2254 5429 Hoc
2305 5371 2501 5429 littera
2555 5377 2746 5429 sonat.
2802 5372 3091 5429 Subtilior
3130 5376 3325 5429 autem
3376 5357 3738 5449 interpretatio

2133 5461 2427 5534 exprimit,
2460 5477 2525 5517 eo
2576 5462 2730 5533 quod
2784 5461 3069 5518 diluvium
3119 5461 3326 5517 animae
3373 5457 3508 5515 vitio
3557 5445 3737 5507 me!!!is

2205 5612 2319 5682 (41)
2352 5611 2567 5685 anes
2596 5611 2761 5685 edit.,
2795 5611 3035 5685 Spiritus
3084 5614 3257 5684 igitur
3312 5613 3521 5666 virtute.
3554 5598 3733 5655 Omnes

2134 5699 2325 5738 mss...
2357 5683 2538 5738 divini
2564 5683 2784 5738 virtute.
2831 5683 2841 5685 ἡ
3063 5698 3082 5715 ⁵
