3878 6208
166 408 272 478 ιω

1372 409 1604 476 LIBER
1647 406 1751 473 DE
1791 404 1949 471 NOE
1992 401 2093 471 ET
2134 408 2366 473 ARCA.

3454 406 3576 472 ΜΟ

161 551 214 607 st
256 546 511 606 luxuria
564 547 894 624 corporalis
945 547 1276 619 inﬂexerat,
1308 550 1374 603 ut
1419 544 1641 602 malitia
1690 559 1822 616 pas-
1859 542 1908 608 Α
1936 541 2191 599 restituit
2219 541 2582 615 qualitatem.
2604 542 2801 601 Mense
2828 541 3011 618 igitur
3038 544 3314 613 secundo,
3336 542 3446 602 hoc
3467 548 3577 609 est,

162 636 320 708 sicui,
350 636 568 711 passio
603 639 843 695 malitia
890 638 1275 695 misceretur:
1309 636 1671 710 ingrediente
1702 649 1823 688 me-

160 726 275 783 dico
304 726 408 783 Dei
439 727 655 783 Verbo
681 729 750 783 ad
783 727 1172 784 visitationem
1207 743 1414 782 anima;
1447 741 1572 797 qua:
1599 721 1827 778 diutina

159 813 501 888 egritudine
551 813 866 872 laborabat
893 816 1385 888 disceptationum
1429 812 1823 887 improbitate,

157 912 209 960 et
258 904 633 975 passionum
691 904 1024 970 acerbitate,
1052 904 1218 977 prius
1263 903 1591 959 debuerunt
1638 917 1825 956 causae

157 990 528 1065 egritudinis
580 993 901 1066 amputari.
935 992 1288 1065 Principium
1321 992 1474 1046 enim
1527 991 1826 1047 medicinae

157 1084 240 1137 est
284 1096 512 1137 causas
568 1080 879 1155 languoris
909 1081 1191 1150 incidere;
1224 1098 1295 1137 ne
1323 1081 1545 1136 diutius
1588 1097 1656 1135 ea
1701 1096 1827 1150 quae

156 1173 379 1236 nocent,
417 1171 499 1225 ad
541 1170 977 1226 incrementum
1018 1170 1369 1243 agritudinis
1399 1169 1824 1224 ministrentur.

154 1258 309 1323 Quod
340 1275 458 1315 nos
492 1259 685 1314 etiam
714 1258 807 1315 lex
835 1260 1028 1326 docet;
1064 1276 1196 1315 cum
1218 1259 1373 1315 enim
1397 1258 1624 1315 steterit
1647 1258 1825 1330 lepra,

156 1350 214 1400 ut
232 1347 358 1417 jam
393 1363 525 1403 non
563 1348 952 1411 diffundatur,
984 1352 1125 1405 tunc
1163 1348 1243 1404 ait
1280 1349 1559 1403 mundam
1593 1364 1720 1403 esse
1748 1347 1827 1402 le-

159 1451 270 1507 pra:
298 1436 643 1492 stationem
674 1438 987 1510 quamdam
1020 1442 1077 1493 et
1108 1437 1469 1493 mansionem
1493 1438 1681 1510 (Levit.
1706 1454 1828 1504 xm,

154 1524 269 1579 Set
296 1525 375 1593 6).
422 1525 742 1598 Quidquid
792 1526 945 1581 enim
996 1531 1206 1598 praeter
1252 1530 1521 1583 naturam
1568 1529 1834 1581 movetur

159 1609 559 1669 immundum
627 1617 734 1669 est.
767 1614 895 1669 Haec
947 1615 1126 1688 igitur
1179 1619 1269 1671 est
1322 1616 1529 1670 anima
1586 1615 1828 1683 sanitas,

55 1761 61 1767 ,
159 1697 277 1756 haec
306 1701 660 1758 salubritas
691 1702 925 1767 mentis,
957 1706 1019 1757 ut
1055 1702 1345 1759 afﬂuentia
1382 1708 1569 1759 cesset
1597 1703 1830 1771 erroris,

161 1788 410 1845 sistatur
442 1790 656 1863 culpa,
690 1807 763 1846 ne
792 1796 1003 1864 serpat.
1032 1793 1306 1848 Cessante
1335 1792 1621 1849 incentivo
1650 1792 1834 1865 culpae

164 1881 333 1949 atque
363 1878 588 1935 delicti
614 1878 772 1976 salus
801 1884 927 1935 tuta
949 1883 1058 1952 est,
1083 1884 1258 1953 atque
1284 1882 1647 1938 innoffensus
1674 1881 1839 1955 vigor
1866 1912 1913 1976 B

163 1967 368 2021 animae
401 1984 472 2024 se
504 1968 795 2023 refundit.

225 2054 317 2110 60.
350 2057 421 2112 Et
452 2057 627 2123 sedit,
661 2056 875 2128 inquit,
910 2074 1037 2113 arra
1066 2060 1291 2130 septimo
1313 2059 1423 2131 (42)
1447 2076 1647 2127 mense,
1679 2062 1835 2133 septi-

160 2157 247 2197 ma
275 2146 326 2199 et
368 2147 655 2201 vicesima
699 2148 902 2202 mensis
934 2146 1083 2218 (Gen.
1115 2164 1235 2214 VIII,
1269 2148 1342 2219 4).
1375 2147 1497 2203 Nisi
1531 2147 1839 2221 diligenter

161 2229 459 2303 intendas,
512 2233 697 2290 etiam
751 2234 1075 2290 secundum
1119 2234 1373 2291 litteram
1424 2236 1679 2293 difﬁcilis
1726 2236 1839 2293 loci

167 2316 336 2375 istius
370 2321 841 2395 comprehensio
888 2327 996 2380 est.
1030 2324 1101 2379 Et
1145 2324 1401 2397 primum
1450 2326 1714 2382 omnium
1746 2344 1839 2383 ca-

169 2407 452 2478 vendum,
488 2428 570 2466 ne
605 2427 780 2483 quem
832 2411 1061 2483 septimi
1096 2414 1316 2469 mensis
1344 2413 1611 2486 repetitio
1641 2415 1840 2472 crebra

177 2499 507 2567 perturbet.
544 2498 645 2556 Sic
701 2500 856 2555 enim
916 2501 1201 2572 scriptum
1258 2506 1365 2568 est,
1425 2504 1842 2560 sexcentesimo

175 2599 322 2642 anno
354 2590 704 2645 secundum
739 2589 1076 2645 Hebraicam
1121 2590 1444 2659 veritatem,
1479 2609 1680 2649 mense
1707 2610 1841 2649 vero

174 2674 357 2743 primo
386 2675 535 2749 (43),
565 2676 821 2748 septima
850 2682 905 2732 et
934 2677 1208 2733 vicesima
1235 2678 1327 2735 die
1356 2680 1578 2736 mensis
1600 2681 1843 2753 coepisse

178 2760 469 2821 diluvium
514 2784 528 2821 :
565 2769 803 2821 centum
836 2766 1262 2839 quinquaginta
1302 2767 1508 2824 diebus
1547 2769 1728 2826 fuisse
1752 2771 1843 2827 in-

179 2850 471 2910 tusionem
499 2871 816 2926 aquarum,
835 2855 1057 2910 sedisse
1079 2872 1272 2911 arcam
1295 2856 1354 2911 in
1378 2863 1573 2914 monte
1594 2859 1843 2930 septimo

181 2953 404 3008 mense,
439 2943 708 3014 septima
736 2948 792 2998 et
827 2944 1103 2999 vicesima
1145 2945 1395 3014 mensis;
1426 2951 1627 3019 postea
1656 2947 1841 3003 minui

181 3029 426 3101 cmpisse
463 3048 681 3103 aquas,
705 3031 1104 3087 misericordia
1131 3032 1253 3099 Dei,
1278 3038 1514 3089 centum
1550 3036 1845 3109 quinqua-

178 3114 338 3187 ginta
357 3119 583 3176 diebus
603 3119 1054 3176 diminutionem
1081 3138 1365 3193 aquarum
1388 3123 1621 3192 factam,
1644 3127 1845 3196 postea

180 3209 530 3277 apparuisse
561 3208 753 3280 capita
798 3209 1129 3266 montium:
1164 3210 1375 3267 deinde
1422 3216 1554 3284 post
1583 3215 1839 3286 quadra-

174 3292 341 3365 ginta
370 3297 510 3354 dies
540 3297 837 3369 aperuisse
868 3298 1086 3356 ostium
1119 3315 1262 3356 arcae
1291 3305 1561 3356 sanctum
1590 3301 1729 3367 Noe,
1749 3302 1840 3358 di-

178 3383 436 3441 missum
470 3402 714 3442 corvum
759 3404 873 3442 non
928 3388 1255 3457 revertisse,
1287 3389 1593 3446 dimissam
1623 3390 1846 3448 colum-

178 3470 306 3527 bam
333 3474 657 3531 revertisse
676 3492 942 3544 vacuam,
964 3477 1174 3532 iterum
1197 3481 1330 3549 post
1350 3484 1569 3550 septem
1589 3480 1713 3535 dies
1734 3481 1846 3552 (44)

179 3557 495 3619 dimissam
540 3564 851 3620 revertisse
882 3581 1016 3619 cum
1068 3582 1231 3621 ramo
1281 3566 1464 3635 olivm,
1497 3568 1668 3624 tertio
1717 3575 1847 3640 post

186 3654 405 3721 septem
437 3650 574 3708 dies
604 3651 911 3709 dimissam
952 3670 1066 3709 non
1114 3655 1439 3723 revertisse,
1470 3660 1610 3712 tunc
1642 3657 1845 3713 adver-

180 3735 323 3794 tisse
354 3739 483 3797 Noe
518 3740 671 3812 quod
708 3757 863 3812 aqua
892 3741 1085 3797 omnis
1125 3743 1483 3800 recessisset.
1515 3746 1594 3800 Ac
1626 3745 1709 3801 sic
1739 3763 1846 3801 an-

183 3839 288 3881 nus
317 3828 642 3885 conclusus
675 3829 837 3886 258
861 3830 1192 3886 ostenditur
1213 3833 1629 3888 sexcentesimo
1658 3835 1848 3906 primo

184 3926 328 3971 anno
355 3918 507 3986 Noe,
539 3917 598 3971 in
650 3918 909 3973 secundo
957 3934 1109 3974 anno
1167 3920 1421 3992 septima
1470 3925 1529 3976 et
1574 3922 1849 3979 vicesima

185 4005 398 4062 mensis
429 4007 571 4078 (45).
596 4006 761 4071 Quod
818 4005 999 4078 igitur
1045 4008 1116 4064 ad
1168 4007 1630 4080 explanationem
1681 4027 1848 4082 aper-

197 4092 311 4148 tam
337 4094 614 4166 pertinet,
648 4094 850 4149 eodem
892 4112 1092 4151 mense
1122 4099 1296 4168 atque
1325 4098 1527 4152 eodem
1561 4098 1655 4154 die
1681 4100 1848 4156 resti-

198 4179 375 4238 tuitur
402 4182 717 4254 saqualitas
745 4187 911 4239 terra:
941 4188 1074 4254 post
1103 4184 1408 4253 diluvium,
1434 4202 1548 4258 quo
1578 4192 1850 4260 corrupta

200 4271 283 4323 est
316 4270 635 4344 incipiente
682 4271 976 4327 infusione
1026 4272 1250 4327 diluvii.
1281 4274 1452 4330 Veris
1500 4276 1656 4331 enim
1703 4284 1847 4332 tem-

200 4369 329 4426 pore
378 4361 579 4418 omnis
628 4374 766 4433 ager
808 4359 971 4428 viret,
996 4366 1053 4417 et
1097 4365 1255 4417 terra
1301 4364 1552 4435 parturit
1601 4366 1846 4423 fructus.

201 4442 354 4506 Tunc
380 4448 681 4520 incipiunt
728 4464 1026 4522 gemmare
1074 4451 1333 4517 arbores,
1368 4454 1697 4526 germinare
1726 4454 1846 4511 fru-

201 4536 320 4592 ctus
376 4538 518 4609 (46).
580 4537 827 4593 Divitem
888 4553 1024 4611 ergo
1081 4539 1417 4596 reformavit
1484 4541 1762 4598 Dominus
1793 4547 1849 4600 et

262 4712 371 4787 (42)
408 4714 549 4792 Cod.
584 4714 729 4792 Maz.
762 4715 1050 4792 inglossa
1072 4719 1130 4792 et
1159 4732 1335 4792 manu
1368 4720 1671 4776 recentiori
1702 4737 1846 4792 qua-

200 4781 283 4837 ter
306 4781 565 4853 secundo,
588 4790 646 4842 et
674 4781 1129 4855 semelvsecundz‘,
1150 4789 1250 4843 ubi
1281 4790 1341 4843 in
1362 4794 1523 4846 textu
1546 4808 1681 4847 cum
1714 4781 1846 4850 aliis

201 4865 339 4931 mss.
358 4863 431 4931 (et
446 4857 595 4931 edit.
613 4856 805 4931 ghabet
830 4860 1056 4931 septimo
1086 4864 1144 4931 et
1170 4862 1409 4931 septimi.

266 4926 376 5002 (d3)
409 4928 550 4985 Mss.
601 4927 796 4997 Corb.,
853 4926 1056 5002 Long,
1109 4926 1287 5002 Colb.
1317 4938 1373 4987 et
1422 4931 1845 5001 Maz.,sexcen~

207 4995 390 5074 tesimb
446 5015 611 5074 anno,
648 4995 871 5074 _mense_
910 4995 1154 5074 septimo.
1188 5001 1340 5057 Edit.
1374 5006 1430 5057 et
1477 4995 1750 5061 alii'mss.
1786 5009 1849 5061 ut

205 5069 258 5119 in
311 5069 662 5147 tentu,_nisi
702 5071 876 5147 _quod
934 5069 1100 5127 Rom.
1152 5088 1258 5147 pro
1314 5075 1558 5145 septimo,
1591 5078 1850 5147 reposuit

207 5142 446 5217 Secundo.
497 5143 569 5197 Et
611 5141 772 5217 Vale.
806 5141 1381 5217 utrumque—habet,—
1412 5141 1621 5217 nempe
1656 5141 1850 5204 'meme

207 5215 447 5279 Secundo,
478 5216 706 5290 septimo
730 5230 936 5290 mense,
960 5220 1069 5270 etc.
1096 5215 1258 5290 Unde
1287 5216 1452 5272 valde
1479 5215 1850 5290 suspicamur

207 5292 363 5361 voces
392 5285 691 5341 secundum
720 5287 1041 5361 ῌερναξσατη
1062 5288 1386 5361 _pe_rz'tatem,
1418 5305 1484 5342 ex
1516 5285 1849 5361 conjectura

210 5355 261 5404 in
290 5355 433 5411 alios
465 5371 608 5410 mss.
643 5362 700 5410 et
729 5356 863 5429 inde
906 5356 966 5429 in
1012 5357 1295 5414 editiones
1326 5355 1649 5429 irrepsisse.
1685 5362 1845 5418 Fate-

211 5434 333 5480 mur
359 5432 557 5503 autem
603 5443 721 5482 non
764 5428 949 5483 videri
989 5429 1313 5503 absurdum
1346 5428 1572 5503 iecisse,
1604 5433 1705 5503 qui
1753 5451 1849 5489 re-

208 5502 539 5614 posuerunt,
570 5514 757 5554 mense
795 5514 924 5555 vero
970 5500 1229 5566 secundo,-
1273 5504 1338 5554 ut
1385 5500 1674 5577 intelliges
1719 5520 1844 5577 cap.

241 5564 294 5614 Α-
322 5585 377 5614 n-
408 5571 479 5614 £8
505 5573 563 5614 et
596 5569 707 5614 hnn
737 5570 865 5614 ingn
906 5587 1013 5614 nan
1070 5571 1338 5614 onlnmnn
1374 5575 1636 5614 nanunnti
1700 5574 1844 5614 Διίη-

241 5564 297 5642 4,
322 5585 379 5626 n.
408 5571 479 5625 48
505 5564 563 5625 et
596 5569 707 5642 hoc
726 5570 865 5642 ipso
906 5587 1034 5642 cap.
1070 5564 1343 5627 columna
1374 5564 1662 5642 sequenti.
1697 5564 1848 5630 Alio-

211 5638 340 5758 guin
398 5642 598 5696 minus
627 5638 1088 5697 sibi—constaret
1137 5642 1427 5698 Ambrosii
1459 5638 1845 5717 supputatio.

251 5708 311 5758 ed
357 5712 412 5758 in
464 5710 732 5758 numeris
778 5712 1105 5758 scribendis:
1135 5731 1311 5758 mmm
1361 5714 1531 5758 facila
1578 5716 1845 5758 labantur

251 5708 312 5765 ed
356 5712 414 5768 in
464 5710 732 5768 numeris
778 5712 1105 5769 scribendis
1135 5731 1314 5785 quam
1361 5714 1531 5772 facile
1561 5708 1850 5774 labantur

1870 4638 1917 4704 D

1935 630 2104 703 aprili
2137 631 2386 704 (primus
2413 633 2569 689 enim
2602 634 2824 690 mensis
2866 635 3114 690 martius
3144 638 3233 690 est
3260 650 3376 706 quo
3405 634 3583 691 habet

1934 719 2128 790 justus
2157 720 2433 787 natalem,
2457 722 2693 794 quando
2723 724 2982 778 noctium
3018 723 3364 796 dierumque
3394 739 3580 795 isqua-

1932 805 2068 863 litas
2098 809 2441 878 mstimatur,
2491 810 2599 866 hoc
2637 814 2744 877 est,
2768 816 2987 876 octavo,
3014 815 3078 866 ut
3103 812 3347 867 Romani
3374 815 3584 884 putant

1933 895 2043 964 vel,
2071 900 2135 952 ut
2165 897 2281 965 alii,
2309 900 2513 970 quinto
2544 899 2666 955 Kal.
2693 900 2922 973 April.);
2956 916 3176 969 mense,
3200 902 3464 972 inquam,
3499 918 3584 957 se-

1936 986 2147 1053 cundo,
2172 986 2279 1041 hoc
2319 991 2407 1042 est
2446 986 2635 1059 aprili,
2669 989 2915 1060 septima
2947 994 3002 1045 et
3032 990 3307 1045 vicesima
3338 991 3580 1055 mensis,

1937 1074 2110 1145 cmpit
2138 1075 2442 1131 diluvium.
2468 1077 2583 1132 Ver
2602 1077 2782 1149 igitur
2810 1078 3039 1133 initium
3076 1078 3212 1134 anni
3235 1079 3581 1142 aestimatur,

1938 1180 2052 1217 non
2079 1167 2402 1220 secundum
2427 1182 2597 1221 usum
2621 1167 2924 1238 temporis,
2948 1168 3048 1222 sed
3072 1169 3392 1224 secundum
3418 1174 3585 1223 natu-

1938 1268 2015 1306 rae
2045 1254 2510 1326 prserogativam;
2544 1258 2611 1310 ut
2640 1256 2780 1326 quia
2810 1260 2949 1311 tunc
2980 1273 3115 1330 spes
3148 1260 3283 1313 anni
3323 1259 3581 1323 inchoat,

1938 1343 1994 1395 et
2032 1339 2237 1413 incipit
2266 1358 2327 1397 se
2359 1342 2581 1399 fructus
2627 1346 2954 1412 ostendere,
2987 1350 3125 1402 tunc
3154 1349 3421 1404 videatur
3450 1350 3584 1405 anni

1938 1445 2066 1484 esse
2108 1430 2482 1503 principium.
2516 1433 2813 1505 Septimus
2861 1440 3052 1490 autem
3110 1438 3327 1493 mensis
3376 1455 3585 1493 secun-

1940 1519 2078 1573 dum
2113 1534 2422 1575 numerum
2456 1520 2506 1575 is
2536 1522 2636 1594 qui
2662 1522 3003 1594 September
3031 1525 3264 1593 dicitur,
3288 1533 3588 1599 computa-
3644 1574 3651 1581 .

1940 1612 2066 1676 tur;
2103 1609 2243 1681 quia
2289 1610 2396 1665 etsi
2429 1626 2463 1665 a
2492 1611 2807 1682 septembri
2854 1629 3055 1668 mense
3103 1631 3294 1671 annus
3322 1616 3590 1673 videatur

1941 1699 2216 1771 incipere,
2264 1699 2414 1755 sicut
2459 1699 2844 1756 indictionum
2877 1702 2989 1773 (47)
3021 1704 3395 1774 praesentium
3443 1721 3590 1762 usus

1942 1785 2196 1841 ostendit
2225 1786 2387 1856 (tunc
2434 1785 2586 1840 enim
2621 1787 2913 1843 seminum
2958 1790 3193 1863 jactus),
3217 1808 3346 1847 vere
3394 1797 3587 1849 tamen

1942 1890 2010 1930 ex
2041 1889 2156 1945 quo
2214 1872 2441 1945 plenior
2479 1875 2666 1947 gratia
2717 1892 2780 1932 se
2837 1876 3043 1949 incipit
3072 1879 3492 1950 demonstrare,
3523 1898 3592 1938 ex

1945 1978 2011 2019 eo
2042 1961 2180 2017 anni
2223 1963 2387 2035 origo
2416 1964 2791 2034 subducitur;
2823 1968 2881 2020 et
2903 1965 3033 2022 ideo
3065 1968 3163 2040 qui
3214 1968 3328 2026 alia
3369 1970 3592 2027 ratione

1947 2051 2174 2124 primus
2199 2056 2461 2124 putatur,
2495 2053 2723 2110 diversa
2750 2055 3133 2113 aestimatione
3167 2058 3452 2130 septimus
3482 2058 3593 2115 ha-

1948 2141 2133 2195 betur.
2168 2142 2333 2197 Tunc
2386 2158 2522 2215 ergo
2579 2143 2731 2198 sedit
2788 2159 2942 2213 arca,
2973 2145 3083 2201 hoc
3137 2150 3244 2210 est,
3277 2146 3335 2202 in
3392 2162 3593 2206 mense

1948 2229 2217 2300 septimo,
2252 2229 2501 2301 septima
2545 2235 2602 2286 et
2628 2230 2905 2287 vicesima
2935 2232 3155 2289 mensis
3203 2250 3380 2307 super
3428 2253 3593 2292 mon-

1947 2319 2065 2371 tem
2117 2318 2386 2388 quadrati
2415 2319 2549 2390 (48).
2582 2319 2662 2373 Ex
2693 2319 2793 2375 illo
2833 2320 3017 2376 minui
3064 2322 3350 2379 diluvium
3399 2325 3592 2398 ccepit.

1947 2404 2129 2458 Simul
2170 2406 2475 2461 considera
2521 2408 2659 2479 quia
2690 2407 2908 2464 eisdem
2956 2411 3219 2468 numeris
3249 2413 3462 2485 quibus
3491 2412 3596 2469 ali-

1950 2509 2067 2565 qua
2093 2494 2399 2566 incipiunt,
2436 2495 2806 2552 resolvuntur
2836 2514 2849 2552 :
2882 2505 2950 2553 ut
2991 2499 3272 2557 diluvium
3304 2503 3475 2574 coepit
3506 2518 3593 2558 se-

1950 2583 2140 2637 cundo
2170 2599 2370 2638 mense
2409 2585 2568 2653 anni,
2603 2586 2850 2658 septima
2900 2590 2955 2642 et
3000 2587 3279 2644 vicesima
3325 2590 3546 2646 mensis
3579 2608 3592 2647 :

1951 2676 2185 2727 centum
2243 2672 2673 2745 quinquaginta
2729 2675 2937 2730 diebus
2996 2676 3224 2733 inﬂuxit
3286 2677 3593 2749 diluvium,

1951 2765 2184 2815 centum
2217 2761 2645 2835 quinquaginta
2665 2762 2870 2818 diebus
2901 2763 3032 2819 aliis
3062 2766 3239 2820 cessit
3268 2765 3552 2823 diluvium
3578 2783 3591 2823 :

1951 2850 2338 2921 quadraginta
2367 2850 2575 2907 diebus
2602 2851 2785 2907 nimia
2813 2852 2900 2908 vis
2925 2853 3143 2909 caelesti
3174 2850 3362 2911 imbre
3390 2860 3449 2911 et
3480 2855 3601 2911 fon-

1949 2938 2097 2993 tium
2155 2940 2461 3011 eruptione
2526 2940 2888 3007 exmstuavit,
2947 2942 3332 3016 quadraginta
3391 2943 3599 3001 diebus

1950 3026 2078 3083 aliis
2108 3029 2328 3083 exactis
2366 3034 2676 3101 postquam
2707 3030 2831 3086 visa
2860 3035 2998 3086 sunt
3043 3032 3234 3103 capita
3283 3033 3598 3101 montium,

1950 3117 2261 3173 undecimo
2311 3132 2510 3174 mense
2542 3118 2654 3190 (49)
2701 3118 2889 3191 primo
2938 3119 3031 3177 die
3083 3120 3324 3187 mensis,
3371 3120 3600 3178 dimisit

1950 3222 2186 3261 corvum
2229 3210 2469 3261 sanctus
2499 3207 2618 3263 Noe
2649 3224 2663 3262 :
2697 3208 2778 3263 ita
2826 3212 3075 3279 constat,
3107 3209 3311 3265 eodem
3356 3226 3599 3266 numero

1871 3271 1912 3337 δ
1952 3311 2066 3366 quo
2115 3292 2483 3351 cumulatum
2531 3300 2639 3363 est,
2682 3295 2965 3351 diluvium
3014 3313 3142 3352 esse
3190 3297 3596 3354 imminutum.

1954 3383 2115 3439 Unde
2163 3385 2330 3439 docet
2371 3400 2478 3440 nos
2524 3384 2823 3457 Scriptura
2872 3384 3136 3441 ordinem
3184 3402 3312 3442 esse
3360 3403 3598 3444 servan-

1954 3474 2116 3527 dum.

2023 3561 2112 3615 61.
2146 3560 2306 3626 Quod
2362 3566 2557 3617 autem
2587 3561 2805 3617 ostium
2857 3561 2934 3618 sit
2980 3579 3123 3618 arcae
3173 3564 3325 3636 quod
3374 3565 3604 3637 aperuit

1947 3652 2172 3722 justus,
2197 3652 2520 3706 secundum
2561 3650 2821 3723 corporis
2852 3652 3137 3708 rationem
3169 3668 3348 3725 supra
3378 3654 3599 3710 dictum

1955 3744 2064 3796 est.
2108 3739 2441 3795 Secundum
2498 3738 2759 3795 altiorem
2820 3745 3016 3797 autem
3063 3742 3600 3814 interpretationem

1954 3827 2103 3884 illud
2132 3828 2446 3884 dicendum
2474 3824 2725 3895 videtur,
2758 3830 2914 3901 quod
2961 3831 3221 3903 corporis
3268 3846 3479 3886 sensus
3506 3846 3600 3886 ve-

1957 3917 2048 3974 lut
2076 3910 2360 3974 ostiorum
2408 3917 2634 3974 similes
2664 3917 2972 3975 habentur.
3006 3919 3114 3975 Per
3150 3919 3257 3975 hos
3287 3919 3442 3974 enim
3474 3924 3601 3974 tan-

1958 4023 2136 4079 quam
2160 4023 2264 4079 per
2283 4006 2433 4062 ostia
2452 4006 2775 4079 ingreditur
2802 4007 2861 4062 in
2884 4012 3147 4064 nostram
3172 4012 3423 4063 mentem
3445 4007 3605 4064 velut

1957 4096 2224 4167 quaedam
2256 4094 2625 4151 sensibilium
2651 4096 3109 4167 comprehensio.
3131 4097 3278 4169 Ergo
3300 4111 3468 4151 mens
3498 4113 3601 4152 no-

1957 4190 2079 4239 stra
2110 4201 2212 4256 per
2236 4182 2343 4239 bos
2391 4200 2601 4239 sensus
2633 4184 2919 4254 respicere
2967 4183 3214 4251 videtur,
3247 4188 3306 4239 et
3351 4183 3603 4241 maxime

1956 4289 2060 4344 per
2086 4271 2389 4340 visionem,
2414 4288 2539 4344 quae
2566 4272 2842 4327 omnibus
2873 4272 3146 4328 sensibus
3176 4271 3432 4345 corporis
3463 4289 3603 4344 prae-

1957 4360 2226 4418 stabilior
2271 4361 2627 4429 wstimatur;
2664 4361 2804 4433 quia
2853 4361 3175 4417 domestica
3202 4367 3285 4417 est
3338 4360 3601 4430 luminis,

1957 4455 2014 4506 et
2042 4467 2145 4522 per
2182 4466 2311 4506 eam
2358 4449 2706 4522 aspicientes
2737 4450 2969 4518 cazlum,
3001 4456 3238 4517 terram,
3271 4450 3476 4519 maria,
3510 4467 3602 4506 so-

1955 4539 2071 4595 lem
2099 4554 2351 4612 quoque,
2384 4538 2606 4607 lunam,
2627 4543 2684 4595 et
2715 4538 2916 4596 stellas
2947 4539 3162 4613 quibus
3189 4538 3311 4596 axis
3341 4543 3602 4607 ornatur,

1956 4718 2203 4785 librarii,
2239 4735 2407 4775 nemo
2438 4719 2645 4775 nescit.

2029 4792 2140 4862 (44)
2192 4791 2332 4863 Mss.
2368 4791 2633 4863 quinque
2687 4790 3049 4863 probatiores
3106 4790 3442 4863 restituunt,
3488 4793 3606 4863 post

1955 4860 2156 4935 septem
2183 4862 2330 4927 dies;
2358 4860 2486 4935 qua:
2520 4860 2707 4918 verba
2742 4862 2802 4918 in
2852 4862 3002 4928 aliis,
3036 4866 3208 4933 atque
3239 4861 3298 4915 in
3328 4860 3469 4915 edit.
3490 4860 3606 4915 de-

1958 4934 2309 4990 siderantur.

2030 5006 2137 5076 (45)
2172 5005 2337 5060 Rom.
2371 5002 2509 5058 edit.
2560 5009 2616 5059 et
2661 5020 2771 5058 ms.
2812 5002 3009 5071 Torn.,
3044 5001 3115 5056 ad
3169 5000 3513 5072 marginem,
3548 5001 3607 5054 in

1956 5076 2187 5132 secundo
2214 5090 2414 5130 mense.

2029 5148 2140 5217 (46)
2198 5147 2365 5201 Rom.
2425 5144 2562 5201 edit.
2621 5146 2937 5211 germinare
2990 5145 3241 5207 arbores,
3295 5143 3608 5213 germinare

1983 5222 2188 5273 ructus.

1955 5221 2311 5357 [νιξὲξςδῆῑίἀθ
2339 5303 2465 5358 quze
2497 5285 2763 5340 dicentur
2789 5289 2931 5342 tom.
2967 5286 3036 5355 ll,
3063 5285 3119 5340 in
3150 5283 3318 5357 epist.
3342 5282 3413 5339 ad
3440 5286 3604 5356 episc.

1958 5360 2218 5415 zEmiliw.

2054 5432 2143 5503 48)
2176 5431 2341 5503 Rom.
2375 5428 2730 5503 edit.,-super
2757 5436 2993 5503 montem
3023 5429 3239 5503 λίνω-ιιιΣ

2053 5499 2142 5569 49)
2176 5501 2259 5556 Ita
2289 5516 2432 5556 mss.
2467 5500 2745 5570 quinque,
2780 5514 2845 5553 ac
2875 5500 3012 5555 edit.
3042 5501 3196 5567 Am.;
3221 5499 3346 5553 Vat.
3383 5501 3603 5561 autem,

1959 5580 2017 5629 et
2046 5574 2170 5628 alim
2201 5572 2365 5640 edit.,
2396 5576 2601 5627 exturlis
2647 5574 2760 5625 visu
2789 5575 2917 5625 sunt
2944 5573 3127 5643 capita
3152 5572 3423 5627 montium
3452 5586 3470 5622 :
3502 5584 3604 5624 un-

1958 5644 2181 5712 decimo,
2219 5649 2327 5699 etc.

3635 5063 3667 5081 α
