3878 6208
333 395 448 461 Hi

1851 399 1918 467 8.
1961 399 2342 471 AMBROSII

3622 408 3754 474 M2

317 530 703 607 intelligimus
745 533 928 592 Deum
959 550 1086 593 esse
1133 539 1498 609 operatorem
1544 533 1752 593 mundi
1798 540 1972 610 atque
2000 532 2057 602 Α
2082 536 2296 596 virtute
2339 537 2838 598 communionem.
2865 535 3066 598 Virtus
3098 543 3293 598 autem
3342 537 3492 599 redit
3534 557 3752 616 amans

317 627 623 689 rectorem,
659 640 763 680 nec
801 625 928 680 sine
972 629 1206 682 auctore
1237 626 1353 682 Deo
1383 631 1802 698 tantorumque
1833 644 1968 699 ope-

315 728 448 767 rum
498 714 798 769 conditore
855 713 976 769 haec
1035 715 1294 786 potuisse
1343 716 1466 771 fieri
1521 715 1835 784 credimus,
1870 722 1971 772 aut

314 817 488 872 posse
519 804 854 859 consistere.

380 891 468 944 62.
507 891 608 946 Per
640 891 788 948 hanc
836 892 1017 965 igitur
1059 893 1370 950 fenestram
1421 911 1660 950 corvum
1709 894 1968 966 primum

313 980 466 1036 254
515 982 720 1051 justus
775 982 991 1038 emisit.
1027 984 1346 1048 Quaerenda
1391 1000 1586 1049 causa,
1621 1000 1726 1039 nec
1774 988 1964 1038 tamen

310 1069 449 1125 latet
474 1075 763 1141 quantum
795 1072 866 1125 ad
913 1070 1169 1130 litteram
1217 1071 1503 1144 pertinet;
1535 1073 1674 1144 quia
1704 1071 1967 1144 plerique

310 1159 480 1229 quasi
519 1160 874 1214 annuntium
911 1161 1244 1215 futurorum
1295 1177 1532 1216 corvum
1565 1161 1876 1226 mstimant,
1911 1167 1967 1217 et

305 1263 474 1302 voces
504 1248 634 1316 ejus
664 1248 996 1314 observant,
1023 1249 1366 1320 volatusque
1401 1250 1708 1305 rimantur.
1744 1250 1962 1306 Sensus

306 1340 502 1390 autem
536 1335 708 1391 altior
736 1336 1033 1407 signiﬁcat
1061 1338 1215 1409 quod
1251 1339 1575 1408 mensjusti
1595 1339 1704 1410 (50)
1726 1340 1961 1409 quando

307 1426 593 1479 mundare
650 1442 712 1480 se
754 1425 981 1497 incipit,
1016 1443 1144 1497 quas
1203 1427 1512 1482 tenebrosa
1559 1433 1716 1494 sunt,
1749 1434 1805 1482 et
1851 1428 1960 1482 im-

308 1513 547 1579 munda,
579 1519 635 1568 et
664 1515 972 1570 temeraria
1002 1514 1189 1586 primo
1220 1533 1254 1570 a
1284 1532 1347 1570 se
1376 1514 1623 1588 repellit.
1658 1515 1960 1588 Siquidem

301 1601 496 1657 omnis
546 1603 933 1674 impudentia,
967 1607 1142 1676 atque
1187 1603 1360 1677 culpa
1406 1605 1714 1660 tenebrosa
1759 1608 1871 1668 est,
1903 1609 1962 1660 et

305 1691 554 1746 mortuis
585 1690 866 1762 pascitur,
903 1691 1058 1748 sicut
1104 1709 1312 1748 corvus
1347 1710 1359 1747 :
1392 1692 1602 1748 lumini
1651 1697 1844 1749 autem
1876 1693 1959 1747 vi-

299 1779 432 1835 cina
462 1780 647 1835 virtus
679 1797 806 1851 quae
840 1780 1052 1836 mentis
1096 1780 1348 1853 puritate
1377 1787 1434 1838 et
1463 1781 1839 1854 simplicitate
1871 1798 1958 1837 re-

300 1867 588 1940 splendet.
636 1869 704 1923 Et
747 1869 875 1924 ideo
934 1874 1216 1942 tanquam
1273 1870 1564 1926 emittitur
1609 1875 1669 1927 et
1719 1871 1962 1943 fugatur

303 1957 494 2030 culpa,
528 1962 585 2012 et
632 1962 938 2028 separatur
966 1959 1039 2014 ab
1076 1959 1430 2026 innocentia,
1463 1963 1528 2014 ut
1578 1958 1725 2015 nihil
1777 1976 1966 2015 rema-

301 2051 437 2102 neat
495 2047 552 2100 in
609 2045 717 2100 viri
767 2046 914 2117 justi
975 2052 1174 2103 mente
1243 2049 1644 2104 tenebrosum.
1706 2047 1967 2118 Denique

299 2151 575 2208 egressus
605 2150 814 2191 corvus
870 2153 984 2190 non
1045 2136 1356 2192 revertitur
1405 2137 1476 2190 ad
1528 2137 1793 2208 justum;
1826 2136 1965 2206 quia

294 2225 552 2298 fugitans
613 2225 804 2281 omnis
836 2224 1008 2297 culpa
1058 2229 1148 2280 est
1191 2223 1504 2296 aequitatis,
1540 2241 1644 2280 nec
1691 2211 1964 2297 probitati

306 2315 536 2371 videtur
580 2320 637 2371 et
674 2312 919 2384 justitiaa
963 2313 1287 2368 convenire.
1323 2312 1579 2384 Denique
1617 2313 1872 2368 evasisse
1901 2323 1964 2367 se

295 2404 478 2460 credit
501 2403 760 2475 injustus
791 2407 1073 2474 tanquam
1111 2403 1182 2457 de
1204 2401 1472 2467 vinculis,
1497 2419 1630 2457 cum
1655 2403 1857 2473 justus
1887 2401 1960 2456 ab

295 2495 423 2564 ejus
455 2510 518 2548 se
557 2493 852 2548 consortio
903 2491 1276 2560 separaverit,
1309 2490 1513 2546 diluvii
1563 2491 1871 2562 cujusdam
1903 2505 1962 2554 et,

293 2580 638 2655 corruptela
669 2579 998 2646 familiaris,
1023 2585 1088 2634 ut
1109 2597 1317 2636 corvus
1342 2581 1442 2652 qui
1469 2596 1603 2634 cum
1634 2579 1958 2634 siccitatem

295 2677 460 2729 terras
517 2687 812 2742 nusquam
866 2669 1174 2736 inveniret,
1221 2685 1338 2724 non
1388 2685 1654 2724 reversus
1697 2672 1808 2735 est,
1854 2668 1955 2724 sed

297 2760 582 2817 remansit
611 2762 696 2827 (51
711 2760 748 2829 ).

364 2851 455 2904 63.
488 2848 991 2904 Considerandum
1023 2846 1200 2900 etiam
1235 2862 1418 2916 quare
1460 2863 1576 2900 non
1624 2863 1954 2919 regressum

295 2937 506 2992 dixerit
559 2952 818 3002 corvum,
872 2934 1038 2990 donec
1091 2936 1320 2991 siccaret
1372 2952 1515 3007 aqua
1574 2952 1608 2989 a
1663 2938 1813 2991 terra
1837 2937 1951 3008 (5'2)

287 3026 439 3097 (Gen.
473 3041 594 3088 vm,
622 3025 700 3095 7),
730 3023 899 3095 quasi
929 3039 1063 3078 vero
1097 3027 1298 3094 postea
1353 3024 1432 3079 sit
1480 3039 1803 3095 regressus.
1837 3023 1946 3080 Sed

287 3115 409 3170 haec
441 3113 654 3168 locutio
687 3110 992 3167 familiaris
1022 3116 1112 3167 est
1147 3112 1464 3183 Scriptum
1495 3111 1722 3167 divinas.
1755 3112 1947 3184 Siqui-

294 3204 427 3259 dem
457 3207 514 3258 et
543 3203 598 3257 in
632 3201 944 3274 Evangelio
975 3201 1155 3256 babes
1185 3201 1470 3273 scriptum
1499 3201 1569 3256 de
1599 3205 1802 3256 sancta
1831 3201 1949 3257 Ma-

2069 627 2371 698 justorum
2383 629 2763 698 consortia,et
2779 629 3092 704 largiendis
3110 629 3454 707 familiarior
3473 630 3744 704 utilitati,

2079 733 2207 788 qua;
2255 719 2516 775 conferat
2567 717 2866 788 salutaria,
2893 723 2951 776 ct
2981 719 3239 776 cavenda
3293 737 3361 776 ea
3417 737 3547 792 quae
3600 726 3748 777 sunt

2079 807 2366 873 nccitura,
2386 813 2754 865 commoneat
2784 825 2797 864 :
2833 807 2987 865 sicut
3031 807 3304 874 columba
3332 809 3579 866 dimissa
3605 826 3744 866 cum

2077 895 2299 951 videret
2327 912 2591 953 cessasse
2623 913 2862 969 aquam,
2895 913 3162 969 regressa
3189 902 3280 953 est
3308 900 3590 970 tanquam
3622 896 3745 969 ple-

2077 1000 2153 1039 na
2176 983 2456 1055 justitie;
2500 990 2564 1041 ut
2593 985 2645 1042 ei
2688 1002 2725 1042 a
2752 1001 2868 1056 quo
2927 983 3111 1041 missa
3167 986 3375 1053 fuerat,
3439 985 3746 1041 nuntiaret

2075 1073 2219 1144 quid
2252 1073 2444 1129 adhuc
2475 1091 2674 1130 cavere
2705 1073 2964 1140 deberet,
2985 1077 3160 1146 atque
3188 1074 3581 1146 exspectando
3614 1074 3740 1129 fru-

2075 1165 2172 1217 ctu
2206 1162 2446 1218 meliore
2475 1168 2688 1235 postea~
2707 1161 3008 1236 potiretur.
3035 1163 3196 1228 Quod
3233 1162 3381 1220 255
3413 1167 3613 1218 autem
3650 1179 3743 1219 co-

2073 1247 2276 1306 lumba
2301 1269 2418 1305 non
2448 1250 2753 1308 inveniens
2795 1250 3055 1322 requiem
3099 1268 3269 1306 suam
3302 1250 3633 1324 regreditur
3663 1252 3737 1306 ad

2071 1355 2228 1407 eum,
2273 1340 2651 1395 manifestum
2701 1338 2985 1394 indicium
3037 1339 3197 1394 dedit
3241 1356 3343 1411 per
3389 1339 3737 1411 hujusmodi

2069 1443 2205 1482 aves
2235 1432 2523 1499 quantum
2571 1427 2805 1483 intersit
2834 1426 2985 1483 inter
3025 1426 3312 1482 malitiam
3344 1431 3401 1482 et
3429 1427 3731 1494 virtutem,

2068 1516 2336 1586 exprimi.
2399 1515 2704 1589 Siquidem
2765 1532 2972 1572 corvus
3029 1520 3164 1571 ante
3223 1515 3530 1582 dimissus,
3591 1533 3731 1572 cum

2068 1602 2385 1676 aliquando
2427 1604 2724 1662 videretur
2768 1603 3025 1676 amplius
3075 1603 3368 1660 exundare
3405 1597 3731 1674 diluvium,
3795 1674 3804 1680 .

2068 1692 2230 1750 visus
2259 1698 2350 1750 est
2379 1692 2572 1750 locum
2620 1692 2913 1749 invenisse
2960 1692 3274 1748 residendi.
3307 1692 3378 1748 Et
3421 1696 3577 1748 certe
3609 1710 3730 1750 non

2067 1786 2157 1837 est
2203 1781 2544 1854 hujusmodi
2575 1799 2785 1839 corvus
2816 1785 2881 1837 ut
2909 1780 3034 1838 alia:
3082 1797 3216 1837 aves
3265 1797 3392 1853 quae
3442 1781 3502 1836 in
3553 1781 3731 1854 aquis

2079 1870 2577 1928 conversationem
2609 1871 3228 1944 habereconsuerunt.
3253 1870 3401 1926 Cum
3431 1885 3568 1944 ergo
3599 1886 3728 1926 cor-

2077 1977 2186 2015 vus
2243 1960 2342 2016 ubi
2404 1964 2732 2016 remaneret
2788 1959 3080 2016 invenisse
3138 1959 3421 2025 videatur,
3449 1957 3730 2016 columba

2075 2053 2274 2104 autem
2305 2065 2418 2104 non
2452 2048 2757 2115 invenerit,
2785 2047 3020 2104 evidens
3041 2047 3189 2103 ratio
3210 2050 3300 2103 est
3319 2046 3519 2102 altiore
3551 2047 3730 2103 inter-

2075 2137 2396 2208 pretatione
2444 2137 2687 2210 signari,
2719 2137 2860 2209 quia
2890 2135 3117 2192 malitia
3164 2135 3444 2208 inquietis
3493 2135 3724 2208 passio-

2074 2225 2250 2281 nibus
2279 2231 2337 2282 et
2365 2225 2782 2297 cupiditatibus
2824 2225 3040 2297 quibus
3078 2223 3474 2296 corrumpitur
3500 2223 3721 2292 anima,

2073 2328 2135 2368 se
2167 2312 2410 2370 miscere
2445 2314 2768 2382 consuevit,
2800 2318 2858 2369 et
2907 2314 3076 2385 quasi
3107 2312 3368 2386 cognatis
3415 2316 3472 2369 et
3517 2313 3722 2369 dome-

2071 2401 2235 2457 sticis
2274 2401 2613 2469 delectatur,
2646 2401 2845 2475 ibique
2883 2403 3397 2459 commorationem
3430 2418 3599 2459 suam
3625 2400 3721 2458 lc-

2071 2494 2163 2545 cat
2195 2508 2208 2547 :
2241 2491 2426 2546 virtus
2473 2496 2670 2548 autem
2727 2491 2919 2564 prima
2975 2491 3173 2547 statim
3231 2490 3420 2563 specie
3473 2490 3720 2546 visionis

2069 2579 2291 2636 otfensa
2337 2581 2562 2652 regredi
2609 2580 2904 2636 festinavit
2931 2581 3004 2636 ad
3036 2584 3290 2636 mentem
3338 2579 3719 2651 animamque

2067 2667 2229 2738 iusti,
2263 2669 2418 2741 quod
2458 2668 2577 2724 illic
2625 2669 3012 2725 diversorium
3062 2668 3175 2724 sibi
3221 2667 3588 2725 tutissimum
3642 2667 3720 2724 sit

2065 2756 2350 2826 locatum;
2384 2775 2451 2814 eo
2483 2758 2637 2831 quod
2668 2756 2808 2814 alibi
2850 2762 3132 2830 tanquam
3164 2755 3456 2826 columba,
3488 2757 3570 2813 ita
3597 2757 3717 2813 hu-

2055 2845 2319 2917 jusmodi
2351 2847 2536 2903 virtus
2565 2845 2877 2903 stationem
2905 2845 3264 2902 tutissimam
3304 2845 3566 2902 invenire
3594 2863 3714 2902 non

2062 2935 2268 3006 possit.
2300 2936 2486 2991 Tarde
2527 2935 2683 2992 enim
2732 2935 2885 2991 inter
2913 2935 3160 2992 astutias
3190 2935 3364 2992 istius
3394 2935 3622 3002 mundi,
3658 2939 3718 2992 et

2060 3023 2430 3080 szecularium
2480 3023 2693 3080 ﬂuctus
2723 3024 3135 3096 cupiditatum,
3168 3027 3401 3097 portum
3441 3023 3590 3080 solet
3617 3023 3709 3080 in-

2056 3113 2254 3168 venire
2284 3111 2648 3185 simplicitas.

2124 3202 2214 3256 65.
2248 3201 2449 3273 Itaque
2479 3201 2634 3257 sicut
2674 3200 2908 3272 justitia
2928 3201 3039 3274 (53)
3060 3199 3219 3257 velut
3248 3199 3471 3257 visendi
3516 3200 3712 3272 gratia

285 3293 392 3357 ria,
426 3292 581 3364 quod
617 3307 729 3347 non
776 3289 1109 3362 cognoverit
1145 3289 1520 3362 eam_Joseph
1552 3290 1736 3345 donec
1767 3305 1940 3363 pepe-
1970 3276 2013 3343 C
2052 3305 2363 3362 progressa
2387 3289 2709 3363 paulisper,
2734 3291 2807 3346 ad
2835 3294 3090 3346 mentem
3115 3290 3394 3362 optimam
3421 3289 3610 3346 redire
3632 3289 3709 3346 fe-

282 3381 358 3437 rit
389 3381 578 3436 tilium
614 3381 822 3447 (Matth.
858 3397 896 3447 1,
929 3380 1043 3450 25),
1077 3395 1210 3434 cum
1243 3379 1449 3451 utique
1480 3394 1584 3434 nec
1618 3382 1820 3450 postea
1851 3395 1948 3434 co-

280 3470 570 3542 gnoverit.
602 3469 818 3524 Deinde
850 3485 981 3540 quas
1027 3471 1117 3522 est
1166 3466 1382 3522 locutio
1429 3467 1562 3533 ista,
1597 3472 1662 3523 ut
1706 3467 1942 3551 diceret,

279 3559 447 3614 donec
474 3559 700 3612 siccaret
739 3573 884 3628 aqua
913 3574 947 3609 a
976 3559 1145 3622 terra,
1181 3572 1294 3611 non
1327 3561 1483 3610 terra
1531 3556 1602 3611 ab
1655 3555 1852 3627 aqua?
1877 3556 1946 3612 Et

280 3646 519 3718 quidem
543 3662 688 3700 usus
711 3645 984 3715 loquendi
1015 3644 1188 3700 etiam
1219 3643 1327 3699 hoc
1349 3644 1567 3700 habere
1588 3645 1892 3701 consuevit
1926 3673 1940 3713 ε

277 3740 476 3789 tamen
510 3732 780 3788 nonnulli
813 3736 947 3788 ante
1003 3748 1109 3787 nos
1165 3732 1620 3799 aestimaverunt,
1657 3750 1724 3788 eo
1779 3733 1934 3805 quod

278 3822 671 3878 immoderata
713 3821 980 3892 quaedam
1011 3820 1279 3875 videatur
1306 3820 1396 3876 vis
1433 3820 1678 3892 exprimi
1713 3822 1937 3893 passio-

278 3928 422 3967 num
455 3928 520 3966 ac
572 3910 922 3966 locutionem
954 3895 1293 3977 verborum;
1325 3909 1467 3980 quia
1514 3909 1770 3966 turbidis
1799 3926 1937 3981 pas-

277 4000 546 4056 sionibus
577 4015 644 4054 ac
673 3997 1015 4071 procellosis
1055 4002 1502 4053 consummatur
1541 3998 1759 4065 anima,
1791 3999 1934 4054 deﬁ-

273 4089 568 4144 cientibus
599 4093 794 4144 autem
825 4093 883 4142 et
911 4086 1067 4142 velut
1095 4087 1499 4142 arescentibus
1533 4087 1809 4142 virtutem
1843 4105 1931 4144 re-

278 4183 496 4234 sumat.
531 4178 653 4233 Non
685 4177 834 4233 redit
871 4176 1051 4248 igitur
1093 4174 1276 4248 culpa.-
1326 4175 1550 4248 species
1578 4174 1636 4230 in
1669 4176 1930 4232 animam

266 4267 440 4338 justi,
475 4267 645 4339 quasi
696 4267 912 4322 siccam
960 4270 1016 4320 et
1064 4269 1354 4320 mortuam
1404 4263 1840 4336 derelinquens,
1874 4270 1931 4321 et

277 4355 370 4411 cui
393 4357 521 4426 jam
554 4371 759 4410 nocere
789 4371 904 4409 non
937 4354 1143 4426 possit.

869 4442 1101 4497 CAPUT
1135 4439 1331 4497 XVIII.

273 4517 335 4572 Ut
362 4531 555 4584 corpus
588 4517 882 4580 malitiam,
916 4516 994 4568 sic
1035 4514 1293 4568 virtutem
1336 4513 1588 4569 columba
1631 4514 1913 4584 exprimit.

2055 3377 2258 3444 stinat,
2281 3395 2386 3435 nec
2405 3377 2640 3452 longius
2661 3378 2908 3436 discedit
2926 3396 2961 3434 a
2988 3380 3147 3449 justo
3171 3395 3185 3434 :
3210 3378 3292 3435 ita
3308 3378 3483 3434 etiam
3497 3378 3706 3450 justus

2054 3471 2111 3522 et
2141 3468 2438 3524 studiosus
2478 3467 2730 3536 virtutis,
2765 3467 2862 3524 ubi
2912 3467 3182 3523 virtutem
3234 3466 3704 3539 appropinquare

2053 3557 2404 3626 cognoverit,
2449 3556 2739 3630 gremium
2793 3573 2912 3612 suis
2960 3555 3174 3611 mentis
3220 3555 3517 3627 expandit.
3549 3555 3696 3619 Quid

2053 3645 2210 3700 enim
2259 3645 2370 3702 sibi
2427 3645 2550 3701 vult
2604 3645 2760 3717 quod
2819 3644 2924 3713 vir,
2961 3644 3262 3704 studiosus
3291 3643 3522 3700 virtutis
3578 3644 3697 3703 Noe

2050 3734 2366 3790 extendens
2398 3750 2653 3806 manum
2703 3733 2961 3805 suscepit
2989 3749 3138 3794 eam.
3171 3737 3226 3788 ct
3271 3731 3595 3788 introduxit
3623 3734 3694 3789 ad

2049 3822 2154 3878 se?
2184 3823 2346 3887 Quod
2378 3823 2487 3879 etsi
2533 3822 2860 3879 secundum
2889 3820 3141 3886 litteram
3173 3820 3414 3892 planum
3446 3822 3693 3889 videtur,

2046 3929 2164 3967 non
2216 3916 2411 3968 tamen
2469 3910 2636 3968 facile
2666 3909 2910 3984 colligas
2966 3910 3080 3966 nisi
3110 3909 3216 3964 viri
3248 3909 3529 3982 sapientis
3585 3911 3693 3967 tibi

2045 4004 2183 4055 nota
2210 4000 2287 4056 sit
2316 3999 2697 4068 consuetudo,
2732 3999 2832 4072 qui
2880 3997 3035 4055 velut
3073 3997 3455 4070 speculatrice
3482 3997 3693 4056 virtute

2041 4088 2246 4157 utitur,
2277 4093 2335 4144 et
2363 4089 2416 4145 ei
2458 4087 2948 4161 explorandorum
2996 4087 3361 4160 negotiorum
3408 4088 3691 4159 gerendo-

2039 4193 2291 4249 rumque
2329 4177 2770 4251 prwrogativam
2809 4175 3127 4248 quamdam
3160 4175 3392 4232 videtur
3420 4175 3689 4247 commit-

2038 4269 2182 4322 tere.
2214 4267 2296 4322 Ea
2351 4282 2490 4340 ergo
2519 4265 2705 4322 virtus
2749 4264 3025 4337 expendit
3054 4269 3315 4332 naturas,
3348 4269 3414 4320 ut
3465 4263 3517 4320 si
3575 4281 3691 4337 qua

2035 4369 2240 4410 earum
2267 4354 2378 4411 sibi
2399 4355 2630 4410 videtur
2653 4353 3022 4411 committere
3053 4353 3398 4425 profectum,
3421 4353 3474 4408 ei
3501 4353 3692 4426 possit

2035 4444 2374 4516 adjungere.
2407 4443 2748 4500 Communis
2793 4442 2952 4499 enim
2999 4443 3269 4514 quaedam
3316 4447 3407 4498 est
3452 4442 3688 4498 bonitas

2031 4531 2331 4604 sapientiae
2361 4536 2418 4587 et
2445 4529 2706 4588 liberalis
2731 4535 2789 4587 et
2817 4529 2980 4603 larga
3001 4529 3304 4599 utilitatis;
3334 4529 3415 4586 ita
3444 4534 3510 4586 ut
3538 4546 3686 4603 quas

340 4584 1918 4708 ἒέἕεξέῗὶζὶθᾖὲἓῖθ³ίῗι⁷ἓῗιῗέ⁸ηε³ῗς⁷ῗίῒιῗζιῶι²⁴ηῗ¹ῗ2ιὲἑῗθἐῗέᾗαῖἱέἕῖ
1948 4645 1998 4708 n
2029 4620 2354 4692 ωοτίεθταε
2384 4619 2496 4676 sibi
2538 4620 2744 4687 οονηίιι
2784 4619 3036 4675 δεεοοίει
3067 4635 3080 4673 =
3113 4619 3216 4708 ubi
3247 4624 3444 4675 αυιεω
3476 4635 3685 4691 Prom-

338 4657 568 4712 ostendit
595 4655 739 4718 Noe,‘
779 4655 1027 4725 idemque
1055 4655 1361 4709 columbam
1395 4658 1597 4726 septem
1639 4656 1770 4710 aliis
1798 4655 1915 4712 die-

340 4707 726 4782 iuges-aea;
749 4707 1918 4798 paesti-ama’camgeaamssrah.
1972 4707 1975 4708 ί
2028 4709 2140 4798 Bito
2180 4727 2288 4766 suo
2326 4708 2549 4798 viderit
2594 4708 2925 4798 aliquorum
2973 4707 3338 4798 recalcitrat-ie
3387 4713 3682 4776 naturam.

335 4799 575 4943 gifelflec
606 4885 749 4940 illud
781 4900 1052 4954 vacuum,
1074 4885 1229 4956 quod
1280 4889 1481 4956 postea
1527 4885 1799 4942 columba
1828 4886 1914 4941 di-

269 4977 536 5032 mittitur.
585 4975 866 5032 Malitiam
915 4974 1130 5029 etenim
1171 4973 1541 5045 simplicitas,
1582 4979 1639 5029 et
1681 4973 1913 5046 culpam

261 5066 447 5121 virtus
470 5065 721 5121 resolvit.
745 5063 967 5120 Malitia
989 5064 1166 5136 igitur
1185 5067 1345 5119 amat
1369 5061 1679 5127 diluvium,
1697 5067 1755 5118 et
1775 5080 1912 5118 con-

263 5155 510 5210 sortium
563 5155 734 5222 justs:
784 5152 997 5207 mentis
1047 5151 1280 5222 refugit,
1309 5155 1365 5206 et
1410 5151 1579 5222 quasi
1628 5151 1913 5219 desolata,

265 5247 323 5298 et
353 5243 479 5296 sine
505 5240 702 5313 aliqua
723 5240 975 5296 statione
999 5245 1259 5296 remanet
1289 5239 1508 5294 nullam
1532 5239 1755 5296 habens
1777 5257 1912 5296 cum

332 5366 444 5444 (βο)
652 5382 875 5444 omnes,
909 5381 975 5420 ac
1006 5381 1148 5420 mss.
1173 5364 1310 5430 duo,
1334 5364 1474 5436 quod
1501 5367 1680 5422 omnis
1701 5365 1908 5437 justus.

261 5434 392 5499 Alii,
427 5441 490 5489 ut
526 5436 582 5488 in
616 5441 794 5490 textu.

331 5507 444 5576 (51)
480 5507 611 5559 Post
653 5523 849 5562 vocem
901 5509 1182 5569 remansit,
1217 5506 1450 5561 additur
1478 5506 1536 5560 in
1575 5507 1738 5563 Rom.
1771 5509 1910 5565 edit.

259 5576 427 5631 donec
454 5579 755 5631 siccaretur
785 5595 956 5647 aqua;
989 5579 1089 5632 sed
1123 5577 1286 5631 nulla
1320 5577 1433 5633 alia
1472 5578 1613 5633 edit.
1647 5578 1735 5634 vel
1765 5596 1909 5635 mss.

266 5648 644 5719 sull‘ragante.

332 5718 643 5792 (52)’Edit.
692 5719 881 5784 Rom.,
931 5719 1098 5775 donec
1144 5719 1440 5774 siccaretur
1487 5735 1632 5790 aqua
1686 5737 1720 5778 a
1769 5722 1913 5793 facie

2025 4797 2186 4854 velut
2215 4798 2288 4854 ad
2322 4796 2646 4870 hospitium
2693 4795 2981 4852 familiare
3011 4795 3123 4853 sibi
3154 4795 3372 4852 revolat
3399 4799 3457 4851 et
3486 4813 3682 4852 recur-

2025 4887 2122 4955 rit,
2141 4903 2320 4959 quam
2343 4886 2579 4960 sapiens
2601 4890 2659 4942 et
2681 4885 3011 4941 industrius
3034 4889 3318 4957 tanquam
3339 4900 3521 4940 manu
3542 4901 3686 4957 qua-

2023 4976 2162 5031 dam
2195 4975 2406 5031 mentis
2456 4974 2692 5031 festinat
2738 4972 3018 5046 excipere,
3041 4988 3216 5030 omne
3264 4989 3364 5029 cor
3412 4972 3683 5045 aperiens

2025 5079 2202 5118 suum
2235 5079 2350 5135 quo
2381 5061 2556 5119 etiam
2588 5077 2718 5118 eam
2750 5061 3051 5117 absentem
3078 5061 3335 5117 tenebat.
3358 5058 3680 5133 Nunquam

2022 5152 2180 5208 enim
2214 5154 2404 5224 potest
2433 5149 2668 5224 sapiens
2698 5166 2898 5207 exsors
2929 5165 3058 5205 esse
3088 5149 3336 5222 propria
3365 5148 3625 5206 virtutis.

2091 5243 2182 5296 66.
2215 5239 2362 5306 Quid
2396 5243 2674 5312 praeterea
2703 5237 2815 5295 sibi
2861 5236 2998 5294 velit
3025 5238 3183 5311 quod
3231 5237 3421 5293 tenuit
3450 5240 3676 5309 septem

2022 5371 2210 5434 terrae,
2245 5370 2308 5422 ut
2335 5363 2513 5421 etiam
2545 5363 2720 5420 infra.
2751 5361 2889 5418 Alia:
2931 5379 3064 5420 vero
3107 5362 3340 5419 edit..et
3369 5377 3673 5434 meame-

2064 5454 2138 5494 no
2169 5432 2678 5507 c'onsensu,rdmtec
2722 5436 2956 5507 siccaret
2981 5451 3128 5507 aqua
3155 5451 3192 5507 ᾳ
3230 5438 3398 5507 terra.
3433 5432 3543 5488 Ubi
3575 5449 3673 5490 su-

2064 5454 2138 5494 no
2169 5454 2478 5500 consensu,
2507 5454 2678 5491 αοηεο
2722 5454 2956 5491 uocaret
2981 5454 3128 5507 aqua
3156 5454 3192 5490 α
3230 5454 3398 5489 terra.
3437 5454 3543 5488 um

2021 5454 2300 5565 gauditur
2325 5524 2400 5576 se,
2427 5506 2624 5579 ellipsi
2657 5505 2929 5579 familiari
2959 5507 3116 5578 apud
3149 5505 3429 5579 Latinos:
3550 5549 3556 5560 .

2093 5581 2205 5651 (53)
2237 5580 2376 5651 Mss,
2409 5575 2578 5636 σοι-5.
2601 5581 2660 5634 et
2689 5577 2892 5649 Long.,
2920 5575 3062 5635 sicut
3084 5579 3280 5634 virtus.
3313 5575 3671 5645 Colb.,.sicut

2013 5649 2217 5722 justus.
2258 5649 2425 5708 Male.
