3878 6208
48 394 126 459 illi
1249 401 1485 466 LIBER
1524 398 1628 464 DE
1668 400 1706 464 It‘

1885 399 1971 462 ET
2012 398 2239 464 ΑΒΕΔ.

3321 400 3441 466 4η

57 531 217 591 diebus
244 530 379 592 aliis
411 533 876 606 columbam,et
904 536 1117 593 iterum
1149 536 1346 594 emisit
1375 552 1503 592 eam
1533 554 1546 604 ;
1572 535 1687 612 nisi
1717 540 1769 607 Α
1800 531 2091 607 effulgeat,
2120 531 2371 590 maxime
2396 548 2529 591 cum
2556 532 2805 609 paciﬁca
2828 532 3126 609 loquitur;
3159 536 3439 610 quoniam

56 627 93 680 ut
114 624 380 680 advertas
429 628 607 699 quod
661 627 880 683 bonum
925 626 1228 698 sapientis,
1279 626 1688 697 optimumque
1794 622 1954 678 hunc
1986 638 2220 693 quoque
2269 622 2562 679 ramulum
2614 640 2816 697 pacem
2866 630 3127 697 petentes
3174 626 3441 698 praeferre

50 714 381 786 propositum
414 730 671 787 semper
699 716 810 770 sibi
841 715 1013 770 etiam
1037 714 1184 771 alios
1212 714 1532 786 adjungere
1564 717 1688 769 stu-

50 804 133 865 det,
170 806 455 860 errantes
515 804 854 870 emendare,
912 802 1196 875 corrigere
1252 801 1573 875 vagantes?
1629 800 1687 857 Si

49 908 183 963 quem
200 890 265 946 in
290 891 604 963 principio
626 891 845 949 resilire
875 890 1258 964 conspexerit,
1291 895 1485 946 tamen
1531 907 1690 945 com-

46 980 291 1034 mutandi
316 979 461 1050 ejus
490 983 553 1036 et
573 979 899 1053 corrigendi
922 996 1035 1035 non
1054 980 1321 1051 desperet
1341 978 1686 1050 profectum.

45 1069 176 1124 Sicut
207 1068 383 1124 enim
419 1069 620 1124 bonus
652 1070 934 1135 medicus,
966 1068 1076 1125 etsi
1110 1073 1342 1139 tempus
1390 1068 1691 1123 medicinis

43 1175 128 1213 non
159 1158 267 1225 sit,
304 1161 521 1213 tamen
553 1157 904 1213 visitationis
934 1156 1231 1228 speculam
1266 1160 1397 1212 ante
1436 1156 1691 1228 praemit-

2 1248 119 1309 .tit;
152 1245 391 1301 deinde
437 1262 552 1300 non
608 1244 849 1318 negligit
883 1247 1059 1317 justie
1104 1244 1551 1317 exspectationis
1598 1259 1690 1300 ex-

39 1334 249 1400 cubias,
284 1337 351 1389 et
384 1332 691 1406 paulisper
720 1333 1092 1406 passionibus
1132 1334 1362 1399 cedens,
1397 1333 1697 1406 opperitur

42 1423 380 1479 facultatem
413 1424 711 1491 medendi,
746 1440 872 1495 qua:
904 1440 1038 1479 cum
1068 1422 1244 1478 fuerit
1272 1422 1486 1489 oblata,
1520 1438 1693 1477 suum

44 1530 138 1567 non
172 1512 536 1567 intermittit
566 1511 824 1567 ofﬁcium
851 1530 862 1567 :
890 1512 970 1567 ita
1001 1528 1135 1585 ergo
1166 1515 1221 1568 et
1243 1511 1477 1583 sapiens
1506 1510 1697 1566 verbis

42 1618 87 1656 ac
114 1600 678 1673 disputationibus,
702 1600 854 1657 τη
894 1604 1171 1672 tanquam
1222 1600 1485 1656 medicus
1516 1599 1698 1655 medi-

46 1680 352 1758 camentis,
408 1688 734 1745 contrarias
779 1704 982 1744 curare
1032 1681 1325 1745 desiderat
1373 1688 1697 1761 passiones.

49 1778 97 1833 Et
118 1778 273 1851 quia
304 1778 369 1833 in
403 1776 682 1833 omnibus
708 1778 960 1834 remedio
982 1777 1163 1833 divini
1189 1777 1398 1834 favoris
1421 1778 1700 1833 utendum

48 1871 162 1933 est;
213 1867 359 1923 ideo
409 1874 634 1938 septem
674 1865 1026 1938 esspectavit
1064 1866 1189 1922 dies
1236 1866 1388 1936 (Gen.
1440 1884 1559 1930 vm,
1611 1866 1700 1937 t2)
1734 1910 1780 1975 Β

49 1956 264 2026 quibus
295 1956 566 2011 mundus
585 1955 777 2011 omnis
798 1955 1151 2011 describitur
1178 1955 1482 2011 absolutus
1503 1959 1560 2010 et
1576 1971 1705 2027 ope-

53 2044 223 2100 ratori
278 2044 520 2116 requies
566 2043 897 2099 ministrata
936 2043 1092 2114 (Gen.
1150 2061 1211 2111 ιι,
1254 2045 1328 2115 2),
1374 2047 1439 2099 ut
1492 2060 1561 2098 ex
1603 2042 1703 2099 illo

54 2136 285 2189 auctore
315 2133 586 2188 omnium
620 2137 950 2188 sumeretur
990 2132 1302 2205 disciplina
1348 2132 1703 2205 operationis

0 2236 1 2245 η
56 2219 352 2278 humanae.

675 2336 909 2393 CAPUT
949 2337 1088 2393 XIX.

64 2426 330 2482 Columba
374 2441 547 2497 quare
589 2424 808 2480 dicatur
851 2426 921 2480 ad
968 2442 1247 2497 vesperam
1293 2442 1538 2495 regressa
1583 2442 1706 2480 eum

122 2499 290 2554 oliuae
322 2513 480 2552 ramo
510 2498 570 2551 in
590 2513 687 2569 ore
707 2514 726 2550 :
762 2498 892 2552 item
922 2497 1064 2569 unde
1093 2513 1265 2569 aquas
1302 2497 1554 2567 defecisse
1600 2499 1708 2569 Noe

125 2570 479 2637 cognoverit:
510 2568 736 2623 tandem
763 2584 864 2623 cur
901 2568 1092 2624 eadem
1133 2568 1380 2623 columba
1430 2577 1547 2639 post
1592 2568 1706 2624 dies

130 2643 328 2711 septem
355 2642 519 2695 tertio
541 2640 740 2694 emissa
770 2655 877 2694 non
907 2655 1123 2695 reversa
1149 2641 1241 2694 sit.

135 2755 225 2810 67.
257 2758 511 2824 Regressa
535 2762 616 2810 est
644 2755 815 2823 igitur
862 2756 1111 2811 columba
1156 2754 1226 2809 ad
1270 2770 1566 2826 vesperam,
1614 2756 1710 2809 ha-

78 2842 197 2897 bens
231 2846 427 2913 folium
458 2843 612 2910 oleae,
647 2846 697 2898 et
735 2860 954 2898 ramum
1000 2845 1061 2897 in
1107 2859 1199 2899 ore
1237 2859 1334 2899 suo
1380 2843 1532 2912 (Gen.
1582 2859 1707 2909 vm,

79 2931 183 2999 11).
210 2931 334 2986 Non
364 2932 549 2987 otiose
579 2931 774 3003 posuit
799 2935 856 2987 et
882 2947 1203 3003 vesperam,
1256 2935 1312 2987 et
1360 2948 1708 3003 regressum,

70 3022 131 3073 et
160 3018 468 3076 habentem
499 3018 637 3076 olea:
661 3020 885 3086 folium,
916 3026 970 3075 et
1000 3019 1294 3075 ramulum
1333 3020 1394 3075 in
1437 3037 1535 3076 ore
1581 3037 1708 3091 suo,

65 3112 135 3161 ut
183 3125 298 3163 non
350 3108 698 3182 fugitantem
745 3109 1018 3164 virtutem
1074 3109 1374 3165 arbitreris
1416 3109 1711 3182 profectus

70 3194 280 3266 futuri,
317 3197 368 3252 si
429 3214 577 3269 quos
633 3197 820 3269 possit
871 3197 1208 3269 acquirere;
1266 3214 1455 3269 neque
1506 3215 1712 3254 rursus

1798 716 2243 768 consueverunt.
2274 711 2430 767 Tulit
2461 712 2779 783 ramulum,
2811 729 2878 769 eo
2908 715 3062 786 quod
3095 715 3443 789 simplicitas

1799 801 2052 873 puritate
2100 817 2166 855 ac
2220 800 2554 857 sinceritate
2603 802 2830 858 semina
2878 804 3145 875 quaedam
3199 804 3443 860 auribus

1799 888 2018 945 nostris
2049 888 2319 945 utilitatis
2350 890 2645 945 infundit:
2691 896 2748 946 et
2796 892 2958 947 bones
3005 893 3272 949 doctrina
3322 895 3441 949 vir—

1800 978 1944 1033 tutis
1976 979 2089 1048 (55.)
2124 982 2224 1032 aut
2266 979 2337 1034 ad
2389 978 2739 1034 industriam
2790 987 3079 1053 provocat,
3134 987 3191 1037 et
3237 982 3445 1038 invitat

1802 1068 1873 1122 ad
1908 1067 2211 1138 praemium
2244 1067 2409 1121 bona:
2440 1067 2550 1123 sibi
2593 1070 2893 1124 conscium
2946 1070 3292 1142 disciplinis,
3343 1076 3445 1127 aut

1802 1155 2067 1227 gerenda:
2119 1155 2468 1226 poenitentiae
2523 1161 2582 1211 et
2631 1159 2939 1229 sequenda:
2990 1160 3446 1217 conversationis

1803 1244 1914 1315 (56)
1943 1244 2325 1315 cupiditatem
2357 1244 2546 1315 injicit
2572 1248 2878 1317 peccatori.

1873 1336 1963 1387 68.
1994 1332 2157 1388 Unde
2187 1337 2244 1387 et
2283 1338 2559 1404 praeterea
2624 1335 2953 1407 cognoverit
3021 1342 3261 1393 sanctus
3327 1339 3447 1395 Noe

1805 1420 1946 1491 quia
1982 1419 2256 1476 defecerit
2311 1437 2465 1492 aqua
2512 1438 2546 1476 a
2586 1426 2759 1484 terra.
2817 1424 2965 1479 sicut
3027 1426 3308 1497 scriptum
3358 1432 3450 1482 est

1807 1508 2016 1578 (Ibid),
2047 1508 2539 1565 considerandum
2570 1510 2821 1566 videtur.
2848 1512 3037 1568 Primo
3067 1515 3332 1569 omnium
3365 1532 3450 1570 sc-

1807 1598 2066 1655 oundum
2120 1597 2395 1667 litteram,
2455 1599 2595 1670 quia
2643 1600 2832 1671 potuit
2882 1600 3209 1673 intelligere
3246 1607 3446 1659 utrum

1809 1686 2028 1744 siccum
2056 1704 2129 1741 an
2156 1686 2468 1742 humidum
2496 1687 2701 1743 folium
2731 1693 2888 1745 esset
2917 1689 3180 1745 allatum.
3234 1691 3449 1747 Deinde

1810 1776 2085 1848 quoniam
2139 1792 2253 1831 non
2292 1779 2383 1831 est
2421 1776 2763 1846 bujusmodi
2820 1777 3110 1847 columba,
3162 1783 3228 1835 ut
3265 1780 3454 1852 possit

1811 1864 2038 1919 fructus
2069 1863 2314 1919 latentes
2349 1865 2458 1919 sub
2484 1881 2637 1936 aqua
2656 1880 2878 1921 eruere.
2913 1867 3023 1922 Sed
3060 1871 3255 1924 utrum
3307 1867 3449 1924 illud

1812 1952 2017 2008 folium
2048 1956 2181 2008 ante
2206 1952 2491 2009 diluvium
2524 1954 2698 2009 fuerit
2743 1959 3029 2023 exortum,
3075 1974 3148 2012 an
3193 1961 3454 2029 tempore

1812 2040 2039 2108 diluvii,
2088 2042 2484 2097 contuendum
2541 2047 2630 2098 est
2668 2043 2795 2098 tibi.
2842 2043 2901 2099 Si
2954 2048 3086 2100 ante
3142 2045 3451 2111 diluvium,

1810 2130 1899 2185 vir
1928 2131 2130 2201 justus
2168 2130 2406 2203 gavisus
2453 2135 2543 2186 est
2608 2131 2863 2187 fructum
2926 2134 2998 2189 de
3061 2134 3237 2190 veteri
3300 2134 3450 2191 251

1813 2219 2034 2275 semine
2065 2218 2321 2291 aliquem
2354 2225 2733 2289 reservatum,
2774 2226 2833 2277 et
2876 2222 3012 2278 inde
3066 2222 3299 2297 collegit
3345 2225 3454 2280 mi-

1814 2308 2140 2364 sericordia:
2171 2307 2401 2380 insigne
2432 2309 2661 2376 divinis,
2695 2311 2846 2381 quod
2873 2311 2998 2383 jam
3030 2312 3317 2368 diluvium
3366 2329 3457 2368 re-

1814 2395 2109 2461 movisset,
2142 2413 2268 2466 qua:
2301 2397 2557 2453 fructum
2588 2399 3033 2467 demonstraret,
3066 2402 3159 2457 cui
3198 2418 3313 2457 non
3362 2418 3459 2474 po-

1814 2482 2067 2540 tuissent
2096 2500 2301 2540 nocere
2332 2484 2570 2541 diluvia.
2609 2486 2665 2541 Si
2697 2486 2898 2543 diluvii
2946 2493 3207 2561 tempore
3254 2495 3457 2546 natum

1815 2576 1904 2629 est
1935 2572 2158 2639 folium,
2202 2574 2447 2628 advertit
2500 2574 2702 2647 utique
2759 2577 2961 2647 justus
3029 2594 3176 2633 nova
3233 2579 3460 2635 semina

1818 2661 2228 2717 misericordia;
2290 2663 2669 2719 tructiﬁcasse
2751 2664 3020 2731 cmlestis,
3101 2671 3166 2722 ut
3234 2668 3458 2723 radices

1817 2750 2092 2806 arborum
2125 2750 2400 2820 viverent,
2432 2756 2490 2807 et
2522 2752 2686 2823 quasi
2727 2758 3027 2826 resumpta
3077 2756 3276 2811 anima
3304 2750 3459 2812 fetus

1818 2838 2215 2911 germinarent
2243 2845 2521 2907 vetustos,
2580 2846 2757 2913 atque
2812 2842 2871 2897 in
2931 2848 3199 2901 assuetos
3255 2849 3460 2918 partus

1818 2928 2093 2995 redirent,
2125 2945 2378 3000 quorum
2408 2929 2688 2985 indicium
2721 2932 3026 3003 praemissa
3055 2932 3195 2988 folia
3226 2934 3462 2990 demon-

1820 3020 2093 3072 strarent.
2636 3076 2649 3085 ,

1888 3106 1977 3159 69.
2012 3106 2122 3161 Sed
2154 3105 2262 3161 hoc
2294 3105 2413 3161 alta
2442 3106 2635 3178 potius
2684 3108 3159 3180 interpretatione
3210 3109 3461 3184 collegit,

1820 3194 1960 3264 quia
1988 3194 2272 3250 Dominus
2294 3195 2447 3250 Deus
2477 3201 2695 3264 noster,
2720 3198 2989 3269 quamvis
3009 3198 3233 3254 acerbis
3253 3199 3465 3271 iniqui-

75 3287 354 3356 tanquam
386 3286 512 3341 sine
542 3285 763 3342 lumine
792 3302 917 3341 eam
953 3286 1133 3342 fuisse
1153 3302 1489 3359 cognoscas,
1514 3291 1569 3342 et
1585 3287 1712 3359 qui-
1742 3275 1784 3342 C
1822 3283 1961 3338 tatis
1987 3287 2196 3339 nostra;
2228 3284 2486 3340 offensus
2516 3290 2670 3340 esset
2698 3286 3014 3350 erroribus,
3062 3291 3261 3342 tamen
3310 3288 3461 3343 anti-

84 3371 322 3431 busdam
374 3375 632 3431 tenebris
695 3374 1004 3443 occultam,
1047 3376 1146 3431 sed
1196 3376 1406 3431 diurno
1463 3376 1713 3432 candore

88 3461 388 3534 fulgentem
420 3468 785 3535 exspectasse
814 3480 1001 3536 usque
1034 3465 1102 3521 ad
1154 3481 1427 3520 occasum
1476 3464 1612 3529 diei,
1658 3469 1715 3520 et

89 3550 164 3604 sic
191 3552 259 3607 ad
285 3569 420 3608 eum
457 3568 805 3624 regressam,
846 3553 1000 3624 apud
1043 3568 1215 3625 quem
1262 3553 1438 3609 etiam
1488 3552 1713 3625 vesperi

88 3640 335 3697 tenebras
368 3641 581 3696 habere
608 3658 721 3697 non
754 3644 970 3714 posset.
997 3640 1221 3696 Folium
1272 3658 1503 3713 quoque
1557 3643 1711 3713 quod

91 3740 272 3783 secum
300 3728 534 3795 detulit,
567 3729 676 3785 etsi
707 3729 877 3785 breve
898 3727 1043 3785 illud
1074 3728 1277 3784 folium
1307 3729 1589 3785 detulisse
1625 3730 1713 3783 vi-

91 3813 296 3886 deatur,
328 3834 494 3890 spem
552 3834 752 3873 eorum
805 3834 952 3890 quos
989 3818 1082 3873 sui
1131 3817 1434 3890 paeniteret
1476 3819 1711 3885 erroris,

95 3904 186 3957 etsi
217 3922 329 3961 non
364 3922 665 3978 magnam,
700 3905 956 3978 aliquam
992 3910 1186 3962 tamen
1220 3906 1589 3979 significavit.
1618 3908 1715 3961 Foo

95 3988 221 4048 lium
249 3995 403 4050 enim
446 3994 575 4051 sine
624 3994 876 4066 virgulto
929 4010 1057 4051 esse
1104 4011 1220 4051 non
1272 3998 1516 4066 poterat.
1566 3996 1715 4068 Ergo

97 4082 243 4149 quasi
274 4082 666 4155 germinantis
694 4082 1068 4138 correctionis
1098 4083 1233 4154 (54),
1264 4083 1397 4139 licet
1426 4101 1543 4139 non
1592 4101 1714 4140 ma-

96 4180 258 4237 gnum
290 4171 553 4244 aliquod,
584 4176 782 4227 tamen
810 4172 965 4227 vexit
987 4171 1220 4241 insigne
1248 4176 1305 4228 et
1324 4171 1525 4227 folium
1557 4172 1715 4238 oleis,

95 4255 140 4311 in
166 4275 280 4331 qua
308 4262 516 4317 arbore
545 4260 697 4317 oliva
725 4266 1055 4333 generatur,
1087 4278 1155 4316 ex
1187 4278 1302 4333 qua
1341 4261 1533 4318 oleum
1583 4279 1717 4318 con-

94 4342 285 4415 ﬁcitur,
326 4366 442 4422 quo
481 4349 781 4406 materiale
813 4350 921 4406 hoc
951 4350 1150 4406 lumen
1183 4350 1427 4418 fovetur,
1461 4355 1518 4406 et
1556 4356 1715 4407 tene-

91 4430 308 4494 brarum
342 4439 581 4511 fugatur
594 4438 1095 4503 obscuritas.0uid
1115 4455 1185 4493 au
1196 4442 1308 4493 tem
1330 4439 1518 4512 magis
1535 4456 1711 4512 quam

91 4517 267 4582 lumen
298 4526 586 4583 familiare
612 4527 812 4582 virtuti
834 4527 962 4583 est?
992 4526 1215 4583 Folium
1248 4544 1384 4601 ergo
1423 4533 1481 4583 et
1516 4546 1713 4585 ramu-

89 4605 164 4667 lus
191 4614 423 4688 insigne
454 4619 543 4671 est
570 4615 946 4672 correctionis
973 4633 986 4683 ;
1009 4616 1290 4671 correctio
1320 4620 1513 4672 autem
1542 4618 1711 4690 quasi

89 4702 319 4760 radicem
364 4703 457 4760 sui
502 4704 904 4776 paenitentiam
952 4702 1147 4768 habet,
1197 4720 1327 4775 quae
1370 4705 1711 4776 pmnitentia

90 4798 182 4845 non
219 4796 414 4864 potest
452 4792 511 4848 in
564 4792 839 4858 turbidis,
872 4793 972 4847 sed
1013 4790 1073 4846 in
1115 4791 1188 4847 iis
1228 4791 1327 4863 qui
1386 4793 1709 4865 spiritalem

86 4872 183 4940 jam
214 4897 545 4938 sermonem
579 4880 932 4953 acceperint,
964 4881 1315 4952 germinare.
1352 4881 1413 4936 In
1445 4898 1543 4937 ore
1574 4900 1713 4955 quo-

88 4976 177 5034 que
206 4985 322 5025 non
355 4970 570 5025 frustra
604 4968 873 5025 ramulus
903 4968 1040 5025 oleas
1061 4969 1291 5024 videtur
1309 4985 1439 5026 esse
1458 4970 1706 5039 delatus,

87 5064 134 5108 eo
159 5058 312 5129 quod
347 5058 536 5114 virtus
559 5062 617 5114 et
641 5057 931 5129 sapientia
959 5057 1018 5111 in
1046 5061 1314 5113 sermone
1358 5058 1447 5113 sui
1497 5058 1711 5116 habeat

87 5141 495 5213 Claritudinom,
538 5152 597 5204 et
634 5147 763 5219 ipsa
809 5148 1008 5202 statim
1069 5146 1264 5217 specie
1320 5145 1516 5203 lumen
1579 5152 1708 5220 ejus

134 5288 248 5357 (5i)
307 5289 455 5345 Edit.
512 5304 732 5362 _omnes
795 5293 852 5342 et
915 5288 1042 5344 cod.
1107 5287 1259 5362 Vat.,
1322 5293 1705 5362 corruptionis.

86 5348 176 5413 Sex
218 5348 356 5416 mss.
415 5358 676 5416 melioris
724 5364 892 5427 nota),
940 5348 1306 5426 correctionis,
1361 5348 1496 5416 seu'
1527 5378 1707 5419 corre-

82 5432 282 5487 Plionis.

139 5502 343 5571 (55)Sic
368 5519 514 5558 mss.
540 5501 734 5574 Corb.,
767 5500 971 5574 Long,
1004 5501 1202 5574 Torng.,
1238 5498 1396 5556 Colb.
1440 5506 1498 5558 et
1535 5503 1703 5574 Maz.,

86 5577 200 5628 cum
229 5574 359 5629 edit.
392 5579 527 5629 Arn.
562 5577 621 5627 et
649 5573 779 5628 Era.
805 5575 877 5627 At
902 5572 1035 5626 Vat.
1068 5572 1195 5628 cod.
1230 5588 1364 5628 cum
1397 5575 1535 5629 edit.
1570 5572 1704 5631 Gil].

84 5646 131 5716 θὶς
153 5643 327 5714 Rom,
359 5646 675 5702 doctrinam
706 5646 947 5699 virtutis.
1002 5643 1167 5716 ltcm_
1195 5642 1367 5716 paulo
1416 5650 1547 5716 post
1609 5647 1707 5702 ubi

83 5715 203 5771 edit.
228 5721 280 5774 et
304 5713 540 5775 codices
571 5716 709 5784 duo,
741 5716 1088 5771 commissum
1135 5713 1463 5787 disciplinae,
1513 5716 1704 5788 Corb.,

1823 3390 1949 3445 quas
1981 3372 2149 3427 nobis
2180 3373 2461 3444 prosapiae
2492 3373 2807 3445 patriasque
2834 3374 3071 3431 virtutis
3116 3391 3316 3431 semen
3365 3376 3466 3433 uli-

1822 3462 1972 3533 qnod
2007 3460 2093 3515 vel
2125 3460 2402 3533 exiguum
2433 3465 2768 3530 reservaret,
2799 3478 2871 3516 ne
2897 3462 3130 3533 penitus
3169 3462 3363 3534 operis
3410 3467 3468 3519 et

1821 3554 2101 3606 creatura:
2131 3566 2250 3604 suas
2275 3566 2449 3606 omne
2479 3550 2630 3605 circa
2662 3549 2986 3605 humanum
3020 3567 3206 3623 genus
3252 3568 3466 3624 ampu-

1822 3642 2044 3694 taretur
2070 3637 2320 3710 insigne.
2350 3638 2512 3694 Unde
2541 3641 2599 3694 et
2646 3638 2828 3695 Isaias
2876 3640 2987 3695 ait:
3039 3641 3161 3695 Nisi
3202 3642 3466 3696 Dominus

1822 3727 2059 3782 Sabaoth
2086 3728 2399 3799 reliquisset
2426 3728 2582 3783 nobis
2622 3744 2825 3795 semen,
2873 3730 3014 3784 sicut
3064 3729 3293 3785 Sodoma
3334 3733 3469 3802 facti

1821 3831 2077 3881 essemus,
2109 3821 2156 3871 et
2187 3818 2328 3871 sicut
2385 3815 2681 3871 Gomorrha
2730 3818 2939 3873 similes
2987 3833 3224 3873 essemus
3263 3821 3389 3889 (Isa.
3424 3836 3463 3888 ι,

1822 3906 1899 3970 9),
1932 3905 1991 3959 in
2023 3903 2265 3960 alterius
2294 3905 2531 3961 nomine
2559 3904 2808 3961 civitatis
2829 3906 3159 3979 exprimens
3190 3907 3467 3962 caecitatis

1825 3993 2132 4060 indiciur‘n,
2167 3994 2224 4048 in
2256 3992 2498 4049 alterius
2530 3993 2917 4049 sterilitatem.
2953 3994 3036 4049 Ita
3064 3994 3219 4049 enim
3265 3994 3469 4068 lingua

1824 4081 2013 4154 patria
2039 4080 2289 4137 Chaldaei
2322 4087 2738 4154 nuncuparunt
2758 4083 3070 4138 Sodomam
3118 4088 3176 4138 et
3223 4083 3464 4139 Gomor-

1825 4170 2014 4238 rham,
2048 4170 2366 4226 caecitatem
2396 4174 2453 4226 et
2483 4170 2849 4227 sterilitatem
2896 4170 3313 4243 significantes.
3348 4172 3466 4228 Me-

1824 4260 2052 4333 ritoque
2086 4259 2365 4315 Dominus
2409 4259 2469 4315 in
2522 4259 2865 4330 bujusmodi
2924 4260 3115 4331 specie
3164 4259 3465 4318 civitatum

1825 4349 2153 4422 amputavit.
2181 4348 2372 4421 magis
2418 4348 2680 4404 humana
2709 4348 2868 4417 vitia,
2912 4365 3091 4421 quam
3141 4349 3467 4421 puniendos

1824 4438 2093 4495 homines
2116 4437 2396 4509 judicavit
2425 4437 2557 4508 (57).
2989 4434 2999 4445 ’

1892 4529 1964 4582 70
2017 4526 2206 4583 Tertio
2237 4526 2552 4583 dimittitur
2575 4526 2847 4583 columba
2876 4531 3003 4598 post
3043 4531 3267 4600 septem
3316 4528 3463 4599 dies,

1745 4640 1789 4704 Ι)
1822 4621 1998 4689 atque
2026 4616 2228 4672 eadem
2256 4633 2370 4671 non
2402 4615 2747 4689 regreditur.
2789 4616 2951 4673 Unde
3002 4617 3463 4689 consideremus,

1823 4722 1894 4760 ne
1920 4704 1976 4759 id
2010 4705 2165 4776 quod
2197 4721 2377 4777 supra
2405 4704 2662 4760 diximus
2690 4704 3021 4762 inveniatur
3059 4721 3188 4763 esse
3230 4711 3465 4763 contra-

1820 4794 1995 4849 rium.
2028 4793 2087 4849 Si
2119 4793 2293 4848 verbo
2324 4794 2562 4865 quidem
2594 4793 2886 4861 columba,
2920 4811 3093 4867 opere
3121 4800 3315 4851 autem
3349 4796 3463 4850 vir-

1819 4887 1916 4937 tus
1942 4899 2056 4937 nun
2083 4882 2389 4937 revertitur
2417 4883 2488 4937 ad
2514 4884 2783 4954 justum;
2826 4900 2963 4956 ergo
3010 4884 3333 4940 destitutus
3376 4888 3466 4940 est

1815 4974 2036 5044 justus,
2069 4975 2123 5025 et
2152 4970 2531 5026 defraudatus
2580 4988 2822 5028 munere
2866 4972 3015 5028 suo?
3058 4972 3460 5044 Nequaquam.

1819 5060 2132 5131 Nunquam
2163 5059 2320 5114 enim
2351 5059 2441 5113 vir
2468 5058 2812 5129 bujusmodi
2845 5077 2877 5114 a
2908 5059 3120 5115 virtute
3168 5060 3463 5133 disjungi-

1816 5152 1934 5215 tur,
1968 5164 2072 5204 nec
2101 5164 2234 5202 cum
2266 5164 2335 5202 ex
2363 5163 2461 5202 ore
2490 5146 2706 5203 emittit
2741 5147 3061 5219 justitiam,
3108 5147 3462 5218 disputatio-

1816 5288 1944 5344 Vat.
1979 5303 2153 5360 unus,
2187 5291 2244 5342 et
2274 5287 2477 5360 Long”
2509 5289 2783 5360 conscium
2812 5287 3141 5359 disciplinac.

1888 5362 2003 5427 (56)
2035 5359 2200 5414 Rom.
2233 5358 2715 5430 edit.,'sequendse
2742 5358 3128 5430 conversionis,
3151 5358 3459 5415 commodo

1818 5431 2056 5504 quidem
2088 5445 2303 5504 sensu:
2340 5429 2438 5484 sed
2473 5428 2540 5484 ea
2587 5430 2754 5486 lectio
2813 5428 2972 5485 nullo
3014 5447 3117 5486 nec
3163 5446 3306 5486 mss.
3356 5447 3462 5486 nec

1816 5500 1954 5559 edit.
1984 5500 2383 5556 confirmatur.

1891 5575 1999 5699 (157)
2033 5571 2162 5627 Vat.
2193 5572 2319 5628 cod.
2357 5577 2414 5627 et
2458 5570 2620 5654 edit,
2674 5573 2957 5656 indicavit.
3009 5571 3216 5655 Corb.,.
3252 5572 3461 5655 Long...

1814 5644 1901 5700 Va
1930 5686 1968 5700 ..
1998 5643 2172 5698 Torn.
2205 5648 2264 5698 et
2294 5643 2462 5700 Maz..
2498 5647 2762 5700 Iudicavit
2782 5662 2801 5700 ,ο
2828 5644 2986 5699 Colb.
3014 5660 3147 5699 vero
3193 5642 3462 5700 indicavit

1823 5659 1968 5709 va1.,
1998 5659 2172 5698 "rorn.
2205 5659 2264 5698 et
2294 5659 2462 5711 mam,
2521 5659 2801 5706 uazcaviz;
2828 5659 2986 5699 uom.
3014 5660 3147 5699 vero
3193 5659 3435 5701 iudicavi

1817 5734 1890 5774 an
1914 5713 2187 5788 judicavit
2215 5714 2449 5785 habeat,
2484 5661 2641 5773 l’iaud
2672 5715 2843 5773 facile
2872 5715 2948 5772 sit
2969 5719 3243 5774 statuere.
