3878 6208
439 368 560 437 Illi
1899 371 1966 435 Β.
2008 371 2068 436 Α

2187 369 2389 437 B0811
2421 432 2426 436 .
3683 387 3778 448 416

443 524 698 580 nemque
728 507 970 565 alterius
999 506 1231 566 virtutis
1259 505 1504 577 inducit,
1534 505 1752 566 virtute
1801 523 1862 564 se
1903 507 2084 575 exuit,
2117 505 2172 574 Α
2202 506 2428 581 ineipit,
2475 513 2532 565 et
2587 507 2646 566 in
2705 509 3030 568 secundum
3089 526 3348 570 mensem
3403 513 3533 572 anni
3577 514 3775 577 alterius

441 599 808 655 etimitanda
842 599 972 654 aliis
993 599 1263 671 equitate
1293 599 1607 671 dispoliat:
1641 599 1743 654 sed
1775 597 1896 654 vice
1945 596 2088 654 solis
2198 614 2384 670 usque
2430 598 2847 673 progreditur?
2902 600 3028 657 Nisi
3086 601 3230 658 forte
3275 602 3369 658 hic
3391 604 3531 676 justi
3568 605 3772 664 formam

441 689 588 746 alios
620 688 934 755 illuminat,
958 705 1091 743 cum
1124 688 1321 743 radios
1353 705 1470 744 suae
1502 687 1652 743 lucis
1681 686 2087 759 emittit.lgnis
2197 687 2550 744 declaratam
2582 689 2832 746 velimus
2860 691 3154 763 accipere:
3186 695 3251 746 ut
3276 693 3496 763 primus
3531 711 3698 750 annus
3735 697 3773 752 is

443 797 651 853 nempe
681 779 940 834 calefacit
984 777 1541 849 appropinquantes,
1594 776 1675 831 ita
1719 781 1783 831 ut
1831 777 2084 831 calorem
2197 775 2390 843 fuerit,
2422 791 2539 849 quo
2582 778 2757 851 ccepit
2800 777 3112 845 diluvium,
3161 785 3290 850 post
3344 783 3775 839 sexcentesimum

440 874 660 926 natura
685 885 804 924 suae
839 869 965 939 ipse
1024 866 1340 939 possideat.
1400 866 1700 937 Numquid
1745 865 1940 921 deﬁcit
1988 863 2088 919 lux
2196 865 2418 922 scilicet
2443 883 2635 922 annus
2666 867 2894 940 primus
2923 869 3073 938 (59);
3107 868 3333 940 primus
3380 868 3579 924 iterum
3621 887 3775 926 annus

437 958 574 1024 diei,
634 973 768 1012 cum
823 962 1006 1012 totum
1077 956 1362 1010 mundum
1423 954 1720 1009 illuminat
1779 953 2088 1010 claritate?
2194 959 2252 1010 et
2305 956 2534 1027 primus
2592 956 2815 1013 mensis
2869 960 3002 1028 post
3046 957 3518 1013 sexcentesimum
3573 974 3774 1024 annum,

437 1048 620 1103 liabet
649 1045 1042 1102 innofl‘ensum
1075 1060 1315 1099 cursum
1345 1059 1541 1109 suum,
1563 1042 1965 1113 illibatamque
1988 1058 2086 1096 na-
2193 1044 2428 1115 quando
2460 1045 2773 1100 imminuta
2803 1049 2892 1100 est
2919 1061 3074 1118 aqua
3102 1062 3137 1101 a
3171 1045 3311 1100 facie
3339 1050 3532 1101 terrae:
3562 1062 3622 1102 eo
3648 1049 3770 1118 quod

434 1141 649 1191 turam.
684 1135 780 1190 Sic
810 1139 866 1189 et
896 1134 1008 1188 ista
1038 1133 1095 1187 in
1148 1131 1428 1187 columbae
1487 1131 1678 1203 specie
1719 1132 1905 1186 virtus
1950 1147 2082 1185 cum
2185 1133 2388 1203 justus
2419 1133 2476 1188 in
2508 1139 2881 1206 peccatorum
2911 1134 3283 1208 generatione
3313 1151 3436 1206 qua;
3459 1139 3669 1206 propter
3702 1136 3776 1190 de-

436 1225 628 1280 adhuc
659 1224 903 1279 ferveret
945 1221 1253 1286 diluvium,
1307 1221 1629 1276 secundum
1672 1237 1836 1275 avem
1885 1225 2082 1274 tamen
2193 1220 2330 1277 licta
2359 1221 2551 1278 deleta
2578 1226 2688 1289 est,
2720 1223 2932 1278 virtute
2961 1224 3188 1295 primus
3215 1227 3356 1289 erat,
3387 1227 3444 1278 et
3470 1224 3524 1277 in
3561 1224 3774 1280 secunda

435 1315 493 1369 in
526 1312 716 1375 terris,
751 1313 1078 1368 secundum
1107 1311 1380 1365 virtutem
1412 1309 1470 1364 in
1502 1310 1812 1364 hominum
1856 1307 2081 1380 passio-

434 1404 609 1459 nibus
641 1402 945 1457 revertitur
991 1400 1064 1454 ad
1105 1401 1374 1470 justum;
1417 1399 1558 1470 quia
1623 1398 1681 1452 in
1738 1396 2076 1468 iniquorum

432 1491 766 1564 pectoribus
795 1489 978 1543 virtus
1010 1493 1075 1543 ut
1114 1491 1310 1559 posset
1356 1486 1590 1552 haerere,
1646 1503 1762 1559 non
1813 1491 2083 1557 potuerat

429 1579 712 1636 invenire.
757 1579 822 1632 Et
862 1577 990 1631 ideo
1022 1576 1079 1630 in
1127 1574 1226 1630 illo
1285 1574 1540 1629 secundo
1602 1571 1918 1628 diversorio
1986 1572 2077 1626 sui

428 1667 764 1742 regrediens
792 1665 973 1721 haeret
1000 1669 1172 1735 atque
1197 1663 1525 1735 requiescit.
1564 1665 1639 1716 At
1666 1678 1798 1717 vero
1832 1659 1931 1715 ubi
1978 1660 2079 1715 deo

429 1756 749 1814 ferbuerint
778 1753 995 1810 diluvia
1016 1753 1380 1824 passionum,
1414 1756 1470 1806 et
1500 1751 1684 1806 auditi
1717 1749 1873 1804 verbi
1925 1765 2077 1804 com-

429 1851 725 1920 pertaque
755 1843 1028 1900 doctrina:
1088 1840 1325 1913 plurimi
1369 1840 1705 1895 studuerint
1751 1853 1881 1894 esse
1937 1851 2076 1892 con-

430 1940 638 2002 sortes,
663 1934 790 2005 jam
822 1948 934 1987 non
967 1931 1145 1985 unius
1165 1928 1606 2002 patrimonium,
1629 1927 1730 1984 sed
1759 1942 2073 1982 commune

426 2025 648 2080 bonum
679 2038 809 2078 esse
837 2019 1041 2091 incipit
1070 2017 1382 2089 disciplina
1412 2016 1667 2083 virtutis,
1701 2020 1758 2072 et
1787 2021 2070 2086 tanquam

426 2111 726 2186 sapientiae
759 2108 1033 2181 poculum
1068 2106 1342 2162 hauritur
1388 2122 1422 2161 a
1476 2105 1749 2177 plurimis
1793 2105 1893 2175 qui
1938 2109 2074 2159 ante

427 2202 681 2258 scientes
710 2199 910 2254 bibere
941 2196 1278 2259 noluerunt,
1312 2195 1466 2250 sicut
1516 2210 1672 2248 nunc
1715 2193 1936 2249 fervent
1985 2193 2072 2248 di-

427 2289 586 2345 luvia
615 2288 674 2343 in
706 2286 1039 2358 pectoribus
1068 2283 1404 2340 Judzeorum
1433 2301 1446 2350 ;
1476 2286 1534 2338 et
1579 2299 1713 2337 cum
1762 2298 1918 2353 aqua
1967 2298 2076 2336 caa-

426 2377 593 2434 lestis
630 2374 905 2431 doctrinae
969 2372 1264 2437 exundet,
1335 2376 1507 2444 potus
1572 2371 1894 2438 exuberet,
1955 2387 2072 2427 non

426 2470 637 2540 putant
661 2481 789 2520 esse
823 2462 1164 2534 potandum.
1199 2460 1569 2534 Evangelium
1604 2460 1836 2532 legitur,
1888 2460 2073 2514 virtus

427 2555 544 2612 exit
566 2555 636 2609 de
667 2569 934 2608 sermone
965 2551 1118 2606 258
1149 2549 1390 2615 cmlesti,
1430 2553 1640 2604 tractat
1685 2549 1960 2604 sacerdos
2009 2547 2071 2603 in

426 2643 700 2701 Ecclesia.
734 2641 845 2698 Sed
879 2656 951 2696 ne
997 2641 1143 2695 forte
1191 2639 1346 2693 intra
1389 2655 1584 2693 arcam
1630 2637 1857 2709 positus
1908 2637 2073 2693 solus

427 2720 541 2789 non
576 2730 759 2804 possit
779 2729 992 2796 audiri,
1021 2727 1318 2782 interdum
1345 2731 1402 2781 et
1428 2742 1701 2798 egressus
1729 2725 2070 2795 Ecclesiam,

425 2821 526 2876 ubi
577 2819 817 2874 Judasus
883 2815 1185 2882 ocurrerit,
1243 2818 1463 2880 monet,
1511 2813 1843 2886 exemplum
1906 2815 2072 2870 atfert

427 2907 750 2964 emlestium
781 2906 1236 2975 Scripturarum.
1269 2902 1562 2960 Claudunt
1601 2919 1792 2970 aures,
1856 2920 1927 2958 ne
1983 2902 2071 2959 vel

425 2996 638 3052 invitos
670 2996 796 3049 fons
844 2991 1065 3059 abluat,
1113 2996 1170 3047 et
1199 2991 1358 3058 verbi
1407 2989 1688 3046 Dominici
1736 2991 1948 3046 humor
1969 3007 2070 3047 as-

426 3090 648 3159 pergat.
675 3084 734 3139 Si
766 3081 866 3155 qui
897 3097 1028 3137 vero
1083 3079 1454 3145 crediderint,
1506 3083 1752 3135 currunt
1809 3081 1879 3134 ad
1939 3079 2071 3135 fon-

423 3179 566 3243 tem,
593 3172 914 3228 doctrinam
949 3174 1244 3241 expetunt,
1290 3168 1580 3224 insinuari
1639 3168 1751 3224 sibi
1813 3168 2071 3240 Evange-

422 3263 570 3319 lium
636 3259 1059 3332 concupiscunt
1087 3299 1101 3326 ,

421 3351 684 3426 potandi.
716 3350 799 3405 Ita
831 3349 990 3404 fonte
1020 3347 1318 3419 sapientia:
1347 3345 1612 3402 certatim
1657 3344 1862 3416 repleri
1914 3345 2066 3401 desi-

421 3442 646 3506 derant,
679 3454 854 3509 quem
886 3441 1021 3492 ante
1052 3435 1252 3508 fugere
1298 3434 1644 3507 gestiebant.
1705 3435 1889 3497 Quem
1936 3434 2069 3490 fon-

422 3528 580 3585 tam?
600 3527 748 3582 Audi
781 3525 1106 3580 dicentem:
1141 3525 1199 3579 Si
1241 3526 1362 3596 quis
1413 3525 1554 3591 sitit,
1612 3525 1800 3579 veniat
1852 3523 1923 3579 ad
1959 3539 2068 3587 me,

423 3627 473 3674 et
500 3617 666 3671 bibat.
719 3616 821 3683 Qui
879 3613 1051 3669 credit
1099 3615 1160 3668 in
1207 3629 1312 3679 me,
1370 3615 1510 3668 sicut
1567 3612 1700 3668 dicit
1757 3611 2068 3684 Scriptura,

422 3707 660 3777 ﬂumina
687 3703 954 3758 deventre
979 3703 1094 3773 ejus
1135 3702 1309 3770 ﬂuent
1349 3715 1510 3771 aquae
1559 3701 1697 3758 vivae
1738 3701 1912 3771 (Joan.
1965 3715 2070 3769 vu,

425 3794 520 3864 37,
553 3794 664 3865 38).

1061 3876 1286 3933 CAPUT
1323 3875 1433 3932 XX.

425 3972 574 4046 Quod
597 3971 708 4026 alio
735 3970 824 4025 dte
852 3970 1145 4046 imminuta
1169 3983 1337 4046 aqua,
1363 3967 1478 4046 alio
1507 3967 1740 4046 siccata_
1758 3974 1906 4046 terra
1952 3983 2066 4022 me-

487 4047 749 4109 moretur,
781 4057 842 4096 σο
871 4039 1178 4108 signiﬁcari
1192 4037 1404 4109 justum
1432 4041 1545 4096 Noe
1593 4038 1678 4109 in_
1705 4037 1915 4109 duabus
1967 4055 2067 4109 ge-

493 4107 869 4170 iterationibus
921 4107 1163 4181 primum
1194 4107 1204 4109 ἡ
1226 4110 1412 4180 fuisse.
1471 4109 1595 4181 iPer
1645 4107 2068 4181 denudatwnem

492 4201 641 4242 arcae
677 4179 1074 4238 abdicationem
1124 4179 1396 4252 corporeae
1445 4179 1822 4252 delectationis
1880 4182 2067 4252 etpri-

493 4259 590 4311 mi.
653 4256 832 4324 Quare
882 4255 1095 4325 primus
1140 4250 1228 4306 vel
1276 4250 1858 4325 secundusdmensis,
1913 4250 2072 4308 verni

493 4321 748 4399 temporis
762 4321 905 4399 dies
927 4325 1120 4379 dictus.
1161 4325 1434 4378 Postremo
1481 4321 1780 4393 difﬁcultas
1824 4323 1888 4379 de
1933 4325 2069 4393 folio

495 4396 710 4471 reperto
739 4396 1075 4453 dissolvitur.

494 4505 584 4558 71.
620 4504 678 4558 1n
711 4503 899 4575 primo
941 4506 998 4556 et
1052 4499 1472 4556 sexcentesimo
1529 4515 1682 4553 anno
1739 4499 1872 4554 vitae
1927 4499 2067 4567 Noe,

1177 3274 1283 3314 nec
1348 3258 1640 3313 satiantur
1725 3256 2069 3313 assiduitate
2099 3241 2143 3308 C

2193 1312 2588 1383 generatione,
2619 1328 2749 1384 qua
2780 1311 2953 1384 coepit
2981 1316 3112 1384 post
3135 1310 3438 1375 diluvium,
3491 1314 3545 1367 et
3582 1310 3767 1376 ordine,

2190 1400 2330 1471 quia
2361 1400 2588 1472 primus
2618 1401 2888 1457 secundis
2913 1400 3306 1474 generationis
3336 1400 3462 1468 fuit,
3509 1404 3562 1455 et
3602 1401 3770 1454 merito

2191 1489 2418 1561 primus
2451 1495 2731 1545 evaserat.
2781 1490 2955 1545 Recte
3008 1490 3168 1545 enim
3224 1487 3277 1544 ei
3333 1488 3511 1544 honor
3562 1487 3773 1544 defertur

2188 1579 2290 1648 qui
2315 1583 2373 1633 et
2404 1579 2490 1649 pri
2499 1594 2605 1633 mae
2622 1578 3013 1650 generationis
3037 1577 3265 1650 primus
3288 1577 3394 1631 fuit
3409 1581 3466 1632 et
3484 1575 3770 1648 posterioris

2189 1667 2576 1740 principium;
2611 1667 2712 1740 qui
2743 1667 3023 1722 meruerit
3050 1671 3110 1722 et
3135 1666 3210 1722 de
3232 1665 3332 1721 illa
3354 1665 3598 1730 evadere,
3624 1669 3674 1720 et
3695 1663 3770 1719 isti

2187 1755 2259 1812 ad
2291 1756 2679 1812 seminarium
2712 1754 3040 1829 propagari.
3073 1755 3219 1812 Cum
3250 1755 3404 1811 enim
3433 1754 3527 1810 alii
3563 1753 3769 1825 deperis-

2186 1850 2336 1914 sent,
2369 1844 2550 1912 solus,
2601 1844 2732 1899 vita:
2789 1845 3034 1916 egregiis
3091 1843 3299 1900 merito
3353 1848 3410 1899 et
3449 1839 3768 1914 praerogativa

2183 1933 2418 1990 virtutis
2437 1933 2592 2006 apud
2615 1934 2800 1990 Deum
2818 1933 2999 2000 dives,
3027 1949 3143 1988 non
3173 1938 3264 1989 est
3292 1937 3554 2004 expertus
3578 1928 3767 1986 malitia

2185 2021 2596 2093 corruptelam,
2630 2037 2734 2094 per
2761 2033 2935 2092 quem
2971 2021 3191 2076 factum
3221 2025 3311 2076 est
3339 2035 3409 2075 ne
3460 2023 3630 2074 totum
3670 2032 3764 2071 cor-

2184 2127 2296 2184 pus
2325 2111 2555 2184 generis
2585 2110 2830 2166 humani
2859 2109 2947 2166 vel
2979 2109 3266 2165 abolitum
3298 2109 3577 2164 videretur
3601 2106 3650 2160 in
3676 2110 3762 2160 ter-

2183 2200 2265 2255 ris
2295 2199 2381 2256 vel
2412 2217 2446 2254 a
2476 2199 2576 2254 Dei
2609 2199 2939 2255 abscissum
2971 2198 3164 2272 gratia
3195 2197 3617 2268 relinqueretur.

2250 2291 2342 2344 72.
2377 2292 2448 2344 Et
2473 2287 2790 2353 denudavit,
2819 2287 3029 2360 inquit,
3076 2287 3188 2344 Noe
3234 2290 3429 2342 tectum
3472 2297 3606 2340 arce
3644 2281 3759 2352 (Gen.

2181 2393 2306 2443 vm,
2346 2377 2454 2448 43).
2483 2376 2627 2432 Cum
2659 2392 2855 2432 arcam
2885 2375 3041 2431 sicut
3079 2392 3264 2448 supra
3316 2370 3651 2446 interpretati
3689 2384 3761 2423 su-

2183 2481 2317 2521 mus
2347 2466 2573 2538 (supra,
2603 2482 2655 2520 c.
2704 2466 2805 2536 vr),
2846 2479 2950 2537 pro
2998 2463 3193 2536 specie
3235 2462 3488 2535 corporis
3529 2456 3761 2530 acceperi-

2183 2570 2337 2620 mus,
2361 2554 2500 2626 quid
2534 2553 2611 2610 sit
2640 2552 2922 2609 denudari
2938 2567 3150 2624 corpus
3182 2550 3585 2622 intelligamus,
3603 2560 3759 2602 secun-

2181 2643 2322 2698 dum
2380 2642 2645 2697 altiorem
2705 2639 2926 2697 scilicet
2981 2657 3244 2696 sensum.
3305 2640 3574 2695 Caeterum
3626 2633 3764 2703 liquet

2183 2731 2682 2802 quemadmodum
2742 2745 2878 2785 area
2934 2730 3192 2802 potuerit
3237 2726 3444 2801 aperiri
3497 2721 3764 2780 secundum

2183 2819 2459 2876 litteram.
2491 2819 2638 2885 Quid
2670 2818 2851 2892 igitur
2877 2821 3096 2873 tectum
3127 2815 3375 2872 humani
3431 2811 3668 2884 corporis
3711 2806 3770 2861 sit

2128 2930 2130 2932 ν
2183 2909 2338 2981 quod
2371 2907 2640 2964 clausum
2668 2905 2727 2961 in
2759 2905 2977 2962 diluvio
3008 2905 3164 2962 259
3198 2905 3326 2970 fuit,
3374 2900 3485 2960 nisi
3526 2901 3658 2956 forte
3693 2895 3767 2950 de-

2181 2996 2552 3054 lectationem
2577 2995 2956 3067 accipiamus,
2981 3010 3108 3065 quin
3137 2993 3436 3065 aperiebat
3462 2990 3564 3045 hoc
3597 2999 3768 3056 corpus

2181 3091 2472 3152 nostrum,
2503 3089 2563 3140 et
2591 3083 2761 3156 quasi
2791 3083 3025 3155 tegebat
3044 3098 3149 3154 per
3177 3081 3343 3138 illum
3363 3079 3500 3136 Adm
3525 3071 3767 3133 errorem?

2182 3123 2472 3152 νυνι-ιω,
2503 3123 2563 3140 υυ
2591 3123 2761 3156 qu...
2795 3123 3025 3155 ..μενων
3044 3123 3138 3154 νυ.
3178 3123 3343 3138 μη...
3363 3123 3500 3136 ω...
3527 3123 3759 3133 mm“

2179 3177 2250 3232 Et
2276 3191 2343 3230 eo
2374 3173 2627 3230 maxime
2647 3172 2818 3229 tectis
2837 3170 3049 3227 similis
3069 3171 3428 3237 astimatur;
3450 3167 3582 3239 quia
3599 3123 3800 3220 sensus

2179 3264 2374 3320 omnis
2403 3263 2464 3318 in
2492 3261 2703 3335 capite,
2735 3261 2871 3316 inde
2901 3259 3211 3317 delectatio
3241 3275 3368 3331 quin
3393 3271 3596 3328 corpus
3636 3263 3766 3335 omne

2178 3353 2508 3424 subjectum
2537 3334 2809 3407 habebat.
2842 3348 2956 3405 Sed
2973 3347 3075 3404 ubi
3107 3364 3278 3404 mens
3299 3345 3447 3418 justi
3472 3343 3576 3398 viri
3616 3334 3762 3398 sobrii
3802 3387 3803 3424 ἶ

2179 3419 2352 3513 atque
2381 3441 2608 3511 integra
2635 3455 2672 3494 a
2696 3437 3073 3509 corruptione
3101 3436 3329 3502 diluvii,
3365 3433 3568 3491 divinis
3611 3424 3761 3496 cogni-
3802 3419 3803 3428 “

2177 3530 2354 3586 tionis
2387 3529 2753 3584 inﬂammata
2779 3525 3088 3593 desiderio,
3119 3525 3356 3582 exsilire
3393 3528 3564 3594 atque
3588 3514 3762 3576 erolaro

2178 3618 2360 3675 voluit
2387 3617 2445 3673 in
2477 3616 2801 3688 superiora,
2832 3614 3048 3672 detexit
3077 3614 3280 3670 omnia
3317 3629 3444 3685 quae
3499 3611 3651 3666 erant
3684 3603 3760 3658 im-

2179 3707 2536 3780 pedimento,
2565 3709 2626 3762 et
2669 3703 2924 3776 speciem
2978 3702 3318 3774 voluptatis,
3377 3717 3503 3772 qua:
3559 3691 3760 3780 quodam

2179 3777 2542 3868 operimento
2567 3797 2806 3850 cateras
2835 3791 3068 3865 tegebat
3094 3795 3292 3863 partes
3321 3786 3596 3862 corporis,
3635 3777 3761 3868 red?

2179 3863 2374 3958 peruit
2403 3899 2470 3938 ac
2500 3881 2742 3948 retexit;
2776 3884 2843 3936 ut
2873 3863 2989 3936 non
3009 3879 3204 3936 solum
3249 3894 3463 3950 corpus
3507 3893 3541 3929 a
3575 3863 3760 3928 servitio

2181 3970 2590 4030 dominatricis
2630 3967 2908 4042 ignobilis
2932 3968 3229 4035 liberaret,
3277 3982 3478 4023 verum
3526 3961 3682 4018 etiam
3709 3966 3762 4042 Δθα

2181 4077 2308 4132 qua
2338 4062 2506 4115 erant
2529 4039 2917 4129 incorporalia
2941 4055 3494 4128 comprehenderet;
3516 4064 3633 4122 quis
3647 4039 3761 4098 enim

2181 4165 2299 4206 non
2327 4147 2598 4204 videntur
2616 4151 2832 4202 aeterna
2868 4149 3026 4200 sunt.
3084 4145 3157 4200 Et
3213 4144 3343 4200 ideo
3391 4143 3588 4214 justus
3632 4139 3762 4204 quem

2181 4254 2301 4294 non
2330 4235 2562 4292 videbat
2591 4233 2908 4290 Dominum
2937 4232 3296 4306 requirebat,
3339 4222 3658 4301 corruptela
3695 4231 3762 4272 ex-

2182 4343 2332 4393 sors,
2365 4324 2618 4396 oupidus
2649 4323 3008 4379 aeternitatis.

2249 4414 2342 4469 73.
2375 4413 2538 4478 Quod
2568 4415 2766 4468 autem
2797 4411 2880 4467 ait
2908 4409 3166 4482 primum
3205 4424 3469 4466 mensem
3501 4403 3580 4460 vel
3609 4407 3766 4482 secunf

2181 4503 2345 4570 dum,
2377 4516 2634 4572 eumque
2659 4514 2793 4556 esse
2817 4479 2979 4555 verni
3009 4499 3296 4570 temporis
3325 4497 3503 4563 diem,
3546 4479 3768 4572 habeat!t

427 4592 618 4666 primo
648 4568 742 4646 die
767 4590 990 4646 mensis
1019 4589 1396 4644 imminutam
1423 4603 1638 4658 aquam
1669 4586 1811 4642 dicit
1851 4603 1885 4643 a
1930 4587 2075 4645 facie
2105 4607 2152 4672 υ
2184 4568 2335 4648 alibi
2353 4568 2616 4646 dictum:
2650 4589 2748 4644 Hic
2772 4589 2976 4644 massis
3001 4568 3216 4659 primus
3243 4589 3349 4644 erit
3378 4584 3524 4642 vobis
3550 4581 3606 4636 in
3627 4568 3767 4672 dicte

427 4689 629 4746 terrae;
663 4680 724 4735 in
751 4679 1008 4734 secundo
1030 4683 1227 4734 autem
1255 4693 1478 4742 mense,
1528 4674 1780 4747 septima
1816 4681 1877 4732 et
1922 4678 2076 4734 vice-

426 4770 578 4826 sima
608 4769 702 4824 die
733 4767 952 4823 mensis
982 4766 1257 4822 siccatam
1289 4769 1504 4820 terram
1544 4780 1670 4820 esse
1716 4781 2075 4822 commemo-

426 4863 533 4915 rat.
567 4857 714 4922 Quid
746 4855 859 4912 sibi
892 4855 1014 4911 vult
1044 4853 1145 4910 illa
1174 4853 1421 4926 adjectio
1460 4854 1533 4909 de
1578 4867 1742 4925 aqua
1792 4853 2074 4910 imminu-

425 4948 584 5004 tione
612 4946 746 5018 (58),
781 4961 914 5001 cum
957 4948 1277 5018 supputata
1319 4941 1464 4998 ratio
1523 4941 1793 5013 superior
1851 4959 2074 5001 annum

425 5036 786 5094 conclusisse
818 5035 1100 5102 videatur,
1135 5034 1233 5106 qui
1267 5049 1459 5088 annus
1490 5049 1525 5085 a
1570 5031 1830 5087 secundo
1877 5049 2077 5089 mense

497 5142 609 5211 (58)
642 5142 808 5196 Rom.
843 5140 980 5194 edit.
1014 5144 1201 5194 totum
1235 5139 1390 5193 hunc
1420 5137 1611 5211 locum
1667 5140 1870 5211 contra
1922 5155 2067 5196 mss.

426 5222 480 5270 et
507 5208 758 5267 aliarum
789 5213 927 5268 edit.
961 5212 1135 5267 tidem
1170 5211 1249 5264 ita
1281 5208 1526 5281 mutavit
1551 5225 1570 5281 :7
1596 5209 1874 5281 annoNoe
1889 5213 2072 5281 primo

427 5299 610 5338 mense
640 5285 1058 5337 imminutam...
1091 5283 1324 5353 septima
1356 5284 1405 5334 et
1452 5279 1666 5353 decima
1721 5279 1903 5335 die...'
1933 5298 2072 5338 com-

427 5362 693 5408 memorat
742 5356 970 5422 septima
1028 5362 1078 5408 et
1137 5352 1392 5408 vicesima
1446 5352 1646 5406 mensis
1693 5354 1915 5422 aperuit
1964 5354 2075 5410 Noe

428 5440 634 5478 arcam.
671 5423 811 5491 Quid
840 5425 946 5478 sibi
977 5425 1088 5479 vnit
1119 5425 1214 5477 illa
1263 5423 1492 5494 adjectio
1533 5424 1710 5493 primi
1757 5427 1963 5479 mensis
2009 5425 2078 5480 de

431 5510 614 5565 aquis.
647 5503 756 5548 etc.

503 5567 616 5635 (59)
649 5568 726 5616 Ad
761 5566 1226 5619 emendationem
1260 5564 1438 5635 hujus
1462 5561 1571 5618 loci
1632 5581 1774 5620 mss.
1829 5569 1882 5621 et
1933 5567 2070 5622 edit.

434 5634 551 5689 aut.
586 5636 936 5706 conveniunt
960 5646 1348 5706 praeterquam
1379 5634 1439 5688 in
1463 5651 1578 5688 una
1609 5636 1814 5691 vocula
1841 5654 1853 5691 ε
1908 5655 2074 5694 nam-

434 5722 546 5777 que
576 5704 675 5761 ubi
702 5704 842 5771 edit,
873 5704 1090 5762 haBeM
1117 5704 1420 5773 edordine,
1452 5721 1595 5761 mss.
1629 5721 1841 5763 omnes
1869 5707 2076 5781 legunt

2184 4681 2325 4736 anni
2352 4664 2552 4750 (Exod.
2574 4693 2675 4748 In,
2705 4677 2788 4748 2).
2822 4675 2934 4743 Qui
2960 4655 3117 4732 enim
3147 4676 3209 4731 in
3231 4675 3424 4749 gratia
3452 4669 3660 4744 primu!
3674 4655 3768 4748 Ροὲί

2187 4767 2537 4841 periculum,
2570 4765 2666 4821 hic
2695 4769 2852 4822 recte
2895 4763 3336 4837 praerogativam
3395 4757 3564 4834 primi
3601 4755 3769 4810 meum

2187 4859 2498 5001 αοξῗιῐὲθο
2524 4947 2582 5000 te
2610 4946 2806 4999 autem
2838 4946 3066 4998 moveat
3122 4941 3281 5014 quod
3339 4938 3589 4996 diximus
3637 4931 3771 5021 ριξιπξ

2188 5033 2394 5090 folium
2425 5032 2483 5088 in
2515 5047 2676 5087 ramo
2723 5035 3020 5103 repertum
3069 5035 3204 5103 post
3233 5026 3520 5084 diluvium
3565 5018 3770 5092 potius»

2188 5148 2242 5196 et
2271 5141 2482 5196 ordine.
2517 5137 2788 5204 Quaedam
2819 5141 3014 5193 autem
3043 5137 3180 5194 edit.
3221 5134 3409 5191 Paris.
3437 5131 3517 5186 ita
3561 5115 3772 5204 ρι’ξῖἓῖ

2187 5195 2349 5279 bant,
2380 5195 2796 5266 sexcentesimus
2825 5210 3033 5264 scilicet
3088 5223 3314 5272 annus,-
3369 5195 3578 5279 νήηιυὶ

2184 5269 2366 5339 annus
2396 5285 2447 5337 et
2472 5281 2690 5354 primus
2709 5280 2912 5335 mensis
2934 5282 3057 5354 post
3086 5269 3534 5354 sexcentesimum

2188 5325 2505 5410 asiam
2514 5325 3498 5422 istas?assignatagisei
3539 5325 3773 5422 deserni?

2183 5407 2529 5496 verbavpost
2556 5438 2755 5478 vocem
2780 5407 3079 5496 diiuvium,
3111 5421 3266 5496 infra
3294 5407 3658 5496 ppsitau}

2188 5477 2519 5568 aequarit—in
2543 5511 2556 5550 :
2591 5477 2665 5568 Bo
2695 5492 2891 5549 ordine
2919 5477 3132 5568 primus
3160 5477 3478 5568 fuit._‘ﬂecte
3504 5477 3770 5568 igituf‘ﬂ:

2185 5544 2895 5635 ausimausim;
2919 5544 3059 5636 Quid
3194 5544 3415 5636 "nm
3468 5544 3774 5636 scierim."

2653 5619 2954 5704 ievuserat;
2986 5619 3062 5691 et
3111 5619 3429 5706 posterioris
3469 5619 3770 5699 principtmr

2186 5642 2399 5712 primus
2426 5639 2538 5708 fuit
2557 5639 2662 5763 fui
2689 5645 2954 5704 evaserat,
3011 5645 3062 5691 et

2189 5712 2288 5763 aui
2314 5713 2552 5763 merueri
2608 5707 2701 5763 isti
2725 5707 2795 5763 ad
2816 5707 3087 5763 seminari

2189 5707 2288 5783 qui
2314 5707 2586 5767 merth
2608 5707 2701 5764 isti
2725 5707 2795 5763 ad
2816 5707 3204 5764 seminarium.
3237 5707 3350 5760 etc.
