3878 6208
45 321 132 382 417

44 452 265 526 generari
294 453 528 526 (supra,
557 469 684 524 cap.
716 455 871 525 nx):
903 453 1013 511 etsi
1039 455 1150 510 sub
1199 472 1352 526 aqua
1389 454 1642 527 plerum-
1676 457 1729 521 Α

47 559 130 616 que
153 542 334 598 herbae
362 541 598 598 soleant
626 543 990 615 germinare:
1024 546 1220 598 tamen
1255 548 1318 598 ut
1334 542 1648 614 scrupulus

46 631 197 686 omnis
223 630 410 702 possit
435 629 672 698 auferri,
695 630 837 704 quid
859 647 1143 706 magnum
1165 631 1213 687 si
1237 632 1352 688 Deo
1380 631 1649 704 jubente.

45 736 130 776 uno
155 719 239 776 die
267 735 386 792 quo
417 718 739 776 imminuta
783 719 959 777 fuerit
999 737 1178 793 aqua,
1210 720 1409 776 statim
1435 719 1649 792 germi-

49 809 166 866 navit
189 813 244 863 et
274 813 457 873 terra,
489 825 622 866 cum
657 808 812 868 idem
839 809 918 866 sit
945 809 1244 866 fructuum
1273 813 1572 882 reparator
1594 812 1654 864 et

49 897 281 964 conditor,
313 901 503 968 atque
523 897 714 970 operis
736 897 828 953 sui
854 916 1029 954 usum
1056 915 1169 954 non
1194 898 1367 954 fuerit
1391 897 1607 954 oblitus
1623 897 1652 953 ?

49 986 258 1057 Denique
283 985 476 1046 habes
506 990 563 1042 et
591 986 648 1042 in
679 985 887 1043 Genesi
919 987 1120 1043 statim
1143 989 1297 1060 quod
1314 987 1558 1059 jusserit
1587 989 1654 1042 ut

49 1082 162 1134 tem
185 1074 425 1132 herbam
463 1073 666 1146 pabuli
711 1075 1085 1148 germinaret,
1133 1081 1190 1132 et
1238 1075 1465 1148 lignum
1498 1077 1651 1132 fruc-

52 1164 236 1220 tiferum
266 1179 402 1220 cum
438 1163 634 1222 fructu
666 1180 794 1230 suo,
825 1168 882 1219 et
911 1164 1109 1221 statim
1141 1165 1314 1236 ejecit
1342 1171 1499 1220 terra
1528 1164 1655 1220 her-

51 1254 144 1310 bam
184 1251 403 1323 pabuli,
458 1251 774 1311 habentem
823 1268 1023 1308 semen
1071 1254 1397 1310 secundum
1442 1270 1651 1326 genus,

49 1340 303 1413 atligaum
338 1340 713 1397 fructiferum
753 1340 908 1412 (Gen.
952 1357 993 1409 ι,
1027 1343 1115 1408 11,
1146 1344 1254 1414 12),
1285 1347 1344 1399 et
1392 1341 1492 1400 ille
1523 1343 1652 1399 dies

51 1447 163 1486 unus
205 1427 397 1497 fuerit,
445 1445 568 1500 quo
615 1429 734 1486 hec
785 1435 935 1486 Deus
955 1431 1140 1502 jussit
1187 1436 1290 1486 aut
1318 1432 1472 1488 fecit.
1505 1433 1655 1506 Ergo

51 1517 266 1576 beneﬁcii
293 1517 390 1574 sui
421 1517 586 1576 Deus
609 1535 723 1575 non
755 1518 1086 1586 immemor,
1116 1519 1430 1577 immemor
1459 1527 1656 1577 autem

52 1612 215 1662 nostra:
260 1606 622 1679 iniquitatis,
673 1624 822 1680 Opus
865 1615 1040 1664 suum
1089 1609 1350 1679 ejusdem
1397 1611 1510 1681 (60)
1540 1626 1659 1682 qua

51 1695 182 1767 cepit
205 1695 495 1767 temporis
524 1696 853 1769 quantitate
886 1698 1190 1769 reparavit.

54 1855 248 1936 Car.sz
267 1860 325 1910 ut
354 1857 546 1912 exiret
573 1785 1282 1984 αἳὲἐῖιυὲεξὲωἳῗιαπι
1318 1863 1659 1942 exspectaue-

107 1930 179 1980 rzt.
209 1926 486 1984 0uomodo
520 1944 618 1984 ver
643 1928 892 1982 ordinem
931 1944 1035 1984 auo
1129 1945 1216 1984 em
1256 1946 1378 1984 cum
1421 1946 1537 1984 suis
1566 1948 1658 1984 m-

107 1928 179 1980 rit.
209 1926 486 1994 Quomodo
515 1944 618 1998 per
643 1928 892 1999 ordinem
931 1926 1035 1999 duo
1073 1926 1216 1984 idem
1256 1946 1378 1992 cum
1414 1926 1537 1986 suis
1566 1931 1658 1987 in-

103 2014 286 2067 gressus
315 2007 492 2068 atque
520 2013 762 2068 egressus
783 1998 1148 2071 describitur,
1198 2001 1530 2056 abstinentia
1566 2018 1658 2071 ge-

391 2085 502 2153 ηςο
520 2085 629 2151 non
903 2087 1042 2153 usus
1059 2071 1372 2153 designetur
1391 2071 1419 2126 ?
1436 2069 1662 2153 Domum

106 2140 212 2210 quid
239 2141 332 2197 ille
358 2140 504 2198 ωηᾱο
531 2140 778 2212 spiritali
805 2142 1081 2198 intellectu
1108 2140 1206 2198 nos
1233 2143 1493 2199 edoceat?

103 2229 174 2285 75.
215 2229 276 2286 ει
319 2229 471 2286 dixit
516 2231 780 2286 Dominus
810 2231 949 2286 Deus
996 2230 1069 2286 ad
1096 2232 1241 2288 Noe:
1288 2233 1395 2287 Exi
1440 2231 1505 2288 de
1531 2249 1663 2289 arca

59 2319 179 2380 lu,el
213 2333 352 2378 amor
393 2322 448 2374 et
507 2317 617 2388 ﬁlii
660 2319 745 2374 tui
788 2317 922 2389 (Gen
988 2335 1112 2386 vm,
1159 2321 1247 2385 15,
1301 2321 1410 2390 16).
1464 2321 1663 2393 Itaque

59 2405 307 2464 recedente
336 2423 503 2480 aqua
527 2411 584 2463 et
613 2406 833 2463 siccata
859 2411 1013 2464 terra
1043 2406 1198 2464 exire
1227 2409 1417 2482 potuit
1445 2409 1564 2466 Nos
1593 2411 1664 2467 de

63 2509 176 2551 arca.
206 2494 308 2552 Sed
331 2496 550 2568 justus
579 2495 726 2552 nihil
772 2495 885 2552 sibi
935 2500 1189 2570 arrogat,
1237 2497 1338 2554 sed
1383 2501 1574 2555 totum
1602 2515 1664 2556 se

62 2581 213 2639 divino
237 2583 559 2642 committit
585 2583 852 2656 imperio.
898 2585 970 2641 Et
1017 2585 1269 2642 maxime
1316 2587 1416 2660 qui
1445 2587 1665 2644 cmlesti

67 2669 211 2728 luerat
234 2672 547 2746 ingressus
577 2671 833 2739 oraculo,
867 2673 1099 2730 caeleste
1128 2675 1350 2743 debuit,
1399 2683 1466 2732 ut
1503 2693 1666 2750 egre-

69 2757 268 2826 deretur,
311 2765 659 2834 exspectare
703 2778 1071 2834 responsum.
1123 2763 1464 2820 Verecunda
1508 2767 1666 2822 enim

68 2846 246 2914 iustitia
265 2854 389 2907 est:
424 2851 576 2922 quia
601 2851 989 2908 inverecunda
1018 2851 1301 2924 iniquitas
1328 2870 1456 2926 quis
1488 2871 1666 2912 usur-

66 2940 142 3003 pat
167 2937 428 3008 indebita,
464 2955 576 2995 nec
609 2944 899 2994 reveretur
917 2944 1234 2996 auctorem.

114 3026 190 3081 76.
215 3026 376 3084 Nunc
409 3044 756 3100 quaeramus.
783 3045 900 3101 qua
927 3029 1152 3086 ratione
1181 3031 1443 3103 quandiu
1475 3033 1667 3105 ingrc-

56 3111 333 3172 diebantur
360 3117 420 3174 in
450 3133 656 3174 arcam
678 3117 773 3174 hic
794 3118 935 3176 ordo
957 3117 1067 3174 fuit
1095 3119 1570 3192 ingredientium,
1604 3125 1670 3178 ut

56 3201 218 3268 primo
244 3203 364 3276 ipse
391 3205 802 3278 ingrederetur
831 3210 888 3262 et
934 3205 1037 3261 ﬁlii
1086 3189 1244 3278 ejus:
1299 3209 1508 3266 deinde
1538 3211 1668 3279 ejus
1697 3189 1740 3258 Ο

62 3304 177 3348 uxor
219 3297 272 3348 et
316 3310 530 3351 uxores
599 3293 849 3350 ﬁliorum
921 3296 1104 3367 ejus:
1167 3299 1404 3369 quando
1469 3303 1664 3356 autem

68 3378 303 3447 Exierunt,
351 3388 783 3440 commutatum
835 3384 931 3439 sit.
998 3384 1146 3440 Nam
1201 3385 1484 3459 scriptum
1535 3393 1663 3444 est:

69 3470 212 3527 trivit
270 3473 405 3543 ipse,
474 3476 532 3527 et
599 3488 746 3527 uxor
787 3473 923 3544 ejus.
1009 3476 1059 3528 et
1148 3473 1256 3534 lilii
1333 3477 1385 3531 et
1467 3492 1666 3534 uxores

68 3555 265 3620 ﬁliorum
289 3563 406 3632 ejus
455 3560 643 3630 (Ibid,
697 3560 803 3630 18).
853 3561 922 3614 Et
965 3559 1157 3617 littera
1195 3561 1432 3634 quidem
1482 3564 1665 3637 signi-

67 3643 172 3701 ﬁcat
207 3647 261 3704 in
305 3648 582 3722 ingressu
648 3649 802 3705 200
868 3639 1285 3706 abstinentiam
1347 3653 1668 3723 generatio

71 3731 153 3798 nis,
191 3735 243 3792 in
288 3736 568 3810 ingressu
611 3737 1001 3809 generationis
1049 3755 1246 3794 usum.
1301 3739 1465 3796 Tunc
1508 3741 1664 3797 enim

1691 1825 1738 1888 Β

74 3828 197 3889 pater
221 3841 346 3883 cum
377 3826 524 3882 ﬁliis
557 3826 719 3898 prius
745 3826 1021 3894 introivit,
1045 3831 1100 3882 et
1121 3826 1224 3882 ﬁlii
1243 3844 1377 3883 cum
1402 3836 1665 3901 parente,

72 3913 113 3961 et
133 3918 305 3981 postea
334 3932 485 3972 uxor
515 3915 664 3986 ejus,
694 3918 752 3969 et
781 3914 1038 3971 ﬁliorum
1066 3917 1194 3988 ejus
1223 3933 1453 3986 uxores,
1475 3918 1532 3973 id
1554 3923 1663 3990 est,

73 4012 158 4054 non
189 4005 597 4061 commiscetur
642 4019 818 4060 sexus
863 4003 922 4058 in
955 4003 1218 4071 introitu,
1250 4006 1668 4063 commiscetur

75 4083 115 4138 in
137 4103 373 4160 egressu.
423 4096 649 4164 Aperte
677 4091 862 4164 igitur
883 4090 1041 4148 velut
1067 4092 1269 4148 ordine
1289 4093 1417 4165 ipso
1446 4095 1667 4167 ingres-

73 4171 211 4234 sionis
227 4196 414 4238 vocem
438 4181 766 4254 quamdam
779 4182 982 4252 justus
1001 4180 1234 4248 emittit,
1253 4185 1486 4255 tempus
1516 4183 1663 4240 illud

73 4275 158 4320 non
182 4283 294 4324 esse
323 4269 696 4336 concubitus,
725 4285 913 4341 neque
942 4269 1304 4338 deliciarum,
1335 4288 1451 4343 quo
1482 4273 1667 4328 omni-

75 4348 155 4406 bus
179 4353 499 4416 immineret
512 4357 976 4416 interitus.Unde
991 4357 1305 4432 inEvangasl
1314 4360 1366 4416 io
1378 4361 1664 4419 Dominus

76 4439 133 4494 ait
155 4445 283 4509 (Luc.
315 4464 445 4518 xvu,
483 4447 576 4519 26,
606 4448 720 4518 27),
770 4447 1204 4520 reprehendens
1249 4449 1404 4521 quod
1436 4454 1662 4525 tempo-

74 4526 304 4631 ribusNos
323 4536 746 4631 manducarent
773 4540 831 4592 et
859 4535 1364 4631 biberent,uxores
1385 4539 1665 4631 ducerent
1697 4565 1743 4631 Β

74 4618 114 4667 et
137 4616 260 4676 ﬁlias
287 4623 499 4698 nuptui
530 4624 860 4680 traderent:
921 4629 980 4680 et
1009 4624 1138 4680 ideo
1186 4631 1423 4698 propter
1451 4627 1667 4684 intem-

74 4711 341 4769 Peraatiam
369 4729 580 4771 eorum
613 4712 1020 4784 supervenisse
1052 4712 1361 4772 diluvium.
1407 4715 1668 4774 Maeroris

75 4786 215 4860 igitur
239 4803 455 4875 tempus
479 4800 648 4869 illud,
674 4817 788 4856 non
812 4800 1020 4856 laetitia)
1047 4806 1189 4858 erat.
1213 4803 1283 4859 Et
1310 4804 1444 4861 inde
1465 4807 1668 4877 justus

78 4889 316 4950 consortio
361 4908 478 4948 non
524 4888 924 4947 delectabatur
970 4891 1188 4957 uxoris,
1246 4891 1334 4948 vel
1385 4893 1490 4950 lilii
1515 4895 1668 4967 justi

79 4970 298 5033 petebant
316 4979 586 5052 copulam
618 4978 1008 5052 conjugalem.
1042 4981 1226 5044 Quam
1249 4980 1404 5037 enim
1432 4982 1665 5040 indeco-

79 5067 194 5126 mm,
222 5069 279 5120 ut
323 5084 433 5139 quo
486 5072 744 5139 tempore
793 5067 1050 5124 viventes
1099 5075 1487 5139 morerentur,
1527 5076 1666 5128 tunc

80 5144 270 5238 Wfituri
297 5156 756 5228 generarentur?
787 5157 992 5212 Postea
1022 5160 1216 5238 autem
1267 5163 1422 5218 recte
1471 5161 1540 5217 ad
1575 5179 1664 5218 se-

82 5231 342 5299 minarium
370 5250 711 5302 ceterorum
749 5246 1036 5303 successit
1079 5231 1190 5319 (6|)
1241 5265 1386 5306 usus
1437 5254 1496 5306 et
1525 5266 1666 5308 cura

81 5323 305 5400 θοηὲυείί,
334 5350 462 5392 cum
504 5333 790 5392 diluvium
840 5334 1096 5392 recessit.
1149 5336 1348 5409 Itaque
1396 5355 1509 5394 non
1556 5339 1664 5395 viri

269 5498 356 5555 Sic
408 5520 550 5560 mss.
602 5504 753 5570 Vat.,
803 5504 994 5570 Corb.,
1048 5505 1226 5576 Long.
1276 5504 1386 5560 Alii
1435 5522 1568 5563 vero
1607 5512 1664 5564 et

86 5558 218 5649 ait,
244 5558 681 5649 magism"
697 5558 906 5649 mea.
931 5558 1282 5649 suauius,
1313 5558 1457 5649 ίοραέ
1478 5558 1666 5638 aut;

85 5639 291 5702 ηωάεηι.
321 5642 448 5705 Cod.
478 5648 650 5722 Maz.,
680 5647 868 5706 eadem
899 5664 1007 5727 qua
1036 5639 1213 5724 coepit,
1247 5639 1360 5706 etc:

1217 319 1447 383 LIBER
1490 321 1596 383 DE
1637 319 1794 383 NOE
1839 318 1938 382 ET
1979 319 2205 382 AHCA.

3283 324 3403 389 418

1762 470 1893 508 cum
1927 453 2084 516 viris,
2120 454 2219 508 sed
2252 453 2478 510 femina
2507 470 2643 510 cum
2675 456 2814 512 viris
2842 461 3047 513 exeunt
3079 475 3090 510 ε
3120 464 3180 511 ul.
3220 461 3402 516 virilis

1759 541 1816 596 in
1851 559 1911 595 se
1945 543 2254 598 interdicta
2285 543 2608 614 permistio,
2648 545 2937 616 permissa
2979 555 3173 602 autem
3219 550 3404 605 virilis

1758 635 1817 685 et
1857 631 2089 686 feminei
2139 630 2401 704 legitima
2451 638 2603 689 sorte
2669 634 2922 707 conjugii
2992 635 3203 708 copula
3253 637 3406 694 vide-

1759 724 1940 774 retur.

1828 810 1918 862 77.
1951 808 2173 863 Sensus
2204 813 2398 863 autem
2433 808 2600 864 altior
2630 809 2739 865 hoc
2788 811 3000 868 habet:
3035 813 3133 868 ubi
3177 815 3404 886 pericu-

1760 894 1883 950 lum
1913 900 2020 961 est,
2055 895 2253 951 viriles
2283 897 2546 968 quietiam
2579 902 2635 953 et
2667 899 2932 955 fortiores
2952 901 3405 975 disceptationes

1761 984 1943 1039 menti
1990 983 2343 1052 adhaereant,
2395 990 2451 1041 et
2495 1002 2561 1042 eo
2585 1003 2648 1042 se
2680 1004 2845 1042 mens
2877 991 3044 1060 quasi
3079 993 3402 1062 quamdam

1759 1077 1997 1128 tueatur
2027 1072 2286 1128 sobolem
2339 1073 2616 1133 filiorum.
2662 1091 2777 1146 quo
2845 1079 3294 1150 tempestatibus
3351 1087 3410 1137 ct

1762 1161 2126 1234 gravioribus
2140 1162 2518 1234 passiouibus
2539 1165 2692 1218 acies
2717 1166 2984 1235 quaedam
3006 1167 3189 1224 virilis
3206 1185 3406 1224 occur-

1762 1249 1854 1305 rit.
1889 1250 2144 1306 Decurso
2174 1256 2367 1306 autem
2403 1251 2676 1324 periculo,
2710 1253 2855 1308 nihil
2890 1255 3054 1310 obest
3096 1256 3143 1312 si
3178 1256 3407 1314 mollio-

1762 1353 1858 1394 res
1885 1339 2267 1411 cogitationes
2312 1340 2693 1396 validioribus
2744 1342 3130 1413 copulentur;
3181 1362 3294 1401 non
3345 1351 3413 1402 ut

1766 1427 2180 1484 etfaminentur
2211 1445 2244 1482 a
2275 1428 2642 1484 mollioribus
2675 1431 2960 1500 fortiores,
2982 1434 3083 1488 sed
3109 1439 3171 1488 ut
3192 1434 3416 1490 mollio-

1767 1533 1858 1574 res
1881 1532 2093 1572 sensus
2116 1517 2275 1572 velut
2324 1518 2678 1589 quibusdam
2729 1519 2994 1575 virilibus
3043 1523 3410 1591 roborentur,

1765 1622 1898 1662 cum
1930 1605 2129 1661 omnia
2158 1609 2358 1662 nostra
2386 1607 2457 1660 ad
2504 1606 3140 1678 virtutem.justitiam,
3173 1611 3411 1684 integri-

1767 1699 1969 1759 tatem,
2009 1695 2362 1750 fortudinem
2397 1695 2744 1767 dirigantur,
2778 1703 2836 1752 et
2879 1699 3133 1768 quodam
3180 1715 3292 1756 usu
3323 1717 3413 1756 se-

1767 1784 2134 1856 minarioque
2157 1784 2437 1838 virtutum
2457 1801 2582 1838 erm
2597 1785 2636 1837 ri
2653 1790 2826 1857 atque
2844 1786 3172 1844 adolescere
3185 1789 3416 1862 possint

1768 1872 2050 1928 validiora
2079 1871 2345 1929 consilia.
2379 1873 2498 1927 Non
2533 1879 2621 1928 est
2651 1873 2832 1945 igitur
2867 1875 3028 1941 utile,
3083 1894 3215 1932 cum
3247 1878 3415 1934 vitio-

1770 1977 1902 2015 rum
1952 1959 2151 2033 aliqua
2200 1961 2467 2016 confusio
2515 1968 2602 2017 est
2653 1980 2783 2036 quae
2832 1969 3087 2021 mentem
3148 1972 3415 2041 occupet,

1771 2065 1962 2105 serere
1995 2049 2222 2122 aliquas
2252 2049 2653 2122 cogitationes,
2689 2056 2862 2125 atque
2891 2070 3168 2127 generare
3197 2060 3254 2111 et
3284 2073 3414 2128 par-

1773 2139 1956 2195 turire
2005 2143 2282 2194 mentem.
2335 2139 2479 2194 Cum
2531 2145 2723 2196 autem
2786 2157 3132 2216 compressa)
3199 2144 3417 2200 fuerint

1772 2227 2145 2299 cupiditates,
2192 2233 2249 2282 et
2290 2245 2453 2284 meus
2505 2230 2869 2302 requieverit,
2919 2235 3058 2287 tunc
3102 2233 3416 2289 seminario

1773 2317 2026 2388 quodam
2058 2316 2499 2388 disceptationis
2528 2323 2782 2393 accepto,
2811 2320 3056 2378 virtutes
3088 2327 3337 2395 possunt
3360 2327 3420 2379 et

1774 2405 1928 2460 bona
1954 2421 2128 2477 opera
2148 2405 2488 2478 germinari.

2376 2494 2607 2551 CAPUT
2645 2497 2808 2552 XXII.

1773 2569 1898 2636 (λιιι
1927 2564 1995 2640 de
2022 2581 2189 2640 causa
2244 2565 2352 2621 Noe
2405 2583 2559 2640 aram
2622 2569 2865 2639 injussus
2933 2571 3035 2626 Deo
3073 2571 3367 2640 aediﬁcavit
3395 2590 3417 2635 ;

1846 2636 2038 2706 quidve
2070 2637 2193 2708 Deo,
2225 2641 2276 2691 et
2329 2653 2442 2692 non
2496 2636 2763 2694 Domino:
2821 2658 2992 2708 quare
3041 2636 3211 2697 etiam
3267 2645 3416 2700 holo-

1845 2716 2086 2781 causlac
2117 2707 2301 2781 bestiis
2323 2725 2386 2764 ac
2415 2710 2726 2764 volatilibus
2768 2713 2987 2768 mundis
3019 2713 3313 2781 obtulerit;
3369 2722 3422 2770 et

1845 2777 1975 2857 quid
2004 2780 2073 2833 sit
2132 2777 2274 2857 quod
2305 2782 2383 2834 ait
2407 2781 2700 2842 Dominus:
2751 2782 3097 2856 Recogitans
3133 2801 3246 2840 non
3278 2777 3421 2857 adji-

1849 2849 1998 2904 ciam
2032 2849 2377 2907 maledicere
2409 2857 2645 2921 terram,
2679 2857 2784 2908 etc.

1841 2933 2007 2991 78.Et
2047 2937 2363 3007 aediﬁcavit,
2426 2939 2637 3011 inquit,
2700 2942 2806 2997 Noe
2872 2959 3029 2997 aram
3089 2943 3200 3000 Dco
3263 2944 3416 3015 (Gen.

1776 3043 1898 3092 vm,
1946 3026 2057 3097 20).
2093 3028 2216 3092 Qua
2256 3028 2476 3082 ratione
2527 3046 2706 3102 supra
2772 3031 3058 3087 Dominus
3115 3034 3422 3090 admonuit

1777 3132 1908 3187 quae
1941 3115 2170 3184 faceret,
2195 3119 2251 3171 et
2282 3116 2416 3172 fecit
2446 3117 2563 3173 Noe
2593 3119 2828 3174 omnia:
2878 3121 2986 3175 hoc
3034 3125 3226 3177 autem
3262 3125 3417 3195 quod

1779 3219 1894 3259 non
1929 3203 2265 3260 admonitus
2295 3209 2382 3261 est
2415 3206 2632 3273 fecerit,
2669 3207 2913 3263 fortasse
2939 3209 3284 3280 requiratur.
3308 3213 3417 3268 Sed

1777 3292 1981 3363 utique
2008 3291 2287 3348 Dominus
2305 3309 2418 3348 non
2443 3293 2645 3348 debuit
2667 3296 2832 3366 quasi
2858 3313 3067 3351 avarus
3091 3299 3416 3355 mercedem

1776 3379 1973 3452 gratiis
2005 3379 2326 3456 postulare,
2375 3385 2430 3436 et
2471 3382 2675 3452 justus
2722 3399 2848 3437 eam
2897 3383 3178 3440 intellexit
3219 3403 3415 3442 veram

1774 3468 2060 3525 actionem
2093 3469 2411 3540 gratiarum
2444 3487 2572 3526 esse
2617 3487 2746 3543 qua:
2790 3488 2902 3527 non
2946 3473 3274 3542 juberetur,
3315 3475 3416 3531 sed

1773 3557 2322 3629 deferretur.ltaque
2344 3574 2447 3612 nec
2469 3558 2807 3614 dilationem
2829 3577 3040 3632 passus
3060 3566 3167 3617 est.
3193 3563 3416 3620 Etenim

1774 3649 1942 3718 grata
1958 3644 2138 3700 animi
2158 3645 2346 3701 virtus
2369 3646 2701 3718 passionem
2726 3649 3107 3706 dubitationis
3129 3651 3414 3709 excludit:

1775 3733 1875 3806 qui
1907 3738 2102 3790 autem
2134 3734 2395 3790 debitum
2429 3736 2627 3809 gratiae
2660 3742 2725 3793 ut
2755 3755 2788 3793 a
2817 3755 2878 3794 se
2921 3739 3186 3813 exigatur
3215 3758 3418 3814 exspe-

1775 3826 1914 3890 ctat,
1946 3823 2214 3896 ingratus
2244 3829 2352 3880 est.
2396 3825 2558 3889 Quod
2598 3830 2793 3882 autem
2843 3827 3150 3898 :rdiﬁcavit,
3202 3830 3416 3902 inquit,

1777 3917 1906 3980 Deo,
1941 3916 1998 3967 et
2028 3929 2144 3967 non
2176 3911 2320 3968 dixit
2350 3913 2619 3981 Domino,
2651 3915 2751 3971 se’d
2782 3918 2928 3981 Deo;
2956 3920 3278 3974 secundum
3316 3935 3420 3974 no-

1776 4001 1956 4056 minis
1986 4000 2549 4072 interpretationem,
2605 4003 2751 4060 28]
2799 4022 2915 4060 non
2967 4011 3163 4061 coacta
3195 4007 3422 4062 videtur

1775 4090 1896 4145 hzec
1926 4089 2076 4146 actio
2107 4105 2234 4145 esse
2265 4091 2582 4162 gratiarum
2617 4092 2784 4164 quasi
2808 4093 3052 4149 Domino
3070 4111 3090 4155 ;
3114 4096 3210 4149 sed
3237 4094 3420 4152 virtus

1767 4179 1914 4250 justi
1949 4178 2249 4250 morigena
2280 4184 2338 4234 et
2367 4184 2531 4252 grata
2564 4181 2730 4253 quasi
2753 4181 2890 4237 Deo.
2929 4183 3087 4248 Quod
3119 4183 3422 4256 imperiale

1772 4272 1864 4324 est
1893 4268 2318 4338 sequestravit;
2354 4268 2507 4339 quod
2550 4268 2816 4326 beneficii
2849 4271 3188 4326 nominavit.

1841 4356 2009 4412 79.Et
2034 4357 2320 4427 sumpsita
2351 4357 2557 4422 bestiis,
2609 4361 2664 4412 ct
2706 4375 2740 4412 a
2786 4359 3101 4415 volatilibus
3158 4360 3420 4424 mundis;

1771 4453 1824 4502 et
1850 4445 2068 4513 obtulit,
2103 4444 2315 4517 inquit,
2348 4445 2664 4501 holocausta
2694 4447 2873 4519 (Ibid).
2928 4448 3145 4504 Littera
3184 4449 3421 4506 evidens

1772 4539 1862 4591 est
1889 4533 2043 4606 quod
2076 4550 2144 4588 ea
2171 4549 2299 4604 qua:
2333 4533 2792 4591 incontaminata
2821 4541 2977 4603 sunt,
3011 4538 3291 4594 debemus
3335 4539 3420 4593 of-

1778 4624 1947 4690 ferre,
1983 4623 2041 4677 in
2065 4622 2282 4693 quibus
2313 4623 2554 4679 affectus
2591 4623 2844 4680 relucent
2891 4626 3206 4683 offerentis.
3239 4626 3422 4684 Altior

1778 4715 1975 4767 autem
1995 4711 2394 4784 interpretatio
2427 4711 2746 4782 hoc_habet,
2777 4715 2928 4786 quod
2954 4716 3151 4771 bestia)
3187 4717 3420 4773 mundis

1776 4800 2045 4855 videntur
2094 4816 2306 4856 sensus
2350 4817 2478 4857 esse
2529 4803 2857 4874 sapientis;
2903 4803 3157 4860 volatilia
3223 4810 3420 4861 autem

1778 4888 2134 4956 intellectus,
2185 4889 2284 4960 qui
2338 4895 2477 4946 sunt
2518 4889 2689 4964 longe
2739 4893 3076 4949 subtiliores
3123 4898 3300 4964 atque
3338 4893 3420 4949 le-

1776 4978 1983 5033 viores.

1845 5067 1934 5120 80.
1970 5066 2134 5121 Nunc
2167 5082 2296 5121 vero
2326 5067 2766 5122 consideremus
2810 5067 3150 5140 diligentius
3172 5067 3309 5139 quid
3344 5067 3420 5122 sit

1776 5155 1930 5228 quod
1965 5155 2078 5210 ait:
2127 5157 2188 5208 Et
2235 5155 2377 5210 dixit
2428 5156 2689 5211 Dominus
2738 5156 2914 5212 Deus:
2968 5158 3283 5227 Recogitans
3311 5173 3419 5212 non

1775 5244 2038 5316 adjiciam
2058 5242 2384 5298 maledicere
2412 5251 2618 5298 terram
2645 5249 2866 5316 propter
2892 5261 3056 5316 opera
3084 5245 3370 5300 hominum
3401 5263 3415 5314 ;

1773 5334 1903 5405 quia
1930 5333 2214 5398 pernumet
2263 5345 2355 5385 cor
2403 5331 2643 5386 hominis
2685 5332 2976 5402 diligenter
3013 5347 3177 5404 super
3203 5334 3358 5388 mala
3385 5350 3420 5390 a

1844 5500 1956 5572 (6i)
1989 5499 2050 5553 In
2084 5498 2360 5572 omnibus
2398 5499 2543 5572 edit.
2595 5500 2962 5557 desideratur
3006 5502 3246 5558 verbum
3290 5520 3418 5559 suc-

1773 5570 1950 5649 cessit,
1986 5571 2139 5649 guod
2191 5585 2260 5628 ex
2307 5571 2435 5630 cod.
2487 5570 2682 5644 Corb.,
2733 5573 2938 5649 Long,
2986 5573 3146 5635 Colb.
3180 5578 3236 5632 et
3267 5575 3413 5637 Μαι.

1774 5641 2166 5705 ι’θεῐὶιιιῖιῐωε.
