  <div class='ocr_page' id='page_1' title='image "/cluster/home/n/w/nwhite01/storage/ocr_20150623/14/uva.x000826552/224.png"; bbox 0 0 3878 6208; ppageno 0'>
   <div class='ocr_carea' id='block_1_1' title="bbox 437 295 557 355">
    <p class='ocr_par' dir='ltr' id='par_1_1' title="bbox 437 295 557 355">
     <span class='ocr_line' id='line_1_1' title="bbox 437 295 557 355; baseline 0 0"><span class='ocrx_word' id='word_1_1' title='bbox 437 295 557 355; x_wconf 73' lang='lat' dir='ltr'><strong>M9</strong></span> 
     </span>
    </p>
   </div>
   <div class='ocr_carea' id='block_1_2' title="bbox 1899 278 3778 361">
    <p class='ocr_par' dir='ltr' id='par_1_2' title="bbox 1899 278 3778 361">
     <span class='ocr_line' id='line_1_2' title="bbox 1899 278 3778 361; baseline 0.009 -19"><span class='ocrx_word' id='word_1_2' title='bbox 1899 282 1965 342; x_wconf 90' lang='lat' dir='ltr'><strong>S.</strong></span> <span class='ocrx_word' id='word_1_3' title='bbox 2012 278 2385 343; x_wconf 73' lang='lat' dir='ltr'><strong>AMBROSII</strong></span> <span class='ocrx_word' id='word_1_4' title='bbox 3683 294 3778 361; x_wconf 70' lang='lat'><strong>420</strong></span> 
     </span>
    </p>
   </div>
   <div class='ocr_carea' id='block_1_3' title="bbox 430 416 3775 498">
    <p class='ocr_par' dir='ltr' id='par_1_3' title="bbox 430 416 3775 498">
     <span class='ocr_line' id='line_1_3' title="bbox 430 416 3775 498; baseline -0.004 -17"><span class='ocrx_word' id='word_1_5' title='bbox 430 428 715 498; x_wconf 71' lang='lat' dir='ltr'><strong>juventute</strong></span> <span class='ocrx_word' id='word_1_6' title='bbox 744 423 851 495; x_wconf 67' lang='lat'><strong>(6&#39;2)</strong></span> <span class='ocrx_word' id='word_1_7' title='bbox 886 420 1046 492; x_wconf 74' lang='lat' dir='ltr'><strong>(Ibid.</strong></span> <span class='ocrx_word' id='word_1_8' title='bbox 1081 420 1175 489; x_wconf 80' lang='lat'><strong>2!)</strong></span> <span class='ocrx_word' id='word_1_9' title='bbox 1210 419 1333 474; x_wconf 75' lang='lat' dir='ltr'><strong>Non</strong></span> <span class='ocrx_word' id='word_1_10' title='bbox 1364 432 1500 489; x_wconf 84' lang='lat' dir='ltr'><strong>ergo</strong></span> <span class='ocrx_word' id='word_1_11' title='bbox 1525 416 1713 471; x_wconf 82' lang='lat' dir='ltr'><strong>adhuc</strong></span> <span class='ocrx_word' id='word_1_12' title='bbox 1748 420 2074 487; x_wconf 70' lang='lat' dir='ltr'><strong>percuteret</strong></span> <span class='ocrx_word' id='word_1_13' title='bbox 2109 416 2163 479; x_wconf 67' lang='grc' dir='ltr'><strong>Α</strong></span> <span class='ocrx_word' id='word_1_14' title='bbox 2191 428 2372 470; x_wconf 69' lang='lat' dir='ltr'><strong>eutere</strong></span> <span class='ocrx_word' id='word_1_15' title='bbox 2437 434 2647 472; x_wconf 81' lang='lat' dir='ltr'><strong>omnem</strong></span> <span class='ocrx_word' id='word_1_16' title='bbox 2722 435 2938 474; x_wconf 86' lang='lat' dir='ltr'><strong>carnem</strong></span> <span class='ocrx_word' id='word_1_17' title='bbox 2973 436 2987 474; x_wconf 89' lang='lat'><strong>:</strong></span> <span class='ocrx_word' id='word_1_18' title='bbox 3055 420 3156 475; x_wconf 91' lang='lat' dir='ltr'><strong>sed</strong></span> <span class='ocrx_word' id='word_1_19' title='bbox 3224 422 3284 476; x_wconf 90' lang='lat' dir='ltr'><strong>in</strong></span> <span class='ocrx_word' id='word_1_20' title='bbox 3341 426 3497 495; x_wconf 79' lang='lat' dir='ltr'><strong>parte</strong></span> <span class='ocrx_word' id='word_1_21' title='bbox 3560 425 3775 485; x_wconf 57' lang='lat' dir='ltr'><strong>vindicia</strong></span> 
     </span>
    </p>
   </div>
   <div class='ocr_carea' id='block_1_4' title="bbox 440 504 2079 572">
    <p class='ocr_par' dir='ltr' id='par_1_4' title="bbox 440 504 2079 572">
     <span class='ocr_line' id='line_1_4' title="bbox 440 504 2079 572; baseline -0.008 -2"><span class='ocrx_word' id='word_1_22' title='bbox 440 530 676 570; x_wconf 88' lang='lat' dir='ltr'><strong>omnem</strong></span> <span class='ocrx_word' id='word_1_23' title='bbox 707 517 924 568; x_wconf 86' lang='lat' dir='ltr'><strong>terram</strong></span> <span class='ocrx_word' id='word_1_24' title='bbox 956 509 1105 566; x_wconf 84' lang='lat' dir='ltr'><strong>sicut</strong></span> <span class='ocrx_word' id='word_1_25' title='bbox 1138 507 1290 572; x_wconf 85' lang='lat' dir='ltr'><strong>fecit,</strong></span> <span class='ocrx_word' id='word_1_26' title='bbox 1321 506 1598 562; x_wconf 91' lang='lat' dir='ltr'><strong>omnibus</strong></span> <span class='ocrx_word' id='word_1_27' title='bbox 1647 504 1853 560; x_wconf 81' lang='lat' dir='ltr'><strong>diebus</strong></span> <span class='ocrx_word' id='word_1_28' title='bbox 1893 509 2079 558; x_wconf 69' lang='lat' dir='ltr'><strong>terrae.</strong></span> 
     </span>
    </p>
   </div>
   <div class='ocr_carea' id='block_1_5' title="bbox 444 596 2081 666">
    <p class='ocr_par' dir='ltr' id='par_1_5' title="bbox 444 596 2081 666">
     <span class='ocr_line' id='line_1_5' title="bbox 444 596 2081 666; baseline -0.009 -7"><span class='ocrx_word' id='word_1_29' title='bbox 444 603 560 660; x_wconf 81' lang='lat' dir='ltr'><strong>Etsi</strong></span> <span class='ocrx_word' id='word_1_30' title='bbox 593 602 983 657; x_wconf 72' lang='lat' dir='ltr'><strong>vindicaverat</strong></span> <span class='ocrx_word' id='word_1_31' title='bbox 1014 598 1073 652; x_wconf 91' lang='lat' dir='ltr'><strong>in</strong></span> <span class='ocrx_word' id='word_1_32' title='bbox 1122 596 1427 652; x_wconf 84' lang='lat' dir='ltr'><strong>hominum</strong></span> <span class='ocrx_word' id='word_1_33' title='bbox 1469 611 1695 666; x_wconf 85' lang='lat' dir='ltr'><strong>genus;</strong></span> <span class='ocrx_word' id='word_1_34' title='bbox 1746 597 1940 647; x_wconf 89' lang='lat' dir='ltr'><strong>tamen</strong></span> <span class='ocrx_word' id='word_1_35' title='bbox 1984 608 2081 645; x_wconf 84' lang='lat' dir='ltr'><strong>co-</strong></span> 
     </span>
    </p>
   </div>
   <div class='ocr_carea' id='block_1_6' title="bbox 442 682 2086 765">
    <p class='ocr_par' dir='ltr' id='par_1_6' title="bbox 442 682 2086 765">
     <span class='ocr_line' id='line_1_6' title="bbox 442 682 2086 765; baseline -0.007 -20"><span class='ocrx_word' id='word_1_36' title='bbox 442 693 719 765; x_wconf 78' lang='lat' dir='ltr'><strong>gnoverat</strong></span> <span class='ocrx_word' id='word_1_37' title='bbox 747 688 886 759; x_wconf 87' lang='lat' dir='ltr'><strong>quia</strong></span> <span class='ocrx_word' id='word_1_38' title='bbox 914 685 1165 739; x_wconf 75' lang='lat' dir='ltr'><strong>vindicta</strong></span> <span class='ocrx_word' id='word_1_39' title='bbox 1190 684 1335 755; x_wconf 81' lang='lat' dir='ltr'><strong>legis</strong></span> <span class='ocrx_word' id='word_1_40' title='bbox 1368 684 1435 738; x_wconf 89' lang='lat' dir='ltr'><strong>ad</strong></span> <span class='ocrx_word' id='word_1_41' title='bbox 1464 684 1731 737; x_wconf 83' lang='lat' dir='ltr'><strong>timorem</strong></span> <span class='ocrx_word' id='word_1_42' title='bbox 1758 682 2006 752; x_wconf 74' lang='lat' dir='ltr'><strong>proficit,</strong></span> <span class='ocrx_word' id='word_1_43' title='bbox 2030 684 2086 735; x_wconf 87' lang='lat' dir='ltr'><strong>et</strong></span> 
     </span>
    </p>
   </div>
   <div class='ocr_carea' id='block_1_7' title="bbox 443 770 2085 852">
    <p class='ocr_par' dir='ltr' id='par_1_7' title="bbox 443 770 2085 852">
     <span class='ocr_line' id='line_1_7' title="bbox 443 770 2085 852; baseline -0.009 -16"><span class='ocrx_word' id='word_1_44' title='bbox 443 778 833 852; x_wconf 72' lang='lat' dir='ltr'><strong>cognitionem</strong></span> <span class='ocrx_word' id='word_1_45' title='bbox 891 774 1191 838; x_wconf 63' lang='lat' dir='ltr'><strong>doctrinm,</strong></span> <span class='ocrx_word' id='word_1_46' title='bbox 1253 772 1443 841; x_wconf 78' lang='lat' dir='ltr'><strong>magis</strong></span> <span class='ocrx_word' id='word_1_47' title='bbox 1506 787 1683 842; x_wconf 91' lang='lat' dir='ltr'><strong>quam</strong></span> <span class='ocrx_word' id='word_1_48' title='bbox 1733 770 1804 824; x_wconf 90' lang='lat' dir='ltr'><strong>ad</strong></span> <span class='ocrx_word' id='word_1_49' title='bbox 1864 775 2085 824; x_wconf 72' lang='lat' dir='ltr'><strong>natura:</strong></span> 
     </span>
    </p>
   </div>
   <div class='ocr_carea' id='block_1_8' title="bbox 443 859 2083 934">
    <p class='ocr_par' dir='ltr' id='par_1_8' title="bbox 443 859 2083 934">
     <span class='ocr_line' id='line_1_8' title="bbox 443 859 2083 934; baseline -0.01 -7"><span class='ocrx_word' id='word_1_50' title='bbox 443 866 976 928; x_wconf 81' lang='lat' dir='ltr'><strong>commutationem,</strong></span> <span class='ocrx_word' id='word_1_51' title='bbox 1005 879 1134 934; x_wconf 71' lang='lat' dir='ltr'><strong>qua:</strong></span> <span class='ocrx_word' id='word_1_52' title='bbox 1165 862 1376 933; x_wconf 84' lang='lat' dir='ltr'><strong>corrigi</strong></span> <span class='ocrx_word' id='word_1_53' title='bbox 1438 861 1495 914; x_wconf 92' lang='lat' dir='ltr'><strong>in</strong></span> <span class='ocrx_word' id='word_1_54' title='bbox 1529 859 1826 930; x_wconf 81' lang='lat' dir='ltr'><strong>aliquibus</strong></span> <span class='ocrx_word' id='word_1_55' title='bbox 1873 863 2083 930; x_wconf 76' lang='lat' dir='ltr'><strong>potest,</strong></span> 
     </span>
    </p>
   </div>
   <div class='ocr_carea' id='block_1_9' title="bbox 443 946 2089 1022">
    <p class='ocr_par' dir='ltr' id='par_1_9' title="bbox 443 946 2089 1022">
     <span class='ocr_line' id='line_1_9' title="bbox 443 946 2089 1022; baseline -0.009 -7"><span class='ocrx_word' id='word_1_56' title='bbox 443 959 503 1014; x_wconf 83' lang='lat' dir='ltr'><strong>in</strong></span> <span class='ocrx_word' id='word_1_57' title='bbox 533 955 809 1017; x_wconf 72' lang='lat' dir='ltr'><strong>omnibus</strong></span> <span class='ocrx_word' id='word_1_58' title='bbox 840 951 1055 1009; x_wconf 89' lang='lat' dir='ltr'><strong>mutari</strong></span> <span class='ocrx_word' id='word_1_59' title='bbox 1085 968 1202 1006; x_wconf 92' lang='lat' dir='ltr'><strong>non</strong></span> <span class='ocrx_word' id='word_1_60' title='bbox 1226 954 1436 1022; x_wconf 83' lang='lat' dir='ltr'><strong>potest.</strong></span> <span class='ocrx_word' id='word_1_61' title='bbox 1468 948 1793 1003; x_wconf 73' lang='lat' dir='ltr'><strong>Vindicavit</strong></span> <span class='ocrx_word' id='word_1_62' title='bbox 1812 964 1949 1018; x_wconf 85' lang='lat' dir='ltr'><strong>ergo</strong></span> <span class='ocrx_word' id='word_1_63' title='bbox 1980 946 2089 1001; x_wconf 83' lang='lat' dir='ltr'><strong>Do-</strong></span> 
     </span>
    </p>
   </div>
   <div class='ocr_carea' id='block_1_10' title="bbox 443 1038 2084 1111">
    <p class='ocr_par' dir='ltr' id='par_1_10' title="bbox 443 1038 2084 1111">
     <span class='ocr_line' id='line_1_10' title="bbox 443 1038 2084 1111; baseline -0.009 -9"><span class='ocrx_word' id='word_1_64' title='bbox 443 1046 661 1111; x_wconf 89' lang='lat' dir='ltr'><strong>minus,</strong></span> <span class='ocrx_word' id='word_1_65' title='bbox 697 1047 765 1099; x_wconf 78' lang='lat' dir='ltr'><strong>ut</strong></span> <span class='ocrx_word' id='word_1_66' title='bbox 789 1042 1175 1106; x_wconf 78' lang='lat' dir='ltr'><strong>timeremus;</strong></span> <span class='ocrx_word' id='word_1_67' title='bbox 1229 1038 1489 1111; x_wconf 83' lang='lat' dir='ltr'><strong>pepercit</strong></span> <span class='ocrx_word' id='word_1_68' title='bbox 1537 1041 1599 1091; x_wconf 93' lang='lat' dir='ltr'><strong>ut</strong></span> <span class='ocrx_word' id='word_1_69' title='bbox 1636 1052 2084 1090; x_wconf 73' lang='lat' dir='ltr'><strong>reservaremur.</strong></span> 
     </span>
    </p>
   </div>
   <div class='ocr_carea' id='block_1_11' title="bbox 444 1123 2089 1200">
    <p class='ocr_par' dir='ltr' id='par_1_11' title="bbox 444 1123 2089 1200">
     <span class='ocr_line' id='line_1_11' title="bbox 444 1123 2089 1200; baseline -0.009 -8"><span class='ocrx_word' id='word_1_70' title='bbox 444 1138 512 1193; x_wconf 84' lang='lat' dir='ltr'><strong>Et</strong></span> <span class='ocrx_word' id='word_1_71' title='bbox 540 1133 855 1190; x_wconf 82' lang='lat' dir='ltr'><strong>vindicavit</strong></span> <span class='ocrx_word' id='word_1_72' title='bbox 886 1129 1063 1187; x_wconf 81' lang='lat' dir='ltr'><strong>semel</strong></span> <span class='ocrx_word' id='word_1_73' title='bbox 1096 1130 1169 1186; x_wconf 78' lang='lat' dir='ltr'><strong>ad</strong></span> <span class='ocrx_word' id='word_1_74' title='bbox 1195 1127 1526 1200; x_wconf 72' lang='lat' dir='ltr'><strong>exemplum</strong></span> <span class='ocrx_word' id='word_1_75' title='bbox 1551 1125 1798 1190; x_wconf 84' lang='lat' dir='ltr'><strong>timoris,</strong></span> <span class='ocrx_word' id='word_1_76' title='bbox 1832 1123 2089 1196; x_wconf 75' lang='lat' dir='ltr'><strong>pepercit</strong></span> 
     </span>
    </p>
   </div>
   <div class='ocr_carea' id='block_1_12' title="bbox 445 1213 2087 1294">
    <p class='ocr_par' dir='ltr' id='par_1_12' title="bbox 445 1213 2087 1294">
     <span class='ocr_line' id='line_1_12' title="bbox 445 1213 2087 1294; baseline -0.009 -13"><span class='ocrx_word' id='word_1_77' title='bbox 445 1226 505 1281; x_wconf 90' lang='lat' dir='ltr'><strong>in</strong></span> <span class='ocrx_word' id='word_1_78' title='bbox 547 1223 866 1294; x_wconf 90' lang='lat' dir='ltr'><strong>reliquum,</strong></span> <span class='ocrx_word' id='word_1_79' title='bbox 919 1236 991 1273; x_wconf 90' lang='lat' dir='ltr'><strong>ne</strong></span> <span class='ocrx_word' id='word_1_80' title='bbox 1040 1218 1445 1273; x_wconf 83' lang='lat' dir='ltr'><strong>dominaretur</strong></span> <span class='ocrx_word' id='word_1_81' title='bbox 1484 1230 1715 1287; x_wconf 84' lang='lat' dir='ltr'><strong>semper</strong></span> <span class='ocrx_word' id='word_1_82' title='bbox 1756 1213 2087 1268; x_wconf 83' lang='lat' dir='ltr'><strong>amaritudo</strong></span> 
     </span>
    </p>
   </div>
   <div class='ocr_carea' id='block_1_13' title="bbox 446 1300 2087 1385">
    <p class='ocr_par' dir='ltr' id='par_1_13' title="bbox 446 1300 2087 1385">
     <span class='ocr_line' id='line_1_13' title="bbox 446 1300 2087 1385; baseline -0.008 -15"><span class='ocrx_word' id='word_1_83' title='bbox 446 1310 705 1385; x_wconf 85' lang='lat' dir='ltr'><strong>peccati;</strong></span> <span class='ocrx_word' id='word_1_84' title='bbox 739 1307 915 1364; x_wconf 87' lang='lat' dir='ltr'><strong>simul</strong></span> <span class='ocrx_word' id='word_1_85' title='bbox 946 1306 1085 1378; x_wconf 89' lang='lat' dir='ltr'><strong>quia</strong></span> <span class='ocrx_word' id='word_1_86' title='bbox 1114 1305 1163 1360; x_wconf 88' lang='lat' dir='ltr'><strong>si</strong></span> <span class='ocrx_word' id='word_1_87' title='bbox 1196 1304 1329 1376; x_wconf 89' lang='lat' dir='ltr'><strong>quis</strong></span> <span class='ocrx_word' id='word_1_88' title='bbox 1360 1307 1597 1375; x_wconf 90' lang='lat' dir='ltr'><strong>peccata</strong></span> <span class='ocrx_word' id='word_1_89' title='bbox 1650 1302 1846 1373; x_wconf 85' lang='lat' dir='ltr'><strong>cupiat</strong></span> <span class='ocrx_word' id='word_1_90' title='bbox 1872 1300 2087 1371; x_wconf 72' lang='lat' dir='ltr'><strong>saepius</strong></span> 
     </span>
    </p>
   </div>
   <div class='ocr_carea' id='block_1_14' title="bbox 444 1390 2085 1467">
    <p class='ocr_par' dir='ltr' id='par_1_14' title="bbox 444 1390 2085 1467">
     <span class='ocr_line' id='line_1_14' title="bbox 444 1390 2085 1467; baseline -0.007 -12"><span class='ocrx_word' id='word_1_91' title='bbox 444 1399 759 1465; x_wconf 89' lang='lat' dir='ltr'><strong>vindicare,</strong></span> <span class='ocrx_word' id='word_1_92' title='bbox 792 1412 963 1467; x_wconf 84' lang='lat' dir='ltr'><strong>asper</strong></span> <span class='ocrx_word' id='word_1_93' title='bbox 1008 1393 1198 1465; x_wconf 88' lang='lat' dir='ltr'><strong>magis</strong></span> <span class='ocrx_word' id='word_1_94' title='bbox 1245 1408 1421 1464; x_wconf 90' lang='lat' dir='ltr'><strong>quam</strong></span> <span class='ocrx_word' id='word_1_95' title='bbox 1475 1390 1776 1447; x_wconf 91' lang='lat' dir='ltr'><strong>censorius</strong></span> <span class='ocrx_word' id='word_1_96' title='bbox 1814 1390 2085 1445; x_wconf 82' lang='lat' dir='ltr'><strong>habetur.</strong></span> 
     </span>
    </p>
   </div>
   <div class='ocr_carea' id='block_1_15' title="bbox 447 1480 2088 1559">
    <p class='ocr_par' dir='ltr' id='par_1_15' title="bbox 447 1480 2088 1559">
     <span class='ocr_line' id='line_1_15' title="bbox 447 1480 2088 1559; baseline -0.007 -15"><span class='ocrx_word' id='word_1_97' title='bbox 447 1490 696 1559; x_wconf 83' lang='lat' dir='ltr'><strong>Ideoque</strong></span> <span class='ocrx_word' id='word_1_98' title='bbox 723 1486 863 1541; x_wconf 86' lang='lat' dir='ltr'><strong>dicit</strong></span> <span class='ocrx_word' id='word_1_99' title='bbox 895 1483 1217 1539; x_wconf 87' lang='lat' dir='ltr'><strong>Dominus:</strong></span> <span class='ocrx_word' id='word_1_100' title='bbox 1269 1483 1385 1537; x_wconf 81' lang='lat' dir='ltr'><strong>Non</strong></span> <span class='ocrx_word' id='word_1_101' title='bbox 1434 1480 1695 1558; x_wconf 75' lang='lat' dir='ltr'><strong>adjiciam</strong></span> <span class='ocrx_word' id='word_1_102' title='bbox 1738 1480 1881 1533; x_wconf 87' lang='lat' dir='ltr'><strong>ultra</strong></span> <span class='ocrx_word' id='word_1_103' title='bbox 1915 1480 2088 1533; x_wconf 87' lang='lat' dir='ltr'><strong>male-</strong></span> 
     </span>
    </p>
   </div>
   <div class='ocr_carea' id='block_1_16' title="bbox 441 1567 2089 1644">
    <p class='ocr_par' dir='ltr' id='par_1_16' title="bbox 441 1567 2089 1644">
     <span class='ocr_line' id='line_1_16' title="bbox 441 1567 2089 1644; baseline -0.006 -12"><span class='ocrx_word' id='word_1_104' title='bbox 441 1578 621 1633; x_wconf 85' lang='lat' dir='ltr'><strong>dicere</strong></span> <span class='ocrx_word' id='word_1_105' title='bbox 663 1583 830 1631; x_wconf 76' lang='lat' dir='ltr'><strong>terra:</strong></span> <span class='ocrx_word' id='word_1_106' title='bbox 875 1579 1094 1644; x_wconf 79' lang='lat' dir='ltr'><strong>propter</strong></span> <span class='ocrx_word' id='word_1_107' title='bbox 1134 1587 1295 1639; x_wconf 82' lang='lat' dir='ltr'><strong>opera</strong></span> <span class='ocrx_word' id='word_1_108' title='bbox 1343 1570 1649 1633; x_wconf 79' lang='lat' dir='ltr'><strong>hominum,</strong></span> <span class='ocrx_word' id='word_1_109' title='bbox 1697 1568 1755 1621; x_wconf 90' lang='lat' dir='ltr'><strong>id</strong></span> <span class='ocrx_word' id='word_1_110' title='bbox 1806 1572 1916 1632; x_wconf 89' lang='lat' dir='ltr'><strong>est,</strong></span> <span class='ocrx_word' id='word_1_111' title='bbox 1950 1567 2089 1638; x_wconf 83' lang='lat' dir='ltr'><strong>quia</strong></span> 
     </span>
    </p>
   </div>
   <div class='ocr_carea' id='block_1_17' title="bbox 443 1654 2089 1737">
    <p class='ocr_par' dir='ltr' id='par_1_17' title="bbox 443 1654 2089 1737">
     <span class='ocr_line' id='line_1_17' title="bbox 443 1654 2089 1737; baseline -0.005 -19"><span class='ocrx_word' id='word_1_112' title='bbox 443 1665 721 1737; x_wconf 87' lang='lat' dir='ltr'><strong>pietatem</strong></span> <span class='ocrx_word' id='word_1_113' title='bbox 753 1678 921 1718; x_wconf 90' lang='lat' dir='ltr'><strong>suam</strong></span> <span class='ocrx_word' id='word_1_114' title='bbox 943 1661 1096 1715; x_wconf 89' lang='lat' dir='ltr'><strong>circa</strong></span> <span class='ocrx_word' id='word_1_115' title='bbox 1119 1658 1554 1714; x_wconf 75' lang='lat' dir='ltr'><strong>universitatem</strong></span> <span class='ocrx_word' id='word_1_116' title='bbox 1577 1655 1882 1710; x_wconf 84' lang='lat' dir='ltr'><strong>hominum</strong></span> <span class='ocrx_word' id='word_1_117' title='bbox 1906 1654 2089 1710; x_wconf 83' lang='lat' dir='ltr'><strong>voluit</strong></span> 
     </span>
    </p>
   </div>
   <div class='ocr_carea' id='block_1_18' title="bbox 443 1744 2082 1819">
    <p class='ocr_par' dir='ltr' id='par_1_18' title="bbox 443 1744 2082 1819">
     <span class='ocr_line' id='line_1_18' title="bbox 443 1744 2082 1819; baseline -0.008 -8"><span class='ocrx_word' id='word_1_118' title='bbox 443 1753 763 1819; x_wconf 84' lang='lat' dir='ltr'><strong>declarare,</strong></span> <span class='ocrx_word' id='word_1_119' title='bbox 818 1756 877 1805; x_wconf 87' lang='lat' dir='ltr'><strong>et</strong></span> <span class='ocrx_word' id='word_1_120' title='bbox 922 1755 1116 1804; x_wconf 89' lang='lat' dir='ltr'><strong>tamen</strong></span> <span class='ocrx_word' id='word_1_121' title='bbox 1162 1747 1535 1803; x_wconf 65' lang='lat' dir='ltr'><strong>securitatem</strong></span> <span class='ocrx_word' id='word_1_122' title='bbox 1586 1750 1641 1799; x_wconf 91' lang='lat' dir='ltr'><strong>et</strong></span> <span class='ocrx_word' id='word_1_123' title='bbox 1672 1744 2082 1815; x_wconf 73' lang='lat' dir='ltr'><strong>negligentiam</strong></span> 
     </span>
    </p>
   </div>
   <div class='ocr_carea' id='block_1_19' title="bbox 443 1831 2082 1915">
    <p class='ocr_par' dir='ltr' id='par_1_19' title="bbox 443 1831 2082 1915">
     <span class='ocr_line' id='line_1_19' title="bbox 443 1831 2082 1915; baseline -0.007 -17"><span class='ocrx_word' id='word_1_124' title='bbox 443 1841 763 1915; x_wconf 83' lang='lat' dir='ltr'><strong>quamdam</strong></span> <span class='ocrx_word' id='word_1_125' title='bbox 799 1838 1092 1893; x_wconf 85' lang='lat' dir='ltr'><strong>mentibus</strong></span> <span class='ocrx_word' id='word_1_126' title='bbox 1114 1836 1391 1891; x_wconf 83' lang='lat' dir='ltr'><strong>humanis</strong></span> <span class='ocrx_word' id='word_1_127' title='bbox 1413 1835 1617 1889; x_wconf 80' lang='lat' dir='ltr'><strong>all&#39;erre</strong></span> <span class='ocrx_word' id='word_1_128' title='bbox 1639 1851 1752 1887; x_wconf 73' lang='lat' dir='ltr'><strong>nun</strong></span> <span class='ocrx_word' id='word_1_129' title='bbox 1778 1833 2001 1897; x_wconf 77' lang='lat' dir='ltr'><strong>debuit,</strong></span> <span class='ocrx_word' id='word_1_130' title='bbox 2022 1831 2082 1886; x_wconf 91' lang='lat' dir='ltr'><strong>in</strong></span> 
     </span>
    </p>
   </div>
   <div class='ocr_carea' id='block_1_20' title="bbox 445 1920 2081 2003">
    <p class='ocr_par' dir='ltr' id='par_1_20' title="bbox 445 1920 2081 2003">
     <span class='ocr_line' id='line_1_20' title="bbox 445 1920 2081 2003; baseline -0.006 -16"><span class='ocrx_word' id='word_1_131' title='bbox 445 1946 662 2003; x_wconf 86' lang='lat' dir='ltr'><strong>paucos</strong></span> <span class='ocrx_word' id='word_1_132' title='bbox 691 1926 968 1990; x_wconf 89' lang='lat' dir='ltr'><strong>vindicat,</strong></span> <span class='ocrx_word' id='word_1_133' title='bbox 986 1924 1183 1997; x_wconf 90' lang='lat' dir='ltr'><strong>plures</strong></span> <span class='ocrx_word' id='word_1_134' title='bbox 1202 1928 1475 1979; x_wconf 81' lang='lat' dir='ltr'><strong>reservat.</strong></span> <span class='ocrx_word' id='word_1_135' title='bbox 1501 1922 1719 1977; x_wconf 89' lang='lat' dir='ltr'><strong>Deinde</strong></span> <span class='ocrx_word' id='word_1_136' title='bbox 1740 1938 1875 1977; x_wconf 92' lang='lat' dir='ltr'><strong>cum</strong></span> <span class='ocrx_word' id='word_1_137' title='bbox 1901 1920 2043 1976; x_wconf 88' lang='lat' dir='ltr'><strong>dicit</strong></span> <span class='ocrx_word' id='word_1_138' title='bbox 2066 1939 2081 1977; x_wconf 89' lang='lat'><strong>:</strong></span> 
     </span>
    </p>
   </div>
   <div class='ocr_carea' id='block_1_21' title="bbox 441 2010 2085 2085">
    <p class='ocr_par' dir='ltr' id='par_1_21' title="bbox 441 2010 2085 2085">
     <span class='ocr_line' id='line_1_21' title="bbox 441 2010 2085 2085; baseline -0.007 -8"><span class='ocrx_word' id='word_1_139' title='bbox 441 2025 563 2077; x_wconf 84' lang='lat' dir='ltr'><strong>Non</strong></span> <span class='ocrx_word' id='word_1_140' title='bbox 625 2018 887 2085; x_wconf 79' lang='lat' dir='ltr'><strong>adiiciam</strong></span> <span class='ocrx_word' id='word_1_141' title='bbox 952 2016 1086 2085; x_wconf 78' lang='lat'>(63),</span> <span class='ocrx_word' id='word_1_142' title='bbox 1154 2013 1410 2068; x_wconf 82' lang='lat' dir='ltr'><strong>ostendit</strong></span> <span class='ocrx_word' id='word_1_143' title='bbox 1457 2012 1612 2083; x_wconf 93' lang='lat' dir='ltr'><strong>quod</strong></span> <span class='ocrx_word' id='word_1_144' title='bbox 1661 2010 1864 2066; x_wconf 81' lang='lat' dir='ltr'><strong>allevet</strong></span> <span class='ocrx_word' id='word_1_145' title='bbox 1896 2010 2085 2081; x_wconf 86' lang='lat' dir='ltr'><strong>magis</strong></span> 
     </span>
    </p>
   </div>
   <div class='ocr_carea' id='block_1_22' title="bbox 442 2099 2080 2174">
    <p class='ocr_par' dir='ltr' id='par_1_22' title="bbox 442 2099 2080 2174">
     <span class='ocr_line' id='line_1_22' title="bbox 442 2099 2080 2174; baseline -0.007 -9"><span class='ocrx_word' id='word_1_146' title='bbox 442 2123 733 2165; x_wconf 67' lang='lat' dir='ltr'><strong>erumnas</strong></span> <span class='ocrx_word' id='word_1_147' title='bbox 782 2103 1088 2160; x_wconf 88' lang='lat' dir='ltr'><strong>hominum</strong></span> <span class='ocrx_word' id='word_1_148' title='bbox 1141 2118 1318 2174; x_wconf 89' lang='lat' dir='ltr'><strong>quam</strong></span> <span class='ocrx_word' id='word_1_149' title='bbox 1368 2101 1650 2171; x_wconf 87' lang='lat' dir='ltr'><strong>ingravet,</strong></span> <span class='ocrx_word' id='word_1_150' title='bbox 1707 2099 1897 2154; x_wconf 88' lang='lat' dir='ltr'><strong>sciens</strong></span> <span class='ocrx_word' id='word_1_151' title='bbox 1927 2099 2080 2170; x_wconf 90' lang='lat' dir='ltr'><strong>quod</strong></span> 
     </span>
    </p>
   </div>
   <div class='ocr_carea' id='block_1_23' title="bbox 443 2187 2084 2272">
    <p class='ocr_par' dir='ltr' id='par_1_23' title="bbox 443 2187 2084 2272">
     <span class='ocr_line' id='line_1_23' title="bbox 443 2187 2084 2272; baseline -0.007 -19"><span class='ocrx_word' id='word_1_152' title='bbox 443 2198 677 2272; x_wconf 88' lang='lat' dir='ltr'><strong>penitus</strong></span> <span class='ocrx_word' id='word_1_153' title='bbox 708 2198 946 2266; x_wconf 86' lang='lat' dir='ltr'><strong>peccata</strong></span> <span class='ocrx_word' id='word_1_154' title='bbox 967 2191 1276 2247; x_wconf 86' lang='lat' dir='ltr'><strong>hominum</strong></span> <span class='ocrx_word' id='word_1_155' title='bbox 1299 2187 1511 2244; x_wconf 89' lang='lat' dir='ltr'><strong>auferri</strong></span> <span class='ocrx_word' id='word_1_156' title='bbox 1536 2204 1650 2242; x_wconf 93' lang='lat' dir='ltr'><strong>non</strong></span> <span class='ocrx_word' id='word_1_157' title='bbox 1669 2192 1906 2258; x_wconf 87' lang='lat' dir='ltr'><strong>queant.</strong></span> <span class='ocrx_word' id='word_1_158' title='bbox 1930 2188 2084 2242; x_wconf 84' lang='lat' dir='ltr'><strong>Tan-</strong></span> 
     </span>
    </p>
   </div>
   <div class='ocr_carea' id='block_1_24' title="bbox 444 2276 2086 2359">
    <p class='ocr_par' dir='ltr' id='par_1_24' title="bbox 444 2276 2086 2359">
     <span class='ocr_line' id='line_1_24' title="bbox 444 2276 2086 2359; baseline -0.006 -17"><span class='ocrx_word' id='word_1_159' title='bbox 444 2303 621 2359; x_wconf 89' lang='lat' dir='ltr'><strong>quam</strong></span> <span class='ocrx_word' id='word_1_160' title='bbox 672 2286 730 2340; x_wconf 90' lang='lat' dir='ltr'><strong>in</strong></span> <span class='ocrx_word' id='word_1_161' title='bbox 780 2281 1117 2355; x_wconf 79' lang='lat' dir='ltr'><strong>proverbio:</strong></span> <span class='ocrx_word' id='word_1_162' title='bbox 1171 2280 1227 2333; x_wconf 91' lang='lat' dir='ltr'><strong>Si</strong></span> <span class='ocrx_word' id='word_1_163' title='bbox 1287 2278 1421 2349; x_wconf 89' lang='lat' dir='ltr'><strong>quis</strong></span> <span class='ocrx_word' id='word_1_164' title='bbox 1473 2276 1579 2333; x_wconf 89' lang='lat' dir='ltr'><strong>reti</strong></span> <span class='ocrx_word' id='word_1_165' title='bbox 1611 2276 1815 2333; x_wconf 89' lang='lat' dir='ltr'><strong>subtili</strong></span> <span class='ocrx_word' id='word_1_166' title='bbox 1850 2276 2086 2333; x_wconf 89' lang='lat' dir='ltr'><strong>haurire</strong></span> 
     </span>
    </p>
   </div>
   <div class='ocr_carea' id='block_1_25' title="bbox 446 2364 2085 2446">
    <p class='ocr_par' dir='ltr' id='par_1_25' title="bbox 446 2364 2085 2446">
     <span class='ocr_line' id='line_1_25' title="bbox 446 2364 2085 2446; baseline -0.007 -16"><span class='ocrx_word' id='word_1_167' title='bbox 446 2374 644 2446; x_wconf 91' lang='lat' dir='ltr'><strong>cupiat</strong></span> <span class='ocrx_word' id='word_1_168' title='bbox 672 2388 909 2445; x_wconf 88' lang='lat' dir='ltr'><strong>aquam,</strong></span> <span class='ocrx_word' id='word_1_169' title='bbox 942 2370 1026 2425; x_wconf 89' lang='lat' dir='ltr'><strong>sic</strong></span> <span class='ocrx_word' id='word_1_170' title='bbox 1052 2368 1151 2440; x_wconf 91' lang='lat' dir='ltr'><strong>qui</strong></span> <span class='ocrx_word' id='word_1_171' title='bbox 1187 2367 1468 2423; x_wconf 85' lang='lat' dir='ltr'><strong>malitiam</strong></span> <span class='ocrx_word' id='word_1_172' title='bbox 1501 2382 1571 2421; x_wconf 80' lang='lat' dir='ltr'><strong>ex</strong></span> <span class='ocrx_word' id='word_1_173' title='bbox 1600 2366 1932 2439; x_wconf 86' lang='lat' dir='ltr'><strong>pectoribus</strong></span> <span class='ocrx_word' id='word_1_174' title='bbox 1977 2364 2085 2419; x_wconf 83' lang='lat' dir='ltr'><strong>bo-</strong></span> 
     </span>
    </p>
   </div>
   <div class='ocr_carea' id='block_1_26' title="bbox 448 2457 1229 2518">
    <p class='ocr_par' dir='ltr' id='par_1_26' title="bbox 448 2457 1229 2518">
     <span class='ocr_line' id='line_1_26' title="bbox 448 2457 1229 2518; baseline -0.01 -1"><span class='ocrx_word' id='word_1_175' title='bbox 448 2463 674 2518; x_wconf 91' lang='lat' dir='ltr'><strong>minum</strong></span> <span class='ocrx_word' id='word_1_176' title='bbox 707 2464 954 2515; x_wconf 72' lang='lat' dir='ltr'><strong>conatur</strong></span> <span class='ocrx_word' id='word_1_177' title='bbox 984 2457 1229 2513; x_wconf 82' lang='lat' dir='ltr'><strong>auferre.</strong></span> 
     </span>
    </p>
   </div>
   <div class='ocr_carea' id='block_1_27' title="bbox 516 2542 2083 2619">
    <p class='ocr_par' dir='ltr' id='par_1_27' title="bbox 516 2542 2083 2619">
     <span class='ocr_line' id='line_1_27' title="bbox 516 2542 2083 2619; baseline -0.004 -16"><span class='ocrx_word' id='word_1_178' title='bbox 516 2551 605 2604; x_wconf 87' lang='lat' dir='ltr'><strong>8t.</strong></span> <span class='ocrx_word' id='word_1_179' title='bbox 644 2550 759 2605; x_wconf 78' lang='lat' dir='ltr'><strong>Non</strong></span> <span class='ocrx_word' id='word_1_180' title='bbox 806 2547 1087 2619; x_wconf 77' lang='lat' dir='ltr'><strong>adjiciam,</strong></span> <span class='ocrx_word' id='word_1_181' title='bbox 1140 2544 1350 2616; x_wconf 90' lang='lat' dir='ltr'><strong>inquit,</strong></span> <span class='ocrx_word' id='word_1_182' title='bbox 1395 2542 1715 2597; x_wconf 71' lang='lat' dir='ltr'><strong>maledicere</strong></span> <span class='ocrx_word' id='word_1_183' title='bbox 1761 2545 1932 2598; x_wconf 70' lang='lat' dir='ltr'><strong>terra:</strong></span> <span class='ocrx_word' id='word_1_184' title='bbox 1958 2558 2083 2612; x_wconf 85' lang='lat' dir='ltr'><strong>pro-</strong></span> 
     </span>
    </p>
   </div>
   <div class='ocr_carea' id='block_1_28' title="bbox 440 2631 2088 2715">
    <p class='ocr_par' dir='ltr' id='par_1_28' title="bbox 440 2631 2088 2715">
     <span class='ocr_line' id='line_1_28' title="bbox 440 2631 2088 2715; baseline -0.007 -19"><span class='ocrx_word' id='word_1_185' title='bbox 440 2650 568 2715; x_wconf 85' lang='lat' dir='ltr'><strong>pter</strong></span> <span class='ocrx_word' id='word_1_186' title='bbox 592 2645 807 2713; x_wconf 88' lang='lat' dir='ltr'><strong>peccata</strong></span> <span class='ocrx_word' id='word_1_187' title='bbox 836 2638 1122 2691; x_wconf 82' lang='lat' dir='ltr'><strong>hominum</strong></span> <span class='ocrx_word' id='word_1_188' title='bbox 1146 2651 1158 2689; x_wconf 89' lang='lat'><strong>:</strong></span> <span class='ocrx_word' id='word_1_189' title='bbox 1183 2636 1313 2705; x_wconf 86' lang='lat' dir='ltr'><strong>quia</strong></span> <span class='ocrx_word' id='word_1_190' title='bbox 1334 2638 1617 2703; x_wconf 81' lang='lat' dir='ltr'><strong>permanet</strong></span> <span class='ocrx_word' id='word_1_191' title='bbox 1632 2646 1821 2684; x_wconf 77' lang='lat' dir='ltr'><strong>sensus</strong></span> <span class='ocrx_word' id='word_1_192' title='bbox 1849 2631 2088 2685; x_wconf 74' lang='lat' dir='ltr'><strong>hominis</strong></span> 
     </span>
    </p>
   </div>
   <div class='ocr_carea' id='block_1_29' title="bbox 443 2724 2089 2804">
    <p class='ocr_par' dir='ltr' id='par_1_29' title="bbox 443 2724 2089 2804">
     <span class='ocr_line' id='line_1_29' title="bbox 443 2724 2089 2804; baseline -0.008 -18"><span class='ocrx_word' id='word_1_193' title='bbox 443 2731 748 2804; x_wconf 76' lang='lat' dir='ltr'><strong>diligenter</strong></span> <span class='ocrx_word' id='word_1_194' title='bbox 774 2742 938 2798; x_wconf 77' lang='lat' dir='ltr'><strong>super</strong></span> <span class='ocrx_word' id='word_1_195' title='bbox 964 2725 1117 2780; x_wconf 87' lang='lat' dir='ltr'><strong>mala</strong></span> <span class='ocrx_word' id='word_1_196' title='bbox 1148 2741 1181 2778; x_wconf 92' lang='lat' dir='ltr'><strong>a</strong></span> <span class='ocrx_word' id='word_1_197' title='bbox 1200 2725 1487 2793; x_wconf 83' lang='lat' dir='ltr'><strong>juventutc</strong></span> <span class='ocrx_word' id='word_1_198' title='bbox 1510 2724 1641 2795; x_wconf 71' lang='lat' dir='ltr'><strong>(Gl).</strong></span> <span class='ocrx_word' id='word_1_199' title='bbox 1674 2725 1818 2779; x_wconf 73' lang='lat' dir='ltr'><strong>Vide</strong></span> <span class='ocrx_word' id='word_1_200' title='bbox 1849 2737 2089 2793; x_wconf 78' lang='lat' dir='ltr'><strong>quomo-</strong></span> 
     </span>
    </p>
   </div>
   <div class='ocr_carea' id='block_1_30' title="bbox 445 2810 2087 2886">
    <p class='ocr_par' dir='ltr' id='par_1_30' title="bbox 445 2810 2087 2886">
     <span class='ocr_line' id='line_1_30' title="bbox 445 2810 2087 2886; baseline -0.006 -12"><span class='ocrx_word' id='word_1_201' title='bbox 445 2821 519 2874; x_wconf 90' lang='lat' dir='ltr'><strong>do</strong></span> <span class='ocrx_word' id='word_1_202' title='bbox 551 2816 816 2873; x_wconf 86' lang='lat' dir='ltr'><strong>studiose</strong></span> <span class='ocrx_word' id='word_1_203' title='bbox 846 2832 951 2869; x_wconf 91' lang='lat' dir='ltr'><strong>nos</strong></span> <span class='ocrx_word' id='word_1_204' title='bbox 972 2812 1311 2883; x_wconf 88' lang='lat' dir='ltr'><strong>delinquere</strong></span> <span class='ocrx_word' id='word_1_205' title='bbox 1337 2815 1483 2868; x_wconf 80' lang='lat' dir='ltr'><strong>Deus</strong></span> <span class='ocrx_word' id='word_1_206' title='bbox 1507 2814 1817 2886; x_wconf 81' lang='lat' dir='ltr'><strong>signiﬁcet,</strong></span> <span class='ocrx_word' id='word_1_207' title='bbox 1842 2810 2087 2866; x_wconf 88' lang='lat' dir='ltr'><strong>dicendo</strong></span> 
     </span>
    </p>
   </div>
   <div class='ocr_carea' id='block_1_31' title="bbox 449 2900 2083 2979">
    <p class='ocr_par' dir='ltr' id='par_1_31' title="bbox 449 2900 2083 2979">
     <span class='ocr_line' id='line_1_31' title="bbox 449 2900 2083 2979; baseline -0.006 -17"><span class='ocrx_word' id='word_1_208' title='bbox 449 2921 788 2979; x_wconf 89' lang='lat' dir='ltr'><strong>permanere</strong></span> <span class='ocrx_word' id='word_1_209' title='bbox 821 2919 996 2974; x_wconf 86' lang='lat' dir='ltr'><strong>super</strong></span> <span class='ocrx_word' id='word_1_210' title='bbox 1028 2900 1180 2956; x_wconf 88' lang='lat' dir='ltr'><strong>mala</strong></span> <span class='ocrx_word' id='word_1_211' title='bbox 1201 2917 1439 2957; x_wconf 87' lang='lat' dir='ltr'><strong>sensum</strong></span> <span class='ocrx_word' id='word_1_212' title='bbox 1465 2902 1717 2958; x_wconf 88' lang='lat' dir='ltr'><strong>hominis</strong></span> <span class='ocrx_word' id='word_1_213' title='bbox 1745 2902 2083 2973; x_wconf 82' lang='lat' dir='ltr'><strong>diligenter:</strong></span> 
     </span>
    </p>
   </div>
   <div class='ocr_carea' id='block_1_32' title="bbox 448 2988 2089 3066">
    <p class='ocr_par' dir='ltr' id='par_1_32' title="bbox 448 2988 2089 3066">
     <span class='ocr_line' id='line_1_32' title="bbox 448 2988 2089 3066; baseline -0.005 -17"><span class='ocrx_word' id='word_1_214' title='bbox 448 3011 567 3066; x_wconf 90' lang='lat' dir='ltr'><strong>quo</strong></span> <span class='ocrx_word' id='word_1_215' title='bbox 597 2994 753 3049; x_wconf 90' lang='lat' dir='ltr'><strong>dicto</strong></span> <span class='ocrx_word' id='word_1_216' title='bbox 785 2991 1114 3061; x_wconf 76' lang='lat' dir='ltr'><strong>significare</strong></span> <span class='ocrx_word' id='word_1_217' title='bbox 1144 2990 1373 3045; x_wconf 91' lang='lat' dir='ltr'><strong>videtur</strong></span> <span class='ocrx_word' id='word_1_218' title='bbox 1390 2990 1700 3065; x_wconf 84' lang='lat' dir='ltr'><strong>diligenter</strong></span> <span class='ocrx_word' id='word_1_219' title='bbox 1719 3008 1817 3046; x_wconf 91' lang='lat' dir='ltr'><strong>cor</strong></span> <span class='ocrx_word' id='word_1_220' title='bbox 1833 2988 2089 3045; x_wconf 86' lang='lat' dir='ltr'><strong>hominis</strong></span> 
     </span>
    </p>
   </div>
   <div class='ocr_carea' id='block_1_33' title="bbox 2192 510 2476 561">
    <p class='ocr_par' dir='ltr' id='par_1_33' title="bbox 2192 510 2476 561">
     <span class='ocr_line' id='line_1_33' title="bbox 2192 510 2476 561; baseline 0 -1"><span class='ocrx_word' id='word_1_221' title='bbox 2192 510 2476 561; x_wconf 83' lang='lat' dir='ltr'><strong>servatur.</strong></span> 
     </span>
    </p>
   </div>
   <div class='ocr_carea' id='block_1_34' title="bbox 2777 615 3245 672">
    <p class='ocr_par' dir='ltr' id='par_1_34' title="bbox 2777 615 3245 672">
     <span class='ocr_line' id='line_1_34' title="bbox 2777 615 3245 672; baseline 0 -2"><span class='ocrx_word' id='word_1_222' title='bbox 2777 615 3010 670; x_wconf 70' lang='lat' dir='ltr'><strong>CAPUT</strong></span> <span class='ocrx_word' id='word_1_223' title='bbox 3050 615 3245 672; x_wconf 76' lang='grc' dir='ltr'><strong>ΧΧΙΙΙ.</strong></span> 
     </span>
    </p>
   </div>
   <div class='ocr_carea' id='block_1_35' title="bbox 2196 701 3774 778">
    <p class='ocr_par' dir='ltr' id='par_1_35' title="bbox 2196 701 3774 778">
     <span class='ocr_line' id='line_1_35' title="bbox 2196 701 3774 778; baseline 0.006 -24"><span class='ocrx_word' id='word_1_224' title='bbox 2196 701 2347 769; x_wconf 76' lang='lat' dir='ltr'><strong>Quod</strong></span> <span class='ocrx_word' id='word_1_225' title='bbox 2389 704 2467 755; x_wconf 82' lang='lat' dir='ltr'><strong>ait</strong></span> <span class='ocrx_word' id='word_1_226' title='bbox 2516 703 2846 778; x_wconf 57' lang='lat' dir='ltr'><strong>Dammae:</strong></span> <span class='ocrx_word' id='word_1_227' title='bbox 2894 705 3103 759; x_wconf 88' lang='lat' dir='ltr'><strong>Semen</strong></span> <span class='ocrx_word' id='word_1_228' title='bbox 3142 709 3211 778; x_wconf 79' lang='lat' dir='ltr'><strong>et</strong></span> <span class='ocrx_word' id='word_1_229' title='bbox 3253 708 3474 774; x_wconf 86' lang='lat' dir='ltr'><strong>messis,</strong></span> <span class='ocrx_word' id='word_1_230' title='bbox 3523 707 3686 778; x_wconf 77' lang='lat' dir='ltr'><strong>frigus</strong></span> <span class='ocrx_word' id='word_1_231' title='bbox 3730 714 3774 765; x_wconf 87' lang='lat' dir='ltr'><strong>et</strong></span> 
     </span>
    </p>
   </div>
   <div class='ocr_carea' id='block_1_36' title="bbox 2265 775 3776 846">
    <p class='ocr_par' dir='ltr' id='par_1_36' title="bbox 2265 775 3776 846">
     <span class='ocr_line' id='line_1_36' title="bbox 2265 775 3776 846; baseline 0.007 -21"><span class='ocrx_word' id='word_1_232' title='bbox 2265 779 2443 826; x_wconf 67' lang='lat' dir='ltr'><strong>aestus</strong></span> <span class='ocrx_word' id='word_1_233' title='bbox 2486 791 2602 829; x_wconf 90' lang='lat' dir='ltr'><strong>non</strong></span> <span class='ocrx_word' id='word_1_234' title='bbox 2650 775 3037 846; x_wconf 89' lang='lat' dir='ltr'><strong>requiescent,</strong></span> <span class='ocrx_word' id='word_1_235' title='bbox 3084 776 3154 831; x_wconf 86' lang='lat' dir='ltr'><strong>ad</strong></span> <span class='ocrx_word' id='word_1_236' title='bbox 3196 777 3432 832; x_wconf 78' lang='lat' dir='ltr'><strong>litteram</strong></span> <span class='ocrx_word' id='word_1_237' title='bbox 3467 785 3515 834; x_wconf 89' lang='lat' dir='ltr'><strong>et</strong></span> <span class='ocrx_word' id='word_1_238' title='bbox 3537 775 3776 836; x_wconf 67' lang='lat' dir='ltr'><strong>meruliter</strong></span> 
     </span>
    </p>
   </div>
   <div class='ocr_carea' id='block_1_37' title="bbox 2266 846 2594 915">
    <p class='ocr_par' dir='ltr' id='par_1_37' title="bbox 2266 846 2594 915">
     <span class='ocr_line' id='line_1_37' title="bbox 2266 846 2594 915; baseline 0 -16"><span class='ocrx_word' id='word_1_239' title='bbox 2266 846 2594 915; x_wconf 72' lang='lat' dir='ltr'><strong>explicatur.</strong></span> 
     </span>
    </p>
   </div>
   <div class='ocr_carea' id='block_1_38' title="bbox 2264 952 3776 1024">
    <p class='ocr_par' dir='ltr' id='par_1_38' title="bbox 2264 952 3776 1024">
     <span class='ocr_line' id='line_1_38' title="bbox 2264 952 3776 1024; baseline 0.004 -20"><span class='ocrx_word' id='word_1_240' title='bbox 2264 952 2355 1005; x_wconf 86' lang='lat'><strong>82.</strong></span> <span class='ocrx_word' id='word_1_241' title='bbox 2387 952 2536 1017; x_wconf 84' lang='lat' dir='ltr'><strong>Quid</strong></span> <span class='ocrx_word' id='word_1_242' title='bbox 2591 952 2667 1006; x_wconf 90' lang='lat' dir='ltr'><strong>sit</strong></span> <span class='ocrx_word' id='word_1_243' title='bbox 2704 952 2881 1007; x_wconf 90' lang='lat' dir='ltr'><strong>etiam</strong></span> <span class='ocrx_word' id='word_1_244' title='bbox 2931 954 3084 1024; x_wconf 90' lang='lat' dir='ltr'><strong>quod</strong></span> <span class='ocrx_word' id='word_1_245' title='bbox 3138 955 3255 1009; x_wconf 86' lang='lat' dir='ltr'><strong>ait:</strong></span> <span class='ocrx_word' id='word_1_246' title='bbox 3302 957 3562 1009; x_wconf 67' lang='grc' dir='ltr'><strong>διιπεηεί</strong></span> <span class='ocrx_word' id='word_1_247' title='bbox 3602 956 3776 1020; x_wconf 74' lang='lat' dir='ltr'><strong>messis,</strong></span> 
     </span>
    </p>
   </div>
   <div class='ocr_carea' id='block_1_39' title="bbox 2193 1040 3777 1112">
    <p class='ocr_par' dir='ltr' id='par_1_39' title="bbox 2193 1040 3777 1112">
     <span class='ocr_line' id='line_1_39' title="bbox 2193 1040 3777 1112; baseline 0.003 -20"><span class='ocrx_word' id='word_1_248' title='bbox 2193 1042 2371 1109; x_wconf 69' lang='lat' dir='ltr'><strong>frigus</strong></span> <span class='ocrx_word' id='word_1_249' title='bbox 2401 1049 2449 1093; x_wconf 83' lang='lat' dir='ltr'><strong>e1</strong></span> <span class='ocrx_word' id='word_1_250' title='bbox 2481 1040 2840 1107; x_wconf 62' lang='lat' dir='ltr'><strong>:rstus,hiems</strong></span> <span class='ocrx_word' id='word_1_251' title='bbox 2867 1041 3206 1106; x_wconf 51' lang='lat' dir='ltr'><strong>dmstagdie</strong></span> <span class='ocrx_word' id='word_1_252' title='bbox 3229 1051 3282 1097; x_wconf 87' lang='lat' dir='ltr'><strong>et</strong></span> <span class='ocrx_word' id='word_1_253' title='bbox 3307 1044 3454 1097; x_wconf 82' lang='lat' dir='ltr'><strong>nocte</strong></span> <span class='ocrx_word' id='word_1_254' title='bbox 3472 1042 3687 1112; x_wconf 70' lang='lat' dir='ltr'><strong>(65lnon</strong></span> <span class='ocrx_word' id='word_1_255' title='bbox 3709 1058 3777 1097; x_wconf 87' lang='lat' dir='ltr'><strong>re-</strong></span> 
     </span>
    </p>
   </div>
   <div class='ocr_carea' id='block_1_40' title="bbox 2196 1128 3775 1201">
    <p class='ocr_par' dir='ltr' id='par_1_40' title="bbox 2196 1128 3775 1201">
     <span class='ocr_line' id='line_1_40' title="bbox 2196 1128 3775 1201; baseline 0.001 -19"><span class='ocrx_word' id='word_1_256' title='bbox 2196 1131 2468 1199; x_wconf 63' lang='lat' dir='ltr'><strong>quiescam:</strong></span> <span class='ocrx_word' id='word_1_257' title='bbox 2498 1130 2626 1183; x_wconf 84' lang='lat' dir='ltr'><strong>Gen.</strong></span> <span class='ocrx_word' id='word_1_258' title='bbox 2651 1130 3233 1200; x_wconf 84' lang='lat' dir='ltr'><strong>vm,22).Secundum</strong></span> <span class='ocrx_word' id='word_1_259' title='bbox 3256 1130 3502 1185; x_wconf 89' lang='lat' dir='ltr'><strong>litteram</strong></span> <span class='ocrx_word' id='word_1_260' title='bbox 3527 1128 3775 1201; x_wconf 83' lang='lat' dir='ltr'><strong>signiﬁcat</strong></span> 
     </span>
    </p>
   </div>
   <div class='ocr_carea' id='block_1_41' title="bbox 2196 1217 3777 1287">
    <p class='ocr_par' dir='ltr' id='par_1_41' title="bbox 2196 1217 3777 1287">
     <span class='ocr_line' id='line_1_41' title="bbox 2196 1217 3777 1287; baseline 0 -16"><span class='ocrx_word' id='word_1_261' title='bbox 2196 1234 2581 1287; x_wconf 83' lang='lat' dir='ltr'><strong>permansura</strong></span> <span class='ocrx_word' id='word_1_262' title='bbox 2608 1219 2984 1273; x_wconf 88' lang='lat' dir='ltr'><strong>manentibus</strong></span> <span class='ocrx_word' id='word_1_263' title='bbox 3030 1219 3353 1275; x_wconf 90' lang='lat' dir='ltr'><strong>secundum</strong></span> <span class='ocrx_word' id='word_1_264' title='bbox 3400 1217 3777 1273; x_wconf 85' lang='lat' dir='ltr'><strong>institutionem</strong></span> 
     </span>
    </p>
   </div>
   <div class='ocr_carea' id='block_1_42' title="bbox 2199 1306 3780 1379">
    <p class='ocr_par' dir='ltr' id='par_1_42' title="bbox 2199 1306 3780 1379">
     <span class='ocr_line' id='line_1_42' title="bbox 2199 1306 3780 1379; baseline -0.001 -18"><span class='ocrx_word' id='word_1_265' title='bbox 2199 1306 2449 1370; x_wconf 89' lang='lat' dir='ltr'><strong>Domini,</strong></span> <span class='ocrx_word' id='word_1_266' title='bbox 2497 1311 2554 1361; x_wconf 89' lang='lat' dir='ltr'><strong>et</strong></span> <span class='ocrx_word' id='word_1_267' title='bbox 2600 1311 2818 1362; x_wconf 90' lang='lat' dir='ltr'><strong>statum</strong></span> <span class='ocrx_word' id='word_1_268' title='bbox 2866 1324 3041 1362; x_wconf 89' lang='lat' dir='ltr'><strong>suum</strong></span> <span class='ocrx_word' id='word_1_269' title='bbox 3086 1306 3445 1379; x_wconf 84' lang='lat' dir='ltr'><strong>temporibus</strong></span> <span class='ocrx_word' id='word_1_270' title='bbox 3493 1306 3780 1376; x_wconf 77' lang='lat' dir='ltr'><strong>incompta</strong></span> 
     </span>
    </p>
   </div>
   <div class='ocr_carea' id='block_1_43' title="bbox 2196 1393 3778 1461">
    <p class='ocr_par' dir='ltr' id='par_1_43' title="bbox 2196 1393 3778 1461">
     <span class='ocr_line' id='line_1_43' title="bbox 2196 1393 3778 1461; baseline -0.001 -12"><span class='ocrx_word' id='word_1_271' title='bbox 2196 1394 2392 1451; x_wconf 88' lang='lat' dir='ltr'><strong>futura</strong></span> <span class='ocrx_word' id='word_1_272' title='bbox 2437 1395 2739 1461; x_wconf 90' lang='lat' dir='ltr'><strong>animalia,</strong></span> <span class='ocrx_word' id='word_1_273' title='bbox 2786 1396 2875 1451; x_wconf 88' lang='lat' dir='ltr'><strong>vel</strong></span> <span class='ocrx_word' id='word_1_274' title='bbox 2924 1412 3235 1451; x_wconf 85' lang='lat' dir='ltr'><strong>nemorosa</strong></span> <span class='ocrx_word' id='word_1_275' title='bbox 3273 1395 3484 1451; x_wconf 89' lang='lat' dir='ltr'><strong>omnia.</strong></span> <span class='ocrx_word' id='word_1_276' title='bbox 3512 1393 3643 1449; x_wconf 89' lang='lat' dir='ltr'><strong>Nam</strong></span> <span class='ocrx_word' id='word_1_277' title='bbox 3669 1407 3778 1448; x_wconf 90' lang='lat' dir='ltr'><strong>cum</strong></span> 
     </span>
    </p>
   </div>
   <div class='ocr_carea' id='block_1_44' title="bbox 2196 1479 3779 1557">
    <p class='ocr_par' dir='ltr' id='par_1_44' title="bbox 2196 1479 3779 1557">
     <span class='ocr_line' id='line_1_44' title="bbox 2196 1479 3779 1557; baseline -0.003 -18"><span class='ocrx_word' id='word_1_278' title='bbox 2196 1489 2652 1556; x_wconf 88' lang='lat' dir='ltr'><strong>corrumpuntur</strong></span> <span class='ocrx_word' id='word_1_279' title='bbox 2697 1490 2978 1556; x_wconf 88' lang='lat' dir='ltr'><strong>tempora,</strong></span> <span class='ocrx_word' id='word_1_280' title='bbox 3030 1486 3482 1557; x_wconf 86' lang='lat' dir='ltr'><strong>corrumpuntur</strong></span> <span class='ocrx_word' id='word_1_281' title='bbox 3502 1482 3659 1538; x_wconf 86' lang='lat' dir='ltr'><strong>etiam</strong></span> <span class='ocrx_word' id='word_1_282' title='bbox 3698 1479 3779 1535; x_wconf 85' lang='lat' dir='ltr'><strong>illa</strong></span> 
     </span>
    </p>
   </div>
   <div class='ocr_carea' id='block_1_45' title="bbox 2196 1569 3780 1646">
    <p class='ocr_par' dir='ltr' id='par_1_45' title="bbox 2196 1569 3780 1646">
     <span class='ocr_line' id='line_1_45' title="bbox 2196 1569 3780 1646; baseline -0.003 -19"><span class='ocrx_word' id='word_1_283' title='bbox 2196 1590 2325 1644; x_wconf 71' lang='lat' dir='ltr'><strong>quis</strong></span> <span class='ocrx_word' id='word_1_284' title='bbox 2356 1572 2717 1646; x_wconf 76' lang='lat' dir='ltr'><strong>temporibus</strong></span> <span class='ocrx_word' id='word_1_285' title='bbox 2743 1574 2868 1628; x_wconf 88' lang='lat' dir='ltr'><strong>suis</strong></span> <span class='ocrx_word' id='word_1_286' title='bbox 2898 1590 3144 1645; x_wconf 64' lang='lat' dir='ltr'><strong>quisque</strong></span> <span class='ocrx_word' id='word_1_287' title='bbox 3173 1574 3507 1645; x_wconf 88' lang='lat' dir='ltr'><strong>gignuntur.</strong></span> <span class='ocrx_word' id='word_1_288' title='bbox 3538 1569 3593 1625; x_wconf 88' lang='lat' dir='ltr'><strong>Si</strong></span> <span class='ocrx_word' id='word_1_289' title='bbox 3619 1572 3780 1625; x_wconf 89' lang='lat' dir='ltr'><strong>autem</strong></span> 
     </span>
    </p>
   </div>
   <div class='ocr_carea' id='block_1_46' title="bbox 2196 1655 3781 1734">
    <p class='ocr_par' dir='ltr' id='par_1_46' title="bbox 2196 1655 3781 1734">
     <span class='ocr_line' id='line_1_46' title="bbox 2196 1655 3781 1734; baseline -0.004 -18"><span class='ocrx_word' id='word_1_290' title='bbox 2196 1661 2461 1716; x_wconf 82' lang='lat' dir='ltr'><strong>confusio</strong></span> <span class='ocrx_word' id='word_1_291' title='bbox 2491 1662 2570 1715; x_wconf 89' lang='lat' dir='ltr'><strong>sit</strong></span> <span class='ocrx_word' id='word_1_292' title='bbox 2600 1663 3256 1734; x_wconf 90' lang='lat' dir='ltr'><strong>temporum,quomodo</strong></span> <span class='ocrx_word' id='word_1_293' title='bbox 3285 1663 3526 1732; x_wconf 89' lang='lat' dir='ltr'><strong>possunt</strong></span> <span class='ocrx_word' id='word_1_294' title='bbox 3542 1655 3781 1713; x_wconf 78' lang='lat' dir='ltr'><strong>confusio-</strong></span> 
     </span>
    </p>
   </div>
   <div class='ocr_carea' id='block_1_47' title="bbox 2196 1742 3778 1823">
    <p class='ocr_par' dir='ltr' id='par_1_47' title="bbox 2196 1742 3778 1823">
     <span class='ocr_line' id='line_1_47' title="bbox 2196 1742 3778 1823; baseline -0.004 -19"><span class='ocrx_word' id='word_1_295' title='bbox 2196 1767 2266 1805; x_wconf 91' lang='lat' dir='ltr'><strong>ne</strong></span> <span class='ocrx_word' id='word_1_296' title='bbox 2296 1751 2448 1805; x_wconf 81' lang='lat' dir='ltr'><strong>l‘acta</strong></span> <span class='ocrx_word' id='word_1_297' title='bbox 2473 1751 2645 1805; x_wconf 86' lang='lat' dir='ltr'><strong>etiam</strong></span> <span class='ocrx_word' id='word_1_298' title='bbox 2679 1769 2747 1806; x_wconf 88' lang='lat' dir='ltr'><strong>ea</strong></span> <span class='ocrx_word' id='word_1_299' title='bbox 2771 1768 2899 1823; x_wconf 69' lang='lat' dir='ltr'><strong>qua</strong></span> <span class='ocrx_word' id='word_1_300' title='bbox 2930 1754 3067 1807; x_wconf 88' lang='lat' dir='ltr'><strong>sunt</strong></span> <span class='ocrx_word' id='word_1_301' title='bbox 3098 1749 3399 1823; x_wconf 85' lang='lat' dir='ltr'><strong>gignentia</strong></span> <span class='ocrx_word' id='word_1_302' title='bbox 3443 1742 3778 1820; x_wconf 74' lang='lat' dir='ltr'><strong>permanere?</strong></span> 
     </span>
    </p>
   </div>
   <div class='ocr_carea' id='block_1_48' title="bbox 2194 1838 3780 1912">
    <p class='ocr_par' dir='ltr' id='par_1_48' title="bbox 2194 1838 3780 1912">
     <span class='ocr_line' id='line_1_48' title="bbox 2194 1838 3780 1912; baseline -0.006 -17"><span class='ocrx_word' id='word_1_303' title='bbox 2194 1840 2341 1911; x_wconf 84' lang='lat' dir='ltr'><strong>Ergo</strong></span> <span class='ocrx_word' id='word_1_304' title='bbox 2373 1844 2634 1911; x_wconf 88' lang='lat' dir='ltr'><strong>tempora</strong></span> <span class='ocrx_word' id='word_1_305' title='bbox 2665 1845 2803 1894; x_wconf 90' lang='lat' dir='ltr'><strong>sunt</strong></span> <span class='ocrx_word' id='word_1_306' title='bbox 2831 1857 2961 1912; x_wconf 65' lang='lat' dir='ltr'><strong>quis</strong></span> <span class='ocrx_word' id='word_1_307' title='bbox 2990 1845 3093 1897; x_wconf 81' lang='lat' dir='ltr'><strong>aut</strong></span> <span class='ocrx_word' id='word_1_308' title='bbox 3120 1842 3498 1909; x_wconf 89' lang='lat' dir='ltr'><strong>corrumpunt</strong></span> <span class='ocrx_word' id='word_1_309' title='bbox 3525 1838 3616 1891; x_wconf 87' lang='lat' dir='ltr'><strong>aut</strong></span> <span class='ocrx_word' id='word_1_310' title='bbox 3630 1847 3780 1889; x_wconf 81' lang='lat' dir='ltr'><strong>reser-</strong></span> 
     </span>
    </p>
   </div>
   <div class='ocr_carea' id='block_1_49' title="bbox 2191 1923 3779 2001">
    <p class='ocr_par' dir='ltr' id='par_1_49' title="bbox 2191 1923 3779 2001">
     <span class='ocr_line' id='line_1_49' title="bbox 2191 1923 3779 2001; baseline -0.004 -20"><span class='ocrx_word' id='word_1_311' title='bbox 2191 1933 2349 1995; x_wconf 84' lang='lat' dir='ltr'><strong>vant,</strong></span> <span class='ocrx_word' id='word_1_312' title='bbox 2378 1932 2551 2000; x_wconf 92' lang='lat' dir='ltr'><strong>prout</strong></span> <span class='ocrx_word' id='word_1_313' title='bbox 2576 1928 2703 2000; x_wconf 82' lang='lat' dir='ltr'><strong>ipsa</strong></span> <span class='ocrx_word' id='word_1_314' title='bbox 2734 1929 2822 1983; x_wconf 85' lang='lat' dir='ltr'><strong>sui</strong></span> <span class='ocrx_word' id='word_1_315' title='bbox 2859 1927 3179 1985; x_wconf 88' lang='lat' dir='ltr'><strong>habuerint</strong></span> <span class='ocrx_word' id='word_1_316' title='bbox 3208 1926 3556 2001; x_wconf 83' lang='lat' dir='ltr'><strong>qualitatem.</strong></span> <span class='ocrx_word' id='word_1_317' title='bbox 3578 1923 3779 1993; x_wconf 87' lang='lat' dir='ltr'><strong>Ideoque</strong></span> 
     </span>
    </p>
   </div>
   <div class='ocr_carea' id='block_1_50' title="bbox 2194 2012 3776 2082">
    <p class='ocr_par' dir='ltr' id='par_1_50' title="bbox 2194 2012 3776 2082">
     <span class='ocr_line' id='line_1_50' title="bbox 2194 2012 3776 2082; baseline -0.006 -9"><span class='ocrx_word' id='word_1_318' title='bbox 2194 2035 2383 2073; x_wconf 90' lang='lat' dir='ltr'><strong>annus</strong></span> <span class='ocrx_word' id='word_1_319' title='bbox 2415 2034 2482 2072; x_wconf 78' lang='lat' dir='ltr'><strong>ex</strong></span> <span class='ocrx_word' id='word_1_320' title='bbox 2511 2017 2819 2073; x_wconf 86' lang='lat' dir='ltr'><strong>contrariis</strong></span> <span class='ocrx_word' id='word_1_321' title='bbox 2840 2018 3260 2082; x_wconf 87' lang='lat' dir='ltr'><strong>ducitur,vere,</strong></span> <span class='ocrx_word' id='word_1_322' title='bbox 3285 2021 3577 2079; x_wconf 82' lang='lat' dir='ltr'><strong>autumno,</strong></span> <span class='ocrx_word' id='word_1_323' title='bbox 3596 2012 3776 2075; x_wconf 68' lang='lat' dir='ltr'><strong>astate,</strong></span> 
     </span>
    </p>
   </div>
   <div class='ocr_carea' id='block_1_51' title="bbox 2192 2095 3776 2177">
    <p class='ocr_par' dir='ltr' id='par_1_51' title="bbox 2192 2095 3776 2177">
     <span class='ocr_line' id='line_1_51' title="bbox 2192 2095 3776 2177; baseline -0.008 -16"><span class='ocrx_word' id='word_1_324' title='bbox 2192 2106 2403 2171; x_wconf 88' lang='lat' dir='ltr'><strong>hieme,</strong></span> <span class='ocrx_word' id='word_1_325' title='bbox 2436 2107 2591 2161; x_wconf 83' lang='lat' dir='ltr'><strong>sicut</strong></span> <span class='ocrx_word' id='word_1_326' title='bbox 2621 2106 2929 2161; x_wconf 87' lang='lat' dir='ltr'><strong>harmonia</strong></span> <span class='ocrx_word' id='word_1_327' title='bbox 2968 2105 3278 2161; x_wconf 62' lang='lat' dir='ltr'><strong>cantilenae</strong></span> <span class='ocrx_word' id='word_1_328' title='bbox 3324 2100 3605 2177; x_wconf 83' lang='lat' dir='ltr'><strong>permistis</strong></span> <span class='ocrx_word' id='word_1_329' title='bbox 3628 2095 3776 2172; x_wconf 85' lang='lat' dir='ltr'><strong>gravi-</strong></span> 
     </span>
    </p>
   </div>
   <div class='ocr_carea' id='block_1_52' title="bbox 2194 2191 3776 2263">
    <p class='ocr_par' dir='ltr' id='par_1_52' title="bbox 2194 2191 3776 2263">
     <span class='ocr_line' id='line_1_52' title="bbox 2194 2191 3776 2263; baseline -0.006 -13"><span class='ocrx_word' id='word_1_330' title='bbox 2194 2196 2306 2250; x_wconf 89' lang='lat' dir='ltr'><strong>bus</strong></span> <span class='ocrx_word' id='word_1_331' title='bbox 2337 2200 2391 2250; x_wconf 90' lang='lat' dir='ltr'><strong>et</strong></span> <span class='ocrx_word' id='word_1_332' title='bbox 2421 2197 2608 2249; x_wconf 79' lang='lat' dir='ltr'><strong>acutis</strong></span> <span class='ocrx_word' id='word_1_333' title='bbox 2639 2195 2868 2250; x_wconf 87' lang='lat' dir='ltr'><strong>videtur</strong></span> <span class='ocrx_word' id='word_1_334' title='bbox 2895 2195 3238 2250; x_wconf 86' lang='lat' dir='ltr'><strong>consistere.</strong></span> <span class='ocrx_word' id='word_1_335' title='bbox 3272 2194 3366 2249; x_wconf 91' lang='lat' dir='ltr'><strong>Sic</strong></span> <span class='ocrx_word' id='word_1_336' title='bbox 3395 2208 3528 2263; x_wconf 85' lang='lat' dir='ltr'><strong>ergo</strong></span> <span class='ocrx_word' id='word_1_337' title='bbox 3552 2191 3605 2246; x_wconf 74' lang='lat' dir='ltr'><strong>et</strong></span> <span class='ocrx_word' id='word_1_338' title='bbox 3643 2201 3776 2243; x_wconf 85' lang='lat' dir='ltr'><strong>mun-</strong></span> 
     </span>
    </p>
   </div>
   <div class='ocr_carea' id='block_1_53' title="bbox 2193 2270 3776 2353">
    <p class='ocr_par' dir='ltr' id='par_1_53' title="bbox 2193 2270 3776 2353">
     <span class='ocr_line' id='line_1_53' title="bbox 2193 2270 3776 2353; baseline -0.006 -14"><span class='ocrx_word' id='word_1_339' title='bbox 2193 2284 2305 2339; x_wconf 86' lang='lat' dir='ltr'><strong>dus</strong></span> <span class='ocrx_word' id='word_1_340' title='bbox 2334 2283 2443 2339; x_wconf 92' lang='lat' dir='ltr'><strong>iste</strong></span> <span class='ocrx_word' id='word_1_341' title='bbox 2473 2299 2543 2338; x_wconf 82' lang='lat' dir='ltr'><strong>ex</strong></span> <span class='ocrx_word' id='word_1_342' title='bbox 2570 2285 2877 2340; x_wconf 88' lang='lat' dir='ltr'><strong>contrariis</strong></span> <span class='ocrx_word' id='word_1_343' title='bbox 2907 2284 3257 2353; x_wconf 91' lang='lat' dir='ltr'><strong>continetur,</strong></span> <span class='ocrx_word' id='word_1_344' title='bbox 3281 2297 3409 2338; x_wconf 90' lang='lat' dir='ltr'><strong>aere</strong></span> <span class='ocrx_word' id='word_1_345' title='bbox 3437 2285 3492 2336; x_wconf 89' lang='lat' dir='ltr'><strong>et</strong></span> <span class='ocrx_word' id='word_1_346' title='bbox 3510 2283 3665 2344; x_wconf 81' lang='lat' dir='ltr'><strong>terra,</strong></span> <span class='ocrx_word' id='word_1_347' title='bbox 3684 2270 3776 2347; x_wconf 77' lang='lat' dir='ltr'><strong>igni</strong></span> 
     </span>
    </p>
   </div>
   <div class='ocr_carea' id='block_1_54' title="bbox 2194 2361 3773 2443">
    <p class='ocr_par' dir='ltr' id='par_1_54' title="bbox 2194 2361 3773 2443">
     <span class='ocr_line' id='line_1_54' title="bbox 2194 2361 3773 2443; baseline -0.007 -16"><span class='ocrx_word' id='word_1_348' title='bbox 2194 2378 2251 2427; x_wconf 88' lang='lat' dir='ltr'><strong>et</strong></span> <span class='ocrx_word' id='word_1_349' title='bbox 2274 2389 2446 2443; x_wconf 88' lang='lat' dir='ltr'><strong>aqua.</strong></span> <span class='ocrx_word' id='word_1_350' title='bbox 2480 2372 2689 2427; x_wconf 83' lang='lat' dir='ltr'><strong>Nostra</strong></span> <span class='ocrx_word' id='word_1_351' title='bbox 2719 2388 2952 2443; x_wconf 82' lang='lat' dir='ltr'><strong>quoque</strong></span> <span class='ocrx_word' id='word_1_352' title='bbox 2981 2388 3229 2443; x_wconf 90' lang='lat' dir='ltr'><strong>corpora</strong></span> <span class='ocrx_word' id='word_1_353' title='bbox 3275 2369 3483 2442; x_wconf 80' lang='lat' dir='ltr'><strong>frigore</strong></span> <span class='ocrx_word' id='word_1_354' title='bbox 3529 2369 3581 2422; x_wconf 89' lang='lat' dir='ltr'><strong>et</strong></span> <span class='ocrx_word' id='word_1_355' title='bbox 3606 2361 3773 2426; x_wconf 79' lang='lat' dir='ltr'><strong>calore,</strong></span> 
     </span>
    </p>
   </div>
   <div class='ocr_carea' id='block_1_55' title="bbox 2195 2450 3770 2531">
    <p class='ocr_par' dir='ltr' id='par_1_55' title="bbox 2195 2450 3770 2531">
     <span class='ocr_line' id='line_1_55' title="bbox 2195 2450 3770 2531; baseline -0.008 -15"><span class='ocrx_word' id='word_1_356' title='bbox 2195 2460 2441 2516; x_wconf 89' lang='lat' dir='ltr'><strong>humore</strong></span> <span class='ocrx_word' id='word_1_357' title='bbox 2486 2464 2544 2515; x_wconf 86' lang='lat' dir='ltr'><strong>et</strong></span> <span class='ocrx_word' id='word_1_358' title='bbox 2591 2460 2871 2527; x_wconf 87' lang='lat' dir='ltr'><strong>siccitate,</strong></span> <span class='ocrx_word' id='word_1_359' title='bbox 2921 2461 3240 2531; x_wconf 89' lang='lat' dir='ltr'><strong>quemdam</strong></span> <span class='ocrx_word' id='word_1_360' title='bbox 3297 2462 3510 2513; x_wconf 69' lang='lat' dir='ltr'><strong>natura:</strong></span> <span class='ocrx_word' id='word_1_361' title='bbox 3555 2450 3770 2509; x_wconf 88' lang='lat' dir='ltr'><strong>ordinem</strong></span> 
     </span>
    </p>
   </div>
   <div class='ocr_carea' id='block_1_56' title="bbox 2195 2538 3776 2605">
    <p class='ocr_par' dir='ltr' id='par_1_56' title="bbox 2195 2538 3776 2605">
     <span class='ocr_line' id='line_1_56' title="bbox 2195 2538 3776 2605; baseline -0.009 0"><span class='ocrx_word' id='word_1_362' title='bbox 2195 2554 2446 2605; x_wconf 86' lang='lat' dir='ltr'><strong>servant.</strong></span> <span class='ocrx_word' id='word_1_363' title='bbox 2481 2549 2625 2605; x_wconf 83' lang='lat' dir='ltr'><strong>Nam</strong></span> <span class='ocrx_word' id='word_1_364' title='bbox 2657 2549 2707 2605; x_wconf 91' lang='lat' dir='ltr'><strong>si</strong></span> <span class='ocrx_word' id='word_1_365' title='bbox 2730 2549 3012 2605; x_wconf 87' lang='lat' dir='ltr'><strong>naturalis</strong></span> <span class='ocrx_word' id='word_1_366' title='bbox 3043 2550 3185 2604; x_wconf 90' lang='lat' dir='ltr'><strong>ordo</strong></span> <span class='ocrx_word' id='word_1_367' title='bbox 3213 2565 3279 2604; x_wconf 91' lang='lat' dir='ltr'><strong>ac</strong></span> <span class='ocrx_word' id='word_1_368' title='bbox 3301 2559 3569 2603; x_wconf 85' lang='lat' dir='ltr'><strong>mensura</strong></span> <span class='ocrx_word' id='word_1_369' title='bbox 3587 2538 3776 2595; x_wconf 87' lang='lat' dir='ltr'><strong>confun-</strong></span> 
     </span>
    </p>
   </div>
   <div class='ocr_carea' id='block_1_57' title="bbox 2195 2626 3776 2709">
    <p class='ocr_par' dir='ltr' id='par_1_57' title="bbox 2195 2626 3776 2709">
     <span class='ocr_line' id='line_1_57' title="bbox 2195 2626 3776 2709; baseline -0.005 -16"><span class='ocrx_word' id='word_1_370' title='bbox 2195 2640 2373 2705; x_wconf 89' lang='lat' dir='ltr'><strong>ditur,</strong></span> <span class='ocrx_word' id='word_1_371' title='bbox 2419 2643 2560 2694; x_wconf 91' lang='lat' dir='ltr'><strong>tunc</strong></span> <span class='ocrx_word' id='word_1_372' title='bbox 2600 2655 2836 2694; x_wconf 89' lang='lat' dir='ltr'><strong>necesse</strong></span> <span class='ocrx_word' id='word_1_373' title='bbox 2890 2642 2980 2694; x_wconf 90' lang='lat' dir='ltr'><strong>est</strong></span> <span class='ocrx_word' id='word_1_374' title='bbox 3020 2644 3303 2709; x_wconf 84' lang='lat' dir='ltr'><strong>sequatur</strong></span> <span class='ocrx_word' id='word_1_375' title='bbox 3349 2633 3621 2691; x_wconf 90' lang='lat' dir='ltr'><strong>interitus.</strong></span> <span class='ocrx_word' id='word_1_376' title='bbox 3667 2626 3776 2697; x_wconf 74' lang='lat' dir='ltr'><strong>Ergo</strong></span> 
     </span>
    </p>
   </div>
   <div class='ocr_carea' id='block_1_58' title="bbox 2195 2722 3829 2799">
    <p class='ocr_par' dir='ltr' id='par_1_58' title="bbox 2195 2722 3829 2799">
     <span class='ocr_line' id='line_1_58' title="bbox 2195 2722 3829 2799; baseline -0.008 -16"><span class='ocrx_word' id='word_1_377' title='bbox 2195 2733 2418 2783; x_wconf 90' lang='lat' dir='ltr'><strong>certum</strong></span> <span class='ocrx_word' id='word_1_378' title='bbox 2450 2728 2713 2782; x_wconf 90' lang='lat' dir='ltr'><strong>ordinem</strong></span> <span class='ocrx_word' id='word_1_379' title='bbox 2744 2732 3073 2799; x_wconf 89' lang='lat' dir='ltr'><strong>temporum</strong></span> <span class='ocrx_word' id='word_1_380' title='bbox 3107 2726 3412 2789; x_wconf 90' lang='lat' dir='ltr'><strong>Dominus,</strong></span> <span class='ocrx_word' id='word_1_381' title='bbox 3442 2722 3649 2777; x_wconf 85' lang='lat' dir='ltr'><strong>remota</strong></span> <span class='ocrx_word' id='word_1_382' title='bbox 3681 2728 3781 2770; x_wconf 83' lang='lat' dir='ltr'><strong>con-</strong></span> <span class='ocrx_word' id='word_1_383' title='bbox 3828 2766 3829 2771; x_wconf 44' lang='grc' dir='ltr'><strong>η</strong></span> 
     </span>
    </p>
   </div>
   <div class='ocr_carea' id='block_1_59' title="bbox 2199 2800 3782 2887">
    <p class='ocr_par' dir='ltr' id='par_1_59' title="bbox 2199 2800 3782 2887">
     <span class='ocr_line' id='line_1_59' title="bbox 2199 2800 3782 2887; baseline -0.01 -18"><span class='ocrx_word' id='word_1_384' title='bbox 2199 2816 2424 2872; x_wconf 85' lang='lat' dir='ltr'><strong>fusione</strong></span> <span class='ocrx_word' id='word_1_385' title='bbox 2453 2816 2677 2883; x_wconf 85' lang='lat' dir='ltr'><strong>diluvii,</strong></span> <span class='ocrx_word' id='word_1_386' title='bbox 2710 2816 2781 2871; x_wconf 91' lang='lat' dir='ltr'><strong>ad</strong></span> <span class='ocrx_word' id='word_1_387' title='bbox 2806 2815 3292 2887; x_wconf 85' lang='lat' dir='ltr'><strong>perseverantiam</strong></span> <span class='ocrx_word' id='word_1_388' title='bbox 3318 2809 3515 2869; x_wconf 91' lang='lat' dir='ltr'><strong>mundi</strong></span> <span class='ocrx_word' id='word_1_389' title='bbox 3536 2800 3782 2881; x_wconf 86' lang='lat' dir='ltr'><strong>promittit</strong></span> 
     </span>
    </p>
   </div>
   <div class='ocr_carea' id='block_1_60' title="bbox 2199 2906 2483 2959">
    <p class='ocr_par' dir='ltr' id='par_1_60' title="bbox 2199 2906 2483 2959">
     <span class='ocr_line' id='line_1_60' title="bbox 2199 2906 2483 2959; baseline 0 0"><span class='ocrx_word' id='word_1_390' title='bbox 2199 2906 2483 2959; x_wconf 86' lang='lat' dir='ltr'><strong>futurum.</strong></span> 
     </span>
    </p>
   </div>
   <div class='ocr_carea' id='block_1_61' title="bbox 2266 2991 3779 3059">
    <p class='ocr_par' dir='ltr' id='par_1_61' title="bbox 2266 2991 3779 3059">
     <span class='ocr_line' id='line_1_61' title="bbox 2266 2991 3779 3059; baseline -0.011 -10"><span class='ocrx_word' id='word_1_391' title='bbox 2266 2995 2354 3049; x_wconf 91' lang='lat'><strong>83.</strong></span> <span class='ocrx_word' id='word_1_392' title='bbox 2389 2992 2576 3048; x_wconf 85' lang='lat' dir='ltr'><strong>Altior</strong></span> <span class='ocrx_word' id='word_1_393' title='bbox 2603 2996 2797 3048; x_wconf 92' lang='lat' dir='ltr'><strong>autem</strong></span> <span class='ocrx_word' id='word_1_394' title='bbox 2831 3008 3043 3048; x_wconf 84' lang='lat' dir='ltr'><strong>sensus</strong></span> <span class='ocrx_word' id='word_1_395' title='bbox 3073 2991 3180 3048; x_wconf 89' lang='lat' dir='ltr'><strong>hoc</strong></span> <span class='ocrx_word' id='word_1_396' title='bbox 3201 2992 3395 3056; x_wconf 90' lang='lat' dir='ltr'><strong>habet,</strong></span> <span class='ocrx_word' id='word_1_397' title='bbox 3423 2991 3485 3043; x_wconf 92' lang='lat' dir='ltr'><strong>ut</strong></span> <span class='ocrx_word' id='word_1_398' title='bbox 3505 3001 3599 3059; x_wconf 88' lang='lat' dir='ltr'><strong>per</strong></span> <span class='ocrx_word' id='word_1_399' title='bbox 3617 2994 3779 3038; x_wconf 88' lang='lat' dir='ltr'><strong>semen</strong></span> 
     </span>
    </p>
   </div>
   <div class='ocr_carea' id='block_1_62' title="bbox 448 3072 3781 3156">
    <p class='ocr_par' dir='ltr' id='par_1_62' title="bbox 448 3072 3781 3156">
     <span class='ocr_line' id='line_1_62' title="bbox 448 3072 3781 3156; baseline -0.004 -17"><span class='ocrx_word' id='word_1_400' title='bbox 448 3084 517 3140; x_wconf 90' lang='lat' dir='ltr'><strong>ad</strong></span> <span class='ocrx_word' id='word_1_401' title='bbox 553 3086 788 3156; x_wconf 82' lang='lat' dir='ltr'><strong>peccata</strong></span> <span class='ocrx_word' id='word_1_402' title='bbox 818 3080 1195 3153; x_wconf 84' lang='lat' dir='ltr'><strong>propendere,</strong></span> <span class='ocrx_word' id='word_1_403' title='bbox 1229 3084 1285 3135; x_wconf 93' lang='lat' dir='ltr'><strong>et</strong></span> <span class='ocrx_word' id='word_1_404' title='bbox 1316 3079 1504 3136; x_wconf 87' lang='lat' dir='ltr'><strong>inesse</strong></span> <span class='ocrx_word' id='word_1_405' title='bbox 1551 3078 1858 3153; x_wconf 88' lang='lat' dir='ltr'><strong>principali</strong></span> <span class='ocrx_word' id='word_1_406' title='bbox 1888 3082 2087 3133; x_wconf 90' lang='lat' dir='ltr'><strong>nostro</strong></span> <span class='ocrx_word' id='word_1_407' title='bbox 2126 3149 2159 3156; x_wconf 80' lang='lat'><strong>_</strong></span> <span class='ocrx_word' id='word_1_408' title='bbox 2196 3081 2599 3154; x_wconf 85' lang='lat' dir='ltr'><strong>intelligamus</strong></span> <span class='ocrx_word' id='word_1_409' title='bbox 2628 3082 3003 3154; x_wconf 89' lang='lat' dir='ltr'><strong>principium,</strong></span> <span class='ocrx_word' id='word_1_410' title='bbox 3037 3097 3139 3153; x_wconf 91' lang='lat' dir='ltr'><strong>per</strong></span> <span class='ocrx_word' id='word_1_411' title='bbox 3156 3094 3406 3136; x_wconf 88' lang='lat' dir='ltr'><strong>messem</strong></span> <span class='ocrx_word' id='word_1_412' title='bbox 3430 3072 3781 3156; x_wconf 71' lang='lat' dir='ltr'><strong>intelligamuﬁ</strong></span> 
     </span>
    </p>
   </div>
   <div class='ocr_carea' id='block_1_63' title="bbox 447 3149 3825 3242">
    <p class='ocr_par' dir='ltr' id='par_1_63' title="bbox 447 3149 3825 3242">
     <span class='ocr_line' id='line_1_63' title="bbox 447 3149 3825 3242; baseline -0.006 -14"><span class='ocrx_word' id='word_1_413' title='bbox 447 3149 739 3228; x_wconf 75' lang='lat' dir='ltr'><strong>lubricum</strong></span> <span class='ocrx_word' id='word_1_414' title='bbox 767 3149 1166 3241; x_wconf 76' lang='lat' dir='ltr'><strong>delinquendi,</strong></span> <span class='ocrx_word' id='word_1_415' title='bbox 1197 3174 1252 3223; x_wconf 90' lang='lat' dir='ltr'><strong>et</strong></span> <span class='ocrx_word' id='word_1_416' title='bbox 1283 3170 1437 3241; x_wconf 91' lang='lat' dir='ltr'><strong>quod</strong></span> <span class='ocrx_word' id='word_1_417' title='bbox 1472 3149 1637 3242; x_wconf 68' lang='lat' dir='ltr'><strong>pejus</strong></span> <span class='ocrx_word' id='word_1_418' title='bbox 1669 3149 1778 3237; x_wconf 79' lang='lat' dir='ltr'><strong>est,</strong></span> <span class='ocrx_word' id='word_1_419' title='bbox 1813 3166 2078 3223; x_wconf 88' lang='lat' dir='ltr'><strong>studium</strong></span> <span class='ocrx_word' id='word_1_420' title='bbox 2117 3149 2160 3214; x_wconf 87' lang='lat' dir='ltr'>C</span> <span class='ocrx_word' id='word_1_421' title='bbox 2199 3149 2494 3226; x_wconf 50' lang='grc' dir='ltr'><strong>ῆηθωίίη</strong></span> <span class='ocrx_word' id='word_1_422' title='bbox 2525 3149 2773 3242; x_wconf 52' lang='lat' dir='ltr'><strong>uit-Exige</strong></span> <span class='ocrx_word' id='word_1_423' title='bbox 2804 3149 3014 3225; x_wconf 65' lang='grc' dir='ltr'><strong>έδιιηίε</strong></span> <span class='ocrx_word' id='word_1_424' title='bbox 3039 3149 3132 3225; x_wconf 49' lang='lat' dir='ltr'><strong>&#39;est</strong></span> <span class='ocrx_word' id='word_1_425' title='bbox 3175 3185 3371 3225; x_wconf 65' lang='lat' dir='ltr'><strong>causa,</strong></span> <span class='ocrx_word' id='word_1_426' title='bbox 3419 3165 3665 3220; x_wconf 66' lang='lat' dir='ltr'><strong>Alterum</strong></span> <span class='ocrx_word' id='word_1_427' title='bbox 3689 3155 3785 3213; x_wconf 80' lang='lat' dir='ltr'><strong>sine</strong></span> 
     </span>
    </p>
   </div>
   <div class='ocr_carea' id='block_1_64' title="bbox 447 3238 3832 3331">
    <p class='ocr_par' dir='ltr' id='par_1_64' title="bbox 447 3238 3832 3331">
     <span class='ocr_line' id='line_1_64' title="bbox 447 3238 3832 3331; baseline -0.005 -14"><span class='ocrx_word' id='word_1_428' title='bbox 447 3279 562 3318; x_wconf 91' lang='lat' dir='ltr'><strong>non</strong></span> <span class='ocrx_word' id='word_1_429' title='bbox 585 3261 808 3317; x_wconf 90' lang='lat' dir='ltr'><strong>deesse.</strong></span> <span class='ocrx_word' id='word_1_430' title='bbox 844 3238 974 3314; x_wconf 82' lang='lat' dir='ltr'><strong>Ideo</strong></span> <span class='ocrx_word' id='word_1_431' title='bbox 1004 3258 1161 3313; x_wconf 90' lang='lat' dir='ltr'><strong>enim</strong></span> <span class='ocrx_word' id='word_1_432' title='bbox 1193 3238 1818 3330; x_wconf 40' lang='lat' dir='ltr'><strong>ait,-diligenter,quasi</strong></span> <span class='ocrx_word' id='word_1_433' title='bbox 1849 3254 2086 3311; x_wconf 89' lang='lat' dir='ltr'><strong>solliciti</strong></span> <span class='ocrx_word' id='word_1_434' title='bbox 2198 3259 2378 3315; x_wconf 88' lang='lat' dir='ltr'><strong>altero</strong></span> <span class='ocrx_word' id='word_1_435' title='bbox 2410 3238 2817 3331; x_wconf 71' lang='lat' dir='ltr'><strong>imperfectum</strong></span> <span class='ocrx_word' id='word_1_436' title='bbox 2847 3263 2970 3326; x_wconf 85' lang='lat' dir='ltr'><strong>est;</strong></span> <span class='ocrx_word' id='word_1_437' title='bbox 3004 3258 3144 3331; x_wconf 88' lang='lat' dir='ltr'><strong>quia</strong></span> <span class='ocrx_word' id='word_1_438' title='bbox 3182 3258 3283 3314; x_wconf 88' lang='lat' dir='ltr'><strong>ubi</strong></span> <span class='ocrx_word' id='word_1_439' title='bbox 3334 3252 3671 3329; x_wconf 89' lang='lat' dir='ltr'><strong>principium</strong></span> <span class='ocrx_word' id='word_1_440' title='bbox 3695 3246 3778 3331; x_wconf 71' lang='lat' dir='ltr'><strong>est,</strong></span> <span class='ocrx_word' id='word_1_441' title='bbox 3820 3238 3832 3329; x_wconf 46' lang='grc'><strong>’1</strong></span> 
     </span>
    </p>
   </div>
   <div class='ocr_carea' id='block_1_65' title="bbox 446 3330 3831 3420">
    <p class='ocr_par' dir='ltr' id='par_1_65' title="bbox 446 3330 3831 3420">
     <span class='ocr_line' id='line_1_65' title="bbox 446 3330 3831 3420; baseline -0.006 -14"><span class='ocrx_word' id='word_1_442' title='bbox 446 3350 658 3417; x_wconf 84' lang='lat' dir='ltr'><strong>simus,</strong></span> <span class='ocrx_word' id='word_1_443' title='bbox 711 3366 781 3405; x_wconf 91' lang='lat' dir='ltr'><strong>ne</strong></span> <span class='ocrx_word' id='word_1_444' title='bbox 827 3347 1173 3403; x_wconf 88' lang='lat' dir='ltr'><strong>immunitas</strong></span> <span class='ocrx_word' id='word_1_445' title='bbox 1215 3346 1399 3419; x_wconf 66' lang='lat' dir='ltr'><strong>culpae</strong></span> <span class='ocrx_word' id='word_1_446' title='bbox 1449 3348 1619 3403; x_wconf 92' lang='lat' dir='ltr'><strong>nobis</strong></span> <span class='ocrx_word' id='word_1_447' title='bbox 1669 3346 1854 3418; x_wconf 80' lang='lat' dir='ltr'><strong>possit</strong></span> <span class='ocrx_word' id='word_1_448' title='bbox 1922 3345 2086 3400; x_wconf 89' lang='lat' dir='ltr'><strong>obre-</strong></span> <span class='ocrx_word' id='word_1_449' title='bbox 2198 3349 2333 3405; x_wconf 83' lang='lat' dir='ltr'><strong>finis</strong></span> <span class='ocrx_word' id='word_1_450' title='bbox 2365 3330 2666 3420; x_wconf 78' lang='lat' dir='ltr'><strong>quaeritur,</strong></span> <span class='ocrx_word' id='word_1_451' title='bbox 2698 3366 2801 3403; x_wconf 92' lang='lat' dir='ltr'><strong>nec</strong></span> <span class='ocrx_word' id='word_1_452' title='bbox 2830 3330 3179 3420; x_wconf 13' lang='lat' dir='ltr'><strong>potestiesse</strong></span> <span class='ocrx_word' id='word_1_453' title='bbox 3209 3345 3436 3404; x_wconf 90' lang='lat' dir='ltr'><strong>sublato</strong></span> <span class='ocrx_word' id='word_1_454' title='bbox 3468 3343 3577 3397; x_wconf 84' lang='lat' dir='ltr'><strong>line</strong></span> <span class='ocrx_word' id='word_1_455' title='bbox 3607 3330 3780 3411; x_wconf 85' lang='lat' dir='ltr'><strong>princi-</strong></span> <span class='ocrx_word' id='word_1_456' title='bbox 3830 3348 3831 3357; x_wconf 46' lang='grc' dir='ltr'><strong>η</strong></span> 
     </span>
    </p>
   </div>
   <div class='ocr_carea' id='block_1_66' title="bbox 448 3423 3779 3512">
    <p class='ocr_par' dir='ltr' id='par_1_66' title="bbox 448 3423 3779 3512">
     <span class='ocr_line' id='line_1_66' title="bbox 448 3423 3779 3512; baseline -0.004 -16"><span class='ocrx_word' id='word_1_457' title='bbox 448 3454 604 3512; x_wconf 90' lang='lat' dir='ltr'><strong>pere.</strong></span> <span class='ocrx_word' id='word_1_458' title='bbox 665 3438 884 3495; x_wconf 90' lang='lat' dir='ltr'><strong>Deinde</strong></span> <span class='ocrx_word' id='word_1_459' title='bbox 940 3454 1053 3493; x_wconf 90' lang='lat' dir='ltr'><strong>non</strong></span> <span class='ocrx_word' id='word_1_460' title='bbox 1124 3436 1182 3492; x_wconf 91' lang='lat' dir='ltr'><strong>in</strong></span> <span class='ocrx_word' id='word_1_461' title='bbox 1250 3453 1434 3492; x_wconf 90' lang='lat' dir='ltr'><strong>unum</strong></span> <span class='ocrx_word' id='word_1_462' title='bbox 1504 3436 1725 3493; x_wconf 90' lang='lat' dir='ltr'><strong>malum</strong></span> <span class='ocrx_word' id='word_1_463' title='bbox 1770 3423 1934 3501; x_wconf 78' lang='lat' dir='ltr'><strong>dixit,</strong></span> <span class='ocrx_word' id='word_1_464' title='bbox 1986 3434 2089 3490; x_wconf 90' lang='lat' dir='ltr'><strong>sed</strong></span> <span class='ocrx_word' id='word_1_465' title='bbox 2199 3438 2384 3511; x_wconf 92' lang='lat' dir='ltr'><strong>pium,</strong></span> <span class='ocrx_word' id='word_1_466' title='bbox 2418 3443 2473 3493; x_wconf 91' lang='lat' dir='ltr'><strong>et</strong></span> <span class='ocrx_word' id='word_1_467' title='bbox 2504 3438 2640 3493; x_wconf 83' lang='lat' dir='ltr'><strong>ﬁnis</strong></span> <span class='ocrx_word' id='word_1_468' title='bbox 2672 3437 2731 3492; x_wconf 91' lang='lat' dir='ltr'><strong>in</strong></span> <span class='ocrx_word' id='word_1_469' title='bbox 2763 3436 3117 3509; x_wconf 90' lang='lat' dir='ltr'><strong>principium</strong></span> <span class='ocrx_word' id='word_1_470' title='bbox 3149 3433 3412 3492; x_wconf 88' lang='lat' dir='ltr'><strong>recurrit.</strong></span> <span class='ocrx_word' id='word_1_471' title='bbox 3436 3432 3779 3502; x_wconf 67' lang='lat' dir='ltr'><strong>Ergosemper</strong></span> 
     </span>
    </p>
   </div>
   <div class='ocr_carea' id='block_1_67' title="bbox 446 3523 2090 3599">
    <p class='ocr_par' dir='ltr' id='par_1_67' title="bbox 446 3523 2090 3599">
     <span class='ocr_line' id='line_1_67' title="bbox 446 3523 2090 3599; baseline -0.003 -16"><span class='ocrx_word' id='word_1_472' title='bbox 446 3544 612 3599; x_wconf 71' lang='lat' dir='ltr'><strong>super</strong></span> <span class='ocrx_word' id='word_1_473' title='bbox 638 3528 809 3583; x_wconf 89' lang='lat' dir='ltr'><strong>mala.</strong></span> <span class='ocrx_word' id='word_1_474' title='bbox 834 3527 925 3593; x_wconf 86' lang='lat' dir='ltr'><strong>Et,</strong></span> <span class='ocrx_word' id='word_1_475' title='bbox 955 3544 989 3580; x_wconf 90' lang='lat' dir='ltr'><strong>a</strong></span> <span class='ocrx_word' id='word_1_476' title='bbox 1021 3526 1325 3597; x_wconf 81' lang='lat' dir='ltr'><strong>jurentute,</strong></span> <span class='ocrx_word' id='word_1_477' title='bbox 1375 3526 1638 3581; x_wconf 87' lang='lat' dir='ltr'><strong>addidit:</strong></span> <span class='ocrx_word' id='word_1_478' title='bbox 1689 3542 1757 3580; x_wconf 80' lang='lat' dir='ltr'><strong>ex</strong></span> <span class='ocrx_word' id='word_1_479' title='bbox 1806 3523 1909 3578; x_wconf 90' lang='lat' dir='ltr'><strong>illa</strong></span> <span class='ocrx_word' id='word_1_480' title='bbox 1931 3523 2090 3578; x_wconf 86' lang='lat' dir='ltr'><strong>enim</strong></span> 
     </span>
    </p>
   </div>
   <div class='ocr_carea' id='block_1_68' title="bbox 447 3612 2090 3686">
    <p class='ocr_par' dir='ltr' id='par_1_68' title="bbox 447 3612 2090 3686">
     <span class='ocr_line' id='line_1_68' title="bbox 447 3612 2090 3686; baseline -0.003 -15"><span class='ocrx_word' id='word_1_481' title='bbox 447 3620 614 3671; x_wconf 67' lang='lat' dir='ltr'><strong>aetate</strong></span> <span class='ocrx_word' id='word_1_482' title='bbox 629 3615 838 3671; x_wconf 90' lang='lat' dir='ltr'><strong>crescit</strong></span> <span class='ocrx_word' id='word_1_483' title='bbox 859 3613 1104 3681; x_wconf 90' lang='lat' dir='ltr'><strong>malitia,</strong></span> <span class='ocrx_word' id='word_1_484' title='bbox 1132 3613 1267 3669; x_wconf 89' lang='lat' dir='ltr'><strong>licet</strong></span> <span class='ocrx_word' id='word_1_485' title='bbox 1285 3614 1423 3669; x_wconf 87' lang='lat' dir='ltr'><strong>alibi</strong></span> <span class='ocrx_word' id='word_1_486' title='bbox 1443 3614 1760 3686; x_wconf 81' lang='lat' dir='ltr'><strong>legerimus</strong></span> <span class='ocrx_word' id='word_1_487' title='bbox 1785 3612 1941 3685; x_wconf 92' lang='lat' dir='ltr'><strong>quod</strong></span> <span class='ocrx_word' id='word_1_488' title='bbox 1975 3628 2090 3667; x_wconf 90' lang='lat' dir='ltr'><strong>non</strong></span> 
     </span>
    </p>
   </div>
   <div class='ocr_carea' id='block_1_69' title="bbox 452 3701 2089 3773">
    <p class='ocr_par' dir='ltr' id='par_1_69' title="bbox 452 3701 2089 3773">
     <span class='ocr_line' id='line_1_69' title="bbox 452 3701 2089 3773; baseline -0.004 -13"><span class='ocrx_word' id='word_1_489' title='bbox 452 3704 530 3760; x_wconf 89' lang='lat' dir='ltr'><strong>sit</strong></span> <span class='ocrx_word' id='word_1_490' title='bbox 560 3704 687 3759; x_wconf 90' lang='lat' dir='ltr'><strong>sine</strong></span> <span class='ocrx_word' id='word_1_491' title='bbox 718 3706 951 3773; x_wconf 89' lang='lat' dir='ltr'><strong>peccato</strong></span> <span class='ocrx_word' id='word_1_492' title='bbox 984 3719 1087 3758; x_wconf 89' lang='lat' dir='ltr'><strong>nec</strong></span> <span class='ocrx_word' id='word_1_493' title='bbox 1118 3704 1297 3758; x_wconf 88' lang='lat' dir='ltr'><strong>unius</strong></span> <span class='ocrx_word' id='word_1_494' title='bbox 1321 3702 1433 3758; x_wconf 89' lang='lat' dir='ltr'><strong>diei</strong></span> <span class='ocrx_word' id='word_1_495' title='bbox 1467 3702 1664 3758; x_wconf 84' lang='lat' dir='ltr'><strong>infans</strong></span> <span class='ocrx_word' id='word_1_496' title='bbox 1713 3702 1830 3772; x_wconf 87' lang='lat' dir='ltr'><strong>(Job</strong></span> <span class='ocrx_word' id='word_1_497' title='bbox 1854 3717 1970 3769; x_wconf 60' lang='grc' dir='ltr'><strong>λιν,</strong></span> <span class='ocrx_word' id='word_1_498' title='bbox 2014 3701 2089 3773; x_wconf 80' lang='grc'><strong>4).</strong></span> 
     </span>
    </p>
   </div>
   <div class='ocr_carea' id='block_1_70' title="bbox 452 3789 2093 3863">
    <p class='ocr_par' dir='ltr' id='par_1_70' title="bbox 452 3789 2093 3863">
     <span class='ocr_line' id='line_1_70' title="bbox 452 3789 2093 3863; baseline -0.002 -15"><span class='ocrx_word' id='word_1_499' title='bbox 452 3793 560 3848; x_wconf 87' lang='lat' dir='ltr'><strong>Sed</strong></span> <span class='ocrx_word' id='word_1_500' title='bbox 595 3796 654 3848; x_wconf 91' lang='lat' dir='ltr'><strong>et</strong></span> <span class='ocrx_word' id='word_1_501' title='bbox 683 3791 928 3846; x_wconf 88' lang='lat' dir='ltr'><strong>infantia</strong></span> <span class='ocrx_word' id='word_1_502' title='bbox 958 3789 1084 3846; x_wconf 88' lang='lat' dir='ltr'><strong>sine</strong></span> <span class='ocrx_word' id='word_1_503' title='bbox 1115 3796 1347 3861; x_wconf 84' lang='lat' dir='ltr'><strong>peccato</strong></span> <span class='ocrx_word' id='word_1_504' title='bbox 1380 3807 1492 3846; x_wconf 91' lang='lat' dir='ltr'><strong>non</strong></span> <span class='ocrx_word' id='word_1_505' title='bbox 1524 3792 1601 3845; x_wconf 90' lang='lat' dir='ltr'><strong>sit</strong></span> <span class='ocrx_word' id='word_1_506' title='bbox 1629 3796 1864 3863; x_wconf 89' lang='lat' dir='ltr'><strong>propter</strong></span> <span class='ocrx_word' id='word_1_507' title='bbox 1891 3806 2093 3861; x_wconf 86' lang='lat' dir='ltr'><strong>corpo-</strong></span> 
     </span>
    </p>
   </div>
   <div class='ocr_carea' id='block_1_71' title="bbox 452 3878 2096 3951">
    <p class='ocr_par' dir='ltr' id='par_1_71' title="bbox 452 3878 2096 3951">
     <span class='ocr_line' id='line_1_71' title="bbox 452 3878 2096 3951; baseline -0.002 -14"><span class='ocrx_word' id='word_1_508' title='bbox 452 3881 534 3938; x_wconf 88' lang='lat' dir='ltr'><strong>ris</strong></span> <span class='ocrx_word' id='word_1_509' title='bbox 561 3880 987 3944; x_wconf 82' lang='lat' dir='ltr'><strong>inﬁrmitatem,</strong></span> <span class='ocrx_word' id='word_1_510' title='bbox 1018 3878 1320 3951; x_wconf 88' lang='lat' dir='ltr'><strong>diligentia</strong></span> <span class='ocrx_word' id='word_1_511' title='bbox 1351 3884 1546 3935; x_wconf 88' lang='lat' dir='ltr'><strong>autem</strong></span> <span class='ocrx_word' id='word_1_512' title='bbox 1578 3884 1635 3935; x_wconf 92' lang='lat' dir='ltr'><strong>et</strong></span> <span class='ocrx_word' id='word_1_513' title='bbox 1665 3878 1927 3935; x_wconf 89' lang='lat' dir='ltr'><strong>studium</strong></span> <span class='ocrx_word' id='word_1_514' title='bbox 1959 3894 2096 3950; x_wconf 88' lang='lat' dir='ltr'><strong>pec-</strong></span> 
     </span>
    </p>
   </div>
   <div class='ocr_carea' id='block_1_72' title="bbox 452 3967 2095 4041">
    <p class='ocr_par' dir='ltr' id='par_1_72' title="bbox 452 3967 2095 4041">
     <span class='ocr_line' id='line_1_72' title="bbox 452 3967 2095 4041; baseline -0.002 -15"><span class='ocrx_word' id='word_1_515' title='bbox 452 3969 622 4026; x_wconf 87' lang='lat' dir='ltr'><strong>candi</strong></span> <span class='ocrx_word' id='word_1_516' title='bbox 656 3968 896 4039; x_wconf 88' lang='lat' dir='ltr'><strong>incipiat</strong></span> <span class='ocrx_word' id='word_1_517' title='bbox 926 3968 1323 4040; x_wconf 86' lang='lat' dir='ltr'><strong>ajuventute;</strong></span> <span class='ocrx_word' id='word_1_518' title='bbox 1356 3972 1420 4023; x_wconf 91' lang='lat' dir='ltr'><strong>ut</strong></span> <span class='ocrx_word' id='word_1_519' title='bbox 1450 3986 1593 4041; x_wconf 91' lang='lat' dir='ltr'><strong>puer</strong></span> <span class='ocrx_word' id='word_1_520' title='bbox 1622 3968 1790 4040; x_wconf 91' lang='lat' dir='ltr'><strong>quasi</strong></span> <span class='ocrx_word' id='word_1_521' title='bbox 1820 3967 2095 4023; x_wconf 84' lang='lat' dir='ltr'><strong>inﬁrmus</strong></span> 
     </span>
    </p>
   </div>
   <div class='ocr_carea' id='block_1_73' title="bbox 454 4056 2098 4132">
    <p class='ocr_par' dir='ltr' id='par_1_73' title="bbox 454 4056 2098 4132">
     <span class='ocr_line' id='line_1_73' title="bbox 454 4056 2098 4132; baseline -0.002 -16"><span class='ocrx_word' id='word_1_522' title='bbox 454 4062 670 4132; x_wconf 89' lang='lat' dir='ltr'><strong>peccet,</strong></span> <span class='ocrx_word' id='word_1_523' title='bbox 706 4056 945 4130; x_wconf 87' lang='lat' dir='ltr'><strong>juvenis</strong></span> <span class='ocrx_word' id='word_1_524' title='bbox 994 4061 1275 4129; x_wconf 87' lang='lat' dir='ltr'><strong>tanquam</strong></span> <span class='ocrx_word' id='word_1_525' title='bbox 1323 4057 1646 4130; x_wconf 89' lang='lat' dir='ltr'><strong>improbus,</strong></span> <span class='ocrx_word' id='word_1_526' title='bbox 1698 4057 1796 4129; x_wconf 87' lang='lat' dir='ltr'><strong>qui</strong></span> <span class='ocrx_word' id='word_1_527' title='bbox 1836 4056 2098 4113; x_wconf 89' lang='lat' dir='ltr'><strong>studiose</strong></span> 
     </span>
    </p>
   </div>
   <div class='ocr_carea' id='block_1_74' title="bbox 454 4145 2099 4221">
    <p class='ocr_par' dir='ltr' id='par_1_74' title="bbox 454 4145 2099 4221">
     <span class='ocr_line' id='line_1_74' title="bbox 454 4145 2099 4221; baseline -0.003 -17"><span class='ocrx_word' id='word_1_528' title='bbox 454 4149 652 4221; x_wconf 90' lang='lat' dir='ltr'><strong>cupiat</strong></span> <span class='ocrx_word' id='word_1_529' title='bbox 683 4151 919 4220; x_wconf 86' lang='lat' dir='ltr'><strong>peccata</strong></span> <span class='ocrx_word' id='word_1_530' title='bbox 947 4147 1100 4203; x_wconf 71' lang='lat'><strong>262</strong></span> <span class='ocrx_word' id='word_1_531' title='bbox 1131 4147 1519 4213; x_wconf 86' lang='lat' dir='ltr'><strong>committere,</strong></span> <span class='ocrx_word' id='word_1_532' title='bbox 1551 4150 1607 4203; x_wconf 90' lang='lat' dir='ltr'><strong>et</strong></span> <span class='ocrx_word' id='word_1_533' title='bbox 1636 4146 1697 4201; x_wconf 92' lang='lat' dir='ltr'><strong>in</strong></span> <span class='ocrx_word' id='word_1_534' title='bbox 1749 4145 2099 4202; x_wconf 89' lang='lat' dir='ltr'><strong>criminibus</strong></span> 
     </span>
    </p>
   </div>
   <div class='ocr_carea' id='block_1_75' title="bbox 454 4234 2100 4309">
    <p class='ocr_par' dir='ltr' id='par_1_75' title="bbox 454 4234 2100 4309">
     <span class='ocr_line' id='line_1_75' title="bbox 454 4234 2100 4309; baseline -0.001 -19"><span class='ocrx_word' id='word_1_535' title='bbox 454 4235 757 4309; x_wconf 86' lang='lat' dir='ltr'><strong>glorietur.</strong></span> <span class='ocrx_word' id='word_1_536' title='bbox 824 4236 990 4308; x_wconf 81' lang='lat' dir='ltr'><strong>Apud</strong></span> <span class='ocrx_word' id='word_1_537' title='bbox 1048 4234 1359 4308; x_wconf 91' lang='lat' dir='ltr'><strong>plerosque</strong></span> <span class='ocrx_word' id='word_1_538' title='bbox 1426 4235 1579 4290; x_wconf 88' lang='lat' dir='ltr'><strong>enim</strong></span> <span class='ocrx_word' id='word_1_539' title='bbox 1634 4234 1967 4291; x_wconf 88' lang='lat' dir='ltr'><strong>innocentia</strong></span> <span class='ocrx_word' id='word_1_540' title='bbox 1996 4249 2100 4305; x_wconf 91' lang='lat' dir='ltr'><strong>pro</strong></span> 
     </span>
    </p>
   </div>
   <div class='ocr_carea' id='block_1_76' title="bbox 454 4320 2103 4398">
    <p class='ocr_par' dir='ltr' id='par_1_76' title="bbox 454 4320 2103 4398">
     <span class='ocr_line' id='line_1_76' title="bbox 454 4320 2103 4398; baseline -0.003 -18"><span class='ocrx_word' id='word_1_541' title='bbox 454 4325 705 4398; x_wconf 86' lang='lat' dir='ltr'><strong>ignavia,</strong></span> <span class='ocrx_word' id='word_1_542' title='bbox 738 4329 797 4381; x_wconf 90' lang='lat' dir='ltr'><strong>et</strong></span> <span class='ocrx_word' id='word_1_543' title='bbox 825 4324 1001 4397; x_wconf 90' lang='lat' dir='ltr'><strong>culpa</strong></span> <span class='ocrx_word' id='word_1_544' title='bbox 1032 4341 1133 4397; x_wconf 92' lang='lat' dir='ltr'><strong>pro</strong></span> <span class='ocrx_word' id='word_1_545' title='bbox 1166 4323 1339 4381; x_wconf 92' lang='lat' dir='ltr'><strong>laude</strong></span> <span class='ocrx_word' id='word_1_546' title='bbox 1366 4324 1637 4380; x_wconf 89' lang='lat' dir='ltr'><strong>habetur.</strong></span> <span class='ocrx_word' id='word_1_547' title='bbox 1674 4326 1762 4379; x_wconf 86' lang='lat' dir='ltr'><strong>Ita</strong></span> <span class='ocrx_word' id='word_1_548' title='bbox 1784 4340 1845 4379; x_wconf 92' lang='lat' dir='ltr'><strong>se</strong></span> <span class='ocrx_word' id='word_1_549' title='bbox 1868 4320 2103 4378; x_wconf 87' lang='lat' dir='ltr'><strong>luxuria</strong></span> 
     </span>
    </p>
   </div>
   <div class='ocr_carea' id='block_1_77' title="bbox 455 4412 2103 4484">
    <p class='ocr_par' dir='ltr' id='par_1_77' title="bbox 455 4412 2103 4484">
     <span class='ocr_line' id='line_1_77' title="bbox 455 4412 2103 4484; baseline -0.002 -15"><span class='ocrx_word' id='word_1_550' title='bbox 455 4419 511 4469; x_wconf 92' lang='lat' dir='ltr'><strong>et</strong></span> <span class='ocrx_word' id='word_1_551' title='bbox 542 4412 765 4470; x_wconf 90' lang='lat' dir='ltr'><strong>deliciis</strong></span> <span class='ocrx_word' id='word_1_552' title='bbox 786 4418 842 4469; x_wconf 90' lang='lat' dir='ltr'><strong>et</strong></span> <span class='ocrx_word' id='word_1_553' title='bbox 871 4412 1289 4469; x_wconf 80' lang='lat' dir='ltr'><strong>adulteriorum</strong></span> <span class='ocrx_word' id='word_1_554' title='bbox 1322 4414 1630 4470; x_wconf 82' lang='lat' dir='ltr'><strong>ail&#39;ectibus</strong></span> <span class='ocrx_word' id='word_1_555' title='bbox 1651 4413 1901 4484; x_wconf 85' lang='lat' dir='ltr'><strong>juvenes</strong></span> <span class='ocrx_word' id='word_1_556' title='bbox 1919 4412 2103 4483; x_wconf 84' lang='lat' dir='ltr'><strong>jacta-</strong></span> 
     </span>
    </p>
   </div>
   <div class='ocr_carea' id='block_1_78' title="bbox 2201 3519 3783 3585">
    <p class='ocr_par' dir='ltr' id='par_1_78' title="bbox 2201 3519 3783 3585">
     <span class='ocr_line' id='line_1_78' title="bbox 2201 3519 3783 3585; baseline -0.011 -3"><span class='ocrx_word' id='word_1_557' title='bbox 2201 3526 2258 3581; x_wconf 90' lang='lat' dir='ltr'><strong>in</strong></span> <span class='ocrx_word' id='word_1_558' title='bbox 2291 3528 2495 3582; x_wconf 91' lang='lat' dir='ltr'><strong>eadem</strong></span> <span class='ocrx_word' id='word_1_559' title='bbox 2527 3542 2901 3581; x_wconf 89' lang='lat' dir='ltr'><strong>recursurum</strong></span> <span class='ocrx_word' id='word_1_560' title='bbox 2933 3525 3074 3580; x_wconf 92' lang='lat' dir='ltr'><strong>dum</strong></span> <span class='ocrx_word' id='word_1_561' title='bbox 3094 3524 3153 3580; x_wconf 91' lang='lat' dir='ltr'><strong>in</strong></span> <span class='ocrx_word' id='word_1_562' title='bbox 3177 3524 3285 3579; x_wconf 92' lang='lat' dir='ltr'><strong>hoc</strong></span> <span class='ocrx_word' id='word_1_563' title='bbox 3304 3520 3518 3578; x_wconf 87' lang='lat' dir='ltr'><strong>mundo</strong></span> <span class='ocrx_word' id='word_1_564' title='bbox 3537 3519 3783 3585; x_wconf 73' lang='lat' dir='ltr'><strong>est,genus</strong></span> 
     </span>
    </p>
   </div>
   <div class='ocr_carea' id='block_1_79' title="bbox 2204 3602 3783 3685">
    <p class='ocr_par' dir='ltr' id='par_1_79' title="bbox 2204 3602 3783 3685">
     <span class='ocr_line' id='line_1_79' title="bbox 2204 3602 3783 3685; baseline -0.009 -15"><span class='ocrx_word' id='word_1_565' title='bbox 2204 3620 2485 3672; x_wconf 87' lang='lat' dir='ltr'><strong>memorat</strong></span> <span class='ocrx_word' id='word_1_566' title='bbox 2507 3614 2855 3681; x_wconf 90' lang='lat' dir='ltr'><strong>humanum,</strong></span> <span class='ocrx_word' id='word_1_567' title='bbox 2880 3619 2947 3669; x_wconf 90' lang='lat' dir='ltr'><strong>ut</strong></span> <span class='ocrx_word' id='word_1_568' title='bbox 2966 3630 3101 3669; x_wconf 91' lang='lat' dir='ltr'><strong>cum</strong></span> <span class='ocrx_word' id='word_1_569' title='bbox 3124 3613 3329 3685; x_wconf 90' lang='lat' dir='ltr'><strong>incipit</strong></span> <span class='ocrx_word' id='word_1_570' title='bbox 3348 3602 3783 3675; x_wconf 74' lang='lat' dir='ltr'><strong>annus,tlniatur2</strong></span> 
     </span>
    </p>
   </div>
   <div class='ocr_carea' id='block_1_80' title="bbox 2204 3693 3785 3774">
    <p class='ocr_par' dir='ltr' id='par_1_80' title="bbox 2204 3693 3785 3774">
     <span class='ocr_line' id='line_1_80' title="bbox 2204 3693 3785 3774; baseline -0.006 -15"><span class='ocrx_word' id='word_1_571' title='bbox 2204 3721 2337 3760; x_wconf 91' lang='lat' dir='ltr'><strong>cum</strong></span> <span class='ocrx_word' id='word_1_572' title='bbox 2368 3705 2586 3770; x_wconf 89' lang='lat' dir='ltr'><strong>linitur,</strong></span> <span class='ocrx_word' id='word_1_573' title='bbox 2620 3703 2882 3774; x_wconf 86' lang='lat' dir='ltr'><strong>incipiat,</strong></span> <span class='ocrx_word' id='word_1_574' title='bbox 2915 3719 3032 3757; x_wconf 92' lang='lat' dir='ltr'><strong>non</strong></span> <span class='ocrx_word' id='word_1_575' title='bbox 3064 3702 3256 3758; x_wconf 89' lang='lat' dir='ltr'><strong>medio</strong></span> <span class='ocrx_word' id='word_1_576' title='bbox 3288 3698 3541 3755; x_wconf 89' lang='lat' dir='ltr'><strong>mundus</strong></span> <span class='ocrx_word' id='word_1_577' title='bbox 3577 3693 3785 3774; x_wconf 66' lang='grc' dir='ltr'><strong>ιεωρρτε</strong></span> 
     </span>
    </p>
   </div>
   <div class='ocr_carea' id='block_1_81' title="bbox 2203 3772 3786 3863">
    <p class='ocr_par' dir='ltr' id='par_1_81' title="bbox 2203 3772 3786 3863">
     <span class='ocr_line' id='line_1_81' title="bbox 2203 3772 3786 3863; baseline -0.01 -15"><span class='ocrx_word' id='word_1_578' title='bbox 2203 3792 2545 3849; x_wconf 90' lang='lat' dir='ltr'><strong>resolvatur.</strong></span> <span class='ocrx_word' id='word_1_579' title='bbox 2583 3792 2669 3847; x_wconf 90' lang='lat' dir='ltr'><strong>Ita</strong></span> <span class='ocrx_word' id='word_1_580' title='bbox 2695 3772 2757 3848; x_wconf 73' lang='lat' dir='ltr'><strong>et</strong></span> <span class='ocrx_word' id='word_1_581' title='bbox 2786 3809 2953 3847; x_wconf 92' lang='lat' dir='ltr'><strong>mens</strong></span> <span class='ocrx_word' id='word_1_582' title='bbox 2983 3791 3219 3863; x_wconf 88' lang='lat' dir='ltr'><strong>quando</strong></span> <span class='ocrx_word' id='word_1_583' title='bbox 3246 3786 3466 3861; x_wconf 88' lang='lat' dir='ltr'><strong>aliquid</strong></span> <span class='ocrx_word' id='word_1_584' title='bbox 3495 3782 3702 3839; x_wconf 80' lang='lat' dir='ltr'><strong>videtur</strong></span> <span class='ocrx_word' id='word_1_585' title='bbox 3722 3772 3786 3863; x_wconf 42' lang='lat' dir='ltr'><strong>in:</strong></span> 
     </span>
    </p>
   </div>
   <div class='ocr_carea' id='block_1_82' title="bbox 2205 3864 3788 3955">
    <p class='ocr_par' dir='ltr' id='par_1_82' title="bbox 2205 3864 3788 3955">
     <span class='ocr_line' id='line_1_82' title="bbox 2205 3864 3788 3955; baseline -0.014 -18"><span class='ocrx_word' id='word_1_586' title='bbox 2205 3883 2416 3955; x_wconf 88' lang='lat' dir='ltr'><strong>cipere,</strong></span> <span class='ocrx_word' id='word_1_587' title='bbox 2467 3882 2539 3937; x_wconf 88' lang='lat' dir='ltr'><strong>ad</strong></span> <span class='ocrx_word' id='word_1_588' title='bbox 2590 3882 2764 3936; x_wconf 85' lang='lat' dir='ltr'><strong>finem</strong></span> <span class='ocrx_word' id='word_1_589' title='bbox 2814 3896 3002 3951; x_wconf 87' lang='lat' dir='ltr'><strong>usque</strong></span> <span class='ocrx_word' id='word_1_590' title='bbox 3046 3879 3380 3942; x_wconf 85' lang='lat' dir='ltr'><strong>contendat,</strong></span> <span class='ocrx_word' id='word_1_591' title='bbox 3431 3879 3487 3931; x_wconf 88' lang='lat' dir='ltr'><strong>et</strong></span> <span class='ocrx_word' id='word_1_592' title='bbox 3528 3864 3699 3943; x_wconf 84' lang='lat' dir='ltr'><strong>cperis</strong></span> <span class='ocrx_word' id='word_1_593' title='bbox 3722 3872 3788 3915; x_wconf 77' lang='lat' dir='ltr'><strong>sn!</strong></span> 
     </span>
    </p>
   </div>
   <div class='ocr_carea' id='block_1_83' title="bbox 2205 3961 3784 4043">
    <p class='ocr_par' dir='ltr' id='par_1_83' title="bbox 2205 3961 3784 4043">
     <span class='ocr_line' id='line_1_83' title="bbox 2205 3961 3784 4043; baseline -0.011 -16"><span class='ocrx_word' id='word_1_594' title='bbox 2205 3972 2526 4027; x_wconf 88' lang='lat' dir='ltr'><strong>terminum</strong></span> <span class='ocrx_word' id='word_1_595' title='bbox 2556 3974 2799 4041; x_wconf 67' lang='lat' dir='ltr'><strong>qumrat.</strong></span> <span class='ocrx_word' id='word_1_596' title='bbox 2830 3969 3072 4035; x_wconf 85' lang='lat' dir='ltr'><strong>Quando</strong></span> <span class='ocrx_word' id='word_1_597' title='bbox 3104 3968 3232 4023; x_wconf 80' lang='lat' dir='ltr'><strong>linit</strong></span> <span class='ocrx_word' id='word_1_598' title='bbox 3261 3962 3494 4037; x_wconf 87' lang='lat' dir='ltr'><strong>aliquod</strong></span> <span class='ocrx_word' id='word_1_599' title='bbox 3525 3972 3677 4031; x_wconf 83' lang='lat' dir='ltr'><strong>opus,</strong></span> <span class='ocrx_word' id='word_1_600' title='bbox 3698 3961 3784 4043; x_wconf 56' lang='grc' dir='ltr'><strong>ιιίξξι</strong></span> 
     </span>
    </p>
   </div>
   <div class='ocr_carea' id='block_1_84' title="bbox 2208 4034 3793 4133">
    <p class='ocr_par' dir='ltr' id='par_1_84' title="bbox 2208 4034 3793 4133">
     <span class='ocr_line' id='line_1_84' title="bbox 2208 4034 3793 4133; baseline -0.014 -16"><span class='ocrx_word' id='word_1_601' title='bbox 2208 4061 2375 4133; x_wconf 90' lang='lat' dir='ltr'><strong>quasi</strong></span> <span class='ocrx_word' id='word_1_602' title='bbox 2403 4034 2812 4115; x_wconf 70' lang='lat' dir='ltr'><strong>consummato</strong></span> <span class='ocrx_word' id='word_1_603' title='bbox 2837 4074 3009 4130; x_wconf 89' lang='lat' dir='ltr'><strong>opere</strong></span> <span class='ocrx_word' id='word_1_604' title='bbox 3040 4057 3281 4113; x_wconf 88' lang='lat' dir='ltr'><strong>ferietur</strong></span> <span class='ocrx_word' id='word_1_605' title='bbox 3309 4034 3455 4127; x_wconf 64' lang='lat'><strong>(66):</strong></span> <span class='ocrx_word' id='word_1_606' title='bbox 3489 4048 3585 4106; x_wconf 90' lang='lat' dir='ltr'><strong>sed</strong></span> <span class='ocrx_word' id='word_1_607' title='bbox 3628 4044 3679 4098; x_wconf 89' lang='lat' dir='ltr'><strong>in</strong></span> <span class='ocrx_word' id='word_1_608' title='bbox 3712 4034 3793 4092; x_wconf 59' lang='lat' dir='ltr'><strong>alia</strong></span> 
     </span>
    </p>
   </div>
   <div class='ocr_carea' id='block_1_85' title="bbox 2208 4133 3793 4219">
    <p class='ocr_par' dir='ltr' id='par_1_85' title="bbox 2208 4133 3793 4219">
     <span class='ocr_line' id='line_1_85' title="bbox 2208 4133 3793 4219; baseline -0.013 -14"><span class='ocrx_word' id='word_1_609' title='bbox 2208 4152 2469 4206; x_wconf 89' lang='lat' dir='ltr'><strong>recurrat</strong></span> <span class='ocrx_word' id='word_1_610' title='bbox 2492 4164 2687 4219; x_wconf 87' lang='lat' dir='ltr'><strong>opera,</strong></span> <span class='ocrx_word' id='word_1_611' title='bbox 2717 4150 2776 4202; x_wconf 88' lang='lat' dir='ltr'><strong>et</strong></span> <span class='ocrx_word' id='word_1_612' title='bbox 2804 4162 3036 4218; x_wconf 89' lang='lat' dir='ltr'><strong>semper</strong></span> <span class='ocrx_word' id='word_1_613' title='bbox 3064 4146 3425 4201; x_wconf 89' lang='lat' dir='ltr'><strong>incrementa</strong></span> <span class='ocrx_word' id='word_1_614' title='bbox 3446 4133 3663 4195; x_wconf 88' lang='lat' dir='ltr'><strong>virtutis</strong></span> <span class='ocrx_word' id='word_1_615' title='bbox 3678 4137 3793 4184; x_wconf 65' lang='lat' dir='ltr'><strong>alio!&quot;</strong></span> 
     </span>
    </p>
   </div>
   <div class='ocr_carea' id='block_1_86' title="bbox 2209 4223 3793 4309">
    <p class='ocr_par' dir='ltr' id='par_1_86' title="bbox 2209 4223 3793 4309">
     <span class='ocr_line' id='line_1_86' title="bbox 2209 4223 3793 4309; baseline -0.013 -15"><span class='ocrx_word' id='word_1_616' title='bbox 2209 4242 2367 4295; x_wconf 90' lang='lat' dir='ltr'><strong>ceat:</strong></span> <span class='ocrx_word' id='word_1_617' title='bbox 2399 4236 2633 4309; x_wconf 91' lang='lat' dir='ltr'><strong>quando</strong></span> <span class='ocrx_word' id='word_1_618' title='bbox 2659 4236 2898 4308; x_wconf 88' lang='lat' dir='ltr'><strong>quidem</strong></span> <span class='ocrx_word' id='word_1_619' title='bbox 2944 4235 3098 4290; x_wconf 88' lang='lat' dir='ltr'><strong>videt</strong></span> <span class='ocrx_word' id='word_1_620' title='bbox 3146 4234 3302 4305; x_wconf 91' lang='lat' dir='ltr'><strong>quod</strong></span> <span class='ocrx_word' id='word_1_621' title='bbox 3354 4232 3410 4286; x_wconf 88' lang='lat' dir='ltr'><strong>in</strong></span> <span class='ocrx_word' id='word_1_622' title='bbox 3460 4228 3666 4283; x_wconf 84' lang='lat' dir='ltr'><strong>fructus</strong></span> <span class='ocrx_word' id='word_1_623' title='bbox 3690 4223 3793 4272; x_wconf 74' lang='lat'><strong>81105</strong></span> 
     </span>
    </p>
   </div>
   <div class='ocr_carea' id='block_1_87' title="bbox 2210 4310 3793 4399">
    <p class='ocr_par' dir='ltr' id='par_1_87' title="bbox 2210 4310 3793 4399">
     <span class='ocr_line' id='line_1_87' title="bbox 2210 4310 3793 4399; baseline -0.013 -15"><span class='ocrx_word' id='word_1_624' title='bbox 2210 4343 2443 4399; x_wconf 91' lang='lat' dir='ltr'><strong>semper</strong></span> <span class='ocrx_word' id='word_1_625' title='bbox 2470 4331 2625 4382; x_wconf 90' lang='lat' dir='ltr'><strong>terra</strong></span> <span class='ocrx_word' id='word_1_626' title='bbox 2655 4328 2954 4381; x_wconf 88' lang='lat' dir='ltr'><strong>revocetur</strong></span> <span class='ocrx_word' id='word_1_627' title='bbox 2998 4324 3135 4394; x_wconf 87' lang='lat'><strong>(67),</strong></span> <span class='ocrx_word' id='word_1_628' title='bbox 3192 4322 3292 4394; x_wconf 89' lang='lat' dir='ltr'><strong>qui</strong></span> <span class='ocrx_word' id='word_1_629' title='bbox 3346 4315 3550 4375; x_wconf 87' lang='lat' dir='ltr'><strong>diversi</strong></span> <span class='ocrx_word' id='word_1_630' title='bbox 3594 4310 3793 4399; x_wconf 48' lang='lat' dir='ltr'><strong>salvete</strong></span> 
     </span>
    </p>
   </div>
   <div class='ocr_carea' id='block_1_88' title="bbox 2211 4391 3795 4484">
    <p class='ocr_par' dir='ltr' id='par_1_88' title="bbox 2211 4391 3795 4484">
     <span class='ocr_line' id='line_1_88' title="bbox 2211 4391 3795 4484; baseline -0.011 -13"><span class='ocrx_word' id='word_1_631' title='bbox 2211 4420 2269 4471; x_wconf 89' lang='lat' dir='ltr'><strong>et</strong></span> <span class='ocrx_word' id='word_1_632' title='bbox 2315 4391 2534 4484; x_wconf 70' lang='lat' dir='ltr'><strong>testate,</strong></span> <span class='ocrx_word' id='word_1_633' title='bbox 2589 4418 2651 4469; x_wconf 92' lang='lat' dir='ltr'><strong>ut</strong></span> <span class='ocrx_word' id='word_1_634' title='bbox 2699 4414 2758 4469; x_wconf 91' lang='lat' dir='ltr'><strong>in</strong></span> <span class='ocrx_word' id='word_1_635' title='bbox 2826 4391 3103 4484; x_wconf 81' lang='lat' dir='ltr'><strong>partibus</strong></span> <span class='ocrx_word' id='word_1_636' title='bbox 3155 4391 3431 4476; x_wconf 79' lang='lat' dir='ltr'><strong>orientis,</strong></span> <span class='ocrx_word' id='word_1_637' title='bbox 3495 4407 3590 4460; x_wconf 89' lang='lat' dir='ltr'><strong>aut</strong></span> <span class='ocrx_word' id='word_1_638' title='bbox 3643 4391 3795 4484; x_wconf 46' lang='lat' dir='ltr'><strong>sigla“</strong></span> 
     </span>
    </p>
   </div>
   <div class='ocr_carea' id='block_1_89' title="bbox 459 4480 3794 4580">
    <p class='ocr_par' dir='ltr' id='par_1_89' title="bbox 459 4480 3794 4580">
     <span class='ocr_line' id='line_1_89' title="bbox 459 4480 3794 4580; baseline -0.004 -24"><span class='ocrx_word' id='word_1_639' title='bbox 459 4518 520 4556; x_wconf 91' lang='lat' dir='ltr'><strong>re</strong></span> <span class='ocrx_word' id='word_1_640' title='bbox 548 4506 926 4557; x_wconf 86' lang='lat' dir='ltr'><strong>consuerunt.</strong></span> <span class='ocrx_word' id='word_1_641' title='bbox 960 4500 1180 4557; x_wconf 91' lang='lat' dir='ltr'><strong>Crescit</strong></span> <span class='ocrx_word' id='word_1_642' title='bbox 1229 4518 1365 4574; x_wconf 88' lang='lat' dir='ltr'><strong>ergo</strong></span> <span class='ocrx_word' id='word_1_643' title='bbox 1414 4519 1550 4558; x_wconf 90' lang='lat' dir='ltr'><strong>cum</strong></span> <span class='ocrx_word' id='word_1_644' title='bbox 1601 4480 1870 4556; x_wconf 70' lang='lat' dir='ltr'><strong>aatatibus</strong></span> <span class='ocrx_word' id='word_1_645' title='bbox 1902 4480 2097 4573; x_wconf 81' lang='lat' dir='ltr'><strong>culpa.</strong></span> <span class='ocrx_word' id='word_1_646' title='bbox 2130 4515 2174 4580; x_wconf 77' lang='grc' dir='ltr'><strong>Ι)</strong></span> <span class='ocrx_word' id='word_1_647' title='bbox 2208 4480 2612 4576; x_wconf 74' lang='lat' dir='ltr'><strong>autumnoque</strong></span> <span class='ocrx_word' id='word_1_648' title='bbox 2661 4480 2998 4570; x_wconf 66' lang='lat' dir='ltr'><strong>nascantur,</strong></span> <span class='ocrx_word' id='word_1_649' title='bbox 3048 4506 3111 4557; x_wconf 88' lang='lat' dir='ltr'><strong>ut</strong></span> <span class='ocrx_word' id='word_1_650' title='bbox 3158 4501 3218 4554; x_wconf 91' lang='lat' dir='ltr'><strong>in</strong></span> <span class='ocrx_word' id='word_1_651' title='bbox 3270 4497 3530 4572; x_wconf 86' lang='lat' dir='ltr'><strong>partibus</strong></span> <span class='ocrx_word' id='word_1_652' title='bbox 3569 4480 3794 4545; x_wconf 54' lang='lat' dir='ltr'><strong>Occidet?</strong></span> 
     </span>
    </p>
   </div>
   <div class='ocr_carea' id='block_1_90' title="bbox 460 4588 2102 4663">
    <p class='ocr_par' dir='ltr' id='par_1_90' title="bbox 460 4588 2102 4663">
     <span class='ocr_line' id='line_1_90' title="bbox 460 4588 2102 4663; baseline -0.001 -18"><span class='ocrx_word' id='word_1_653' title='bbox 460 4589 644 4645; x_wconf 90' lang='lat' dir='ltr'><strong>Omne</strong></span> <span class='ocrx_word' id='word_1_654' title='bbox 676 4588 853 4660; x_wconf 88' lang='lat' dir='ltr'><strong>igitur</strong></span> <span class='ocrx_word' id='word_1_655' title='bbox 882 4605 1066 4661; x_wconf 90' lang='lat' dir='ltr'><strong>genus</strong></span> <span class='ocrx_word' id='word_1_656' title='bbox 1098 4590 1404 4646; x_wconf 88' lang='lat' dir='ltr'><strong>hominum</strong></span> <span class='ocrx_word' id='word_1_657' title='bbox 1430 4593 1554 4663; x_wconf 90' lang='lat' dir='ltr'><strong>jam</strong></span> <span class='ocrx_word' id='word_1_658' title='bbox 1589 4606 1702 4646; x_wconf 87' lang='lat' dir='ltr'><strong>non</strong></span> <span class='ocrx_word' id='word_1_659' title='bbox 1745 4605 2102 4645; x_wconf 90' lang='lat' dir='ltr'><strong>consumen-</strong></span> 
     </span>
    </p>
   </div>
   <div class='ocr_carea' id='block_1_91' title="bbox 461 4676 2107 4751">
    <p class='ocr_par' dir='ltr' id='par_1_91' title="bbox 461 4676 2107 4751">
     <span class='ocr_line' id='line_1_91' title="bbox 461 4676 2107 4751; baseline 0.001 -18"><span class='ocrx_word' id='word_1_660' title='bbox 461 4678 604 4733; x_wconf 90' lang='lat' dir='ltr'><strong>dum</strong></span> <span class='ocrx_word' id='word_1_661' title='bbox 670 4676 945 4745; x_wconf 87' lang='lat' dir='ltr'><strong>declarat,</strong></span> <span class='ocrx_word' id='word_1_662' title='bbox 1007 4694 1141 4734; x_wconf 91' lang='lat' dir='ltr'><strong>cum</strong></span> <span class='ocrx_word' id='word_1_663' title='bbox 1212 4679 1388 4734; x_wconf 88' lang='lat' dir='ltr'><strong>dicit:</strong></span> <span class='ocrx_word' id='word_1_664' title='bbox 1458 4679 1574 4734; x_wconf 85' lang='lat' dir='ltr'><strong>Non</strong></span> <span class='ocrx_word' id='word_1_665' title='bbox 1653 4679 1917 4751; x_wconf 81' lang='lat' dir='ltr'><strong>adjiciam</strong></span> <span class='ocrx_word' id='word_1_666' title='bbox 1981 4694 2107 4749; x_wconf 87' lang='lat' dir='ltr'><strong>per-</strong></span> 
     </span>
    </p>
   </div>
   <div class='ocr_carea' id='block_1_92' title="bbox 2215 4595 2309 4650">
    <p class='ocr_par' dir='ltr' id='par_1_92' title="bbox 2215 4595 2309 4650">
     <span class='ocr_line' id='line_1_92' title="bbox 2215 4595 2309 4650; baseline -0.011 0"><span class='ocrx_word' id='word_1_667' title='bbox 2215 4595 2309 4650; x_wconf 92' lang='lat' dir='ltr'><strong>tis.</strong></span> 
     </span>
    </p>
   </div>
   <div class='ocr_carea' id='block_1_93' title="bbox 2286 4663 3797 4753">
    <p class='ocr_par' dir='ltr' id='par_1_93' title="bbox 2286 4663 3797 4753">
     <span class='ocr_line' id='line_1_93' title="bbox 2286 4663 3797 4753; baseline -0.019 -11"><span class='ocrx_word' id='word_1_668' title='bbox 2286 4684 2376 4744; x_wconf 69' lang='lat'><strong>8’4.</strong></span> <span class='ocrx_word' id='word_1_669' title='bbox 2412 4682 2540 4737; x_wconf 84' lang='lat' dir='ltr'><strong>Alio</strong></span> <span class='ocrx_word' id='word_1_670' title='bbox 2562 4684 2820 4753; x_wconf 79' lang='lat' dir='ltr'><strong>tempore</strong></span> <span class='ocrx_word' id='word_1_671' title='bbox 2841 4687 3128 4735; x_wconf 89' lang='lat' dir='ltr'><strong>terrarum</strong></span> <span class='ocrx_word' id='word_1_672' title='bbox 3153 4675 3466 4736; x_wconf 88' lang='lat' dir='ltr'><strong>seminaria</strong></span> <span class='ocrx_word' id='word_1_673' title='bbox 3484 4671 3666 4745; x_wconf 80' lang='lat' dir='ltr'><strong>partus</strong></span> <span class='ocrx_word' id='word_1_674' title='bbox 3692 4663 3797 4713; x_wconf 62' lang='lat' dir='ltr'><strong>suo!</strong></span> 
     </span>
    </p>
   </div>
   <div class='ocr_carea' id='block_1_94' title="bbox 536 4858 3801 4962">
    <p class='ocr_par' dir='ltr' id='par_1_94' title="bbox 536 4858 3801 4962">
     <span class='ocr_line' id='line_1_94' title="bbox 536 4858 3801 4962; baseline -0.001 -35"><span class='ocrx_word' id='word_1_675' title='bbox 536 4875 658 4962; x_wconf 10' lang='lat'><strong>(82);</strong></span> <span class='ocrx_word' id='word_1_676' title='bbox 918 4873 1059 4962; x_wconf 85' lang='lat' dir='ltr'><strong>edit.</strong></span> <span class='ocrx_word' id='word_1_677' title='bbox 1108 4872 1252 4962; x_wconf 75' lang='lat' dir='ltr'><strong>sola,</strong></span> <span class='ocrx_word' id='word_1_678' title='bbox 1300 4890 1372 4929; x_wconf 74' lang='lat' dir='ltr'><strong>ea:</strong></span> <span class='ocrx_word' id='word_1_679' title='bbox 1416 4875 1775 4931; x_wconf 74' lang='lat' dir='ltr'><strong>adolesceatia</strong></span> <span class='ocrx_word' id='word_1_680' title='bbox 1821 4892 1943 4962; x_wconf 64' lang='lat' dir='ltr'><strong>sua.</strong></span> <span class='ocrx_word' id='word_1_681' title='bbox 1992 4878 2112 4962; x_wconf 53' lang='lat' dir='ltr'><strong>{Vari</strong></span> <span class='ocrx_word' id='word_1_682' title='bbox 2221 4891 2434 4962; x_wconf 59' lang='lat' dir='ltr'><strong>terram</strong></span> <span class='ocrx_word' id='word_1_683' title='bbox 2459 4885 2683 4962; x_wconf 59' lang='lat' dir='ltr'><strong>propter</strong></span> <span class='ocrx_word' id='word_1_684' title='bbox 2721 4893 2890 4962; x_wconf 34' lang='lat' dir='ltr'><strong>‘opera</strong></span> <span class='ocrx_word' id='word_1_685' title='bbox 2948 4875 3249 4962; x_wconf 61' lang='lat' dir='ltr'><strong>hominum:</strong></span> <span class='ocrx_word' id='word_1_686' title='bbox 3283 4875 3415 4946; x_wconf 87' lang='lat' dir='ltr'><strong>quia</strong></span> <span class='ocrx_word' id='word_1_687' title='bbox 3464 4858 3801 4962; x_wconf 49' lang='grc' dir='ltr'><strong>ρεςδιξζιξξηςςέ</strong></span> 
     </span>
    </p>
   </div>
   <div class='ocr_carea' id='block_1_95' title="bbox 463 4944 2110 5019">
    <p class='ocr_par' dir='ltr' id='par_1_95' title="bbox 463 4944 2110 5019">
     <span class='ocr_line' id='line_1_95' title="bbox 463 4944 2110 5019; baseline 0.001 -17"><span class='ocrx_word' id='word_1_688' title='bbox 463 4944 901 5019; x_wconf 26' lang='lat' dir='ltr'><strong>ergoJadjiciam</strong></span> <span class='ocrx_word' id='word_1_689' title='bbox 934 4949 1220 5016; x_wconf 83' lang='lat' dir='ltr'><strong>percutere</strong></span> <span class='ocrx_word' id='word_1_690' title='bbox 1262 4962 1474 5001; x_wconf 83' lang='lat' dir='ltr'><strong>omnem</strong></span> <span class='ocrx_word' id='word_1_691' title='bbox 1520 4963 1745 5002; x_wconf 82' lang='lat' dir='ltr'><strong>carnem</strong></span> <span class='ocrx_word' id='word_1_692' title='bbox 1786 4950 1947 5019; x_wconf 63' lang='lat' dir='ltr'><strong>sicut,</strong></span> <span class='ocrx_word' id='word_1_693' title='bbox 1980 4951 2110 5019; x_wconf 82' lang='lat' dir='ltr'><strong>feci,</strong></span> 
     </span>
    </p>
   </div>
   <div class='ocr_carea' id='block_1_96' title="bbox 2221 4918 3799 5021">
    <p class='ocr_par' dir='ltr' id='par_1_96' title="bbox 2221 4918 3799 5021">
     <span class='ocr_line' id='line_1_96' title="bbox 2221 4918 3799 5021; baseline -0.015 -11"><span class='ocrx_word' id='word_1_694' title='bbox 3130 4918 3309 5001; x_wconf 36' lang='lat' dir='ltr'><strong>mal-av</strong></span> <span class='ocrx_word' id='word_1_695' title='bbox 3358 4961 3427 5000; x_wconf 69' lang='lat' dir='ltr'><strong>ea:</strong></span> <span class='ocrx_word' id='word_1_696' title='bbox 3464 4918 3799 4994; x_wconf 49' lang='lat' dir='ltr'><strong>(adolle</strong></span> 
     </span>
    </p>
   </div>
   <div class='ocr_carea' id='block_1_97' title="bbox 464 5016 2338 5081">
    <p class='ocr_par' dir='ltr' id='par_1_97' title="bbox 464 5016 2338 5081">
     <span class='ocr_line' id='line_1_97' title="bbox 464 5016 2338 5081; baseline 0.002 -9"><span class='ocrx_word' id='word_1_697' title='bbox 464 5016 721 5073; x_wconf 75' lang='lat' dir='ltr'><strong>omnibus</strong></span> <span class='ocrx_word' id='word_1_698' title='bbox 749 5016 935 5071; x_wconf 81' lang='lat' dir='ltr'><strong>diebus</strong></span> <span class='ocrx_word' id='word_1_699' title='bbox 972 5024 1155 5073; x_wconf 66' lang='lat' dir='ltr'><strong>terrae.</strong></span> <span class='ocrx_word' id='word_1_700' title='bbox 1191 5019 1333 5072; x_wconf 86' lang='lat' dir='ltr'><strong>Cum</strong></span> <span class='ocrx_word' id='word_1_701' title='bbox 1368 5035 1507 5072; x_wconf 88' lang='lat' dir='ltr'><strong>mss.</strong></span> <span class='ocrx_word' id='word_1_702' title='bbox 1537 5018 1827 5074; x_wconf 82' lang='lat' dir='ltr'><strong>consentit</strong></span> <span class='ocrx_word' id='word_1_703' title='bbox 1850 5016 2114 5075; x_wconf 87' lang='lat' dir='ltr'><strong>Nobilius</strong></span> <span class='ocrx_word' id='word_1_704' title='bbox 2220 5042 2338 5081; x_wconf 83' lang='lat' dir='ltr'><strong>sua.</strong></span> 
     </span>
    </p>
   </div>
   <div class='ocr_carea' id='block_1_98' title="bbox 465 5087 2115 5163">
    <p class='ocr_par' dir='ltr' id='par_1_98' title="bbox 465 5087 2115 5163">
     <span class='ocr_line' id='line_1_98' title="bbox 465 5087 2115 5163; baseline 0.002 -20"><span class='ocrx_word' id='word_1_705' title='bbox 465 5087 713 5163; x_wconf 25' lang='lat' dir='ltr'><strong>in-hunc</strong></span> <span class='ocrx_word' id='word_1_706' title='bbox 744 5087 959 5163; x_wconf 83' lang='lat' dir='ltr'><strong>locum,</strong></span> <span class='ocrx_word' id='word_1_707' title='bbox 993 5089 1103 5144; x_wconf 89' lang='lat' dir='ltr'><strong>nisi</strong></span> <span class='ocrx_word' id='word_1_708' title='bbox 1138 5089 1292 5159; x_wconf 90' lang='lat' dir='ltr'><strong>quod</strong></span> <span class='ocrx_word' id='word_1_709' title='bbox 1327 5091 1499 5163; x_wconf 87' lang='lat' dir='ltr'><strong>paulo</strong></span> <span class='ocrx_word' id='word_1_710' title='bbox 1523 5090 2115 5163; x_wconf 78' lang='lat' dir='ltr'><strong>superiusinterpun-</strong></span> 
     </span>
    </p>
   </div>
   <div class='ocr_carea' id='block_1_99' title="bbox 467 5159 2114 5231">
    <p class='ocr_par' dir='ltr' id='par_1_99' title="bbox 467 5159 2114 5231">
     <span class='ocr_line' id='line_1_99' title="bbox 467 5159 2114 5231; baseline 0.001 -16"><span class='ocrx_word' id='word_1_711' title='bbox 467 5160 718 5215; x_wconf 91' lang='lat' dir='ltr'><strong>ctionem</strong></span> <span class='ocrx_word' id='word_1_712' title='bbox 750 5159 834 5214; x_wconf 91' lang='lat' dir='ltr'><strong>sic</strong></span> <span class='ocrx_word' id='word_1_713' title='bbox 866 5165 1031 5231; x_wconf 88' lang='lat' dir='ltr'><strong>putat</strong></span> <span class='ocrx_word' id='word_1_714' title='bbox 1059 5177 1187 5215; x_wconf 83' lang='lat' dir='ltr'><strong>esse</strong></span> <span class='ocrx_word' id='word_1_715' title='bbox 1218 5159 1638 5215; x_wconf 83' lang='lat' dir='ltr'><strong>restituendam</strong></span> <span class='ocrx_word' id='word_1_716' title='bbox 1667 5179 1678 5215; x_wconf 95' lang='lat'><strong>:</strong></span> <span class='ocrx_word' id='word_1_717' title='bbox 1716 5164 1788 5215; x_wconf 64' lang='lat' dir='ltr'><strong>lit</strong></span> <span class='ocrx_word' id='word_1_718' title='bbox 1827 5159 1983 5216; x_wconf 74' lang='lat' dir='ltr'><strong>dixit</strong></span> <span class='ocrx_word' id='word_1_719' title='bbox 2006 5163 2114 5217; x_wconf 92' lang='lat' dir='ltr'><strong>Do-</strong></span> 
     </span>
    </p>
   </div>
   <div class='ocr_carea' id='block_1_100' title="bbox 2294 5086 3624 5166">
    <p class='ocr_par' dir='ltr' id='par_1_100' title="bbox 2294 5086 3624 5166">
     <span class='ocr_line' id='line_1_100' title="bbox 2294 5086 3624 5166; baseline -0.008 -17"><span class='ocrx_word' id='word_1_720' title='bbox 2294 5095 2407 5166; x_wconf 80' lang='lat'><strong>(65)</strong></span> <span class='ocrx_word' id='word_1_721' title='bbox 2443 5092 2503 5166; x_wconf 76' lang='lat' dir='ltr'><strong>lu</strong></span> <span class='ocrx_word' id='word_1_722' title='bbox 2535 5092 2660 5148; x_wconf 90' lang='lat' dir='ltr'><strong>sola</strong></span> <span class='ocrx_word' id='word_1_723' title='bbox 2691 5092 2856 5166; x_wconf 66' lang='lat' dir='ltr'><strong>item.</strong></span> <span class='ocrx_word' id='word_1_724' title='bbox 2881 5088 3000 5166; x_wconf 76' lang='lat' dir='ltr'><strong>edit</strong></span> <span class='ocrx_word' id='word_1_725' title='bbox 3029 5088 3241 5161; x_wconf 88' lang='lat' dir='ltr'><strong>legitur</strong></span> <span class='ocrx_word' id='word_1_726' title='bbox 3269 5087 3385 5142; x_wconf 74' lang='lat' dir='ltr'><strong>dies</strong></span> <span class='ocrx_word' id='word_1_727' title='bbox 3413 5086 3462 5140; x_wconf 80' lang='lat' dir='ltr'><strong>et</strong></span> <span class='ocrx_word' id='word_1_728' title='bbox 3506 5093 3624 5166; x_wconf 45' lang='lat'><strong>110$:</strong></span> 
     </span>
    </p>
   </div>
   <div class='ocr_carea' id='block_1_101' title="bbox 2296 5095 3720 5236">
    <p class='ocr_par' dir='ltr' id='par_1_101' title="bbox 2296 5095 3720 5236">
     <span class='ocr_line' id='line_1_101' title="bbox 2296 5095 3624 5166; baseline -0.011 -17"><span class='ocrx_word' id='word_1_729' title='bbox 2296 5098 2388 5166; x_wconf 82' lang='grc'><strong>(65</strong></span> <span class='ocrx_word' id='word_1_730' title='bbox 2443 5095 2503 5148; x_wconf 84' lang='grc' dir='ltr'><strong>1η</strong></span> <span class='ocrx_word' id='word_1_731' title='bbox 2535 5095 2660 5148; x_wconf 91' lang='lat' dir='ltr'><strong>sola</strong></span> <span class='ocrx_word' id='word_1_732' title='bbox 2691 5095 2856 5146; x_wconf 77' lang='lat' dir='ltr'><strong>ltom.</strong></span> <span class='ocrx_word' id='word_1_733' title='bbox 2881 5095 3000 5145; x_wconf 88' lang='lat' dir='ltr'><strong>edit</strong></span> <span class='ocrx_word' id='word_1_734' title='bbox 3030 5095 3241 5161; x_wconf 89' lang='lat' dir='ltr'><strong>legitur</strong></span> <span class='ocrx_word' id='word_1_735' title='bbox 3269 5095 3385 5142; x_wconf 75' lang='lat' dir='ltr'><strong>dies</strong></span> <span class='ocrx_word' id='word_1_736' title='bbox 3413 5095 3462 5140; x_wconf 80' lang='lat' dir='ltr'><strong>et</strong></span> <span class='ocrx_word' id='word_1_737' title='bbox 3506 5095 3624 5158; x_wconf 67' lang='lat' dir='ltr'><strong>non}.</strong></span> 
     </span>
     <span class='ocr_line' id='line_1_102' title="bbox 2296 5095 3720 5236; baseline -0.018 -15"><span class='ocrx_word' id='word_1_738' title='bbox 2296 5095 2407 5236; x_wconf 55' lang='lat' dir='ltr'><strong>(esi</strong></span> <span class='ocrx_word' id='word_1_739' title='bbox 2438 5163 2651 5219; x_wconf 89' lang='lat' dir='ltr'><strong>Omnes</strong></span> <span class='ocrx_word' id='word_1_740' title='bbox 2680 5162 2819 5236; x_wconf 83' lang='lat' dir='ltr'><strong>edit.</strong></span> <span class='ocrx_word' id='word_1_741' title='bbox 2842 5166 2903 5236; x_wconf 91' lang='lat' dir='ltr'><strong>et_</strong></span> <span class='ocrx_word' id='word_1_742' title='bbox 2927 5160 3124 5234; x_wconf 90' lang='lat' dir='ltr'><strong>plures</strong></span> <span class='ocrx_word' id='word_1_743' title='bbox 3154 5177 3296 5215; x_wconf 87' lang='lat' dir='ltr'><strong>mss.</strong></span> <span class='ocrx_word' id='word_1_744' title='bbox 3318 5169 3483 5236; x_wconf 81' lang='lat' dir='ltr'><strong>_0p_er_e</strong></span> <span class='ocrx_word' id='word_1_745' title='bbox 3500 5146 3720 5222; x_wconf 77' lang='lat' dir='ltr'><strong>ﬁniatur.</strong></span> 
     </span>
    </p>
   </div>
   <div class='ocr_carea' id='block_1_102' title="bbox 469 5230 3543 5363">
    <p class='ocr_par' dir='ltr' id='par_1_102' title="bbox 469 5230 3543 5363">
     <span class='ocr_line' id='line_1_103' title="bbox 469 5230 3543 5305; baseline -0.003 -19"><span class='ocrx_word' id='word_1_746' title='bbox 469 5234 659 5287; x_wconf 71' lang='lat' dir='ltr'><strong>minus</strong></span> <span class='ocrx_word' id='word_1_747' title='bbox 689 5230 1025 5299; x_wconf 80' lang='lat' dir='ltr'><strong>recogitans:</strong></span> <span class='ocrx_word' id='word_1_748' title='bbox 1053 5236 1175 5288; x_wconf 69' lang='lat' dir='ltr'><strong>Non</strong></span> <span class='ocrx_word' id='word_1_749' title='bbox 1220 5233 1501 5303; x_wconf 81' lang='lat' dir='ltr'><strong>adjiciam,</strong></span> <span class='ocrx_word' id='word_1_750' title='bbox 1535 5238 1644 5287; x_wconf 88' lang='lat' dir='ltr'><strong>etc.</strong></span> <span class='ocrx_word' id='word_1_751' title='bbox 1690 5231 1848 5295; x_wconf 88' lang='lat' dir='ltr'><strong>Quod</strong></span> <span class='ocrx_word' id='word_1_752' title='bbox 1882 5233 2118 5289; x_wconf 77' lang='lat' dir='ltr'><strong>Hebraeo</strong></span> <span class='ocrx_word' id='word_1_753' title='bbox 2225 5230 2324 5293; x_wconf 84' lang='lat' dir='ltr'><strong>Ele</strong></span> <span class='ocrx_word' id='word_1_754' title='bbox 2369 5230 2565 5292; x_wconf 79' lang='lat' dir='ltr'><strong>antius</strong></span> <span class='ocrx_word' id='word_1_755' title='bbox 2593 5234 2762 5290; x_wconf 85' lang='lat' dir='ltr'><strong>Corb.</strong></span> <span class='ocrx_word' id='word_1_756' title='bbox 2795 5238 2852 5288; x_wconf 88' lang='lat' dir='ltr'><strong>et</strong></span> <span class='ocrx_word' id='word_1_757' title='bbox 2884 5230 3086 5304; x_wconf 69' lang='lat' dir='ltr'><strong>Long,</strong></span> <span class='ocrx_word' id='word_1_758' title='bbox 3118 5247 3274 5305; x_wconf 82' lang='lat' dir='ltr'><strong>apere</strong></span> <span class='ocrx_word' id='word_1_759' title='bbox 3300 5230 3543 5300; x_wconf 83' lang='lat' dir='ltr'><strong>ferietur.</strong></span> 
     </span>
     <span class='ocr_line' id='line_1_104' title="bbox 469 5253 3543 5363; baseline -0.004 -5"><span class='ocrx_word' id='word_1_760' title='bbox 469 5301 682 5358; x_wconf 90' lang='lat' dir='ltr'><strong>melius</strong></span> <span class='ocrx_word' id='word_1_761' title='bbox 712 5302 1062 5363; x_wconf 83' lang='lat' dir='ltr'><strong>respondere</strong></span> <span class='ocrx_word' id='word_1_762' title='bbox 1094 5304 1324 5358; x_wconf 85' lang='lat' dir='ltr'><strong>asserit.</strong></span> <span class='ocrx_word' id='word_1_763' title='bbox 2296 5253 2411 5363; x_wconf 58' lang='lat' dir='ltr'><strong>(g7)</strong></span> <span class='ocrx_word' id='word_1_764' title='bbox 2441 5306 2527 5361; x_wconf 85' lang='lat' dir='ltr'><strong>lta</strong></span> <span class='ocrx_word' id='word_1_765' title='bbox 2577 5322 2677 5361; x_wconf 82' lang='lat' dir='ltr'><strong>sex</strong></span> <span class='ocrx_word' id='word_1_766' title='bbox 2725 5320 2868 5359; x_wconf 89' lang='lat' dir='ltr'><strong>mss.</strong></span> <span class='ocrx_word' id='word_1_767' title='bbox 2926 5308 2985 5358; x_wconf 89' lang='lat' dir='ltr'><strong>et</strong></span> <span class='ocrx_word' id='word_1_768' title='bbox 3039 5303 3183 5359; x_wconf 89' lang='lat' dir='ltr'><strong>edit.</strong></span> <span class='ocrx_word' id='word_1_769' title='bbox 3242 5304 3370 5357; x_wconf 85' lang='lat' dir='ltr'><strong>Am.</strong></span> <span class='ocrx_word' id='word_1_770' title='bbox 3421 5311 3486 5351; x_wconf 90' lang='lat' dir='ltr'><strong>ac</strong></span> <span class='ocrx_word' id='word_1_771' title='bbox 3532 5295 3543 5346; x_wconf 88' lang='lat' dir='ltr'><strong>l</strong></span> 
     </span>
    </p>
   </div>
   <div class='ocr_carea' id='block_1_103' title="bbox 469 5301 1324 5373">
    <p class='ocr_par' dir='ltr' id='par_1_103' title="bbox 469 5301 1324 5373">
     <span class='ocr_line' id='line_1_105' title="bbox 469 5301 1324 5373; baseline -0.001 -15"><span class='ocrx_word' id='word_1_772' title='bbox 469 5301 1062 5373; x_wconf 15' lang='lat' dir='ltr'><strong>meliusirespondere</strong></span> <span class='ocrx_word' id='word_1_773' title='bbox 1094 5301 1324 5358; x_wconf 82' lang='lat' dir='ltr'><strong>asserit.</strong></span> 
     </span>
    </p>
   </div>
   <div class='ocr_carea' id='block_1_104' title="bbox 539 5372 2361 5446">
    <p class='ocr_par' dir='ltr' id='par_1_104' title="bbox 539 5372 2361 5446">
     <span class='ocr_line' id='line_1_106' title="bbox 539 5372 2361 5446; baseline 0.004 -19"><span class='ocrx_word' id='word_1_774' title='bbox 539 5374 653 5443; x_wconf 82' lang='lat'><strong>(63)</strong></span> <span class='ocrx_word' id='word_1_775' title='bbox 686 5372 835 5427; x_wconf 81' lang='lat' dir='ltr'><strong>Edit.</strong></span> <span class='ocrx_word' id='word_1_776' title='bbox 872 5373 1061 5441; x_wconf 80' lang='lat' dir='ltr'><strong>Rom.,</strong></span> <span class='ocrx_word' id='word_1_777' title='bbox 1094 5374 1208 5430; x_wconf 87' lang='lat' dir='ltr'><strong>Non</strong></span> <span class='ocrx_word' id='word_1_778' title='bbox 1256 5375 1512 5446; x_wconf 84' lang='lat' dir='ltr'><strong>adjiciam</strong></span> <span class='ocrx_word' id='word_1_779' title='bbox 1560 5383 1843 5446; x_wconf 83' lang='lat' dir='ltr'><strong>percutere</strong></span> <span class='ocrx_word' id='word_1_780' title='bbox 1901 5392 2119 5431; x_wconf 82' lang='lat' dir='ltr'><strong>omnem</strong></span> <span class='ocrx_word' id='word_1_781' title='bbox 2228 5372 2361 5435; x_wconf 84' lang='lat' dir='ltr'><strong>aliis</strong></span> 
     </span>
    </p>
   </div>
   <div class='ocr_carea' id='block_1_105' title="bbox 470 5459 711 5499">
    <p class='ocr_par' dir='ltr' id='par_1_105' title="bbox 470 5459 711 5499">
     <span class='ocr_line' id='line_1_107' title="bbox 470 5459 711 5499; baseline -0.012 0"><span class='ocrx_word' id='word_1_782' title='bbox 470 5459 689 5499; x_wconf 80' lang='lat' dir='ltr'><strong>carnem</strong></span> <span class='ocrx_word' id='word_1_783' title='bbox 698 5484 711 5496; x_wconf 86' lang='lat'><strong>.</strong></span> 
     </span>
    </p>
   </div>
   <div class='ocr_carea' id='block_1_106' title="bbox 544 5512 2117 5599">
    <p class='ocr_par' dir='ltr' id='par_1_106' title="bbox 544 5512 2117 5599">
     <span class='ocr_line' id='line_1_108' title="bbox 544 5512 2117 5599; baseline 0.005 -32"><span class='ocrx_word' id='word_1_784' title='bbox 544 5512 791 5599; x_wconf 53' lang='lat' dir='ltr'><strong>gﬁilnlta</strong></span> <span class='ocrx_word' id='word_1_785' title='bbox 843 5529 983 5599; x_wconf 47' lang='lat' dir='ltr'><strong>mss.</strong></span> <span class='ocrx_word' id='word_1_786' title='bbox 1038 5515 1359 5599; x_wconf 48' lang='lat' dir='ltr'><strong>stupriscze</strong></span> <span class='ocrx_word' id='word_1_787' title='bbox 1388 5517 1528 5599; x_wconf 58' lang='lat' dir='ltr'><strong>edit.</strong></span> <span class='ocrx_word' id='word_1_788' title='bbox 1561 5534 1775 5599; x_wconf 75' lang='lat' dir='ltr'><strong>magno</strong></span> <span class='ocrx_word' id='word_1_789' title='bbox 1806 5534 2117 5599; x_wconf 77' lang='lat' dir='ltr'><strong>consensu.</strong></span> 
     </span>
    </p>
   </div>
   <div class='ocr_carea' id='block_1_107' title="bbox 472 5582 2123 5666">
    <p class='ocr_par' dir='ltr' id='par_1_107' title="bbox 472 5582 2123 5666">
     <span class='ocr_line' id='line_1_109' title="bbox 472 5582 2123 5666; baseline 0.004 -23"><span class='ocrx_word' id='word_1_790' title='bbox 472 5584 624 5643; x_wconf 82' lang='lat' dir='ltr'><strong>Edit.</strong></span> <span class='ocrx_word' id='word_1_791' title='bbox 657 5582 851 5650; x_wconf 80' lang='lat' dir='ltr'><strong>Rom.,</strong></span> <span class='ocrx_word' id='word_1_792' title='bbox 883 5585 995 5642; x_wconf 85' lang='lat' dir='ltr'><strong>Non</strong></span> <span class='ocrx_word' id='word_1_793' title='bbox 1027 5582 1312 5661; x_wconf 79' lang='lat' dir='ltr'><strong>adjiciam,</strong></span> <span class='ocrx_word' id='word_1_794' title='bbox 1346 5588 1556 5666; x_wconf 87' lang='lat' dir='ltr'><strong>inquit,</strong></span> <span class='ocrx_word' id='word_1_795' title='bbox 1600 5582 1749 5647; x_wconf 65' lang='lat' dir='ltr'><strong>alim</strong></span> <span class='ocrx_word' id='word_1_796' title='bbox 1795 5589 2123 5649; x_wconf 85' lang='lat' dir='ltr'><strong>maledicere</strong></span> 
     </span>
    </p>
   </div>
   <div class='ocr_carea' id='block_1_108' title="bbox 3242 5270 3801 5357">
    <p class='ocr_par' dir='ltr' id='par_1_108' title="bbox 3242 5270 3801 5357">
     <span class='ocr_line' id='line_1_110' title="bbox 3242 5270 3801 5357; baseline 0.002 0"><span class='ocrx_word' id='word_1_797' title='bbox 3242 5270 3370 5357; x_wconf 66' lang='grc' dir='ltr'><strong>λέιί</strong></span> <span class='ocrx_word' id='word_1_798' title='bbox 3391 5270 3508 5351; x_wconf 57' lang='lat' dir='ltr'><strong>&quot;al?</strong></span> <span class='ocrx_word' id='word_1_799' title='bbox 3532 5270 3650 5346; x_wconf 59' lang='lat' dir='ltr'><strong>iam.</strong></span> <span class='ocrx_word' id='word_1_800' title='bbox 3676 5280 3735 5357; x_wconf 63' lang='lat' dir='ltr'><strong>Al</strong></span> <span class='ocrx_word' id='word_1_801' title='bbox 3759 5270 3801 5357; x_wconf 60' lang='lat' dir='ltr'><strong>i9</strong></span> 
     </span>
    </p>
   </div>
   <div class='ocr_carea' id='block_1_109' title="bbox 2296 5314 2316 5377">
    <p class='ocr_par' dir='ltr' id='par_1_109' title="bbox 2296 5314 2316 5377">
     <span class='ocr_line' id='line_1_111' title="bbox 2296 5314 2316 5377; baseline 0 0"><span class='ocrx_word' id='word_1_802' title='bbox 2296 5314 2316 5377; x_wconf 94' lang='lat'>(</span> 
     </span>
    </p>
   </div>
   <div class='ocr_carea' id='block_1_110' title="bbox 2356 5303 3803 5451">
    <p class='ocr_par' dir='ltr' id='par_1_110' title="bbox 2356 5303 3803 5451">
     <span class='ocr_line' id='line_1_112' title="bbox 2356 5303 3801 5433; baseline -0.019 -71"><span class='ocrx_word' id='word_1_803' title='bbox 2356 5303 2411 5433; x_wconf 44' lang='lat' dir='ltr'><strong>7g</strong></span> <span class='ocrx_word' id='word_1_804' title='bbox 2441 5306 2527 5361; x_wconf 85' lang='lat' dir='ltr'><strong>lta</strong></span> <span class='ocrx_word' id='word_1_805' title='bbox 2577 5322 2677 5361; x_wconf 82' lang='lat' dir='ltr'><strong>sex</strong></span> <span class='ocrx_word' id='word_1_806' title='bbox 2725 5320 2868 5359; x_wconf 89' lang='lat' dir='ltr'><strong>mss.</strong></span> <span class='ocrx_word' id='word_1_807' title='bbox 2926 5308 2985 5358; x_wconf 89' lang='lat' dir='ltr'><strong>et</strong></span> <span class='ocrx_word' id='word_1_808' title='bbox 3017 5303 3183 5359; x_wconf 34' lang='lat' dir='ltr'><strong>’edit&#39;.</strong></span> <span class='ocrx_word' id='word_1_809' title='bbox 3242 5304 3370 5357; x_wconf 85' lang='lat' dir='ltr'><strong>Am.</strong></span> <span class='ocrx_word' id='word_1_810' title='bbox 3421 5311 3486 5351; x_wconf 89' lang='lat' dir='ltr'><strong>ac</strong></span> <span class='ocrx_word' id='word_1_811' title='bbox 3535 5303 3801 5346; x_wconf 62' lang='lat' dir='ltr'><strong>Eram-s-</strong></span> 
     </span>
     <span class='ocr_line' id='line_1_113' title="bbox 2356 5348 3803 5451; baseline -0.013 -19"><span class='ocrx_word' id='word_1_812' title='bbox 2356 5399 2361 5432; x_wconf 65' lang='grc' dir='ltr'>ι</span> <span class='ocrx_word' id='word_1_813' title='bbox 2414 5395 2571 5451; x_wconf 73' lang='lat' dir='ltr'><strong>egas,</strong></span> <span class='ocrx_word' id='word_1_814' title='bbox 2602 5382 2749 5451; x_wconf 76' lang='lat' dir='ltr'><strong>terra</strong></span> <span class='ocrx_word' id='word_1_815' title='bbox 2780 5374 3336 5451; x_wconf 65' lang='lat' dir='ltr'><strong>rmoeetur._lterum</strong></span> <span class='ocrx_word' id='word_1_816' title='bbox 3367 5348 3803 5451; x_wconf 46' lang='lat' dir='ltr'><strong>hoc‘eodc‘tglgg‘:</strong></span> 
     </span>
    </p>
   </div>
   <div class='ocr_carea' id='block_1_111' title="bbox 2228 5428 3803 5518">
    <p class='ocr_par' dir='ltr' id='par_1_111' title="bbox 2228 5428 3803 5518">
     <span class='ocr_line' id='line_1_114' title="bbox 2228 5428 3803 5518; baseline -0.018 -10"><span class='ocrx_word' id='word_1_817' title='bbox 2228 5428 2359 5507; x_wconf 49' lang='lat' dir='ltr'><strong>Vat:</strong></span> <span class='ocrx_word' id='word_1_818' title='bbox 2391 5428 2751 5510; x_wconf 38' lang='lat' dir='ltr'><strong>cecidi-habet,</strong></span> <span class='ocrx_word' id='word_1_819' title='bbox 2780 5428 3105 5518; x_wconf 53' lang='lat' dir='ltr'><strong>quidam:</strong></span> <span class='ocrx_word' id='word_1_820' title='bbox 3124 5428 3255 5502; x_wconf 18' lang='lat' dir='ltr'><strong>fuere</strong></span> <span class='ocrx_word' id='word_1_821' title='bbox 3273 5450 3325 5500; x_wconf 86' lang='lat' dir='ltr'><strong>et</strong></span> <span class='ocrx_word' id='word_1_822' title='bbox 3341 5441 3541 5504; x_wconf 68' lang='lat' dir='ltr'><strong>testate,</strong></span> <span class='ocrx_word' id='word_1_823' title='bbox 3562 5428 3803 5488; x_wconf 68' lang='lat' dir='ltr'><strong>autumo&#39;</strong></span> 
     </span>
    </p>
   </div>
   <div class='ocr_carea' id='block_1_112' title="bbox 2229 5518 2973 5599">
    <p class='ocr_par' dir='ltr' id='par_1_112' title="bbox 2229 5518 2973 5599">
     <span class='ocr_line' id='line_1_115' title="bbox 2229 5518 2973 5599; baseline -0.007 -18"><span class='ocrx_word' id='word_1_824' title='bbox 2229 5539 2331 5599; x_wconf 83' lang='lat' dir='ltr'><strong>que</strong></span> <span class='ocrx_word' id='word_1_825' title='bbox 2357 5524 2675 5588; x_wconf 76' lang='lat' dir='ltr'><strong>nascantur,</strong></span> <span class='ocrx_word' id='word_1_826' title='bbox 2705 5518 2835 5592; x_wconf 88' lang='lat' dir='ltr'><strong>alio,</strong></span> <span class='ocrx_word' id='word_1_827' title='bbox 2867 5523 2973 5576; x_wconf 91' lang='lat' dir='ltr'><strong>etc.</strong></span> 
     </span>
    </p>
   </div>
  </div>
