3878 6208
139 279 236 343 421

1346 283 1579 345 LIBER
1623 280 1726 343 DE
1768 278 1925 343 NOE
1969 281 2069 343 ET
2115 283 2342 344 ΑΒΕΔ.

3422 284 3612 365 42s

143 417 347 472 edunt:
385 415 506 474 alio
538 421 739 475 autem
769 422 1031 490 tempore
1077 416 1301 471 fructus
1351 418 1623 472 arborum
1661 432 1784 470 car-
1817 418 1866 480 Α
1900 413 2156 468 hominis
2180 415 2608 486 generationem
2627 431 2957 488 expressam
2983 433 3191 471 :unam
3213 417 3535 471 secundum

145 507 352 578 pimus.
383 504 626 562 Dividni
655 522 794 580 ergo
825 507 1048 561 fructus
1079 510 1217 562 sunt
1260 506 1596 564 necessarii.
1630 505 1782 560 26³

143 600 194 651 et
223 593 582 667 voluptuarii
608 612 624 650 :
659 594 970 651 necessarii
1001 610 1070 649 ex
1098 593 1425 650 seminibus
1453 598 1744 649 terrarum
1769 611 1784 659 ;

142 688 196 738 at
228 700 365 739 vero
403 701 473 739 ex
504 683 784 739 arborum
825 683 1112 739 fructibus
1164 682 1542 755 voluptuarii.
1585 682 1788 753 Itaque

143 789 352 845 corpus
383 777 653 828 nostrum
683 777 965 844 tanquam
996 788 1149 838 vere,
1198 771 1310 827 hoc
1331 775 1440 838 est,
1472 784 1626 836 aere,
1657 771 1790 826 cibo

142 860 399 934 pascitur
444 861 724 925 naturali,
755 869 866 932 ’Λὲρ
913 860 1029 932 (68)
1075 864 1274 916 autem
1301 859 1499 915 Grai-co
1527 858 1786 925 nomine,

143 967 236 1006 ver
251 949 438 1004 latino
454 950 693 1005 dicitur.
725 949 860 1006 Ideo
887 949 1192 1021 Scriptura
1209 949 1281 1004 de
1297 948 1565 1020 partibus
1585 947 1787 1003 Orien-

144 1039 236 1102 tis,
268 1042 326 1094 et
345 1039 601 1094 maxime
633 1039 857 1111 Egypti
879 1055 980 1110 per
995 1054 1173 1110 quam
1205 1037 1473 1092 transivit
1491 1037 1787 1108 Hebraeus,

144 1125 225 1183 vel
257 1143 329 1183 ex
358 1127 626 1200 partibus
655 1127 960 1183 Pbmniciae
991 1125 1247 1198 sumpsit
1275 1126 1629 1198 exemplum.
1656 1126 1794 1181 Ani-

145 1232 236 1271 ma
259 1219 460 1270 autem
485 1213 891 1286 voluptuariis,
913 1214 1022 1270 hoc
1039 1219 1131 1271 est
1149 1214 1451 1287 sapientiae
1479 1215 1787 1283 fructibus,

145 1303 349 1359 alitur:
402 1304 497 1359 cui
547 1304 782 1371 iterum,
814 1308 880 1358 ut
907 1304 1135 1375 corpori
1190 1308 1391 1359 nostro
1431 1304 1791 1360 contrarium

145 1394 327 1466 frigus
347 1396 407 1448 et
436 1397 633 1457 astus,
659 1393 742 1448 ita
781 1392 960 1448 timor
977 1398 1035 1448 et
1055 1393 1372 1448 iracundia
1392 1392 1666 1448 videntur
1686 1394 1789 1448 ad-

142 1481 450 1537 versa.Sed
476 1480 614 1552 quia
633 1481 692 1535 in
715 1496 956 1552 corpore
975 1485 1082 1547 est,
1107 1495 1348 1536 necesse
1367 1486 1456 1537 est
1481 1486 1538 1537 et
1558 1482 1794 1538 iracun-

142 1569 296 1624 diam
317 1570 535 1626 habeat
555 1574 611 1625 et
625 1570 1029 1636 timorem,nec
1051 1575 1241 1642 potest
1258 1570 1385 1627 sine
1406 1570 1515 1626 hac
1531 1587 1660 1627 esse
1673 1588 1795 1626 cor-

145 1673 329 1730 porcae
351 1659 696 1714 necessitate
719 1663 940 1713 natura
956 1659 1087 1730 (69).
1107 1658 1177 1712 Et
1195 1657 1324 1714 ideo
1358 1675 1525 1715 mens
1554 1661 1792 1731 sapien-

1894 503 2207 574 imagincni
2243 504 2611 568 Dei,alteram
2631 505 2953 560 secundum
2989 506 3333 576 ﬁgmentum
3358 506 3428 560 de
3453 506 3537 560 lJ-

1895 598 1954 647 to
1972 599 2156 647 terrae.
2185 593 2440 665 Denique
2461 593 2561 648 illa
2588 595 2804 649 creatio
2835 593 3096 649 hominis
3126 595 3198 648 de
3220 593 3341 649 luto
3373 599 3540 648 terrze

1892 679 2122 735 videtur
2141 697 2270 736 esse
2301 682 2450 737 facta
2479 687 2614 755 post
2633 683 2942 749 mundum,
2967 687 3286 754 postquam
3313 684 3542 754 requie-

1893 769 1978 824 vit
2001 769 2155 825 Deus
2178 771 2254 825 ab
2268 771 2544 842 operibus
2565 771 2710 826 suis.
2736 772 2877 826 Sero
2900 772 3338 842 quodammodo
3359 775 3548 827 terre-

1896 875 1982 912 nae
2010 864 2216 914 statua
2239 859 2586 931 ﬁgmentum
2620 862 2732 930 (7i)
2764 861 3043 932 gignitur.
3081 862 3235 916 204
3263 861 3381 917 Non
3427 866 3546 916 erat

1895 948 2083 1017 pluvia
2125 965 2290 1018 super
2335 953 2567 1012 terram,
2621 965 2719 1003 nec
2769 952 2926 1004 homo
2971 958 3173 1005 terram
3217 951 3547 1022 operabatur

1897 1036 2049 1105 (Gen.
2075 1054 2136 1100 ιι,
2157 1039 2234 1102 5).
2259 1039 2421 1093 Tunc
2441 1037 2507 1092 de
2529 1039 2658 1092 limo
2680 1048 2838 1093 terrae
2875 1039 3040 1106 [iacit
3065 1040 3204 1094 Deus
3246 1038 3546 1106 hominem,

1896 1129 1949 1180 et
1979 1128 2288 1197 insufﬂauit
2319 1128 2375 1181 in
2408 1129 2606 1194 faciem
2653 1128 2771 1198 ejus
2817 1130 3074 1197 spiritum
3117 1129 3246 1182 vita
3290 1137 3340 1183 et
3368 1131 3547 1199 factus

1896 1219 1974 1269 est
2022 1215 2182 1270 homo
2220 1218 2281 1270 in
2325 1217 2572 1270 animam
2621 1219 2882 1270 m'vcntem
2912 1216 3068 1285 (Ibid.
3101 1218 3180 1285 7).
3215 1215 3317 1271 Ille
3346 1221 3546 1271 autem

1899 1308 2059 1358 sexto
2078 1303 2193 1366 die,
2219 1303 2388 1374 quasi
2413 1304 2664 1374 perfecto
2684 1320 2927 1358 numero
2946 1321 3059 1376 quo
3083 1304 3284 1359 omnia
3313 1303 3546 1359 conclu-

1900 1407 1967 1446 sa
1996 1396 2135 1446 sunt
2186 1406 2364 1463 opera
2395 1391 2515 1460 Dei,
2547 1394 2715 1462 quasi
2759 1395 3012 1462 perfecta
3043 1393 3380 1464 operatione
3409 1409 3546 1448 con-

1901 1479 2144 1534 stitutus
2173 1479 2349 1535 homo
2410 1481 2734 1535 secundum
2791 1481 3114 1550 imaginem
3165 1481 3264 1536 Dei
3313 1486 3422 1551 est,
3455 1482 3547 1536 cui

1900 1568 2078 1623 etiam
2101 1567 2211 1622 iste
2244 1574 2619 1639 comparatur
2649 1569 2747 1638 qui
2779 1568 2836 1622 in
2869 1568 3094 1622 diluvio
3112 1569 3318 1638 justus
3346 1569 3549 1624 inven-

1901 1661 1998 1710 tus
2029 1661 2137 1712 est.
2174 1656 2241 1710 Et
2259 1656 2389 1711 ideo
2411 1673 2589 1728 supra
2613 1662 2842 1710 terrena
2865 1657 3064 1710 omnia
3089 1673 3224 1712 eum
3246 1658 3551 1713 constituit

144 1746 218 1801 tis
255 1746 666 1802 moderamina
689 1747 853 1817 justa
885 1747 1224 1818 dispensat:
1260 1764 1332 1803 ne
1358 1747 1504 1803 iram
1535 1754 1592 1803 et
1619 1749 1790 1804 timo-
1823 1781 1870 1846 Β
1908 1750 2076 1809 Deus,
2109 1745 2262 1800 sicut
2293 1749 2352 1799 et
2381 1744 2545 1843 ill-um
2672 1745 2987 1816 imaginem
3010 1744 3110 1846 Dei
3134 1745 3377 1846 factum,
3409 1747 3549 1818 quia

145 1851 264 1890 rem
299 1835 671 1907 permisceat,
703 1841 761 1889 et
792 1835 893 1890 fiat
923 1835 1191 1891 confusio
1223 1837 1573 1908 quaedamin
1595 1839 1792 1894 animo
1826 1833 1869 1846 “’
1903 1838 2146 1904 uterque
2177 1850 2209 1887 a
2242 1833 2487 1888 terrenis
2538 1834 2696 1887 vitiis
2746 1833 3107 1904 temperabat
3139 1835 3271 1905 (72).
3316 1834 3416 1890 Ille
3447 1836 3549 1907 qui

146 1921 306 1978 illius
333 1928 514 1994 atque
543 1923 851 1979 diluvium.

211 2012 304 2066 85.
333 2011 432 2066 Die
468 2027 702 2082 quoque
733 2016 785 2066 et
807 2016 960 2067 nocte
981 2010 1139 2083 quod
1171 2012 1270 2079 ait,
1303 2028 1407 2084 per
1435 2013 1590 2069 diem
1621 2013 1792 2069 intel-

143 2099 278 2171 ligis
306 2098 744 2154 illuminantem
783 2100 1084 2164 virtutem,
1117 2116 1221 2172 per
1251 2106 1478 2156 noctem
1511 2118 1794 2173 recogno-

145 2188 261 2244 scis
292 2188 665 2243 tenebrosam
697 2187 1114 2260 insipientiam.
1167 2189 1368 2260 Itaque
1415 2191 1555 2246 etin
1587 2191 1796 2248 timere

142 2281 428 2348 tanquam
458 2277 518 2331 in
548 2276 760 2348 frigore
807 2281 997 2348 potest
1037 2293 1162 2333 esse
1203 2276 1546 2336 illuminans
1584 2281 1794 2336 virtus.

143 2363 434 2419 Similiter
487 2369 544 2420 et
572 2364 939 2420 iracundiam
995 2370 1189 2437 potest
1219 2367 1536 2439 reprimere
1573 2373 1796 2442 tempe-

147 2454 374 2522 rantis;
409 2457 474 2508 ut
504 2453 562 2508 in
587 2453 796 2509 timore
815 2453 1126 2526 aliquinon
1155 2456 1387 2527 penitus
1411 2457 1797 2529 resolvantur,

147 2547 203 2598 et
230 2543 428 2615 magis
455 2541 726 2598 timorem
758 2541 1014 2615 dirigant
1044 2543 1116 2598 ad
1147 2558 1324 2616 opera
1346 2543 1600 2602 virtutis.
1623 2547 1796 2603 Verbi

152 2630 418 2702 gratia,si
445 2631 1055 2703 persecutorinsistat.
1091 2636 1155 2687 ut
1183 2631 1316 2704 plus
1348 2633 1531 2690 Deum
1564 2636 1796 2706 timeas,

161 2726 209 2774 et
230 2723 515 2792 perpetua
543 2721 733 2794 magis
749 2720 1057 2792 supplicia,
1090 2737 1268 2792 quam
1294 2724 1601 2794 praesentia
1630 2730 1800 2797 putes

165 2823 280 2864 esse
308 2809 571 2876 vitanda,
622 2825 749 2880 quas
798 2810 940 2866 dum
971 2809 1168 2876 times,
1209 2812 1544 2869 accendaris
1575 2815 1646 2870 ad
1677 2815 1799 2887 glo-

169 2897 328 2964 riam,
361 2897 618 2969 perﬁdia
661 2897 844 2954 iratus
873 2902 932 2954 et
972 2897 1195 2954 sceleri.
1231 2900 1457 2957 Rursus
1499 2901 1804 2963 iracundia

162 3001 474 3042 successus
503 2985 697 3042 divino
728 2986 1176 3043 commotionem
1221 2988 1429 3046 timore
1460 2993 1800 3050 modereris.

755 3075 984 3132 CAPUT
1021 3075 1212 3132 XXIV.

164 3145 237 3200 De
261 3148 637 3216 praerogativa
660 3150 941 3216 potestatis
993 3147 1306 3203 hominibus
1336 3150 1396 3204 in
1425 3159 1624 3207 caetera
1675 3155 1799 3209 ani-
1831 3143 1874 3210 C

230 3218 406 3272 malia
430 3233 528 3290 per
573 3216 994 3290 benedictionem
1035 3235 1143 3290 qua
1178 3220 1286 3275 Noe
1331 3235 1458 3276 cum
1486 3225 1602 3278 suis
1630 3223 1800 3281 dona-

230 3290 321 3344 tus
350 3287 451 3368 est,
478 3287 740 3368 divinitas
770 3287 1078 3368 ‘mtribwa.
1111 3291 1197 3368 ﬁt
1231 3292 1492 3368 quomodo
1530 3296 1804 3368 intelliga-

230 3368 325 3413 tur
354 3359 617 3413 Dominus
667 3360 866 3414 eisdem
908 3360 1218 3416 hominibus
1239 3359 1329 3416 'in
1375 3379 1552 3419 escam
1597 3359 1803 3423 dedisse

225 3432 419 3485 omnia
446 3431 820 3502 reptilia,cum
847 3447 1034 3487 eorum
1061 3433 1313 3504 quaedam
1340 3441 1536 3490 venata
1560 3438 1690 3492 sint.

224 3518 316 3573 86.
349 3519 418 3573 Et
465 3518 742 3574 benedixit
787 3520 1050 3575 Dominus
1098 3521 1210 3575 Noe
1250 3529 1304 3577 et
1341 3522 1487 3592 ﬁlios
1533 3526 1670 3596 ejus,
1714 3526 1800 3582 di-

159 3622 320 3663 cens:
353 3606 585 3662 Crescite
627 3611 679 3663 et
724 3609 1200 3680 multiplicamini,
1246 3614 1298 3666 et
1339 3613 1548 3683 replete
1572 3617 1797 3685 terram,

157 3703 207 3751 et
230 3695 601 3752 dominamini
643 3698 760 3767 ejus
782 3715 804 3750 .·
849 3704 900 3751 et
948 3699 1114 3752 timor
1155 3702 1330 3754 vester
1374 3703 1426 3755 et
1453 3709 1656 3758 tremor
1696 3720 1746 3759 er
1758 3706 1803 3760 it

159 3786 412 3840 omnibus
443 3785 624 3839 bestiis
671 3787 856 3851 terrae,
914 3794 967 3841 et
993 3787 1248 3841 omnibus
1290 3789 1483 3843 avibus
1509 3792 1637 3846 creti
1665 3793 1799 3864 (70),

154 3881 206 3929 et
223 3875 285 3928 in
315 3873 571 3928 omnibus
599 3888 726 3944 quae
748 3878 1034 3929 moventur
1058 3891 1224 3946 super
1257 3883 1483 3947 terram,
1515 3883 1566 3935 et
1594 3881 1654 3935 in
1685 3897 1802 3938 om-

154 3964 318 4018 nibus
342 3961 589 4033 piscibus
617 3964 788 4016 maris
817 3961 968 4032 (Gen.
1002 3980 1078 4029 1x,
1114 3963 1138 4019 4
1174 3971 1226 4019 et
1248 3964 1326 4019 2).
1354 3963 1484 4021 Haec
1514 3983 1801 4043 praaroga-

154 4051 269 4106 tiva
311 4049 621 4123 potestatis
664 4049 723 4106 in
773 4050 994 4107 caeteris
1047 4052 1404 4110 animalibus
1440 4055 1670 4112 videtur
1697 4057 1802 4116 ho-

153 4139 419 4194 minibus
447 4139 730 4193 attributa
772 4139 905 4195 etin
939 4141 1341 4212 superioribus
1370 4144 1656 4214 partibus.
1688 4147 1800 4205 Sed

153 4245 219 4284 eo
235 4227 366 4283 loco
390 4226 490 4282 ubi
514 4227 662 4282 dixit
682 4229 835 4300 quod
859 4228 1011 4286 Deus
1038 4228 1334 4286 hominem
1357 4231 1512 4300 fecit,
1545 4234 1762 4292 dicitur
1786 4256 1800 4294 :

152 4317 454 4373 Masculum
497 4320 549 4371 et
572 4318 838 4388 feminam
867 4319 996 4389 fecit
1023 4333 1129 4385 eos,
1173 4323 1226 4374 et
1273 4320 1550 4377 benedixit
1594 4326 1672 4380 eis
1715 4324 1801 4381 di-

152 4423 277 4462 cens
302 4424 320 4460 :
354 4405 590 4462 Crescite
633 4410 684 4463 et
728 4407 1208 4479 multiplicamini,
1257 4413 1308 4464 et
1335 4411 1536 4482 replete
1574 4415 1799 4482 terram,

1902 1921 1983 1975 ita
1997 1925 2310 1992 generatus
2330 1925 2439 1989 est,
2475 1925 2540 1976 ut
2567 1919 2707 1974 nihil
2733 1927 2960 1976 terreno
2977 1922 3213 1978 deberet
3233 1925 3501 1995 contagio
3531 1941 3544 1980 :

1902 2009 2013 2064 iste
2032 2008 2130 2080 qui
2155 2014 2212 2064 et
2241 2009 2300 2064 in
2323 2008 2598 2081 periculis
2623 2012 2810 2064 fuerat
2831 2011 3209 2082 approbatus,
3238 2016 3296 2066 et
3325 2013 3550 2068 exami-

1905 2102 2078 2152 natus
2099 2097 2159 2152 in
2182 2098 2577 2168 passionibus,
2611 2104 2666 2152 et
2697 2105 2962 2170 repertus
2993 2101 3146 2170 quod
3173 2100 3230 2154 in
3253 2102 3551 2157 confusio-

1907 2202 1977 2241 ne
2009 2203 2123 2240 non
2176 2185 2383 2241 fuisset
2411 2186 2698 2241 obnoxius
2729 2187 2989 2258 passioni
3022 2190 3154 2259 (73).

1974 2276 2063 2330 87.
2097 2274 2280 2330 Altior
2324 2280 2517 2330 autem
2569 2291 2779 2331 sensus
2809 2275 2983 2332 habet
3012 2277 3167 2349 quod
3191 2279 3394 2349 justus
3425 2297 3552 2336 ma-

1907 2364 2214 2437 gnitudine
2232 2368 2290 2419 et
2322 2363 2700 2419 multitudine
2738 2365 2971 2421 virtutis
2989 2373 3437 2440 augetur,atque
3456 2370 3554 2426 do-

1907 2453 2132 2520 ctrina;
2167 2458 2224 2508 et
2253 2452 2435 2524 replet
2453 2458 2687 2520 terram,
2722 2455 2888 2524 quasi
2915 2471 3015 2509 cor
3029 2456 3324 2526 quoddam
3349 2457 3406 2511 in
3434 2475 3551 2530 quo

1908 2541 1984 2596 sit
2015 2539 2447 2613 receptaculum
2481 2541 2962 2614 intelligibilium.
2997 2544 3081 2598 Ita
3121 2544 3266 2598 nihil
3299 2562 3550 2603 vacuum

1909 2630 2204 2703 sapientiai
2226 2646 2355 2686 esse
2372 2630 2611 2701 patitur,
2647 2632 2799 2703 quod
2825 2631 3160 2702 insipientia
3189 2634 3549 2705 possitinva-

1909 2719 2063 2774 dere.
2098 2718 2344 2774 Domitia
2378 2718 2558 2790 igitur
2600 2735 2715 2774 non
2763 2719 2956 2774 solum
3000 2721 3245 2775 terrenis
3276 2723 3552 2780 omnibus

1909 2806 2303 2880 passionibus,
2336 2807 2436 2862 sed
2481 2808 2655 2862 etiam
2688 2808 2961 2863 sensibus
2988 2809 3408 2880 corporalibus,
3454 2813 3554 2867 be-

1911 2897 2055 2953 stias
2076 2912 2309 2967 quoque
2329 2895 2438 2950 sibi
2465 2897 2717 2968 quodam
2745 2903 2962 2952 terrore
2982 2897 3220 2968 subjicit
3259 2904 3314 2954 et
3343 2901 3554 2958 timore

1912 2987 1969 3040 in
1994 2987 2211 3058 quibus
2231 2984 2452 3055 species
2473 2985 2704 3040 videtur
2722 2986 2913 3042 inesse
2956 2986 3191 3041 malitia:
3219 2993 3395 3060 atque
3418 2990 3552 3044 feri-

1911 3075 2069 3130 tatis.
2104 3073 2354 3129 Immitis
2395 3074 2549 3129 enim
2574 3079 2630 3129 et
2668 3076 2916 3147 agrestis
2947 3080 3036 3130 est
3075 3077 3268 3132 omnis
3308 3078 3553 3145 malitia,

1912 3170 1970 3220 et
1997 3163 2237 3218 inflatur
2264 3162 2416 3217 aerio
2464 3163 2718 3233 quodam
2747 3169 2995 3218 tumore.
3027 3164 3141 3218 Nec
3167 3163 3308 3218 illud
3343 3167 3554 3222 obscu-

1911 3271 2061 3319 rum,
2095 3251 2252 3324 quod
2300 3250 2532 3323 reptilia
2580 3253 2843 3322 quaedam
2896 3251 3198 3306 lethalium
3234 3257 3552 3323 quamdam

1910 3341 2126 3397 habent
2145 3340 2398 3412 speciem
2417 3340 2819 3412 passionum,a
2834 3340 3048 3411 quibus
3060 3356 3343 3396 venenum
3364 3344 3554 3414 quod-

1910 3431 2046 3485 dam
2071 3429 2252 3484 menti
2284 3429 2513 3484 videtur
2542 3428 2794 3483 infundi.
2827 3427 3113 3484 Omnibus
3151 3445 3288 3501 ergo
3319 3429 3412 3486 his
3442 3431 3552 3486 im-

1911 3523 2074 3592 perat
2096 3520 2295 3588 justus
2325 3518 2542 3589 quibus
2574 3534 2689 3572 non
2717 3517 3166 3573 commiscetur:
3201 3520 3300 3574 sed
3333 3525 3556 3575 coercet

1910 3623 1998 3673 ea,
2031 3607 2080 3662 si
2113 3622 2281 3662 mens
2311 3606 2438 3676 ejus
2484 3623 2596 3660 non
2629 3605 3035 3673 delectatione,
3090 3624 3201 3661 non
3235 3608 3556 3680 cupiditate

1911 3697 2179 3762 ducatur,
2239 3712 2354 3750 non
2403 3695 2643 3750 tristitia
2690 3699 2746 3750 et
2789 3695 2998 3750 timore
3047 3695 3385 3768 frangatur;
3437 3713 3554 3753 non

1910 3786 2087 3840 etiam
2115 3784 2347 3840 luxuria
2376 3790 2550 3856 atque
2581 3783 2806 3839 deliciis
2858 3789 3133 3856 tanquam
3177 3784 3467 3840 lubricum
3499 3789 3558 3841 et

1911 3874 2197 3928 caducum
2230 3874 2358 3928 vita:
2388 3873 2566 3945 hujus
2597 3878 2733 3946 agat
2771 3889 3032 3935 cursum,
3065 3874 3163 3928 sed
3197 3874 3557 3929 continentia

1909 3967 1967 4017 et
1993 3962 2380 4034 temperantia
2429 3962 2627 4034 abigat
2656 3979 2690 4017 a
2719 3979 2778 4017 se
2824 3962 2912 4015 vir
2941 3962 3174 4033 sapiens
3211 3961 3554 4031 hujusmodi

1911 4051 2236 4122 passiones.

1981 4141 2070 4195 88.
2103 4140 2214 4195 Sed
2247 4138 2384 4210 quia
2416 4137 2679 4194 subdidit
2707 4137 2904 4193 statim
2932 4155 2944 4192 :
2970 4138 3166 4193 Omnia
3187 4139 3411 4210 reptilia
3431 4153 3556 4210 qua?

1909 4233 2036 4285 sunt
2064 4231 2207 4295 viva,
2261 4231 2423 4283 erunt
2469 4227 2616 4282 vobis
2658 4229 2718 4282 in
2768 4243 2944 4281 escam
2991 4225 3143 4297 (Gen.
3196 4242 3272 4290 IX,
3322 4228 3424 4299 3);
3484 4245 3557 4285 ne

1911 4320 2057 4374 lorte
2087 4323 2144 4372 te
2175 4322 2400 4372 moveat
2421 4318 2558 4389 quia
2583 4321 2716 4371 ante
2744 4315 2816 4370 de
2845 4315 3156 4386 reptilibus
3178 4315 3437 4372 diximus
3459 4333 3554 4372 ve-

1911 4407 2162 4473 nenatis,
2197 4421 2477 4478 cognosce
2526 4405 2640 4459 alia
2681 4420 2809 4460 esse
2852 4403 3081 4476 reptilia
3106 4410 3409 4472 venenata,
3443 4405 3558 4462 alia

153 4503 204 4550 et
230 4495 609 4550 dominamini
627 4497 765 4567 ejus,
797 4499 848 4551 et
863 4499 1186 4568 potestatem
1215 4497 1408 4554 habete
1433 4517 1598 4572 super
1630 4504 1805 4573 pisces
1833 4511 1880 4576 Ι)
1911 4499 2238 4552 mansueta.
2274 4495 2353 4550 De
2402 4494 2728 4550 mansuetis
2770 4493 2949 4568 igitur
2978 4493 3286 4566 replilibus
3337 4496 3554 4566 accipe,

152 4586 345 4651 maris,
373 4586 426 4638 et
451 4585 723 4648 volatilia,
743 4594 804 4641 et
823 4585 1018 4642 bestias
1047 4589 1233 4655 temze,
1265 4589 1316 4642 et
1336 4590 1558 4660 reptilia
1588 4589 1739 4662 (Gen.
1765 4609 1804 4658 ι,

153 4673 368 4744 27-28).
419 4672 582 4737 Quod
631 4687 699 4728 eo
728 4673 1034 4742 admonui,
1084 4679 1148 4729 ut
1186 4674 1478 4749 intelligas
1507 4679 1804 4750 geminam

227 4807 340 4878 (68)
373 4804 586 4882 Vocem
621 4813 729 4882 Ἀᾀρ
777 4823 912 4882 cum
960 4807 1100 4882 edit.
1152 4810 1505 4882 superiores,
1562 4812 1804 4882 Latinis,

155 4875 522 4958 mss:_'autem_
545 4875 770 4958 partim
787 4875 1034 4958 Latinis,
1049 4875 1279 4958 partim
1297 4875 1570 4958 confusis
1600 4875 1803 4941 chara;

156 4947 415 5003 cteribus
436 4946 796 5020 exhiberent,
831 4949 932 5020 qui
956 4946 1198 5006 ultimas
1245 4953 1384 5007 edit.
1421 4953 1602 5012 Paris.
1637 4970 1804 5010 cura-

153 5035 307 5086 vere,
343 5034 587 5094 sensum
613 5019 812 5094 minus
845 5019 1093 5094 assecuti
1121 5038 1466 5094 reposuere:
1500 5026 1604 5080 Aer
1622 5030 1805 5082 autem

153 5095 338 5168 Greco
361 5093 604 5156 nomine,
629 5091 711 5168 vel
756 5093 948 5168 Latino
994 5091 1215 5168 dicitur.
1264 5095 1432 5152 Male.
1467 5096 1589 5155 Illic
1619 5098 1805 5168 siqui-

155 5163 290 5216 dem
320 5168 412 5234 ἁέρ
440 5178 545 5238 per
574 5162 966 5238 _meta_thesim
1007 5163 1247 5238 ponitur
1284 5183 1389 5238 pro
1421 5174 1528 5238 ἔαρ,
1558 5162 1802 5224 veru—um

155 5181 290 5216 aem
320 5181 412 5234 αερ
440 5181 545 5234 per
595 5181 966 5218 metamesim
1004 5181 1247 5288 ponitur
1284 5183 1389 5238 pro
1421 5181 1528 5236 ἔαρ,
1558 5184 1800 5224 vernum

155 5238 414 5312 tempus.
465 5231 586 5312 lflisi
619 5233 873 5312 scribere
905 5250 1000 5289 ma
1027 5235 1076 5290 is
1107 5251 1209 5306 per
1236 5236 1688 5312 contractionem
1719 5244 1800 5312 ἦρ,

156 5305 312 5378 quod
327 5377 330 5378 ν
345 5305 501 5378 apud
533 5308 809 5378 auctores
834 5305 1125 5378 frequens
1137 5308 1412 5363 occurrit.

229 5375 339 5460 (€59)
372 5375 480 5460 Ita”
509 5375 955 5460 emendavimus
1002 5393 1147 5433 mss.
1189 5379 1476 5460 subsidio.
1512 5379 1616 5436 Hic
1645 5380 1801 5460 enim

156 5446 296 5522 edit.
327 5446 634 5522 eahibent
657 5463 870 5522 magno
903 5464 1214 5518 consensu,
1247 5451 1308 5505 in
1351 5467 1572 5522 corpore
1619 5458 1720 5518 est,
1750 5456 1804 5508 et

154 5519 508 5594 iracundiam
540 5517 701 5574 habet
732 5517 784 5575 et
817 5520 1087 5589 timorem,
1116 5537 1216 5577 nec
1230 5525 1406 5594 potest
1424 5517 1545 5579 sine
1569 5523 1672 5579 hac
1692 5517 1806 5580 esse

155 5592 217 5648 in
243 5606 464 5663 corpore
493 5594 810 5663 necessitate
835 5594 1077 5649 naturae.

227 5660 342 5746 (70)
357 5661 464 5724 Hic
495 5679 531 5722 a
568 5677 714 5725 mss.
738 5660 800 5724 in
827 5678 895 5726 eo
926 5667 1159 5726 tantum
1189 5663 1472 5727 recedunt
1499 5665 1637 5728 edit.
1686 5670 1800 5729 vet.

1917 4603 2042 4658 quae
2064 4585 2169 4642 etsi
2209 4601 2324 4640 non
2356 4584 2554 4639 omnia
2583 4587 2779 4639 ventre
2801 4588 2858 4639 et
2889 4587 3115 4655 pectore
3165 4588 3375 4655 repunt
3405 4585 3558 4640 sicut

1913 4674 2157 4741 colubri,
2186 4678 2306 4729 tam
2331 4673 2572 4745 exiguos
2591 4677 2785 4728 tamen
2799 4673 2975 4743 pedes
2997 4671 3233 4739 habent,
3265 4677 3330 4727 ut
3360 4689 3559 4745 repere

1913 4808 2068 4879 quod
2097 4807 2375 4862 omittunt
2396 4824 2415 4879 :7
2435 4807 2622 4862 bestiis
2641 4812 2828 4872 terra,
2857 4811 2911 4861 et
2933 4807 3184 4862 omnibus
3202 4807 3398 4879 avibus
3416 4805 3557 4872 cwli,

1912 4875 1962 4934 et
1987 4882 2045 4934 in
2066 4879 2334 4934 omnibus.
2381 4878 2530 4934 Edit.
2567 4883 2760 4934 autem
2789 4879 2952 4932 Rom.
2985 4883 3172 4931 totum
3202 4875 3395 4930 locum
3421 4893 3558 4932 con-

1913 4951 2248 5005 cinnaverat
2271 4950 2328 5003 in
2359 4949 2512 5002 hunc
2545 4950 2818 5004 modum:
2864 4950 3028 5002 timor
3070 4949 3256 5010 vestri,
3289 4955 3337 5000 et
3359 4956 3560 5002 tremor

1912 5023 2016 5077 erit
2046 5037 2211 5091 super
2256 5036 2439 5074 omnes
2470 5020 2667 5074 bestias
2695 5024 2874 5080 tm'rze,
2898 5023 2949 5073 et
2993 5034 3156 5088 super
3183 5019 3368 5071 omnia
3408 5019 3558 5073 vola-

1912 5094 2036 5148 tilia
2079 5095 2220 5155 cwli,
2251 5100 2300 5146 et
2329 5107 2492 5161 super
2538 5092 2724 5144 omnia
2766 5104 2889 5158 quae
2916 5092 3198 5143 moventur
3233 5104 3395 5159 super
3441 5093 3555 5143 ter-

1912 5180 2055 5226 ram,
2088 5173 2138 5218 et
2169 5178 2352 5217 omnes
2376 5163 2548 5232 pisces
2577 5162 2768 5232 maris,
2805 5165 2914 5213 etc.
3176 5169 3200 5232 _'

1983 5233 2095 5304 (7i)
2126 5234 2234 5288 Ms.
2286 5228 2462 5304 Long.
2519 5236 2574 5286 et
2620 5231 2773 5296 Vat.,
2823 5235 3058 5286 terrenae
3102 5228 3422 5285 substantiae
3451 5229 3556 5301 ﬁg-

1912 5309 2176 5360 mentum.

1985 5377 2096 5447 (72)
2129 5374 2280 5430 Edit.
2315 5389 2519 5428 omnes
2552 5390 2616 5428 ac
2649 5389 2790 5447 mss.
2825 5371 3156 5447 nonppauci,
3187 5373 3318 5447 quia
3349 5375 3558 5447 utrum-

1913 5464 2014 5519 que
2033 5443 2243 5504 a'vitiis
2273 5446 2504 5500 terrenis
2531 5445 2880 5516 temperabat.
2913 5443 3051 5499 Mss.
3079 5444 3248 5498 Corb.
3286 5447 3342 5498 et
3372 5443 3556 5514 Colb.,

1913 5522 2044 5592 quia
2073 5523 2344 5592 uterque,‘
2354 5521 2462 5592 etc.

1954 5586 2261 5676 .(73)Ms's.
2307 5587 2500 5660 Corb.,
2552 5587 2734 5664 Long.
2785 5591 2841 5648 et
2870 5586 3022 5658 Vat.,
3066 5586 3332 5645 obnoxius
3359 5589 3558 5671 confu-

1913 5678 2077 5724 διοηι.
