3878 6208
316 292 432 352 423

1775 283 1842 346 S.
1883 278 2262 350 AMBROSII

3573 287 3682 357 424

316 422 501 495 magis
524 436 701 495 quam
720 417 1020 477 ambulare
1032 418 1357 475 videantur.
1375 417 1521 490 Ergo
1536 423 1948 472 venenatorum
1981 421 2037 485 Α
2136 422 2223 475 Ul.
2258 419 2415 483 Quod
2447 423 2642 476 autem
2665 420 2736 476 ad
2759 419 3023 478 altiorem
3043 434 3285 477 sensum
3304 421 3559 493 pertinet,
3580 422 3679 478 hoc

313 511 611 584 reptilium
636 506 863 566 similes
891 507 1230 564 immundas
1260 506 1319 563 in
1348 522 1587 580 corpore
1605 505 1798 578 accipe
1821 522 1953 578 pas-

315 602 509 658 siones
538 598 674 670 (14),
710 601 1152 654 mansuetorum
1199 600 1394 652 autem
1435 597 1696 652 decoras.
1749 594 1957 650 Omnis

309 690 469 748 enim
493 689 734 746 affectus
756 687 857 760 qui
887 691 975 742 est
996 689 1201 759 praeter
1230 684 1510 742 deformis
1553 682 1956 740 delectationis

312 778 671 845 illecebram,
721 774 918 848 passio
963 773 1200 846 quidem
1249 778 1361 839 est,
1406 773 1506 829 sed
1555 772 1708 829 bona
1737 771 1953 843 passio.

312 867 616 939 Cupiditas
664 862 911 927 mollior,
947 867 1003 918 et
1031 863 1136 928 ira,
1171 866 1228 917 et
1259 861 1451 929 timor,
1495 860 1581 916 hee
1616 859 1796 915 noxiis
1829 859 1954 914 ani-

313 973 419 1012 mae
436 953 740 1028 passiones
761 955 935 1020 sunt;
960 951 1202 1006 affectus
1234 954 1431 1006 autem
1461 949 1707 1017 innoxii,
1738 947 1957 1020 passio-

310 1061 415 1100 nes
438 1043 604 1101 bona:
648 1045 801 1098 sunt.
855 1040 925 1098 Et
954 1039 1048 1096 his
1078 1038 1309 1095 vivendi
1338 1037 1575 1110 quidam
1609 1037 1778 1093 nobis
1809 1053 1956 1093 usus

309 1133 705 1193 ministratur,
736 1133 794 1183 et
821 1145 1037 1185 causa:
1071 1128 1278 1183 harum
1313 1127 1442 1183 cibo
1474 1128 1695 1183 utimur
1724 1126 1794 1182 ad
1825 1126 1955 1181 vita;

310 1220 581 1295 gratiam,
615 1219 824 1275 harum
856 1216 1046 1290 epulis
1078 1215 1456 1273 delectamur.

828 1359 981 1417 265
1014 1358 1245 1414 CAPUT
1274 1358 1437 1413 XXV.

308 1455 392 1508 An
419 1451 659 1508 oleribus
702 1466 878 1520 magzs
929 1464 1091 1520 quam
1122 1447 1399 1520 carnibus
1420 1446 1742 1503 vescendum
1770 1447 1954 1520 Domi-

378 1539 481 1579 nus
518 1518 838 1594 prwceperit
878 1540 898 1585 ;
930 1518 1001 1594 fet
1039 1518 1495 1594 quemadnwduyn
1538 1534 1638 1573 nos
1691 1518 1956 1594 munierit

376 1589 580 1665 Moyses
608 1589 800 1648 contra
846 1589 1132 1665 opiniones
1179 1589 1625 1665 philosophorum
1669 1589 1737 1644 de
1764 1590 1956 1665 animo

378 1660 621 1738 quorum
638 1666 797 1738 paria
834 1660 1051 1738 plurim
1079 1660 1420 1738 deferuntur
1440 1679 1458 1715 :
1492 1662 1619 1738 item
1648 1676 1758 1733 qua
1781 1661 1953 1738 ratio-

376 1733 445 1792 ne
472 1737 546 1792 sit
589 1733 1037 1803 distinguendum
1067 1734 1211 1787 inter
1237 1735 1445 1788 animae
1472 1735 1683 1803 partem
1701 1733 1951 1803 rationa-

378 1808 484 1865 lem
513 1784 567 1861 ἐι
594 1784 947 1872 sensitivam;
995 1803 1193 1877 quidve
1230 1805 1417 1858 anima
1466 1784 1950 1873 Eanpizisrdicatur.
1983 1784 2033 1850 Β

378 1931 468 1986 89.
502 1929 649 1996 Quid
680 1933 769 1985 est
820 1927 997 1985 etiam
1048 1927 1202 1999 quod
1235 1926 1345 1982 ait:
1401 1927 1552 1983 Sicut
1580 1927 1731 1984 olera
1756 1926 1953 1999 pabuli

307 2018 432 2079 dedi
458 2019 608 2074 vobis
637 2018 823 2073 omnia
853 2015 1006 2088 (Gen.
1041 2033 1116 2082 IX,
1148 2015 1249 2085 3)?
1281 2016 1341 2071 In
1376 2032 1491 2088 quo
1523 2020 1580 2071 et
1609 2015 1647 2070 ii
1680 2016 1776 2088 qui
1804 2015 1952 2071 sim-

309 2107 538 2182 pliciter
585 2105 936 2179 intelligunt,
988 2107 1054 2159 ut
1105 2120 1219 2158 non
1269 2104 1600 2175 expendant
1663 2104 1953 2160 sermonis

308 2212 568 2263 examen,
620 2210 736 2250 non
788 2193 958 2249 nobis
1003 2192 1274 2247 videntur
1313 2208 1441 2248 esse
1472 2192 1769 2248 contrarii.
1804 2193 1955 2248 Sunt

308 2285 465 2342 enim
497 2284 596 2356 qui
646 2285 856 2356 putant
903 2281 1058 2354 quod
1111 2279 1269 2335 olera
1318 2280 1388 2335 ad
1420 2296 1611 2336 escam
1648 2280 1818 2337 nobis
1849 2280 1953 2336 Dei

315 2377 456 2429 nutu
481 2371 761 2429 attributa
781 2370 1262 2441 videantur,quos
1293 2368 1386 2425 his
1418 2369 1606 2443 magis
1627 2386 1804 2441 quam
1827 2387 1955 2425 car-

310 2460 545 2519 nalibus
574 2458 763 2533 epulis
798 2459 877 2514 uti
932 2459 1253 2514 debeamus
1282 2474 1294 2513 :
1329 2474 1434 2530 ego
1478 2463 1674 2515 autem
1707 2458 1956 2514 libenter

310 2549 404 2607 his
432 2548 883 2621 acquiescerem,
934 2551 999 2602 ut
1041 2546 1239 2620 generi
1287 2545 1620 2615 hominum,
1665 2547 1733 2602 ad
1766 2547 1953 2620 parci-

312 2638 569 2695 moniam
601 2635 790 2707 magis
812 2639 867 2691 et
892 2634 1360 2707 temperantiam,
1400 2634 1624 2691 olerum
1651 2652 1794 2691 usus
1827 2636 1953 2691 ino-

308 2727 548 2783 lescerct
570 2744 583 2793 ;
609 2724 719 2782 nisi
741 2725 996 2780 viderem
1044 2724 1117 2778 ab
1138 2723 1231 2778 his
1251 2723 1351 2794 qui
1386 2740 1498 2779 non
1527 2722 1774 2779 libenter
1806 2724 1953 2780 acci-

310 2816 501 2888 piunt,
525 2831 697 2887 posse
720 2813 918 2869 referri
944 2811 1085 2867 mihi
1119 2811 1255 2883 quia
1278 2828 1393 2866 non
1408 2812 1606 2868 omnia
1623 2812 1781 2868 olera
1809 2829 1953 2868 escae

311 2903 616 2960 hominum
668 2901 1043 2956 inveniantur
1089 2900 1484 2955 accommoda.
1553 2900 1772 2956 Deinde
1819 2901 1957 2974 quia

313 3010 429 3048 non
461 3007 634 3046 omne
653 2988 962 3044 hominum
986 3004 1173 3060 genus
1190 2987 1483 3059 sapientia:
1506 2993 1562 3044 et
1581 2989 1953 3046 continentiae

312 3096 510 3136 amore
540 3077 792 3145 ducitur,
838 3082 903 3131 ut
948 3075 1369 3133 continentiam
1417 3078 1583 3149 sequi
1633 3078 1837 3150 possit.
1887 3080 1957 3135 Et

313 3170 442 3225 ideo
473 3167 626 3240 quod
658 3165 925 3239 generale
958 3169 1306 3237 przecrptum
1339 3171 1448 3231 est,
1497 3148 1567 3222 ad
1603 3148 1951 3239 *portiuncu-
1981 3148 2023 3215 Ο

311 3256 428 3313 lam
461 3272 778 3329 paucorum
810 3254 1115 3310 hominum
1147 3254 1405 3309 derivare
1455 3272 1569 3310 non
1613 3273 1951 3327 possumus,

311 3346 587 3403 omnibus
617 3344 772 3401 enim
806 3342 1145 3399 hominibus
1174 3341 1283 3398 hoc
1311 3348 1665 3416 praeceptum
1688 3345 1878 3401 datur.

380 3437 471 3491 90.
504 3435 753 3507 Ideoque
805 3432 1245 3488 consideremus
1295 3431 1436 3505 quid
1486 3432 1743 3489 dixerit:
1803 3434 1955 3490 Sicut

309 3523 696 3595 olera,inquit,
712 3522 902 3593 pabuli
923 3520 1053 3576 dedi
1069 3521 1216 3577 vobis
1236 3522 1563 3586 omnia,non
1582 3521 1738 3579 olera
1757 3522 1957 3580 omnia

310 3613 445 3671 dedi
482 3611 648 3668 vobis
686 3610 759 3666 ad
797 3627 1008 3666 escam.
1054 3609 1305 3665 Utantur
1340 3609 1520 3683 igitur
1557 3612 1659 3682 qui
1707 3616 1957 3668 utuntur

314 3717 508 3765 carne,
550 3703 832 3770 tanquam
889 3698 1166 3766 oleribus,
1231 3715 1346 3753 non
1405 3698 1473 3754 ad
1516 3699 1953 3769 distentionem,

313 3806 421 3849 nec
451 3788 520 3843 ad
572 3786 834 3841 arvinam
877 3786 1138 3856 corporis
1191 3787 1324 3857 (75),
1374 3803 1553 3858 quam
1601 3787 1783 3859 epulae
1823 3806 1955 3844 car-

314 3879 408 3936 nis
459 3878 647 3933 facere
695 3878 1137 3933 consueverunt.
1189 3874 1296 3930 Sed
1348 3877 1842 3948 quemadmodum
1901 3882 1957 3935 et

312 3966 472 4023 olera
501 3982 615 4022 non
657 3964 856 4020 omnia
903 3963 971 4020 ad
1017 3980 1160 4019 esca:
1212 3981 1383 4021 usum
1437 3963 1658 4021 habilia
1684 3971 1843 4037 sunt,
1878 3968 1959 4022 ita

311 4056 486 4113 etiam
503 4071 615 4110 non
629 4070 800 4109 omne
814 4054 1007 4109 vivum
1023 4051 1226 4125 reptile
1237 4069 1430 4110 accom
1440 4055 1678 4110 modum
1692 4056 1762 4111 ad
1782 4073 1955 4113 usum

310 4143 606 4218 epulandi.
630 4141 931 4215 Siquidem
954 4141 1027 4196 ab
1052 4141 1328 4197 omnibus
1344 4142 1643 4199 venenatis
1664 4143 1958 4201 abstinere

312 4234 613 4301 debemus,
644 4231 780 4288 licet
808 4231 922 4286 huc
953 4247 1185 4303 quoque
1234 4231 1582 4302 processerit
1611 4231 1858 4302 luxuria,
1893 4237 1959 4290 ut

313 4321 500 4395 magis
530 4319 899 4377 delectationi
951 4318 1220 4375 consulat
1248 4336 1426 4392 quam
1476 4321 1756 4393 periculo,
1809 4327 1865 4379 et
1894 4323 1955 4379 in

312 4410 606 4484 plerisque
626 4412 846 4464 resecto
869 4408 1024 4480 quod
1056 4406 1271 4463 dicitur
1298 4413 1645 4465 venenatum
1680 4410 1958 4468 naturali-

2067 513 2175 574 est,
2209 509 2362 564 unde
2410 508 2599 582 magis
2655 509 2881 565 dictum
2933 512 3024 565 est
3070 508 3224 583 quod
3279 508 3680 567 irrationabiles

2068 596 2370 669 passiones
2393 597 2473 653 ita
2492 597 2743 654 debeant
2764 598 2945 653 menti
2967 596 3340 670 sapientis,ut
3360 596 3510 653 olera
3527 599 3682 654 rusti-

2067 702 2133 740 co
2187 702 2314 741 esse
2367 687 2657 757 subjecta;
2707 691 2883 759 atque
2929 687 3010 742 ita
3041 686 3131 743 his
3158 690 3392 743 utamur
3416 690 3678 758 tanquam

2067 774 2376 846 reptilibus
2402 774 2874 848 cogitationibus,
2897 780 2962 831 ut
2993 774 3247 849 agricola
3272 774 3538 843 oleribus,
3566 791 3682 846 quas

2064 862 2198 919 licet
2228 864 2432 919 obesse
2484 880 2601 918 non
2648 868 2914 935 possunt,
2948 863 3061 920 cibi
3102 868 3297 919 tamen
3348 880 3456 919 non
3485 862 3686 919 habent

2065 951 2314 1023 gratiam
2349 952 2625 1008 fortioris.
2660 952 2939 1009 Generale
2966 954 3121 1008 enim
3162 951 3433 1008 omnibus
3460 955 3514 1006 et
3539 967 3680 1007 com-

2065 1056 2242 1096 mune
2274 1045 2647 1114 przeceptum,
2680 1058 2795 1097 non
2827 1040 3033 1096 altiora
3062 1039 3266 1095 indicit
3294 1055 3500 1113 genera
3526 1039 3683 1094 virtu-

2063 1133 2211 1195 tum,
2246 1145 2372 1199 quze
2422 1129 2625 1202 utique
2676 1145 2995 1201 paucorum
3045 1133 3202 1184 sunt.
3255 1128 3365 1183 Sed
3407 1132 3463 1183 et
3486 1127 3680 1199 siquis

2062 1216 2343 1274 virtutum
2377 1217 2579 1290 epulas
2610 1217 2878 1274 fortiores
2907 1217 3020 1273 sibi
3049 1217 3318 1273 exhibere
3344 1232 3459 1272 non
3496 1213 3676 1287 possit,

2065 1305 2402 1378 hujusmodi
2438 1311 2633 1362 tamen
2663 1306 2877 1363 habeat
2906 1307 3233 1380 passiones,
3263 1322 3387 1378 qua:
3435 1320 3545 1359 non
3588 1320 3679 1360 no-

2065 1398 2253 1466 ceant,
2281 1395 2380 1452 sed
2412 1395 2702 1452 delectent
2721 1395 2855 1467 (76).

2134 1574 2224 1629 92.
2259 1572 2391 1628 Ideo
2422 1572 2478 1628 in
2512 1572 2797 1645 principio
2842 1576 3080 1628 sanctus
3118 1572 3347 1645 Moyses
3375 1569 3686 1627 informavit

2065 1678 2173 1718 nos
2198 1665 2374 1733 atque
2396 1661 2641 1716 intruxit
2663 1661 2733 1716 de
2762 1660 3161 1718 insufﬂatione
3200 1659 3428 1728 animae,
3460 1659 3601 1716 266
3629 1659 3687 1713 ut

2065 1749 2525 1805 nonlaberemur
2547 1749 2921 1821 opinionibus
2934 1749 3178 1805 diversis
3200 1747 3685 1821 philosophorum,

2064 1840 2165 1912 qui
2198 1838 2308 1894 sibi
2340 1837 2451 1911 ipsi
2508 1842 2775 1894 constare
2814 1855 2929 1893 non
2958 1842 3228 1910 possunt.
3262 1836 3518 1909 Plerique
3546 1834 3687 1891 enim

2058 1927 2219 1982 varia
2248 1932 2577 1992 senserunt,
2631 1930 2695 1980 ut
2743 1926 2950 1981 Critias
2981 1930 3038 1981 et
3085 1927 3217 1998 ejus
3250 1923 3537 1999 discipuli,
3566 1940 3688 1979 san-

2061 2016 2297 2088 guinem
2328 2032 2456 2072 esse
2484 2017 2742 2071 animam
2792 2016 3070 2082 dicentes,
3114 2016 3294 2072 istam
3342 2015 3537 2087 utique
3574 2012 3688 2069 ani-

2062 2121 2219 2160 mam
2251 2121 2368 2176 qua
2396 2104 2666 2172 vivimus,
2716 2121 2842 2177 quae
2898 2109 2989 2159 est
3032 2104 3354 2171 sensibilis,
3402 2119 3514 2160 non
3542 2101 3689 2158 illam

2063 2194 2318 2249 animam
2360 2210 2486 2265 qua:
2532 2191 2896 2248 rationabilis
2944 2196 3002 2247 et
3048 2190 3436 2265 intelligibilis
3473 2188 3689 2245 interio-

2062 2282 2142 2338 ris
2193 2282 2449 2338 hominis
2506 2281 2847 2337 aestimatur.
2899 2281 3282 2353 Hippocrates
3351 2283 3539 2337 autem
3591 2276 3689 2334 etsi

2061 2371 2251 2427 Critiae
2310 2387 2424 2426 non
2483 2369 2837 2443 improbabit
2891 2369 3217 2442 ingenium,
3279 2368 3689 2440 nec'disputa-

2062 2459 2282 2516 tionem
2315 2460 2445 2531 ejus
2494 2458 2823 2532 redarguit;
2878 2463 3075 2514 tamen
3120 2458 3422 2514 sententiae
3467 2472 3578 2512 non
3607 2470 3688 2511 ac-

2063 2548 2297 2621 quievit.
2328 2547 2667 2604 Aristotelcs
2699 2554 3006 2621 ἐντελεχείαν
3038 2547 3186 2603 dixit
3240 2546 3365 2619 (lib.
3407 2563 3447 2614 ι,
3488 2545 3550 2601 de
3577 2545 3693 2600 Ani-

2064 2654 2175 2705 ma,
2208 2640 2347 2692 text.
2394 2636 2465 2692 29
2509 2639 2568 2691 et
2613 2637 2743 2705 30):
2804 2636 3003 2709 Ignem
3056 2634 3154 2691 alii
3202 2652 3335 2692 esse
3378 2634 3691 2690 voluerunt.

2062 2726 2179 2781 Nos
2214 2725 2395 2798 igitur
2414 2724 2754 2796 hujusmodi
2781 2724 3120 2782 divisionem
3148 2729 3492 2793 teneamus;
3525 2727 3588 2778 ut
3611 2738 3690 2777 se-

2067 2832 2342 2887 paremus
2393 2814 2547 2886 quod
2581 2819 2670 2870 est
2720 2813 3063 2871 rationabile
3110 2813 3346 2880 animae,
3374 2813 3543 2885 cujus
3567 2812 3693 2866 sub-

2064 2903 2279 2961 stantia
2310 2904 2542 2958 divinus
2601 2907 2690 2957 est
2735 2901 2998 2975 spiritus,
3054 2903 3210 2958 sicut
3248 2901 3331 2957 ait
3373 2900 3694 2972 Scriptura:

2064 2994 2195 3063 quia
2223 2993 2532 3062 insufﬂauit
2563 2994 2623 3046 in
2650 2994 2850 3062 faciem
2880 2993 2996 3062 ejus
3024 2993 3285 3063 spiritum
3310 2993 3439 3048 vita?
3464 2988 3607 3062 (Gen.
3638 3004 3695 3057 ιι,

2061 3082 2139 3153 7).
2174 3082 2312 3136 Esse
2341 3084 2534 3135 autem
2586 3082 2700 3152 (77)
2748 3080 2806 3136 in
2837 3096 2905 3135 ea
2952 3079 3382 3136 nutrimentum
3416 3077 3698 3150 quoddam

2062 3168 2236 3226 vitale
2285 3185 2399 3241 quo
2446 3168 2556 3225 hoc
2586 3185 2799 3241 corpus
2841 3168 3157 3232 animatur,
3187 3186 3318 3225 esse
3344 3168 3518 3224 etiam
3550 3164 3700 3221 dele-

2061 3257 2291 3315 ctabile.
2327 3256 2564 3312 Illarum
2594 3257 2773 3330 igitur
2794 3263 2852 3313 et
2879 3257 3073 3312 vitalis
3105 3262 3161 3312 et
3190 3253 3552 3313 delectabilis
3583 3252 3718 3311 anim
3774 3252 3813 3330 lg

2061 3364 2169 3402 ma:
2202 3348 2455 3420 partium
2502 3345 2827 3402 substantia
2874 3346 3116 3419 sanguis
3161 3345 3489 3418 appellatur
3517 3361 3550 3400 a
3578 3341 3693 3414 qui-

2060 3437 2333 3505 husdam,
2368 3436 2503 3491 licet
2531 3437 2705 3491 etiam
2736 3434 3038 3507 Scriptura
3058 3435 3307 3492 dixerit:
3337 3436 3533 3491 [trama
3549 3433 3692 3489 mea:

2061 3527 2268 3594 carnis,
2297 3525 2521 3596 sanguis
2549 3528 2628 3579 est
2682 3523 2873 3595 (Leuit.
2929 3540 3068 3595 xvu,
3121 3524 3231 3593 11).
3266 3521 3505 3595 Proprie
3534 3520 3694 3593 igitur

2064 3615 2317 3670 animam
2369 3612 2564 3669 carnis
2623 3612 2970 3685 sanguinem
3025 3611 3358 3685 appellavit.
3429 3611 3491 3668 In
3540 3621 3693 3666 carne

2065 3703 2220 3760 enim
2253 3701 2559 3757 delectatio
2589 3705 2645 3756 et
2675 3701 2870 3772 passio
2900 3704 3008 3769 est,
3041 3717 3156 3755 non
3198 3717 3373 3757 mens
3403 3704 3463 3756 et
3490 3694 3696 3754 ratioci-

2064 3791 2241 3846 natio.
2267 3791 2487 3845 Tamen
2507 3789 2557 3845 si
2592 3788 2900 3861 diligenter
2919 3788 3322 3858 intendas,hic
3353 3788 3516 3845 locus
3544 3784 3693 3843 illum

2064 3878 2355 3953 explanat.
2387 3878 2533 3934 Cum
2581 3877 2738 3933 enim
2779 3877 2888 3933 hoc
2918 3876 3041 3933 loco
3073 3877 3336 3933 animam
3368 3874 3694 3950 sanguinem

2065 3968 2297 4034 dixerit,
2321 3968 2521 4039 utique
2538 3965 2886 4040 significavit
2902 3965 3061 4022 aliud
3087 3982 3215 4022 esse
3237 3966 3522 4034 animam,
3554 3958 3693 4018 aliud

2064 4057 2508 4130 sanguinem,ut
2528 4055 2605 4111 sit
2627 4055 2836 4111 anime
2859 4055 3190 4111 substantia
3211 4055 3462 4127 spiritus
3484 4049 3691 4108 vitalis:

2064 4146 2165 4203 sed
2196 4144 2394 4219 ipsum
2425 4143 2693 4217 spiritum
2742 4143 2979 4200 vitalem
3011 4160 3125 4199 non
3156 4160 3262 4216 per
3292 4159 3357 4199 se
3401 4146 3621 4199 tantum
3646 4140 3696 4191 et

2064 4236 2192 4292 sine
2212 4235 2499 4308 sanguine
2515 4249 2688 4289 usum
2703 4233 2907 4289 atl‘erre
2933 4232 3187 4299 vivendi,
3221 4232 3325 4288 sed
3353 4223 3696 4288 commisceri

2065 4322 2385 4397 sanguini;
2436 4322 2577 4395 quia
2615 4326 2754 4377 sunt
2803 4339 2930 4395 quae
2973 4325 3255 4378 vocantur
3305 4320 3529 4377 arterias
3558 4314 3695 4374 velut

2064 4410 2431 4487 receptacula
2452 4411 2718 4484 spiritus,
2743 4427 2870 4483 quze
2902 4427 3017 4467 non
3049 4409 3244 4467 solum
3277 4427 3474 4469 aerem
3504 4418 3695 4482 purum

312 4498 620 4563 terinesse,
647 4496 932 4568 reliquam
956 4499 1179 4569 partem
1200 4497 1273 4552 ad
1296 4496 1490 4552 cibum
1517 4498 1801 4569 vindicet;
1827 4516 1953 4573 quas
1981 4516 2030 4583 D
2065 4501 2522 4575 amplectuntur,
2555 4500 2657 4556 sed
2689 4499 2867 4555 etiam
2900 4498 3274 4571 sanguinem,
3299 4500 3406 4557 sed
3434 4498 3694 4554 minorem

312 4586 422 4642 etsi
473 4602 588 4641 non
620 4584 789 4657 plena
819 4584 1080 4657 periculi,
1111 4588 1307 4639 tamen
1338 4584 1527 4643 vicina
1557 4587 1813 4660 periculo
1844 4594 1952 4658 est,

313 4679 372 4731 et
395 4672 723 4745 corruptela
770 4671 967 4744 aliqua
1018 4689 1255 4727 necesse
1298 4677 1386 4729 est
1416 4672 1473 4728 in
1505 4676 1684 4732 totius
1715 4694 1954 4735 succum

314 4781 377 4819 se
406 4762 597 4819 carnis
627 4760 925 4815 infuderit.
960 4760 1227 4833 Plerique
1248 4762 1421 4817 etiam
1451 4763 1679 4836 sagittis
1708 4783 1956 4823 venena-

312 4854 391 4910 tis
420 4849 777 4922 transﬁgunt
804 4864 1000 4904 cervos
1033 4853 1091 4905 et
1120 4848 1453 4919 hujusmodi
1486 4850 1707 4909 velocia
1735 4854 1957 4912 anima-

315 4942 414 5009 lia,
442 4944 501 4997 et
529 4945 731 5013 postea
778 4943 1002 4995 resecta
1031 4939 1285 5010 quadam
1319 4945 1482 5011 parte
1534 4944 1955 5017 membrorum,

312 5032 538 5105 reliquo
567 5044 805 5102 corpore
835 5028 903 5083 ad
937 5026 1131 5082 cibum
1164 5033 1427 5085 utuntur.

386 5164 610 5240 (Ἠ)ηᾲ
842 5162 1058 5240 vetet
1106 5161 1256 5240 Μία.
1308 5180 1440 5240 cum
1473 5164 1609 5220 edit.
1656 5165 1794 5222 Mss.
1829 5184 1961 5225 vero

314 5233 490 5299 Gorb.
529 5239 589 5291 et
627 5233 813 5308 901k»,
859 5233 1155 5308 siinz'lesin
1191 5234 1392 5308 mundo
1420 5252 1640 5307 corpore
1663 5240 1959 5308 passiones.

320 5316 499 5379 Long.
529 5303 763 5379 melius,
813 5305 1026 5379 similes
1069 5306 1353 5379 immundo
1398 5303 1619 5379 corpore
1654 5303 1955 5379 passiones.

386 5329 435 5365 »η
486 5349 499 5361 .
530 5324 763 5369 melius,
816 5324 1026 5360 snnues
1069 5324 1353 5361 υηηιαηαο
1398 5324 1619 5378 corpore
1654 5326 1955 5379 passzones.

386 5324 669 5503 (ἸξᾲΜεε.
700 5375 892 5442 Corb.,
924 5374 1107 5441 Valc.,
1141 5375 1378 5432 Colb.et
1395 5378 1537 5434 Maz.
1560 5395 1694 5435 cum
1722 5381 1967 5452 quibus-

386 5469 456 5503 tm
531 5448 668 5502 aris.
700 5448 867 5503 edit..
895 5445 965 5500 ad
987 5448 1211 5502 ruinam
1236 5450 1497 5503 corporis.

320 5445 456 5513 dum
480 5445 668 5520 Paris.
700 5445 965 5520 edit._._ad
987 5448 1211 5520 ruinam
1236 5450 1497 5520 corporis.

391 5522 503 5600 (76)
534 5516 897 5600 HicOaliquid
927 5517 1222 5600 omissum.
1260 5516 1401 5600 esse
1432 5518 1517 5600 vel
1557 5537 1706 5579 caeco
1745 5526 1958 5598 pateat.

318 5587 464 5657 Vide
486 5587 623 5664 qua
652 5587 713 5645 in
745 5587 1081 5651 admotione
1108 5587 1180 5647 de
1208 5588 1316 5650 hoc
1347 5589 1621 5649 diximus.

2062 4592 2233 4665 longe
2254 4589 2561 4663 sanguinis
2584 4588 2926 4663 portionem.
2943 4589 3221 4645 Germina
3241 4589 3404 4645 enim
3426 4604 3557 4644 cum
3575 4594 3697 4640 vasa

2065 4681 2202 4749 sint,
2236 4677 2394 4736 aliud
2448 4682 2536 4733 est
2590 4694 2745 4733 venae
2804 4694 2931 4749 quae
2961 4685 3091 4750 φλέψ
3123 4678 3324 4735 Graec
3372 4674 3693 4750 appellatur,

2065 4768 2222 4825 aliud
2273 4766 2514 4823 arteriae.
2567 4765 2727 4822 Vena
2774 4765 2908 4838 plus
2958 4765 3133 4822 habet
3172 4765 3509 4839 sanguinis,
3540 4772 3695 4837 quam

2068 4858 2331 4931 spiritus,
2385 4856 2491 4911 hoc
2539 4859 2629 4911 est
2655 4863 2820 4928 φλέψε
2876 4854 3089 4912 arteria
3140 4856 3344 4911 minus
3378 4855 3554 4911 habet
3581 4865 3696 4907 san-

2068 4944 2476 5019 guinis,multo
2499 4943 2758 5017 amplius
2788 4944 3052 5016 spiritus.
3086 4944 3216 5000 Jam
3252 4942 3595 5018 temperatio
3610 4951 3695 5012 pro

2068 5034 2402 5090 diversitate
2441 5037 2659 5088 natura;
2691 5037 2781 5089 est
2809 5032 3115 5089 hominum
3145 5033 3540 5107 singulorum.

2140 5169 2250 5239 (77)
2299 5167 2445 5223 Edit.
2480 5183 2606 5239 qua
2631 5165 2954 5222 Romanam
2979 5169 3191 5222 secutas
3214 5170 3380 5239 sunt,
3412 5171 3697 5237 reposuero

2072 5238 2305 5313 partim,
2348 5238 2719 5313 Estautern...
2766 5242 2844 5313 est
2885 5240 3091 5306 etiam;
3142 5238 3435 5309 partim...
3468 5240 3588 5313 Esse
3614 5245 3695 5313 auf

2069 5308 2244 5367 lem...
2276 5314 2354 5366 est
2382 5311 2567 5365 etiam.
2612 5308 2723 5365 Sed
2751 5311 2864 5364 vet.
2895 5325 3100 5365 omnes
3128 5308 3266 5364 eum
3298 5325 3445 5365 mss.
3478 5312 3696 5374 utroque

2070 5383 2196 5454 loco
2217 5381 2419 5454 legunt
2433 5396 2544 5437 esse
2565 5399 2582 5434 :
2616 5379 2716 5454 ubi
2748 5379 2989 5454 aliquod
3015 5396 3047 5436 e
3074 5379 3270 5436 verbis
3321 5379 3588 5452 superius
3614 5386 3697 5446 po-

2072 5452 2246 5581 siltis,d
2257 5449 2536 5509 nimirum
2568 5449 2875 5522 voluerunt,
2905 5449 2993 5508 vel
3025 5458 3332 5522 teneamus,
3368 5449 3557 5509 mente
3583 5457 3697 5515 sup-

2074 5541 2110 5581 n
2136 5540 2208 5581 en
2253 5540 2373 5581 um.

2073 5540 2373 5600 piendum.

3774 2840 3816 3423 ί

3809 3290 3813 3301 1

3806 3312 3811 3321 θ
