3878 6208
122 365 225 427 495

1303 365 1529 427 LIBER
1573 365 1675 426 DE
1722 365 1876 425 NOE
1922 366 2023 426 ET
2067 367 2295 426 ARCA.

3378 364 3497 423 426

182 497 263 553 93.
301 496 487 560 Altior
518 501 715 559 autem
747 514 957 556 sensus
987 498 1271 557 delectare
1301 502 1357 555 te
1401 498 1593 568 debet,
1642 496 1743 570 qui
1773 501 1824 565 Α
1858 496 2265 571 germanitatis
2296 514 2410 554 non
2441 498 2871 555 obliviscuntur
2896 497 3189 553 affectum.
3223 497 3353 552 Ideo
3376 510 3501 568 gra-

128 587 392 660 signiﬁcat
440 587 788 662 sanguinem
846 588 1104 645 animam
1143 588 1275 643 ideo
1305 586 1549 655 dictum,
1601 585 1739 659 quia

124 677 340 750 sanguis
369 676 594 734 calidus
624 681 681 735 et
711 677 931 751 ignitus
960 683 1069 748 est,
1103 677 1255 734 sicut
1271 679 1361 733 est
1374 675 1582 732 virtus.
1606 673 1741 741 Qui-

122 781 328 838 cunque
356 766 540 838 igitur
579 765 773 822 studio
824 766 1000 822 fuerit
1044 764 1277 821 virtutis
1317 779 1621 830 accensus,
1681 767 1740 818 et

118 870 367 927 vaporem
392 853 587 915 laudis
608 854 1016 928 assumpserit,
1042 871 1247 911 omnes
1261 853 1501 911 delicias
1520 851 1739 908 ventris

119 943 368 1000 excludit.
404 944 489 999 Ea
520 943 699 1017 igitur
726 943 1142 1017 cogitationum
1169 959 1295 1014 quae
1325 944 1463 999 sunt
1485 939 1741 996 carnalia

133 1041 286 1105 atque
313 1036 565 1101 terrena,
591 1031 654 1088 in
680 1032 934 1102 virtutis,
967 1031 1179 1105 inquit,
1212 1030 1416 1107 ardore
1447 1028 1620 1102 positi
1654 1044 1740 1083 re-

117 1120 326 1193 jicietis,
358 1122 529 1193 quasi
561 1119 846 1178 inhabilia
875 1119 1168 1193 spirituali
1197 1119 1347 1176 cibo.
1397 1119 1522 1175 Non
1582 1116 1740 1174 enim

121 1225 328 1265 carnem
359 1209 778 1280 manducabat,
830 1209 941 1267 hoc
996 1214 1105 1275 est,
1156 1213 1453 1265 terrenum
1502 1206 1738 1279 aliquod

121 1296 403 1371 cogitabat,
437 1298 542 1371 qui
572 1298 754 1354 dixit:
796 1297 941 1355 Meus
968 1298 1120 1354 cibus
1148 1302 1245 1368 est,
1288 1305 1352 1353 ut
1394 1297 1602 1369 faciam
1648 1311 1740 1352 vo-

123 1388 357 1445 luntatem
377 1386 567 1442 Patris
591 1388 706 1443 mei
731 1389 829 1460 qui
855 1388 918 1442 in
945 1387 1099 1443 cistis
1147 1390 1223 1443 est
1274 1386 1452 1459 (Joan.
1501 1403 1577 1451 ιν,
1627 1385 1740 1456 34),

120 1475 289 1533 studia
306 1473 654 1539 hominibus
675 1474 908 1531 virtutis
930 1474 1251 1549 inspirans,
1276 1478 1334 1530 et
1354 1473 1740 1547 cupiditatem

119 1564 294 1619 divinas
323 1564 703 1639 cogitationis
733 1564 1238 1637 infundens.Ergo
1287 1568 1531 1619 terrenae
1582 1561 1738 1635 cogi-

120 1651 338 1709 tationes
362 1655 420 1707 et
448 1650 722 1719 inﬁrmae,
747 1651 915 1725 quasi
946 1651 1171 1706 evirata:
1203 1654 1259 1707 et
1298 1650 1423 1706 sine
1450 1667 1560 1705 usu
1600 1665 1740 1705 san-

118 1742 284 1813 guinis
314 1740 630 1798 habentur.
665 1740 730 1795 Et
759 1740 856 1795 ille
884 1739 1138 1796 eviratus
1169 1739 1404 1803 dicitur,
1448 1737 1546 1811 qui
1599 1754 1737 1793 san-

1851 586 1982 642 vius
2012 585 2186 643 homo
2217 591 2417 658 peccat
2446 587 2545 659 qui
2596 587 2760 643 fratri
2805 585 3155 642 insidiatur:
3202 589 3259 641 et
3303 581 3501 639 Domi-

1854 691 1967 730 nus
2008 676 2265 731 severius
2296 675 2729 733 vindicaturum
2752 692 2813 732 se
2842 692 2969 732 esse
2987 672 3256 747 promisit
3272 672 3500 729 dicens:

1860 763 2196 835 Sanguinem
2224 765 2464 820 hominis
2493 765 2558 821 de
2586 782 2753 821 manu
2797 766 2995 837 fratris
3041 765 3157 835 ejus
3213 761 3508 833 exquiram

1850 853 2055 924 (Ibid.).
2088 858 2178 908 An
2213 871 2328 909 non
2362 853 2540 910 frater
2565 858 2654 911 est
2685 871 2860 928 quem
2882 851 3248 909 rationabilis
3272 853 3499 906 naturae

1849 941 2089 1013 quidam
2115 945 2316 998 uterus
2347 942 2569 1009 effudit,
2604 945 2662 999 et
2689 942 2953 1014 ejusdem
2978 940 3183 997 matris
3206 939 3374 996 nobis
3397 954 3497 1012 ge-

1820 1029 2072 1085 neratio
2104 1029 2446 1102 copulavit?
2493 1020 2710 1086 Eadem
2753 1031 2911 1087 enim
2960 1033 3172 1085 natura
3226 1026 3492 1085 omnium

1851 1123 2037 1174 mater
2062 1123 2151 1174 est
2180 1119 2485 1175 hominum
2514 1138 2526 1189 ;
2562 1122 2618 1175 et
2644 1118 2772 1176 ideo
2804 1119 3016 1174 fratres
3039 1134 3245 1174 sumus
3270 1132 3498 1181 omnes,

1849 1224 1968 1263 una
1999 1210 2172 1281 atque
2210 1208 2414 1263 eadem
2445 1212 2632 1264 matre
2679 1207 2963 1281 generati,
3013 1205 3502 1280 cognationisque

1848 1298 2051 1354 eodem
2072 1298 2210 1369 jure
2239 1297 2512 1353 devincti.

1920 1386 2012 1442 95.
2053 1385 2304 1458 Ideoque
2352 1389 2409 1441 et
2455 1384 2743 1442 Dominus
2792 1385 3030 1441 fratrem
3080 1382 3389 1456 appellavit
3440 1385 3498 1440 et

1849 1491 1985 1532 eum
2016 1475 2252 1530 fratrem
2284 1491 2319 1530 a
2346 1491 2462 1546 quo
2493 1474 2735 1547 sanguis
2757 1473 2954 1530 fratris
2975 1471 3300 1544 exquiritur
3321 1470 3501 1544 signi-

1850 1565 2034 1621 ﬁcans
2050 1563 2239 1636 magis
2260 1563 2332 1619 ab
2357 1563 2449 1619 his
2474 1562 2801 1636 periculum
2828 1561 3364 1635 pertimescendum
3395 1558 3499 1632 qui

1849 1654 2104 1709 fraterno
2137 1652 2249 1709 sibi
2272 1652 2407 1724 jure
2455 1651 2772 1709 sociantur.
2827 1651 2971 1706 Hinc
3004 1649 3217 1706 etenim
3248 1648 3497 1713 insidiis,

1847 1741 1985 1798 hinc
2037 1739 2298 1815 pericula
2329 1740 2726 1812 frequentiora
2756 1739 3096 1795 hominibus
3146 1754 3499 1811 comparan-

119 1828 284 1899 guinis
305 1827 639 1900 plurimum
669 1828 952 1893 amiserit,
984 1827 1199 1884 etenim
1231 1826 1537 1900 sanguinis
1585 1827 1732 1882 eﬂu-
1772 1865 1819 1930 B
1851 1834 1966 1895 tur,
2000 1835 2058 1885 et
2086 1834 2151 1885 ut
2179 1828 2455 1902 specialia
2486 1828 3082 1901 comprehendamus,
3113 1826 3270 1901 quod
3304 1824 3499 1881 fratri-

121 1918 255 1974 sione
284 1917 570 1989 frigescit.
604 1916 880 1989 Quisquis
930 1915 1111 1988 igitur
1155 1915 1406 1987 diligens
1451 1916 1737 1971 virtutum

120 2010 205 2073 est,
231 2005 386 2062 cibos
414 2004 657 2079 ablegat
676 2009 733 2060 et
749 2004 938 2077 rejicit
957 2003 1427 2078 corporales,nisi
1450 2007 1736 2076 quantum

122 2094 207 2148 scit
232 2092 370 2148 satis
396 2107 530 2149 esse
562 2095 802 2155 naturae.
835 2090 1111 2164 Quisquis
1134 2094 1329 2147 autem
1348 2089 1735 2163 negligentior

122 2187 367 2252 tauquam
391 2179 696 2235 lubricum
718 2182 775 2235 et
795 2195 1084 2252 aquosum
1102 2179 1227 2237 vita
1244 2177 1415 2235 istius
1432 2176 1738 2235 fueritcur-

122 2285 225 2326 sum
261 2272 523 2337 secutus,
582 2268 751 2343 quasi
803 2267 1041 2324 amissis
1072 2267 1349 2340 vestigiis
1392 2268 1451 2324 in
1502 2273 1735 2325 uterum

122 2358 302 2413 decidit
330 2362 387 2413 et
413 2361 707 2417 ventrem.
750 2356 950 2430 Itaque
979 2373 1047 2413 ea
1076 2373 1202 2430 quae
1228 2361 1367 2414 sunt
1394 2360 1623 2414 terrena
1644 2358 1738 2417 de-

124 2446 322 2517 siderat,
364 2446 518 2503 267
578 2445 692 2500 cibi
746 2444 991 2503 caelestis
1038 2446 1303 2502 alienus:
1353 2450 1411 2502 et
1453 2448 1552 2520 qui
1620 2464 1734 2503 non

124 2537 274 2607 possit
302 2537 496 2593 dicere
532 2552 547 2590 :
582 2534 787 2592 Nostra
814 2538 1151 2591 conversatio
1180 2537 1241 2591 in
1269 2536 1417 2590 caelis
1454 2541 1534 2591 est
1579 2538 1731 2608 (Plii-

126 2625 227 2697 lipp.
257 2642 334 2694 In,
364 2626 485 2696 20.)
543 2623 792 2696 Ideoque
845 2628 912 2680 ut
954 2624 1025 2679 ad
1074 2629 1328 2680 secretos
1378 2629 1729 2697 provocaret,

130 2712 185 2767 ait
206 2714 347 2770 idem
373 2731 387 2768 :
416 2715 497 2770 Ne
518 2714 829 2783 tetigeritis,
874 2728 943 2767 ne
986 2715 1466 2782 attaminaveritis,
1517 2730 1587 2770 ne
1633 2730 1732 2786 gu-

132 2804 350 2858 staveritis
390 2817 523 2875 gum
558 2809 686 2857 sunt
715 2800 785 2856 ad
807 2803 1171 2875 corruptelam
1210 2804 1324 2874 ipso
1372 2820 1494 2871 usu,
1542 2820 1732 2860 secun-

129 2888 223 2945 dum
241 2900 517 2964 praecepta
547 2894 599 2945 et
626 2889 899 2947 doctrinas
928 2890 1212 2946 hominum
1240 2909 1360 2964 qua:
1387 2897 1517 2948 sunt
1563 2895 1733 2950 ratio-

124 2992 216 3034 nem
257 2980 477 3052 quidem
534 2978 795 3035 habentia
858 2981 1167 3051 sapientiae,
1236 2981 1296 3035 in
1364 2980 1735 3041 observatione

118 3066 365 3139 religionis
397 3072 453 3125 et
506 3067 822 3123 humilitate
878 3068 1072 3134 cordis,
1116 3084 1225 3123 non
1273 3070 1334 3123 in
1391 3070 1735 3142 indulgentia

108 3160 346 3230 corporis,
373 3172 488 3214 non
518 3158 579 3211 in
603 3155 804 3213 honore
829 3157 1016 3229 aliquo
1046 3157 1116 3213 ad
1161 3160 1507 3215 saturitatem
1547 3164 1599 3215 et
1643 3161 1734 3217 di-

104 3243 374 3314 ligentiam
398 3245 593 3302 carnis
615 3243 839 3314 (Coloss.
872 3262 936 3311 Il,
966 3245 1026 3301 2t
1040 3247 1157 3317 -23)

708 3332 945 3390 CAPUT
983 3332 1155 3389 XXVI

122 3404 337 3491 Pejorem
394 3406 585 3462 bestiis
620 3419 734 3491 esse
789 3407 907 3489 qui.
926 3406 1190 3491 fratrem,
1238 3405 1307 3489 ‘id
1361 3408 1458 3491 est,
1499 3407 1739 3491 ejusdem

179 3474 376 3531 natura;
429 3479 743 3534 consortem
793 3474 1083 3538 occiderit;
1136 3478 1314 3549 majus
1372 3474 1550 3534 εαυτθὴ
1588 3481 1736 3551 peri-

179 3548 349 3603 culum
375 3564 411 3603 a
435 3547 710 3618 fratribus
750 3548 884 3617 ipsis
911 3550 1185 3618 germanis
1203 3549 1562 3605 metuendum
1587 3567 1600 3604 :
1624 3552 1735 3606 eis-

178 3634 269 3690 que
302 3622 637 3701 fraternum
687 3634 901 3701 nomen
939 3618 1382 3701 nonnabrogari,
1412 3624 1503 3701 _ut
1542 3636 1737 3701 eorum

176 3689 335 3772 magis
387 3698 671 3771 gravetur.
710 3690 980 3774 impietas.
1046 3689 1192 3774 {Inde
1246 3692 1458 3774 morale
1520 3691 1734 3763 dogma,

175 3763 352 3832 cuique
375 3777 410 3816 a
442 3761 696 3833 propriis
718 3761 1156 3831 cogitationibus
1192 3778 1256 3816 ac
1304 3763 1482 3817 verbis
1537 3761 1737 3819 caven-

175 3829 309 3886 dum.
342 3832 542 3900 Qualis
571 3833 629 3886 in
656 3833 774 3902 fusi
800 3832 1089 3902 sanguinis
1118 3836 1394 3889 auctorem
1434 3836 1737 3890 commina-

177 3902 275 3958 tio:
306 3905 401 3976 qui
430 3902 738 3976 didumde
766 3903 1007 3976 homine,
1039 3902 1459 3976 adimaginem
1484 3905 1583 3961 Dei
1603 3905 1740 3961 fecit

1850 1921 1962 1975 bus
1988 1917 2342 1992 specialibus
2372 1917 2432 1973 in
2464 1916 2822 1973 hereditatis
2852 1916 3137 1974 divisione
3167 1916 3502 1990 frequenter

1848 2008 1982 2065 odia
2007 2010 2406 2063 succrescunt.
2440 2004 2658 2062 Deinde
2679 2006 2729 2061 si
2752 2006 2913 2062 fratri
2936 2004 3192 2078 amplius
3214 2003 3498 2061 collatum

1849 2096 2021 2153 fuerit
2050 2114 2087 2165 a_
2111 2095 2476 2168 parentibus,
2510 2096 2719 2151 fratres
2750 2094 2846 2150 alii
2875 2095 3259 2168 indignantur
3284 2094 3495 2167 magis,

1846 2190 1902 2241 et
1927 2185 2178 2259 gratiam
2211 2202 2245 2241 a
2273 2184 2615 2257 parentibus
2645 2182 2917 2239 collatam
2937 2183 3247 2256 parricidio
3268 2182 3496 2240 auferre

1845 2278 2153 2330 conantur.
2184 2276 2304 2330 Ista
2332 2272 2521 2347 magis
2552 2272 2704 2328 bella
2733 2276 3027 2345 suspecta,
3062 2270 3213 2328 bella
3242 2288 3361 2329 non
3409 2271 3492 2328 ci-

1844 2363 2003 2419 vium
2036 2367 2290 2429 tantum,
2322 2363 2424 2417 sed
2456 2361 2822 2434 singularum
2855 2362 3165 2419 domorum
3195 2360 3331 2434 (79).
3356 2359 3491 2417 Illos

1844 2469 1980 2526 ergo
2011 2451 2295 2508 Dominus
2326 2451 2399 2507 ad
2432 2450 2671 2507 ultionis
2696 2451 2991 2523 judicium
3022 2450 3485 2524 comprehendit,

1844 2550 1992 2614 quos
2022 2539 2208 2613 magis
2241 2539 2621 2595 insidiaturos
2652 2539 2763 2595 sibi
2798 2554 2925 2596 esse
2956 2540 3243 2613 cognovit.

1912 2631 2002 2685 96.
2034 2628 2293 2684 Tertium
2325 2631 2415 2684 est
2443 2628 2597 2700 quod
2644 2627 2702 2682 in
2751 2644 2817 2684 eo
2876 2627 3113 2684 fratrem
3163 2627 3327 2698 dixit,
3371 2645 3485 2685 non

1844 2718 1997 2776 268
2030 2717 2185 2791 quod
2217 2717 2433 2790 dignus
2483 2716 2715 2789 pictatis
2768 2717 3005 2773 nomine
3050 2715 3341 2790 parricida
3370 2718 3485 2773 sit:

1842 2808 1943 2863 sed
1976 2823 2090 2880 quo
2131 2804 2319 2878 magis
2362 2805 2596 2878 pietatis
2644 2809 2920 2878 gravetur
2964 2804 3269 2874 vocabulo,
3315 2811 3489 2878 atque

1842 2896 1978 2952 inde
2012 2896 2113 2951 fiat
2144 2894 2377 2950 sceleris
2406 2894 2857 2962 incrementum,
2892 2911 3008 2968 quo
3031 2894 3254 2966 justior
3276 2894 3352 2951 sit
3371 2894 3491 2952 vin-

1843 2984 1997 3041 dicta
2024 2983 2274 3040 scelesti.
2308 2984 2457 3056 Ergo
2488 2982 2753 3039 Dominis
2784 2983 2938 3039 Deus
2971 2987 3167 3040 noster
3210 2982 3490 3040 ultionem

1842 3071 2173 3145 promittit:
2208 3076 2273 3127 ut
2299 3069 2387 3127 vel
2419 3071 2502 3126 sic
2537 3072 2839 3143 frangatur
2869 3075 3055 3140 metu,
3101 3071 3202 3143 qui
3256 3072 3491 3144 pietatis

1845 3166 1934 3217 est
1958 3159 2175 3217 oblitus
2200 3177 2213 3228 ;
2246 3163 2303 3215 et
2324 3159 2471 3215 sciat
2501 3160 2656 3232 quod
2688 3159 2918 3215 etiamsi
2952 3160 3221 3217 homines
3251 3160 3492 3232 effugiat

1764 3232 1807 3300 C
1845 3249 2158 3317 homicida,
2192 3248 2291 3304 Dei
2318 3251 2513 3303 tamen
2535 3247 2829 3318 judicium
2860 3264 2975 3303 non
3010 3247 3194 3319 possit
3221 3249 3484 3317 evadere,

1844 3340 1946 3396 sed
1978 3336 2187 3409 majori
2215 3340 2273 3392 et
2299 3339 2513 3391 interno
2535 3334 2825 3407 supplicio
2856 3338 3199 3392 reservetur.

1913 3428 2002 3483 97.
2034 3425 2252 3482 Altiore
2300 3429 2492 3481 autem
2524 3441 2703 3481 sensu
2756 3423 2865 3480 hoc
2904 3422 3313 3496 intelligimus,
3366 3441 3482 3481 non
3560 3456 3563 3459 -

1846 3515 2038 3573 solum
2070 3515 2143 3570 ab
2171 3517 2583 3570 extraneorum
2614 3511 2866 3578 insidiis,
2896 3526 3101 3568 verum
3131 3512 3310 3569 etiam
3331 3530 3367 3569 a
3391 3530 3491 3570 no-

1843 3605 2006 3673 stris,
2038 3603 2147 3660 hoc
2178 3607 2266 3659 est
2295 3600 2632 3658 domesticis
2663 3601 3117 3673 cogitationibus
3147 3601 3284 3675 (80),
3319 3602 3488 3660 nobis

1845 3693 2187 3750 cavendum.
2223 3690 2439 3747 Deinde
2470 3690 2902 3746 observandum
2933 3691 3104 3748 nobis
3133 3707 3249 3748 non
3299 3689 3489 3749 solum

1846 3801 1881 3839 a
1910 3780 2134 3838 malitia
2163 3781 2397 3848 mentis,
2430 3796 2631 3835 verum
2663 3779 2840 3837 etiam
2860 3780 2933 3836 ab
2956 3779 3100 3853 ipsis
3114 3780 3491 3838 sermonibus

1847 3868 2082 3927 nostris.
2117 3869 2366 3942 Ideoque
2413 3868 2532 3924 ait:
2588 3869 2664 3923 De
2712 3868 3061 3941 multiloquio
3110 3884 3220 3925 non
3268 3870 3492 3941 effugies

177 3955 730 4047 eam_’(cis'.".,"2“7)";
768 3955 977 4045 sua»;
991 3955 1007 3970 '
1026 3955 1521 4032 Ἷῗέτὶᾶἷᾶοἷ

1923 3966 2119 4015 reatum
2146 3958 2327 4028 (Prov.
2351 3974 2405 4023 x,
2441 3956 2550 4028 19).
2586 3957 2734 4029 Ergo
2765 3956 2876 4013 hoc
2907 3955 3235 4029 significare
3266 3956 3494 4013 videtur

178 4060 265 4099 nos
282 4045 488 4102 deceat.

177 4129 253 4187 94.
284 4131 552 4207 Denique
602 4130 760 4188 hunc
808 4149 1047 4190 sensum
1092 4149 1220 4191 esse
1267 4136 1590 4207 posteriora
1637 4153 1739 4209 ap-

124 4219 374 4290 probant;
407 4222 501 4278 sic
530 4220 687 4277 enim
718 4220 801 4277 ait
835 4239 847 4276 :
880 4222 1099 4278 Etenim
1127 4227 1364 4279 vestrum
1394 4227 1739 4297 sanguinem,

122 4313 163 4359 et
203 4311 514 4367 animarum
562 4313 870 4365 vestrarum
917 4312 1209 4383 exquiram
1251 4311 1317 4367 de
1362 4315 1615 4371 omnibus
1656 4315 1739 4372 be-

123 4397 243 4465 stiis,
274 4402 319 4453 et
349 4398 416 4455 de
442 4415 622 4454 manu
651 4399 887 4455 hominis
916 4397 1067 4471 (Gen.
1104 4417 1178 4465 IX,
1210 4401 1284 4469 4).
1339 4401 1576 4458 Bestiali
1616 4420 1739 4459 ma-

125 4480 238 4539 litiae
264 4486 641 4561 comparavit,
673 4487 790 4543 imo
820 4486 996 4557 etiam
1037 4487 1324 4545 acervavit
1370 4490 1737 4563 iniquitatem

126 4569 220 4666 (78)
247 4572 504 4666 hominis
536 4573 690 4666 ultra
732 4574 1050 4666 bestiarum
1094 4576 1403 4647 feritatem,
1456 4580 1738 4638 dicendo:
1772 4601 1819 4666 D

128 4662 191 4714 De
211 4678 370 4718 manu
399 4665 661 4720 hominus
687 4665 880 4735 fratris
910 4666 1116 4738 (Ibid.).
1149 4667 1375 4723 Etenim
1408 4668 1607 4726 bestia:
1649 4670 1743 4726 ni-

126 4741 192 4800 hil
221 4750 523 4809 nobiscum
551 4750 772 4808 habent
802 4768 1113 4811 commune
1144 4759 1386 4825 naturae,
1412 4757 1570 4814 nullo
1591 4758 1748 4815 velut

128 4832 353 4896 fraterno
374 4841 514 4913 jure
542 4839 818 4896 devincta:
849 4846 1008 4899 sunt.
1053 4844 1111 4899 Si
1144 4849 1354 4901 nocent
1382 4845 1745 4919 hominibus,

129 4926 272 4993 quasi
304 4928 598 4986 extraneis
628 4934 857 5000 nocent,
900 4930 1130 4988 Natura
1153 4933 1293 5004 jura
1341 4950 1458 4991 non
1507 4934 1745 4992 violant.

326 5105 542 5185 Omnes
574 5106 739 5175 edit.,
767 5107 1065 5185 accibavit.
1099 5108 1241 5167 Mss.
1274 5110 1504 5185 melius,
1530 5129 1747 5170 acerva-

128 5176 213 5253 vit,
242 5176 413 5253 idest
443 5178 830 5253 exaggeravit.
864 5180 930 5253 Et
980 5179 1090 5237 hoc
1135 5182 1314 5238 semel
1368 5176 1747 5252 monendum,

131 5241 214 5328 ubi
243 5242 488 5328 habetur
524 5241 755 5319 invadit,
787 5250 1054 5321 verbum,
1095 5253 1308 5325 acerbo,
1357 5270 1588 5328 semper
1633 5241 1749 5313 fere

130 5318 180 5369 in
196 5330 364 5394 lges;
376 5318 489 5394 legi
519 5337 729 5378 acervo.

188 5385 667 5465 (79)_Hic'magna
688 5397 820 5465 tum
851 5393 1087 5465 inﬁmas.
1119 5398 1244 5461 tum
1277 5394 1334 5449 in
1366 5395 1504 5452 edit.
1548 5412 1751 5453 corru-

133 5456 643 5535 ptio._Cod._Corb.,
676 5460 860 5532 Colb.,
889 5462 1050 5520 Valc.
1084 5458 1151 5521 ae
1179 5465 1319 5521 edit.
1351 5468 1505 5535 Am.,
1530 5467 1663 5525 Gill.
1696 5472 1753 5525 et

168 5527 379 5586 nedum
430 5527 785 5608 Ifaris.,_non
972 5539 1206 5602 tantum,
1258 5536 1352 5593 sed
1398 5527 1755 5608 singularum

447 5602 586 5679 Mss.
618 5604 772 5675 Vat.,
812 5606 986 5679 Long.
1014 5612 1108 5679 iet
1161 5608 1273 5664 Era
1327 5602 1515 5677 edit,
1663 5610 1755 5668 sed

133 5666 482 5747 Singularium
508 5666 814 5737 domorum.
844 5666 982 5738 Αιίὲ
1011 5678 1218 5752 Paria,
1245 5695 1353 5737 non
1396 5666 1504 5740 sibi
1540 5666 1756 5744 tantum

431 5800 686 5875 Panos.
731 5802 890 5875 XIV.

1848 4064 1964 4104 non
1996 4045 2187 4103 solum
2221 4044 2412 4118 operis
2443 4044 2649 4112 nostri,
2684 4045 2786 4100 sed
2819 4044 2996 4100 etiam
3048 4044 3340 4102 sermonis
3387 4047 3489 4118 qui

1847 4140 1936 4192 est
1967 4134 2155 4208 magis
2184 4133 2564 4201 domesticus,
2598 4132 2886 4188 rationem
2918 4132 3167 4188 Domino
3197 4149 3328 4190 esse
3359 4134 3489 4191 red-

1847 4225 2121 4282 dendam.
2154 4223 2224 4278 Et
2252 4221 2380 4277 ideo
2404 4220 2740 4293 diligentius
2764 4220 3277 4291 considerandum,
3312 4239 3383 4279 ne
3403 4222 3493 4279 vel

1848 4328 2118 4370 sermone
2146 4310 2234 4367 vel
2280 4326 2450 4383 opere
2508 4308 2924 4365 contrahemus
2982 4309 3297 4380 offensam;
3355 4312 3495 4385 quia

1851 4402 2002 4460 sicut
2031 4417 2128 4457 ore
2153 4399 2443 4457 confessio
2477 4398 2537 4454 ﬁt
2569 4399 2642 4454 ad
2673 4396 2950 4468 salutem,
2980 4398 3065 4456 sic
3084 4415 3182 4457 ore
3203 4401 3269 4457 ﬁt
3293 4400 3494 4476 lapsus

1850 4492 1922 4550 ad
1947 4494 2212 4547 mortem.

1920 4582 2009 4635 98.
2046 4581 2152 4649 Qui
2179 4578 2450 4651 effuderit,
2483 4576 2693 4650 inquit,
2725 4579 3057 4647 sanguinem
3088 4577 3347 4652 hominis,
3393 4597 3496 4654 pro

1851 4670 2122 4742 sanguine
2150 4668 2386 4724 hominis
2413 4668 2531 4739 ejus
2561 4666 2873 4740 effundatur
2913 4666 3066 4740 (Gen.
3118 4686 3194 4736 IX,
3244 4669 3321 4740 6).
3370 4670 3497 4728 Non

1853 4756 2065 4814 erravit
2095 4755 2331 4825 locutio,
2364 4756 2464 4812 sed
2496 4755 2797 4829 emphasis
2827 4759 2936 4824 est,
2971 4756 3026 4812 id
3049 4760 3157 4824 est,
3184 4774 3496 4832 exaggera-

1852 4847 1931 4904 tio
1965 4847 2115 4902 facta
2142 4846 2455 4902 verborum
2485 4851 2592 4913 est,
2643 4861 2709 4901 eo
2765 4845 2923 4917 quod
2970 4844 3022 4901 is
3079 4845 3181 4916 qui
3229 4847 3500 4905 effuderit

1836 4935 2203 5008 sanguinem
2233 4933 2493 4990 hominis
2523 4934 2660 5006 (8t),
2690 4932 2818 5006 ipse
2848 4933 3017 5005 quasi
3042 4934 3286 5006 sanguis
3312 4935 3497 4993 effun-

1857 5113 1949 5171 sed
1978 5113 2344 5184 singularium
2366 5112 2657 5184 donorum.
2692 5112 2905 5169 Locum
2931 5115 3126 5169 tamen
3147 5130 3178 5170 e
3198 5113 3325 5170 cod.
3352 5113 3497 5173 Maz.

1857 5190 1952 5243 sat
1981 5183 2128 5241 bene
2150 5183 2535 5240 restituimus.

1931 5255 2044 5327 (80)
2074 5254 2208 5309 Edit
2237 5254 2427 5321 Rom.,
2456 5269 2558 5324 per
2607 5252 2704 5327 hoc
2752 5255 3110 5327 intelligimus
3162 5270 3274 5313 non
3320 5258 3501 5316 solum

1859 5326 2365 5391 ab'extraneorum,
2400 5340 2588 5379 verum
2614 5326 2784 5380 etaim
2811 5343 2847 5381 a
2896 5335 3227 5395 nostrorum,
3280 5329 3378 5385 hoc
3421 5338 3501 5387 est

1861 5397 2282 5454 domesticon
2309 5395 2751 5467 cogitationibus.
2772 5396 2886 5452 Sed
2906 5396 3216 5455 lectionem
3238 5404 3501 5460 nostram

1864 5484 2076 5541 magno
2108 5466 2396 5541 consensu
2428 5466 2739 5541 preferunt
2768 5483 2911 5541 mss.
2942 5485 3009 5524 ac
3035 5474 3149 5541 vet.
3182 5470 3341 5538 edit.,
3389 5471 3504 5535 nisi

1864 5538 2111 5615 quodin
2140 5539 2350 5615 iisdem
2383 5538 2520 5615 edit.
2547 5553 2655 5615 vox
2682 5538 3049 5615 insidiisnon
3079 5539 3310 5615 legitur.

1933 5611 2047 5741 ἐκ)
2074 5610 2417 5698 Ambrosius
2446 5608 2569 5693 hoc.
2591 5608 2717 5695 loco
2773 5608 2965 5667 reddit
2992 5608 3344 5671 sente'ntiam
3363 5613 3505 5677 LXX

1994 5697 2113 5741 ror.
2165 5685 2258 5741 Βιο
2323 5698 2479 5741 enim
2554 5679 2677 5741 Illi:
2712 5688 2764 5741 Ὀ
2819 5689 3006 5741 ικγιων
3060 5690 3182 5741 αἷμα
3247 5692 3503 5741 ἀνθρώπου

1865 5679 2113 5759 Interpr.
2165 5680 2258 5741 Sic
2323 5680 2479 5743 enim
2554 5679 2677 5744 illi:
2712 5688 2764 5745 '0
2819 5689 3006 5763 ὒκχίων
3060 5690 3182 5759 αἷμα
3247 5692 3503 5764 ἀνθρώπου

3108 5813 3188 5881 14
