3878 6208
373 310 493 370 427
1833 316 1897 376 8.

2201 315 2320 376 )8ΙΙ
3630 321 3732 380 428

375 443 564 509 detur,
600 444 754 514 quod
786 459 948 516 spem
983 445 1033 500 ei
1064 444 1421 516 posteritatis
1445 444 1683 515 cripiat;
1708 445 1847 515 quia
1868 445 2021 500 sicut
2049 445 2104 511 Α
2134 446 2292 500 nitus
2340 444 2593 500 interire.
2628 445 2772 510 Quid
2819 445 2974 500 enim
3024 445 3096 501 de
3141 444 3422 516 parricida
3466 446 3734 505 dicimus?

372 530 615 604 sanguis
642 532 864 588 effusus
894 532 952 587 in
986 538 1223 599 terram,
1254 532 1364 588 hac
1395 537 1569 604 atque
1606 531 1738 588 illac
1786 534 2015 605 spargi-
2129 535 2276 597 Quid
2310 534 2486 589 etiam
2513 534 2584 589 de
2614 533 2906 589 homicida
2936 533 2964 588 ?
2995 533 3141 600 Quid
3174 533 3243 588 de
3274 532 3525 590 adultero
3552 536 3578 590 ?
3606 537 3734 603 Quid
3814 560 3815 575 λ

372 618 492 684 tur,
524 620 605 674 ita
633 620 947 692 impiorum
980 622 1178 676 anima
1195 638 1485 693 corporea:
1507 620 1841 692 fragilitatis
1860 638 2019 677 more
2129 623 2200 675 de
2260 621 2693 693 praevaricatore
2714 622 2741 676 ‘?
2771 623 2926 686 Quas
2956 622 3007 677 ei
3063 625 3255 692 partes
3312 615 3511 677 animae
3561 625 3627 678 ad
3654 641 3736 679 ve-

375 707 634 763 solvatur
664 708 771 779 (82)
800 727 812 775 ;
847 710 983 780 quia
1016 714 1072 765 et
1102 711 1171 764 de
1204 710 1374 765 ruina
1399 709 1620 765 dictum
1654 715 1743 765 est
1773 715 2018 765 mortem
2130 710 2285 765 niam
2321 727 2684 766 reservamus
2707 710 2735 764 ?
2769 710 2930 765 Unde
2963 710 3150 781 magis
3178 708 3316 764 illud
3341 709 3581 765 arbitror
3601 711 3733 782 quod

376 796 504 866 ejus
535 813 661 852 esse
706 798 1138 869 corruptionem
1179 800 1295 866 (Job
1339 815 1539 862 xxxm,
1588 799 1702 868 28),
1747 814 1813 853 eo
1862 799 2016 870 quod
2132 804 2398 871 provocet
2427 798 2709 854 Dominus
2750 799 2927 863 Deus,
2959 803 3024 853 ut
3053 798 3225 852 etiam
3259 797 3306 852 si
3364 797 3491 868 quis
3521 798 3735 855 leviores

376 884 573 953 gratias
604 885 854 940 caelestis
886 904 1131 942 munere
1181 888 1579 953 defraudetur,
1609 891 1665 942 et
1693 886 1853 942 velut
1905 885 2019 940 col-
2131 887 2275 943 aiias
2300 888 2509 943 habeat
2540 889 2864 958 passiones,
2914 903 3029 942 non
3087 884 3316 957 penitus
3363 885 3608 941 divinam
3651 888 3735 942 de-

377 971 488 1027 lisa
518 972 749 1028 malitiae
795 974 1054 1046 scopulis
1105 975 1468 1031 salubritatis
1500 992 1616 1031 sua:
1648 992 1860 1047 corpus
1910 974 2022 1029 ini-
2132 980 2328 1046 speret
2356 976 2628 1047 gratiam,
2662 992 2768 1031 nec
2800 974 3154 1031 omnimodis
3185 973 3470 1029 victurum
3523 991 3583 1029 se
3626 991 3736 1030 esse

378 1060 627 1116 minuat.
2137 1063 2382 1118 diffidat.
2418 1063 2528 1119 Sed
2560 1064 2736 1119 etiam
2769 1063 2816 1117 si
2843 1067 2931 1118 est
2960 1061 3424 1130 luxuriosusn,ec
3445 1067 3619 1134 potest
3637 1066 3738 1117 stu-

449 1149 540 1204 99.
599 1150 792 1206 Movet
838 1153 1015 1209 etiam
1075 1152 1387 1225 plerosque
1436 1153 1589 1224 quod
1639 1152 1883 1208 dixerit:
1946 1152 2021 1206 Ad
2132 1152 2294 1207 dium
2322 1152 2503 1207 vitare
2532 1152 2799 1218 luxuriae,
2839 1152 2911 1207 ab
2965 1149 3250 1207 adulterio
3298 1155 3487 1205 tamen
3532 1150 3738 1206 studeat

380 1238 678 1307 imaginem
708 1241 809 1295 Dei
834 1244 965 1311 fecit
1012 1242 1287 1296 hominem
1329 1241 1479 1309 (Gen.
1531 1259 1607 1303 ix,
1656 1242 1749 1311 6):
1806 1246 1862 1294 et
1906 1256 2017 1294 non
2131 1246 2495 1310 temperare:
2532 1241 2609 1296 sit
2639 1240 2915 1313 epulandi
2946 1239 3274 1305 delectatio,
3305 1256 3416 1294 non
3461 1238 3737 1310 stupraudi

382 1325 625 1382 dixerit:
660 1327 738 1381 Ad
774 1327 1092 1399 imaginem
1124 1345 1338 1393 meam,
1370 1345 1502 1384 cum
1538 1329 1662 1400 ipse
1708 1329 1785 1383 sit
1842 1328 2018 1383 Deus.
2131 1330 2225 1384 sit.
2258 1329 2444 1384 Etiam
2477 1329 2526 1384 si
2558 1329 2749 1385 nescio
2799 1329 2932 1400 quis
2982 1345 3192 1384 avarus
3235 1327 3335 1400 qui
3392 1326 3568 1382 aliena
3606 1326 3737 1381 diri-

381 1412 492 1467 Sed
525 1412 780 1485 intellige
819 1420 877 1470 et
906 1416 1129 1470 Patrem
1162 1433 1309 1477 esse,
1336 1422 1393 1471 et
1426 1417 1636 1471 Filium
1668 1433 1814 1471 esse.
1852 1417 1918 1470 Et
1954 1416 2019 1470 li-
2132 1417 2278 1489 puit.
2312 1419 2477 1487 ejecit
2505 1416 2778 1489 pupillos,
2811 1416 3136 1472 eliminavit
3165 1416 3390 1484 viduas,
3433 1414 3515 1470 vel
3561 1418 3737 1486 postea

379 1506 467 1555 cet
499 1519 601 1572 per
632 1502 839 1557 Filium
876 1504 1074 1558 omnia
1126 1499 1277 1559 facta
1320 1510 1480 1575 sunt,
1525 1511 1723 1560 tamen
1770 1504 2021 1574 legimus
2130 1512 2324 1560 tamen
2359 1506 2415 1559 in
2450 1506 2848 1576 paenitentiam
2876 1522 3175 1576 regressus
3198 1502 3738 1575 restituatquodabs—

378 1590 518 1661 quia
550 1594 734 1657 Pater,
771 1592 967 1646 fecerit
1007 1592 1226 1656 omnia,
1279 1598 1335 1647 et
1393 1594 1593 1649 iecerit
1641 1610 1741 1665 per
1787 1592 2016 1659 Filium,
2131 1594 2282 1648 tulit.
2317 1594 2578 1665 Denique
2606 1593 2878 1649 Zacbaaus
2910 1592 3035 1648 ideo
3078 1591 3307 1648 veniam
3356 1590 3576 1657 meruit,
3619 1588 3738 1661 quia

378 1679 531 1733 sicut
559 1679 841 1751 scriptum
870 1684 997 1734 est:
1036 1681 1232 1735 Omnia
1262 1684 1321 1735 in
1351 1684 1622 1754 sapientia
1640 1684 1822 1753 fecisti
1846 1682 2016 1751 (Psal.
2134 1701 2245 1737 non
2279 1683 2469 1737 solum
2502 1682 2908 1737 restituturum
2942 1699 3023 1748 se,
3058 1681 3158 1737 sed
3193 1677 3571 1753 quadruplum
3617 1693 3727 1749 pro-

376 1783 497 1865 cul,
530 1768 641 1865 24)..
674 1767 802 1823 Sive
833 1785 969 1866 ergo
1000 1770 1167 1824 Pater
1198 1770 1358 1836 dicit,
1394 1772 1462 1825 ad
1498 1770 1815 1841 imaginem
1852 1769 2017 1824 Verbi
2053 1806 2100 1871 B
2132 1771 2294 1826 misit
2315 1771 2531 1842 quibus
2557 1770 2754 1841 aliqua
2775 1768 3131 1838 sustulisset,
3161 1767 3511 1841 pauperibus
3529 1780 3733 1838 quoque

378 1855 552 1910 fecit:
585 1855 705 1911 sive
756 1855 935 1911 Filius
982 1857 1145 1924 dicit,
1204 1858 1275 1912 ad
1321 1859 1636 1929 imaginem
1686 1858 1787 1914 Dei
1837 1858 2022 1913 Patris
2053 1855 2099 1871 υ
2133 1860 2501 1915 medietatem
2535 1858 2626 1914 sui
2658 1858 2993 1930 patrimonii
3025 1858 3402 1914 donaturum.

378 1942 530 1999 fecit.
564 1943 632 1999 Et
660 1942 788 1999 ideo
821 1945 1172 2000 familiarem
1204 1948 1524 2017 quamdam
1556 1952 1612 2002 et
1637 1948 2020 2002 domesticam
2207 1948 2325 2003 103.
2372 1947 2824 2003 Consideremus
2870 1947 3048 2003 etiam
3099 1945 3440 2018 diligentius
3485 1942 3613 2015 quid
3653 1941 3732 2007 sit,

378 2033 493 2088 Deo
515 2032 878 2088 demonstrat
907 2032 1163 2089 hominis
1195 2051 1324 2090 esse
1358 2040 1647 2099 naturam,
1682 2036 1739 2090 id
1792 2040 1881 2091 est
1933 2052 2022 2090 ra-
2132 2038 2287 2108 quod
2324 2036 2438 2091 ait:
2471 2036 2668 2091 Arcum
2699 2051 2881 2091 meum
2909 2050 3109 2105 ponam
3156 2036 3217 2088 in
3268 2034 3428 2101 nube,
3476 2040 3523 2087 et
3549 2032 3642 2086 erit
3673 2028 3733 2083 si-

380 2120 682 2176 tionabilis
712 2120 970 2176 hominis
998 2122 1322 2176 secundum
1373 2124 1527 2194 quod
1579 2123 1650 2177 ad
1703 2123 2022 2195 imaginem
2131 2144 2299 2197 gnum
2327 2125 2636 2181 testamenti
2662 2125 2861 2180 aeterni
2888 2125 3033 2179 inter
3079 2140 3165 2177 me
3210 2128 3261 2178 et
3318 2125 3462 2177 inter
3511 2129 3732 2175 terram:

383 2209 485 2265 Dei
516 2208 692 2264 creati
725 2225 931 2264 sumus
960 2226 974 2275 ;
1008 2225 1191 2281 eaque
1222 2226 1401 2264 causa
1444 2209 1695 2265 inultum
1752 2228 1866 2265 non
1898 2227 2023 2266 esse
2139 2223 2188 2269 et
2218 2215 2320 2267 erit
2352 2230 2476 2267 cum
2506 2212 2889 2267 innubzlavero
2916 2210 3088 2265 nubes
3117 2226 3285 2282 super
3311 2217 3503 2265 terram
3527 2233 3539 2274 ;
3555 2205 3738 2279 parebit

384 2296 538 2369 apud
572 2296 753 2352 Deum
786 2298 939 2368 quod
976 2298 1032 2351 in
1065 2298 1449 2353 domesticum
1499 2298 1715 2355 animal
1774 2299 1884 2353 sibi
1942 2299 2021 2353 vi-
2132 2317 2293 2356 arcus
2324 2317 2472 2354 meus
2504 2302 2566 2354 in.
2594 2300 2755 2361 nu're.
2800 2305 2853 2354 et
2908 2314 3115 2355 memor
3170 2314 3264 2353 ero
3320 2296 3614 2354 testamenti
3648 2292 3739 2347 mei

385 2387 517 2441 deat
548 2385 860 2440 crudeliter
886 2391 943 2439 et
976 2386 1151 2457 impie
1181 2403 1307 2442 esse
1333 2388 1737 2444 commissum.
2134 2390 2283 2455 (Gen.
2319 2406 2395 2451 ix,
2427 2388 2517 2454 43,
2552 2389 2660 2452 16).
2710 2388 2833 2443 Non
2887 2388 3043 2442 enim
3094 2388 3249 2442 sicut
3308 2386 3558 2459 plerique
3608 2379 3737 2437 arbi-

456 2475 579 2529 400.
612 2478 799 2529 Causa
828 2491 963 2543 ergo
994 2476 1257 2529 vindictm
1279 2477 1478 2532 addita
1500 2476 1655 2541 facit,
1685 2481 1745 2531 ut
1768 2476 2023 2548 primum
2134 2482 2382 2537 trantur.
2418 2494 2616 2531 arcum
2653 2477 2831 2531 istum
2882 2477 3025 2529 dicit
3058 2469 3248 2546 quem
3298 2476 3463 2529 aiunt
3508 2470 3739 2526 homines

385 2564 763 2619 excludamus
786 2562 1265 2635 philosophorum
1291 2564 2025 2635 quorumdamopiniones,
2135 2583 2282 2633 esse,
2316 2584 2429 2637 quo
2464 2564 2788 2636 pluviarum
2819 2564 2987 2635 signa
3032 2562 3228 2635 aliqua
3279 2562 3645 2623 declarentur,
3692 2557 3737 2609 in

384 2653 483 2725 qui
517 2656 734 2724 negant
776 2651 959 2707 Deum
1012 2652 1227 2707 habere
1260 2669 1461 2707 curam
1512 2670 1688 2723 super
1718 2653 2020 2709 homines:
2135 2672 2250 2727 quo
2281 2654 2502 2709 (-olorcs
2533 2654 2741 2709 diversi
2774 2657 3056 2724 tanquam
3088 2651 3387 2708 radiorum
3434 2648 3568 2706 solis
3610 2661 3741 2702 nunc

384 2742 593 2796 deinde
624 2740 876 2795 scientes
908 2740 1344 2811 praerogativam
1371 2744 1578 2794 nostrae
1609 2739 1848 2797 ultionis
1870 2742 2025 2814 apud
2136 2743 2526 2803 rutilantium,
2560 2759 2716 2797 nunc
2745 2742 2968 2796 lumine
2998 2740 3321 2796 lucentium
3349 2739 3580 2796 clariore
3617 2735 3742 2806 ﬁgu-

385 2830 568 2885 Deum
603 2844 859 2893 manere,
883 2844 1071 2898 neque
1103 2828 1160 2881 in
1207 2827 1354 2883 alios
1404 2828 1840 2885 committamus
1872 2832 2024 2901 quod
2135 2839 2373 2886 rantur:
2412 2831 2564 2885 unde
2595 2835 2651 2885 et
2683 2829 2878 2901 pluvia
2901 2831 3095 2884 futura
3117 2829 3501 2901 signiﬁcatur,
3524 2841 3586 2880 eo
3607 2819 3741 2894 quod

386 2917 579 2972 divino
624 2916 850 2987 judicio
905 2915 1322 2971 vindicandum
1355 2916 1432 2972 sit
1460 2934 1473 2984 ;
1534 2933 1720 2988 neque
1780 2923 2024 2974 mortem
2134 2918 2531 2973 inconstantia
2562 2917 2827 2989 quaedam
2854 2916 3189 2972 serenitatis
3213 2914 3551 2972 versicolora
3575 2908 3746 2983 specie

385 3006 497 3079 ipsi
554 3003 958 3060 vehementius
1014 3004 1519 3076 pertimescamus,
1581 3022 1717 3060 cum
1768 3007 2026 3062 sciamus
2133 3007 2568 3062 demonstretur
2594 3007 2727 3074 (84).
2758 3008 2972 3060 Arcum
3003 3004 3159 3061 hunc
3198 3004 3333 3060 irim
3382 3002 3613 3076 quidam
3660 3014 3753 3069 ap-

387 3078 575 3150 necati
602 3092 859 3148 hominis
890 3091 1215 3147 innocentis
1246 3093 1399 3163 apud
1434 3092 1617 3147 Deum
1650 3091 1876 3148 nullum
1899 3110 2027 3149 esse
2135 3094 2387 3166 pellant:
2424 3094 2524 3148 sed
2545 3093 2697 3148 absit
2720 3100 2782 3147 ut
2802 3092 2959 3147 hunc
2981 3108 3183 3147 arcum
3208 3091 3320 3147 Dei'
3334 3107 3460 3146 esse
3484 3088 3749 3144 dicamus.

387 3186 811 3254 contemptum.
2059 3173 2103 3236 C
2138 3182 2242 3237 Hic
2271 3182 2425 3236 enim
2458 3197 2628 3237 arcus
2661 3179 2761 3252 qui
2794 3179 2897 3234 iris
2946 3179 3182 3246 dicitur,
3241 3196 3342 3251 per
3387 3178 3539 3233 diem
3590 3168 3742 3228 videri

876 3271 1028 3327 269
1059 3269 1296 3325 CAPUT
1338 3269 1553 3326 XXVII.
2136 3270 2303 3337 solet,
2337 3274 2502 3325 nocte
2535 3286 2647 3324 non
2681 3273 2939 3340 apparet.
2973 3266 3160 3322 Etiam
3193 3285 3297 3339 per
3351 3268 3544 3338 ipsum
3596 3263 3738 3324 diem

385 3362 736 3417 Promittitur
794 3360 1068 3414 diluvium
1116 3376 1401 3429 nunquam
1460 3359 1727 3429 ejusmodi
1778 3362 2025 3431 futurum
2135 3358 2184 3415 si
2216 3360 2505 3415 obductus
2535 3375 2633 3413 aer
2661 3357 2826 3413 tetris
2856 3356 3115 3411 nubibus
3147 3356 3341 3421 fuerit,
3380 3371 3484 3411 nec
3513 3354 3595 3409 sic
3635 3348 3741 3425 qui-
3810 3348 3816 3431 χ

455 3437 679 3514 εδδθητιε
709 3436 914 3518 terrain
938 3438 1531 3518 omnemxrorrumpatg
1556 3432 1720 3518 idque
1747 3432 1815 3486 ad
1849 3434 1986 3487 anin

2212 3465 2267 3502 m
2300 3447 2544 3511 videtur,
2578 3447 2637 3502 ni
2668 3447 2814 3501 forte
2845 3462 2977 3500 cum
3010 3445 3304 3518 graviores
3357 3444 3543 3499 nubes
3571 3458 3630 3497 se
3654 3455 3741 3494 co:-

448 3502 1100 3606 Ριεῗῗδῖἓηίῗ.λί5ῗῖῗ¹ἔ⁴⁶²ζξὲζ’
1136 3502 1547 3606 έξῖοῧῖἷᾘὶὶῗ,
1576 3502 1792 3606 έὲἕῗζ,
1815 3519 2023 3606 ΡῘΖΞΤ
2133 3533 2325 3606 perint
2356 3502 2630 3588 relaxére-

452 3573 554 3629 dus
584 3576 643 3628 in
670 3575 934 3636 nubibus,
979 3588 1085 3629 non
1136 3573 1551 3641 intelligendam
1598 3573 1983 3629 iridem’osten

2133 3573 2325 3606 γυιιιιυ
2357 3573 2630 3588 nutunutu-

2210 3623 2301 3641 nnl
2359 3623 2400 3641 π
2456 3638 2502 3641 η-
2542 3622 2939 3641 -.!,)-__h_s___
2992 3619 3111 3641 ,ηεξ
3157 3637 3323 3641 -μ----
3390 3636 3496 3641 μ---
3554 3616 3660 3641 --ι-ἶ

452 3645 627 3713 ditur,
678 3644 771 3699 sed
810 3617 1019 3700 divinae
1062 3645 1282 3698 virtutis
1318 3616 1695 3699 Jinlensionem
1724 3660 1789 3699 ac
1834 3647 2023 3701 remis-
2205 3623 2325 3713 1705-
2359 3623 2509 3694 Ergo
2540 3623 2842 3713 “deﬁnitis
2873 3637 2945 3675 I16
2985 3619 3123 3692 quia
3153 3637 3330 3713 arcus
3377 3636 3500 3713 quo
3551 3616 3742 3688 sagitta

452 3708 682 3771 sionein.
2123 3712 2443 3784 jaciuntur,
2479 3726 2634 3764 nunc
2666 3710 2942 3777 tenditur,
2975 3726 3133 3764 nunc
3182 3708 3512 3775 resolvitur,
3561 3718 3742 3777 quam-

452 3804 573 3859 101.
608 3803 725 3859 Non
755 3804 881 3870 erit,
917 3802 1129 3874 inquit,
1160 3801 1437 3869 ditivium,
1470 3809 1528 3856 ut
1566 3790 1877 3874 corrumpat
1905 3820 2018 3860 om-
2131 3802 2266 3857 dam
2297 3798 2689 3856 extensibnem
2748 3803 2805 3853 et
2853 3796 3260 3854 remissionem
3311 3797 3575 3853 videatur
3615 3788 3742 3847 Scri-

379 3909 506 3950 nem
533 3896 739 3948 terram
779 3892 889 3962 (83)
938 3890 1091 3963 (Gen,
1138 3907 1216 3956 1x,
1274 3892 1381 3960 tl).
1438 3888 1693 3945 Dubium
1755 3892 2016 3949 videtur:
2127 3886 2302 3962 ptura
2330 3886 2976 3958 zﬁosigniﬁearemer
2995 3902 3171 3957 quam
3196 3903 3388 3958 neque
3409 3885 3633 3958 penitus
3657 3892 3740 3950 per

378 3988 576 4038 utrum
635 3981 813 4047 enim,
863 3981 1136 4035 diluvium
1154 3995 1260 4034 non
1307 3980 1431 4046 erit,
1464 3978 1912 4051 intelligendum
1945 3982 2021 4038 sit
2128 3977 2373 4032 nimiam
2403 3976 2797 4031 extensionem
2829 3975 3100 4029 universa
3131 3978 3519 4046 rumpantur;
3558 3968 3651 4026 sed
3678 3963 3737 4021 sil
3814 3963 3815 4019 Ῑ

375 4070 532 4142 quod
565 4069 827 4125 dilivium
858 4073 1195 4139 corrumpat
1221 4073 1433 4123 terrain
1460 4085 1473 4134 ;
1509 4066 1617 4121 hoc
1662 4068 1818 4123 enim
1866 4070 2016 4125 dilu-
2128 4066 2393 4138 quaedam
2430 4079 2725 4133 mensura,
2748 4067 2805 4118 et
2825 4062 3122 4134 quoddam
3150 4063 3358 4118 divinm
3386 4059 3610 4116 virtutis
3631 4070 3734 4142 exa‘

374 4140 466 4215 via
496 4160 681 4214 facere
711 4160 1107 4214 consuerunt:
1143 4173 1212 4211 an
1244 4171 1380 4211 vero
1412 4173 1526 4211 non
1558 4158 1667 4211 erit
1701 4157 1813 4212 tale
1862 4157 2015 4213 dilu-
2127 4170 2281 4210 men.
2318 4153 2415 4208 Est
2446 4169 2582 4224 ergo
2613 4151 2799 4206 virtus
2830 4149 3142 4206 invisibilis
3171 4150 3274 4206 Dei
3306 4167 3435 4223 quae
3475 4152 3529 4204 et
3574 4140 3735 4218 specie

373 4248 529 4303 vium
563 4264 678 4320 quo
712 4252 863 4303 terra
893 4245 1084 4301 omnis
1124 4252 1553 4316 corrumpatur,
1612 4247 1767 4317 quod
1820 4252 2013 4319 poste-
2125 4243 2297 4297 istius
2327 4258 2497 4296 arcus
2528 4237 2874 4295 extendendi
2924 4243 2981 4293 et
3038 4238 3377 4295 remittendi
3428 4236 3734 4292 moderatur

371 4338 528 4392 riora
555 4336 843 4407 aperiunt,
876 4352 1010 4390 cum
1043 4334 1183 4389 dicit
1213 4350 1444 4388 omnem
1480 4337 1694 4388 terram
1726 4351 1840 4389 non
1887 4352 2013 4391 cor-
2125 4349 2227 4402 pro
2257 4330 2455 4386 divina
2482 4326 2798 4393 voluntate,
2833 4326 3254 4395 misericordia,
3291 4329 3590 4400 potestate,
3628 4332 3732 4407 quia

373 4405 758 4496 rumpendam
780 4425 807 4477 ‘2
837 4423 1104 4478 Ostendit
1131 4422 1286 4477 enim
1329 4421 1547 4476 diluvia
1596 4422 1833 4494 quidem
1885 4440 2012 4480 esse
2123 4436 2311 4491 neque
2340 4418 2537 4473 omnia
2566 4416 2841 4471 confundi
2873 4415 3055 4472 nimia
3093 4414 3407 4481 solutione,
3459 4425 3636 4484 neque
3662 4405 3732 4496 di-

373 4493 591 4579 t'utura,
623 4512 722 4567 sed
756 4528 867 4566 non
914 4510 1052 4565 talia
1108 4509 1321 4581 quibus
1368 4508 1555 4580 possit
1609 4493 1800 4565 Omnis
1857 4514 2012 4567 terra
2045 4531 2090 4595 Ι)
2121 4508 2314 4580 rumpi
2357 4506 2539 4562 nimia
2568 4504 2890 4577 irruptione
2936 4504 3212 4575 patiatur.
3274 4507 3462 4571 Quam
3520 4501 3637 4556 ideo

371 4598 689 4669 corrumpi.
2045 4581 2087 4595 υ
2121 4596 2376 4652 nubibus
2406 4594 2547 4650 dicit
2577 4593 2733 4664 poni,
2767 4593 2907 4663 quia
2935 4596 3075 4647 tunc
3106 4593 3363 4648 maxime
3393 4606 3538 4664 opus
3567 4591 3647 4643 est
3666 4581 3731 4636 di-

446 4690 565 4743 102.
601 4688 822 4743 Sensus
856 4692 1051 4742 autem
1082 4685 1192 4741 hoc
1223 4684 1394 4741 altior
1444 4685 1638 4751 habet,
1689 4688 1843 4757 quod
1885 4688 2011 4757 jam
2120 4687 2263 4740 vina:
2290 4683 2502 4740 auxilio
2534 4681 2928 4754 providentiae,
2963 4682 3195 4753 quando
3245 4680 3486 4754 agmina
3514 4674 3728 4768 nubium

368 4775 735 4848 providentia
768 4774 962 4829 futura
993 4774 1066 4828 sit
1096 4773 1351 4833 Domini,
1381 4790 1451 4828 ne
1486 4779 1710 4828 tantum
1742 4774 1820 4828 sit
1858 4776 2009 4831 dilu-
2118 4775 2177 4829 in
2211 4772 2492 4846 procellas
2524 4774 3014 4842 tempestatesque
3044 4774 3359 4842 coguntur.
3394 4769 3635 4837 Ideoque
3660 4758 3728 4813 di-

364 4865 525 4919 vium
559 4861 948 4935 corporalium
981 4862 1346 4934 passionum,
1379 4867 1446 4916 ut
1476 4861 1673 4916 anima
1692 4861 1885 4917 omnis
1918 4863 2006 4918 in-
2119 4864 2230 4918 cit:
2265 4863 2464 4917 Arcum
2494 4875 2674 4914 meum
2711 4875 2914 4929 ponam
2971 4859 3029 4913 in
3084 4859 3248 4925 nube,
3312 4874 3429 4912 non
3483 4851 3726 4924 sagittam

364 4958 565 5008 tereat.
628 4952 694 5007 Et
724 4951 961 5023 quidem
996 4968 1108 5006 non
1141 4951 1325 5005 audeo
1367 4950 1557 5004 dicere
1588 4950 1727 5021 quia
1782 4951 2011 5007 videtur
2118 4967 2353 5024 ponam.
2387 4953 2572 5003 Arcus
2602 4946 2756 5002 enim
2788 4947 3244 5002 instrumentum
3270 4942 3596 5016 jaculandze
3648 4950 3726 4990 83-

364 5042 650 5098 Dominus
682 5045 957 5106 statuere,
994 5040 1147 5112 quod
1181 5038 1404 5094 nultius
1436 5039 1635 5093 anima
1678 5040 1862 5111 possit
1908 5057 2005 5112 pe-
2116 5040 2272 5112 gittaa
2297 5039 2614 5109 est.ltaque
2639 5054 2752 5091 non
2776 5037 2899 5108 ipse
2919 5052 3087 5092 arcus
3108 5034 3379 5091 vulnerat
3398 5033 3498 5090 sed
3523 5026 3724 5099 sagitta.

3776 2806 3816 3311 ί

363 5194 471 5242 ἀντὶ
542 5196 629 5242 τοῦ
698 5193 898 5258 αἵμασι-’ξς
966 5192 1116 5258 αᾼὺτοῦ
1170 5190 1535 5258 Δἐκχυὒτίβειιςτιι-
1620 5180 1725 5235 Ubi
1806 5199 1894 5237 νο(

2191 5181 2295 5253 [83)
2328 5180 2467 5235 Mss.
2489 5181 2556 5258 et
2585 5181 2696 5233 vet.
2729 5177 2868 5232 edit.
3028 5176 3424 5258 consentiunt,
3457 5170 3565 5227 nisi

362 5264 388 5313 ὁ
436 5264 622 5329 ἐκχίων
686 5245 897 5329 ξρίὶπιιὶν
942 5256 1011 5309 ad
1070 5245 1311 5329 verbum
1338 5326 1344 5329 Α
1371 5245 1721 5329 ’ἐκχυθσῇσιεταιι⁸
1760 5270 1893 5329 man

2192 5245 2451 5329 honinem
2481 5253 2703 5329 terram,
2752 5248 3103 5329 recentiores
3149 5246 3374 5329 aliquot
3403 5259 3558 5329 'Enss.
3609 5245 3723 5329 ςξιξξι

363 5305 659 5400 iidﬁi’ést.
1072 5305 2004 5400 Vulgi—sicwlegit:{Quicunque
2111 5305 2222 5400 iret.
2243 5305 2397 5379 edit.
2431 5320 2630 5400 legunt
2661 5305 2873 5400 omnem
2903 5320 3218 5400 lio_minem._
3238 5305 3564 5400 Sednltom.

360 5396 619 5521 eguderit
671 5399 994 5467 sanguinem
1062 5387 1383 5462 humanum,
1450 5387 1720 5466 [indetur
1777 5413 1891 5469 sani

363 5484 383 5522 ι
436 5482 537 5519 ms.

2190 5440 2193 5449 .
2222 5387 2518 5476 reposuit?
2546 5392 2661 5474 Non
2695 5391 2844 5445 ultra
2873 5392 2997 5459 erit,
3040 5392 3238 5461 inquit,
3289 5389 3544 5443 ditivium
3590 5387 3721 5449 aqua

2190 5471 2313 5522 eteri
2356 5469 2420 5519 ut
2450 5478 2554 5518 nos
2580 5479 2640 5517 1n
2670 5467 2850 5518 textu.

363 5468 537 5522 illius.
2111 5468 2313 5522 Cmteri
2356 5469 2420 5519 ut
2450 5478 2554 5518 nos
2580 5468 2640 5517 in
2670 5468 2850 5518 textu.

434 5536 545 5605 (82)
578 5536 665 5592 Ita
693 5537 819 5621 cod.
856 5553 997 5620 mss.
1031 5542 1089 5592 et
1116 5537 1256 5593 edit.
1313 5537 1480 5597 Rom.
1531 5536 1658 5597 Vet.
1720 5542 1935 5607 autem,
1967 5552 2002 5597 α
2181 5536 2467 5668 (842uMaz.
2503 5533 2659 5604 cod.,
2693 5532 2899 5593 diversi
2942 5532 3254 5593 cotoresilta
3309 5530 3487 5608 specie
3536 5524 3721 5583 demon-

434 5621 585 5668 rpore
612 5608 937 5668 fragilitatis
966 5621 1115 5665 more
1132 5607 1393 5667 solvatur.
2111 5610 2262 5668 stren
2325 5625 2374 5668 ν.

361 5621 585 5687 corpore
612 5608 937 5679 fragilitatis
966 5621 1115 5665 more
1132 5607 1393 5667 solvatur.
2111 5607 2374 5671 strentur.
