3878 6208
373 319 485 378 431

1838 320 1900 379 S.
1947 318 2317 379 AMBROSll

3650 325 3753 383 432

372 450 525 506 rium
573 451 762 506 fontes
800 455 857 507 et
915 450 1158 507 flumina
1217 453 1483 507 convenit
1550 451 1830 518 derivare,
1888 451 2294 521 quzeArique
2339 448 2588 520 juvenili
2662 450 2892 506 accensi
2949 450 3161 517 calore,
3222 456 3323 506 aut
3403 450 3630 508 luxuria
3700 460 3753 509 et

372 555 486 594 non
538 540 741 611 utique
798 556 972 595 manu
1032 540 1284 595 hominis
1340 540 1563 604 eﬁ‘ecta,
1622 541 1721 594 sed
1783 539 2013 593 Domini

370 627 467 682 Dei
499 628 683 683 nostri
714 629 891 697 jussu
948 633 1005 683 et
1061 630 1393 699 operatione
1446 629 1756 683 ﬁnxerunt.
1816 630 1888 681 At
1946 643 2016 681 ne

370 715 511 786 quia
540 717 791 771 diximas
821 719 1215 788 operationem
1249 716 1500 782 Domini,
1532 717 1601 770 ad
1638 716 1779 769 illud
1836 720 2015 770 retor-

370 818 551 873 queas
583 805 739 875 quod
785 806 1040 875 operatio
1098 804 1238 859 Cain
1295 806 1524 859 videtur
1578 802 2016 858 maledictiones

368 890 683 959 habuisse;
740 893 1046 947 considera
1106 911 1221 948 non
1280 890 2015 964 operationem.maledicti

371 995 580 1035 nomen
612 981 890 1051 accipere,
924 982 1021 1036 sed
1068 982 1223 1052 quod
1282 981 1565 1052 scriptum
1625 985 1733 1044 est,
1793 978 2015 1050 operari

371 1074 603 1123 terram.
637 1070 747 1132 Qui
792 1070 949 1125 enim
1000 1074 1274 1141 cperatur
1328 1074 1543 1123 terram
1624 1068 2018 1122 mercenarius

371 1161 479 1210 est.
531 1156 631 1211 Ille
662 1161 857 1212 autem
908 1173 1025 1212 non
1078 1158 1492 1223 mercenarius,
1554 1158 1651 1211 sed
1711 1156 2017 1224 Dominus,

376 1245 478 1314 qui
511 1244 625 1299 ait:
666 1247 834 1300 Pater
863 1261 1015 1300 meus
1066 1262 1232 1317 usque
1284 1246 1440 1300 modo
1492 1254 1768 1317 operatur,
1824 1254 1875 1299 et
1920 1260 2018 1313 ego

376 1348 577 1404 operor
632 1335 811 1401 (Joan.
869 1351 923 1401 v,
984 1336 1094 1403 17).
1151 1334 1299 1397 Quid
1352 1339 1624 1405 Operatur
1678 1333 2018 1405 hujusmodi

376 1422 686 1493 operator?
714 1423 902 1477 Audi:
936 1424 1079 1478 Meus
1108 1425 1261 1479 cibus
1317 1432 1415 1491 est,
1474 1432 1527 1478 ut
1576 1425 1775 1494 faciam
1827 1424 2016 1477 volun-

375 1514 537 1566 tatem
566 1513 752 1566 Patris
778 1514 887 1566 mei
914 1515 1010 1584 qui
1048 1515 1107 1566 in
1159 1514 1307 1566 artis
1337 1522 1413 1567 est
1446 1515 1620 1581 (Joan.
1654 1529 1730 1578 IV,
1763 1514 1871 1579 3t;.

450 1600 569 1655 111.
602 1603 673 1654 Et
704 1602 855 1665 bibit,
888 1602 1097 1673 inquit,
1147 1601 1212 1655 de
1268 1604 1411 1666 vino,
1471 1606 1524 1655 et
1582 1602 1885 1655 inebriatus
1937 1604 2015 1654 est

378 1690 528 1745 16m.
592 1707 665 1753 ix,
723 1692 833 1759 21,.
894 1690 1017 1745 Non
1071 1690 1233 1753 dixit,
1313 1691 1511 1744 vinum
1600 1690 1769 1751 bibit;
1830 1705 2015 1760 neque

374 1782 546 1833 ustus
576 1778 774 1833 vinum
806 1779 1022 1841 ebibit;
1056 1780 1157 1833 sed
1206 1779 1270 1834 de
1303 1780 1445 1844 vino,
1479 1778 1585 1833 hoc
1617 1782 1705 1832 est
1761 1779 1831 1832 de
1888 1779 2015 1849 ejus

371 1867 655 1936 portione,
679 1867 896 1922 libavit.
924 1867 1147 1922 Ebriosi
1165 1874 1250 1922 est
1272 1884 1444 1922 omne
1457 1867 1766 1922 absorbere
1789 1868 2013 1932 vinum,

369 1961 425 2010 et
458 1956 901 2027 intemperantis
930 1972 1207 2011 evacuare
1234 1958 1386 2028 quod
1421 1957 1775 2027 sumpserit;
1831 1956 2014 2009 conti-

376 2044 531 2097 nenti
564 2050 757 2098 autem
784 2045 1067 2099 utendum
1102 2061 1378 2099 mensura
1425 2045 1688 2115 legitima
1743 2049 1831 2098 est
1882 2048 2013 2113 (88,.

376 2132 679 2188 Ebrietatis
736 2134 931 2204 itaque
990 2134 1213 2205 species
1273 2133 1507 2204 gemina
1550 2137 1657 2199 est,
1717 2150 1834 2187 una
1891 2148 2016 2203 qna:

376 2221 783 2277 titubationem
816 2222 1040 2294 corpori
1074 2222 1295 2287 afferat,
1343 2226 1516 2291 atque
1546 2222 1673 2291 ejus
1731 2220 2018 2293 supplan-

376 2314 458 2364 tet
512 2310 776 2382 vestigia,
833 2327 1190 2381 sensumque
1250 2312 1600 2382 perturbet:
1656 2309 1835 2364 altera
1892 2326 2018 2380 qua:

378 2402 632 2453 mentem
666 2400 896 2453 virtutis
926 2404 1159 2471 vaporet
1188 2400 1394 2471 gratia,
1455 2403 1512 2453 et
1569 2414 1803 2454 omnem
1854 2398 2019 2452 inﬁr-

380 2487 644 2541 mitatem
675 2487 942 2542 videatur
995 2494 1272 2543 avertere.
1308 2488 1470 2543 Unde
1530 2487 1845 2559 Apostolus
1899 2487 2017 2542 ait:

384 2578 512 2632 Vino
542 2577 761 2632 modico
791 2580 940 2631 utere
964 2581 1183 2649 propter
1236 2580 1546 2649 frequentes
1604 2586 1724 2631 tuas
1780 2578 2020 2647 inﬁrmi-

375 2668 512 2720 tates
542 2667 589 2733 (I
614 2666 747 2720 Tim.
782 2683 833 2731 v,
859 2670 969 2735 23,.
1001 2667 1161 2721 Sicut
1217 2666 1372 2721 enim
1430 2666 1544 2720 isto
1602 2666 1839 2720 bibendi
1897 2682 2019 2720 mo-

376 2755 677 2810 deramine
708 2755 908 2809 vinum
952 2772 1062 2810 non
1124 2755 1448 2808 inﬁrmitati
1507 2758 1615 2819 est,
1677 2755 1773 2809 sed
1825 2753 2019 2823 saluti,

378 2848 553 2914 atque
584 2859 818 2898 omnem
862 2843 1265 2897 inﬁrmitatem
1294 2842 1503 2896 allevat
1556 2842 1816 2913 corporis
1868 2861 1880 2896 :
1942 2843 2025 2897 ita

377 2932 553 2985 etiam
585 2930 835 2985 ebrietas
867 2930 965 2984 illa
1009 2931 1286 3001 praeclara
1333 2948 1562 2987 omnem
1621 2930 2021 2987 inﬁrmitatem

2126 539 2502 594 delectatione
2557 540 2859 604 ﬂammati,
2892 544 2993 596 aut
3022 540 3271 596 avaritiae
3329 541 3477 613 rapti
3533 542 3750 615 cupidi-

2126 631 2286 693 tate),
2318 633 2472 683 certe
2503 629 2779 683 omnibus
2838 628 2932 684 his
2990 629 3280 684 medicina
3332 635 3641 701 quaeratur,
3695 635 3754 687 ut

2125 716 2340 787 aliquis
2370 721 2525 786 tegat
2581 718 2921 787 bujusmodi
2953 717 3351 773 inﬁrmitatem
3402 736 3588 787 suam,
3647 720 3751 793 pri-

2126 821 2285 858 mum
2322 806 2540 875 pudore
2572 807 2825 877 quodam
2856 810 2913 861 et
2950 807 3333 862 verecundia:
3393 812 3458 862 ut
3484 808 3654 863 etiam
3708 810 3750 864 si

2125 893 2183 946 in
2243 892 2468 948 lubrico
2527 895 2603 949 sit
2659 895 2848 950 adhuc
2907 896 3135 967 positus
3215 894 3608 969 delinquendi,
3663 897 3751 952 det

2125 986 2320 1035 tamen
2372 982 2795 1037 emendationis
2854 983 3104 1054 insigne.
3163 985 3389 1039 Etenim
3448 984 3749 1057 plurimum

2126 1069 2365 1123 interest
2396 1074 2592 1124 utrum
2626 1077 2865 1142 peccata
2896 1089 3003 1127 sua
3051 1073 3275 1143 jactare
3334 1073 3636 1129 desideret.
3693 1077 3749 1129 ln

2127 1156 2305 1211 altero
2330 1159 2486 1213 enim
2537 1160 2725 1230 turpis
2757 1160 3140 1231 impudentia,
3174 1162 3233 1216 in
3272 1160 3454 1216 altero
3497 1162 3749 1218 tolerabi-

2124 1245 2197 1301 lis
2230 1247 2573 1303 verecundia
2612 1266 2774 1320 spem
2806 1249 3012 1303 futura:
3044 1249 3420 1306 correctionis
3459 1250 3716 1306 ostendit.

2201 1336 2322 1390 113.
2383 1335 2511 1391 Alia
2566 1341 2656 1391 est
2710 1341 2906 1392 autem
2964 1337 3278 1393 denudatio
3336 1338 3562 1407 animas,
3626 1340 3752 1411 quia

2127 1421 2285 1477 velut
2316 1424 2631 1495 quamdam
2691 1425 2983 1481 sarcinam
3024 1428 3283 1499 corporis
3339 1428 3540 1499 abjicit
3591 1433 3753 1500 atque

2126 1512 2305 1575 exuit,
2340 1513 2489 1567 sicut
2520 1513 2853 1584 sepulcrum
2883 1516 3175 1585 quoddam
3225 1517 3420 1573 carnis
3465 1518 3747 1591 effugiens.

2127 1601 2466 1671 Sepulcrum
2500 1604 2654 1658 enim
2689 1610 2896 1675 patens
2936 1610 3023 1660 est
3049 1610 3253 1677 guttur
3281 1606 3616 1677 bujusmodi
3659 1607 3749 1662 bo-

2128 1689 2375 1753 minum,
2410 1690 2467 1744 in
2502 1708 2614 1761 quo
2647 1692 2913 1764 sepulcro
2943 1694 3099 1748 velut
3155 1694 3542 1750 attumulatur
3569 1696 3749 1751 anima

2047 1813 2093 1877 Β
2124 1779 2606 1836 delectationibus
2659 1788 2715 1837 et
2763 1783 3149 1854 cupiditatum
3206 1785 3575 1855 passionibus
3620 1803 3750 1842 one-

2126 1874 2250 1921 rata
2281 1869 2542 1923 diversis.
2590 1871 2757 1926 Exuit
2815 1872 2989 1943 igitur
3047 1890 3108 1927 se
3157 1890 3190 1927 a
3240 1876 3607 1951 congestione
3656 1881 3751 1931 ter-

2126 1973 2283 2022 rena,
2318 1964 2373 2011 et
2406 1960 2573 2028 quasi
2635 1960 2779 2015 retia
2837 1962 3103 2031 quaedam
3171 1963 3532 2021 circumfusa
3582 1964 3749 2020 evadit

2127 2050 2300 2116 atque
2351 2047 2575 2118 effugit,
2628 2065 2986 2121 quaecunque
3040 2068 3100 2105 se
3145 2052 3216 2107 ab
3260 2054 3423 2107 omni
3476 2054 3753 2109 nudaverit

2127 2137 2468 2205 passionum
2550 2136 2780 2208 laqueo,
2838 2145 2893 2193 et
2946 2156 3180 2195 omnem
3238 2140 3401 2197 illam
3455 2144 3749 2199 deformem

2127 2225 2377 2293 speciem
2413 2230 2650 2281 terrenae
2690 2227 2837 2282 labis
2889 2229 3173 2296 averterit,
3226 2235 3289 2284 ut
3345 2231 3537 2288 lucem
3580 2231 3749 2288 videat

2127 2313 2353 2367 decoris
2385 2315 2601 2369 aeterni.
3398 2304 3403 2307 ’

2715 2405 2945 2462 CAPUT
3002 2407 3168 2463 ΧΧΧ.

2130 2476 2308 2554 Quare
2349 2476 2505 2554 ctiam
2563 2483 2675 2530 tum
2723 2478 2897 2554 dictus
2952 2481 3023 2534 sit
3076 2488 3229 2550 pater
3313 2482 3600 2554 Chanaan,
3644 2500 3753 2537 cum

2308 2547 2545 2599 nondum
2576 2557 2712 2602 esset
2743 2551 2958 2625 genitus
2978 2568 2998 2625 ,ἢ
3039 2547 3087 2606 ct
3104 2569 3208 2621 qua
3234 2556 3454 2625 ratione
3469 2558 3525 2609 in
3542 2547 3756 2625 persona

2201 2616 2367 2697 ςίιιιιη
2429 2629 2662 2697 λυειιιιση.Δ
2720 2619 3023 2697 aet-idenm
3085 2616 3508 2693 intelligendum
3542 2616 3753 2697 'impro-

2202 2690 2550 2767 bosuomnes,
2610 2693 2686 2767 .ςὶ⁵
2712 2692 2873 2745 bonos
2929 2695 3072 2747 viros
3127 2696 3184 2748 in
3240 2690 3465 2767 culpam
3519 2690 3758 2754 incidisse

2199 2761 2499 2827 contingat,
2530 2762 2827 2815 exsultare.

2203 2839 2325 2892 114.
2359 2841 2561 2903 Quaero
2602 2857 2753 2895 nunc
2814 2859 2919 2896 cur
2976 2860 3089 2897 non
3149 2843 3495 2917 simpliciter
3533 2846 3759 2903 dixerit:

2135 2926 2275 2981 Vidit
2306 2926 2473 2981 Cham
2528 2929 2879 2985 nudationem
2931 2935 3138 3003 patris;
3195 2935 3342 2990 sed:
3404 2936 3544 2991 l'idit
3597 2935 3762 2991 Cham

380 3018 864 3084 carnisexcluilit,
898 3020 969 3074 de
995 3035 1113 3090 qua
1161 3020 1440 3091 scriptum
1476 3024 1600 3074 est:
1650 3021 1715 3073 Et
1767 3020 2023 3090 poculum
2125 3017 2284 3085 pater
2331 3016 2603 3071 Chanaan
2662 3017 2812 3087 (Gen.
2874 3037 2951 3087 ix,
3012 3021 3151 3092 22)?
3211 3021 3423 3095 Utique
3503 3024 3763 3081 Chanaan

380 3108 660 3163 inebrians
690 3124 852 3177 quam
876 3106 1223 3179 praeclarum
1252 3117 1331 3163 est
1360 3109 1528 3167 (Psal.
1562 3125 1696 3185 χχιι,
1728 3109 1783 3179 5)
1819 3107 1832 3161 ι
1892 3124 2020 3179 qua:

2132 3111 2299 3158 natus
2333 3120 2446 3159 non
2477 3110 2637 3160 erat:
2672 3123 2775 3161 cur
2804 3124 2939 3181 ergo
2973 3126 3183 3165 nomen
3215 3112 3442 3167 addidit
3471 3114 3611 3168 ﬁlii:
3657 3112 3764 3169 nisi

380 3198 457 3252 sit
486 3197 598 3252 ista
626 3196 923 3251 ebrietas?
953 3198 1334 3264 Inebriamini,
1368 3197 1578 3268 inquit,
1610 3176 1715 3250 non
1776 3198 1901 3252 vino
1959 3199 2018 3251 in
2049 3176 2092 3243 C
2132 3196 2195 3247 ut
2224 3197 2279 3247 et
2343 3193 2479 3249 vitio
2536 3196 2789 3251 auctoris
2846 3198 3272 3254 deformaretur
3322 3200 3647 3271 haereditas,
3716 3206 3755 3259 at

378 3303 481 3359 quo
534 3290 611 3341 est
690 3288 968 3341 luxuria:
1024 3287 1120 3341 sed
1182 3286 1492 3357 imptemini
1546 3287 1758 3356 Spiritu
1837 3290 2020 3341 sancto

380 3377 593 3448 (Bphes.
626 3392 680 3442 v,
716 3376 825 3445 18),
885 3376 1035 3431 sicut
1082 3375 1395 3447 Apostolus
1444 3374 1609 3429 dixit.
1662 3375 1729 3429 Et
1813 3391 2019 3431 secun-

380 3467 523 3521 dum
555 3463 809 3519 litteram
844 3465 1021 3537 igitur
1047 3463 1239 3519 cautio
1278 3468 1384 3529 est,
1446 3468 1503 3519 et
1560 3464 1885 3519 secundum
1935 3463 2018 3519 al-

379 3555 586 3609 tiorem
618 3552 901 3625 sapientis
934 3570 1195 3619 sensum,
1225 3552 1485 3607 laudatio
1515 3558 1620 3607 est.
1655 3553 1875 3608 Cautus
1931 3558 2021 3608 est

379 3641 479 3714 qui
513 3641 619 3697 etsi
654 3642 926 3707 nudatur,
956 3642 1014 3695 in
1045 3642 1217 3696 domo
1249 3645 1443 3695 tamen
1476 3642 1734 3696 nudatur
1761 3659 1888 3707 sua,
1919 3642 2014 3697 ubi

377 3730 741 3804 operimenta
772 3747 883 3785 non
918 3730 1130 3795 desint,
1164 3734 1219 3783 et
1250 3730 1516 3801 quaedam
1553 3729 1810 3802 tegmina
1840 3731 2019 3787 ebrie-

374 3820 512 3875 tatis
538 3837 552 3888 ;
584 3824 651 3874 ut
670 3819 806 3874 vitia
828 3836 935 3876 sua
963 3818 1117 3874 norit
1143 3819 1519 3873 abscondere.

445 3909 570 3965 112.
603 3908 938 3982 Corporalia
969 3908 1146 3980 igitur
1175 3908 1399 3962 nudum
1430 3924 1642 3979 corpus
1690 3913 1913 3981 tegunt,
1954 3914 2018 3965 ut

374 3999 622 4071 parietes
652 4003 709 4053 et
737 4003 922 4054 tecta:
969 3997 1180 4053 animae
1235 4001 1430 4051 autem
1490 4013 1616 4068 quae
1665 3997 1782 4051 sint
1827 3999 2015 4069 operi-

373 4092 571 4143 menta
598 4087 920 4144 videamus.
954 4087 1063 4142 Sed
1098 4091 1235 4141 tunc
1265 4086 1627 4157 operimenta
1667 4088 2012 4158 reperimus,

369 4177 417 4231 si
450 4176 861 4233 enudationem
892 4176 1021 4247 ejus
1050 4174 1522 4230 discusserimus.
1555 4174 1799 4230 Gemina
1820 4180 2013 4232 autem

370 4267 609 4322 nudatio
658 4267 960 4338 sapientis.
1023 4266 1264 4321 Gemino
1314 4265 1494 4338 igitur
1542 4267 1759 4321 amictu
1847 4284 2013 4323 mens

368 4358 567 4412 nostra
603 4357 867 4422 vestitur,
902 4355 948 4409 si
982 4359 1081 4410 aut
1109 4360 1411 4426 peccatum
1442 4354 1784 4426 imprudens
1824 4357 2010 4410 admi-

369 4445 546 4512 serit;
580 4444 701 4499 hzec
758 4448 846 4499 est
893 4442 1046 4497 enim
1098 4444 1369 4498 enodatio
1416 4444 1573 4498 velut
1626 4444 1781 4500 273
1839 4445 2008 4499 ebria:

2128 3286 2330 3336 auctor
2359 3282 2461 3336 ﬁlii
2496 3284 2755 3355 nequitia
2782 3290 3121 3356 gravaretur
3146 3287 3174 3341 ?
3201 3290 3269 3343 Et
3300 3294 3465 3361 pater
3494 3291 3671 3363 igitur
3707 3291 3772 3346 ἤτ’

2133 3369 2270 3437 ﬁlio,
2330 3375 2386 3425 et
2431 3371 2489 3425 in
2549 3377 2709 3445 patre
2763 3373 2917 3430 ﬁlius
2976 3376 3427 3449 redarguuntur,
3492 3380 3756 3437 habentes

2128 3458 2412 3527 stultitiae,
2473 3461 2766 3533 nequitiae,
2825 3464 3144 3537 impietatis
3175 3482 3409 3538 quoque
3466 3485 3759 3526 commune

2129 3549 2508 3604 consortium.
2544 3550 2656 3605 Nec
2688 3556 2912 3623 poterat
2942 3553 3066 3609 ﬁeri
3097 3562 3161 3609 ut
3197 3555 3418 3612 bonum
3478 3562 3757 3631 generaret

2129 3636 2338 3703 ﬁlium,
2372 3637 2471 3709 qui
2506 3638 2629 3709 ipse
2658 3640 2807 3694 bono
2864 3641 3013 3712 patri
3073 3660 3348 3714 nequam,
3389 3653 3449 3701 et
3514 3648 3665 3704 ﬁlius
3709 3651 3755 3703 et

2129 3729 2349 3780 natura:
2380 3731 2436 3781 et
2465 3726 2812 3783 eruditionis
2843 3729 3094 3801 degener
3143 3733 3483 3791 exstitisset.
3516 3736 3639 3791 Haec
3683 3751 3756 3791 se-

2128 3816 2387 3871 cundum
2420 3814 2697 3871 litteram.

2205 3907 2321 3960 115.
2349 3905 2514 3969 Quod
2543 3911 2738 3962 autem
2771 3908 2841 3963 ad
2882 3907 3147 3965 altiorem
3199 3927 3444 3969 sensum
3502 3914 3749 3987 pertinet,

2127 4010 2330 4050 omnes
2354 4011 2544 4050 mores
2599 3996 2841 4067 pessimi
2870 3999 3168 4054 erroribus
3223 4000 3588 4059 delectantur
3632 4001 3752 4058 alie—

2125 4083 2249 4138 nis:
2312 4100 2417 4138 nec
2475 4082 2667 4139 solum
2721 4086 3037 4156 erroribus,
3099 4088 3198 4143 sed
3250 4089 3427 4145 etiam
3493 4092 3565 4147 iis
3641 4104 3752 4161 qua:

2124 4171 2267 4243 ipsis
2300 4172 2568 4227 videntur
2596 4171 2751 4227 mala
2780 4189 2928 4241 esse,
2958 4175 3186 4232 etiamsi
3222 4193 3335 4232 non
3368 4180 3506 4234 sint.
3537 4178 3751 4235 Nudum

2122 4260 2276 4317 enim
2309 4262 2424 4317 Noe
2448 4278 2510 4317 se
2540 4278 2653 4317 non
2687 4263 2971 4319 sentiebat
3002 4264 3101 4336 qui
3160 4266 3376 4322 amictu
3437 4276 3561 4324 erat
3602 4267 3751 4322 indu-

2121 4354 2218 4405 tus
2271 4350 2588 4421 sapientiae.
2652 4351 2906 4423 Denique
2958 4369 3063 4408 nec
3120 4354 3301 4410 Adam
3355 4355 3413 4411 in
3500 4354 3747 4429 paradiso

2120 4439 2347 4512 positus
2380 4439 2603 4494 nudum
2637 4456 2698 4495 se
2732 4440 2994 4511 putabat,
3029 4442 3143 4498 nisi
3172 4449 3374 4516 postea
3406 4462 3582 4518 quam
3619 4460 3746 4517 prm-

370 4534 608 4601 mentis,
677 4537 741 4587 ut
806 4531 1026 4586 nesciat
1074 4532 1227 4604 quod
1278 4532 1599 4603 delinquat,
1650 4532 1819 4604 quasi
1884 4528 2489 4606 quaeDvaricationis
2569 4528 2865 4585 commisit
2942 4547 3219 4587 errorem.
3295 4533 3365 4589 Et
3426 4534 3746 4607 redopertus

367 4621 710 4677 temulentia
739 4622 992 4693 quadam
1026 4620 1365 4692 ignorantiae
1399 4620 1457 4674 in
1504 4620 1708 4675 vitium
1758 4621 2008 4678 deducta

366 4711 630 4767 labatur:
687 4714 788 4766 aut
842 4727 1047 4765 rursus
1134 4708 1497 4781 negligentia:
1569 4714 1624 4763 et
1666 4710 2005 4781 ignorantiae

365 4816 571 4855 somno
602 4799 831 4872 sepulta
873 4815 1128 4853 errorem
1188 4814 1363 4852 suum
1418 4814 1533 4852 non
1594 4798 1812 4853 nesciat
1869 4800 2003 4871 (89).

364 4892 497 4955 Qua:
542 4905 675 4945 cum
735 4888 1148 4953 incideremus,
1200 4886 1317 4940 imo
1357 4902 1489 4940 cum
1537 4891 1771 4959 peccata
1837 4886 2003 4959 plura

362 4977 740 5034 inciderimus
770 4977 946 5033 etiam
979 4992 1079 5047 per
1108 4974 1406 5030 scientiam
1431 4980 1515 5029 est
1537 4976 1692 5030 enim
1722 4976 2006 5033 naturalis

365 5068 636 5139 quaedam
711 5066 884 5122 etiam
946 5068 1154 5119 nostra:
1215 5063 1570 5117 infirmitatis
1613 5064 1881 5131 ebrietas,
1945 5070 2007 5120 ut

358 5154 581 5229 impetu
611 5154 1014 5210 delectationis
1071 5153 1325 5207 feramur
1356 5152 1413 5206 in
1437 5151 1661 5220 vitium,
1697 5151 1850 5209 sicut
1880 5153 2004 5224 ple-

426 5342 538 5409 (88)
573 5340 666 5396 Sic
698 5355 839 5394 mss.
872 5338 1064 5403 Corb.,
1096 5336 1253 5393 Colb.
1286 5341 1371 5409 et,
1396 5337 1538 5393 Maz.
1599 5335 1748 5393 Edit.
1807 5342 2002 5393 autem

355 5408 581 5477 omnes,
611 5411 947 5466 continentia
994 5412 1175 5465 autem
1206 5408 1398 5465 utendi
1439 5423 1699 5464 mensura
1756 5409 2003 5480 legitima

360 5485 780 5677 “inmtOmnes
798 5550 960 5623 edit.,
991 5565 1230 5609 errorem
1260 5567 1425 5609 suum
1449 5551 1671 5610 nesciat.
1704 5550 1870 5624 Mss.,
1892 5567 2003 5610 non

360 5636 543 5677 nescia
572 5663 584 5677 .

355 5636 584 5680 nesciat.

2117 4617 2335 4679 amictu
2381 4617 2490 4689 (90)
2554 4617 2848 4688 sapientiae
2905 4634 2971 4674 ac
3021 4620 3289 4691 justitiae,
3349 4624 3744 4678 mandatorum

2116 4708 2436 4766 cmlestium
2522 4707 2992 4779 praevaricatione
3072 4710 3348 4779 nudatus,
3427 4713 3647 4767 nudum
3692 4723 3743 4763 se

2113 4798 2277 4864 vidit,
2310 4799 2367 4851 et
2406 4794 2561 4851 foliis
2620 4794 3001 4867 operiendum
3061 4799 3302 4869 putavit.
3366 4800 3536 4856 Ridet
3584 4798 3744 4872 igitur

2114 4886 2297 4944 Cham
2353 4885 2640 4939 nudatum
2672 4889 2896 4957 patrem
2946 4885 3170 4943 videns.
3233 4888 3436 4943 Omnis
3507 4899 3742 4957 namque

2116 4976 2269 5031 214
2302 4972 2605 5043 improbus
2663 4974 2940 5044 quoniam
2996 4975 3121 5047 ipse
3177 4976 3378 5032 devius
3437 4975 3739 5049 disciplina:

2114 5068 2221 5129 est,
2274 5061 2521 5117 aliorum
2570 5059 2772 5133 lapsus
2821 5079 2934 5117 non
2984 5062 3177 5118 solum
3228 5081 3330 5136 pro
3394 5066 3485 5120 sui
3544 5058 3740 5120 erroris

2113 5150 2318 5207 solatio
2349 5149 2582 5221 accipit,
2627 5150 2782 5223 quod
2842 5156 3141 5208 consortes
3198 5153 3483 5210 invenerit
3532 5151 3736 5224 culpae:

2186 5336 2298 5409 (90)
2330 5337 2469 5392 Mss.
2499 5336 2677 5401 Torn,
2708 5336 2948 5409 ethalc.
2983 5355 3118 5394 cum
3166 5340 3301 5394 edit.
3335 5339 3628 5407 omnibus,
3680 5335 3737 5391 Et

2112 5407 2240 5483 reus
2270 5410 2473 5483 amictu
2495 5428 2515 5475 ,-
2541 5409 2733 5475 Corb.,
2770 5407 2949 5483 Long.
2980 5416 3039 5465 et
3066 5409 3249 5479 Colb.,
3289 5413 3352 5466 Et
3409 5411 3734 5483 redopertus;

2114 5480 2287 5553 Mam,
2316 5480 2383 5536 Et
2405 5483 2768 5553 recompertus
2812 5480 3042 5538 amictu.
3100 5483 3318 5538 Caetera
3374 5480 3548 5538 mssf
3578 5486 3734 5553 atque

2112 5550 2250 5610 edit.
2286 5550 2708 5626 propemodum
2739 5551 2891 5611 inter
2920 5568 2983 5612 se
3027 5554 3419 5613 consentiunt.
