3878 6208
114 383 229 449 133

1343 390 1576 455 LIBER
1621 392 1722 456 DE
1768 392 1925 456 NtlE
1969 392 2069 458 ET
2116 395 2345 459 ΑΒΕΔ.

3433 395 3555 461 434

123 536 324 580 verum
345 521 537 581 etiam
563 520 833 599 improbo
862 520 1092 583 laetatur
1121 522 1351 595 affectu,
1372 528 1657 599 tanquam
1681 542 1790 583 sua
1816 527 1873 595 Α
1903 526 2094 596 factis,
2127 532 2184 585 et
2238 527 2575 602 operiantur
2620 527 2902 588 virtutum
2953 524 3332 603 sequentibus
3380 528 3554 588 disci-

128 611 251 687 ipse
302 611 529 671 delicta
577 614 907 671 correxerit.
942 613 1095 671 Mala
1152 632 1319 671 mens
1379 631 1514 688 ergo
1566 615 1797 671 laetatur

135 707 341 777 praeter
368 704 745 777 propositum
780 704 1318 778 aliquideaccidisse
1349 704 1626 777 sapienti;
1660 720 1793 759 cum

138 792 339 864 utique
383 793 652 864 corporis
701 792 903 866 lapsus
929 793 988 848 in
1018 794 1157 849 vitio
1214 810 1342 849 esse
1393 810 1508 848 non
1566 793 1793 858 debeat,

136 881 369 938 etiamsi
400 880 609 952 lapsus
648 886 903 953 putetur,
936 882 1050 938 nisi
1095 882 1329 939 animus
1360 898 1592 954 quoque
1621 880 1793 936 incli-

134 975 312 1027 netur
353 970 412 1025 in
464 969 724 1043 culpam.
758 970 1053 1027 Postremo
1101 970 1412 1027 veniabilis
1452 970 1796 1041 judicentur

133 1058 484 1131 hujusmodi
554 1064 762 1128 errata,
810 1077 926 1116 non
992 1059 1123 1116 odio
1190 1059 1615 1131 prosequenda,
1679 1076 1792 1113 non

131 1147 411 1203 habenda
465 1146 739 1203 ludibrio.
780 1148 888 1203 Sed
948 1164 1136 1215 mens,
1187 1151 1252 1202 ut
1304 1147 1441 1215 dixi,
1503 1148 1794 1220 improba,

132 1253 272 1293 cum
330 1239 497 1308 putat
526 1251 751 1292 errasse
798 1236 1146 1309 sapientem,
1180 1234 1591 1293 insultandum
1641 1236 1793 1291 arbi-

130 1329 331 1381 tratur
360 1324 412 1379 ei
443 1325 613 1396 cujus
658 1324 771 1380 sibi
819 1328 987 1397 putat
1032 1340 1223 1380 mores
1269 1341 1397 1381 esse
1445 1324 1793 1400 contrarios,

130 1413 296 1486 quod
329 1417 631 1485 peccatum
664 1429 840 1468 suum
870 1411 1028 1468 velut
1067 1412 1244 1468 tacito
1276 1413 1529 1484 quodam
1560 1411 1794 1485 sapien-

129 1503 213 1558 tis
245 1501 586 1557 testimonio
630 1501 1041 1573 redarguatur;
1077 1517 1260 1572 eoque
1305 1499 1622 1556 laetandum
1654 1500 1797 1571 sibi,

130 1590 297 1664 quod
320 1591 487 1662 justo
516 1589 637 1645 viro
681 1606 786 1645 nec
816 1589 1066 1645 eruditio
1114 1589 1303 1661 ipsius
1350 1589 1657 1662 profuerit,
1689 1606 1795 1645 nec

123 1679 370 1752 justitia
399 1679 717 1751 suffragata
758 1678 854 1748 sit,
890 1695 994 1734 nec
1033 1695 1101 1734 ea
1133 1694 1260 1750 quae
1310 1678 1633 1733 secundum
1663 1694 1792 1733 cor-

129 1785 249 1842 pus
282 1770 445 1833 sunt,
478 1766 792 1823 habuerint
837 1783 1147 1839 prosperos
1195 1783 1422 1823 cursus.
1457 1766 1586 1822 Haec
1633 1766 1790 1822 enim

130 1874 238 1930 pro
273 1855 528 1912 summis
559 1855 729 1911 bonis
782 1856 936 1927 apud
990 1855 1288 1928 improbos
1337 1855 1704 1911 aestimantur
1733 1855 1792 1909 in

133 1944 362 2001 divitiis
395 1947 496 1999 aut
522 1944 740 1999 honore
772 1943 979 2016 posita,
1017 1961 1146 2015 quae
1175 1949 1372 1999 tamen
1406 1942 1635 1998 nullum
1666 1944 1791 1998 fru-

132 2038 299 2089 ctum
328 2033 403 2087 ad
435 2031 670 2088 laudem
705 2032 941 2087 virtutis
972 2033 1298 2088 conferunt.
1329 2032 1633 2104 Propterea
1658 2031 1789 2087 insi-

132 2121 373 2195 pientia
403 2120 738 2176 defensores
766 2120 1055 2188 videntur,
1081 2120 1181 2193 qui
1205 2120 1439 2177 virtutis
1468 2125 1789 2177 amatorem

132 2225 555 2282 prosperorum
604 2225 845 2265 munere
890 2227 1020 2265 esse
1070 2210 1425 2275 fraudatum,
1477 2208 1577 2280 qui
1620 2225 1791 2264 omne

133 2300 364 2355 bonum
397 2297 819 2371 temporalibus
863 2298 1053 2371 magis
1088 2315 1265 2371 quam
1310 2297 1606 2370 perpetuis
1637 2297 1792 2353 aesti-

140 2387 434 2444 mandum
466 2389 694 2458 putant.

745 2518 973 2574 CAPUT
1014 2518 1200 2574 ΧΧΧΙ.

140 2625 265 2681 Sem
294 2630 352 2680 et
378 2623 614 2696 Japhetli
638 2626 816 2696 pietas
843 2625 1249 2680 commendatur
1268 2643 1286 2678 :
1312 2627 1363 2678 et
1392 2623 1523 2694 quid
1551 2625 1621 2678 sit
1652 2623 1793 2694 quod

205 2695 511 2752 retrorsum
575 2695 835 2751 dicuntur
895 2696 1221 2761 ambulasse,
1286 2696 1598 2765 exponitur.
1662 2696 1792 2749 Tum

208 2766 474 2839 quomodo
502 2767 717 2823 sobrius
728 2768 932 2892 (factus
980 2769 1053 2821 sit
1094 2767 1218 2822 Noe.
1251 2766 1495 2836 Denique
1522 2781 1617 2820 cur
1645 2765 1790 2820 Scri-

210 2847 357 2892 tura.
393 2854 517 2892 cum
548 2840 702 2892 prius
768 2837 894 2892 ham
921 2837 1162 2892 medium
1193 2839 1469 2892 posuisset.
1493 2853 1619 2892 eum
1644 2853 1790 2892 nunc

210 2837 357 2904 iura,
393 2854 517 2893 cum
543 2840 702 2909 prius
728 2837 894 2893 Cham
921 2837 1162 2894 medium
1190 2839 1469 2908 posuisset,
1493 2853 1619 2892 eum
1644 2853 1793 2892 nunc

215 2911 491 2975 iuniorem
522 2909 895 2980 appellaverit.

210 3024 335 3078 116.
374 3022 525 3087 Quid
558 3024 646 3078 est
674 3022 827 3093 quod
874 3022 996 3078 Sem
1044 3031 1094 3078 et
1139 3022 1370 3094 Japheth
1418 3024 1793 3094 imposuerunt

130 3114 524 3168 vestimentum
560 3126 722 3182 super
762 3110 1013 3166 humeros
1041 3127 1185 3178 suos,
1219 3119 1272 3166 et
1314 3119 1678 3182 perrexerunt
1706 3128 1789 3166 re-

120 3210 405 3267 trorsum,
434 3207 486 3255 et
523 3207 852 3269 operuerunt
898 3200 1108 3255 nudum
1150 3207 1380 3271 patrem,
1411 3208 1594 3255 etnon
1646 3200 1791 3255 vide-

120 3292 269 3357 mnt
300 3289 417 3359 (91)
455 3287 807 3343 mulationem
848 3289 964 3359 ejus
995 3287 1146 3359 (Gen.
1170 3305 1247 3354 1x,
1269 3288 1401 3360 33)?
1435 3288 1647 3344 Littera
1676 3289 1791 3345 evi-

146 3379 380 3435 dentem
416 3375 646 3448 pietatis
679 3375 959 3449 expressit
991 3377 1280 3443 allectum,
1313 3378 1466 3447 quod
1505 3378 1790 3433 nudatum

144 3466 362 3522 amictu
396 3468 621 3536 patrem
662 3464 798 3520 boni
847 3464 953 3520 ﬁlii
1001 3464 1194 3520 videre
1244 3468 1538 3532 caverunt,
1574 3482 1644 3521 ne
1690 3483 1789 3537 pa-

143 3561 307 3611 terna
330 3552 654 3609 reverentia
678 3552 765 3609 vel
786 3552 914 3625 ipso
942 3550 1305 3609 minueretur
1324 3558 1582 3626 aspectu.
1608 3554 1793 3626 Siqui-

143 3644 270 3701 dem
314 3644 495 3698 etiam
544 3641 718 3697 tacito
749 3640 914 3696 vultu
946 3641 1131 3714 pietas
1173 3642 1505 3713 frequenter
1550 3643 1790 3698 otl‘endi-

144 3737 252 3788 tur.
279 3731 446 3787 Unde
475 3730 650 3786 etiam
681 3730 873 3786 Romae
902 3734 1069 3786 vetus
1093 3730 1273 3787 fuisse
1304 3748 1448 3787 usus
1469 3731 1701 3799 dicitur,
1724 3748 1793 3787 ne

146 3821 247 3877 ﬁlii
278 3835 415 3877 cum
458 3818 802 3891 parentibus
832 3822 887 3874 et
915 3818 1166 3874 maxime
1208 3819 1461 3891 puberes
1508 3819 1795 3876 intrarent

144 3910 463 3966 lavacrum.

215 4000 340 4053 117.
372 3997 596 4053 Sensus
636 3992 830 4052 autem
862 3995 1032 4052 altior
1079 3995 1186 4051 hoc
1235 3995 1430 4065 habet,
1463 3996 1603 4068 quia
1650 3996 1792 4052 insi-

144 4086 310 4159 piens
342 4084 654 4159 praasentia
698 4085 1105 4141 tantummodo
1135 4085 1289 4140 videt
1327 4102 1452 4157 quae
1501 4085 1559 4140 in
1610 4084 1794 4141 oculis

144 4180 304 4244 sunt,
340 4175 539 4230 futura
586 4190 701 4229 non
757 4173 1014 4245 respicit,
1048 4173 1337 4245 praeterita
1385 4191 1497 4229 non
1558 4173 1791 4246 cogitat.

142 4264 390 4337 Sapiens
433 4265 628 4319 autem
678 4266 735 4317 et
782 4262 1071 4334 praeterita
1128 4262 1483 4326 recordatur,
1518 4265 1575 4317 et
1600 4262 1797 4318 futura

141 4351 498 4411 considerat.
533 4350 736 4407 Omnis
787 4366 923 4425 ergo
974 4367 1141 4407 mens
1190 4350 1425 4422 sapiens
1475 4354 1794 4406 retrorsum

141 4438 436 4507 ambulat,
482 4438 591 4495 hoc
639 4442 747 4505 est,
780 4439 1070 4511 praeterita
1117 4444 1368 4511 spectat;
1421 4456 1527 4495 nec
1575 4442 1795 4496 natura;

141 4529 403 4602 quodam
427 4544 541 4583 usu
564 4527 917 4599 impeditur:
941 4526 1088 4581 nihil
1110 4544 1383 4593 vacuum,
1401 4527 1546 4583 nihil
1569 4529 1792 4584 nudum

1905 616 2106 690 plinis.

1976 706 2125 763 275
2162 707 2280 763 118.
2314 710 2379 764 Et
2408 708 2641 775 sobrius,
2676 708 2891 780 inquit,
2922 710 3099 779 factus
3129 715 3206 763 est
3232 709 3339 763 Noe
3367 725 3401 763 a
3428 709 3555 763 vino

1904 794 2053 865 (Gen.
2087 813 2142 863 x,
2189 797 2299 865 24).
2351 796 2725 852 Manifestum
2776 801 2865 852 est
2912 813 2980 851 ex
3026 795 3324 868 ebrietate,
3372 796 3557 851 inter-

1903 883 2142 938 cedente
2192 900 2421 952 somno,
2456 884 2682 939 sohrios
2732 884 2855 940 fieri
2903 884 3170 940 homines
3205 902 3217 940 :
3251 900 3419 941 mens
3449 901 3553 941 au-

1901 976 2018 1027 tem
2052 972 2248 1028 sobria
2277 976 2387 1037 est,
2421 972 2656 1043 quando
2688 978 2745 1028 et
2777 972 3066 1045 prmterita
3111 976 3168 1027 et
3213 973 3412 1029 futura
3458 990 3555 1029 co-

1901 1060 2150 1134 gnoscit.
2176 1060 2381 1115 Sobria
2408 1077 2546 1133 ergo
2595 1065 2719 1116 erat
2764 1078 2931 1117 mens
2967 1061 3137 1132 justi,
3162 1061 3336 1117 etiam
3367 1079 3553 1134 quan-

1903 1148 1977 1204 do
2008 1147 2166 1204 ebria
2195 1148 2535 1221 putabatur.
2569 1152 2669 1204 Est
2700 1149 2856 1204 enim
2888 1148 3231 1220 praeclarum
3276 1148 3554 1221 poculum

1904 1236 2203 1292 inebrians
2239 1236 2454 1308 justos.
2490 1236 2589 1291 Ille
2618 1241 2817 1292 autem
2850 1253 2982 1292 vere
3033 1236 3357 1293 inebriatus
3406 1242 3551 1303 erat,

1905 1323 2005 1396 qui
2023 1323 2248 1380 ridebat
2268 1328 2513 1396 patrem.
2538 1324 2817 1389 Quienim
2852 1341 3040 1396 neque
3079 1324 3428 1397 praeteritam
3460 1340 3556 1398 ge-

1905 1411 2220 1468 nerationis
2257 1412 2528 1485 gratiam,
2554 1429 2741 1484 neque
2773 1418 3119 1485 praesentem
3173 1414 3554 1470 reverentiam

1904 1501 2106 1573 patris,
2132 1516 2319 1573 neque
2348 1501 2605 1557 futuram
2632 1518 2862 1573 poenam
2887 1505 3142 1573 paternis
3171 1501 3402 1572 injuriae
3424 1518 3561 1558 con-

1905 1589 2217 1658 siderabat,
2237 1605 2368 1646 vere
2398 1589 2597 1645 ebrius
2629 1594 2779 1657 erat;
2813 1595 2869 1645 et
2897 1590 3053 1661 quod
3089 1590 3333 1661 putabat
3361 1589 3555 1646 videre

1905 1694 1966 1733 se
1998 1695 2114 1734 non
2149 1679 2397 1734 videbat.
2431 1679 2566 1733 Erat
2602 1678 2662 1733 in
2706 1677 2807 1734 illo
2839 1678 3131 1750 profunda
3176 1678 3423 1745 eiecitas,
3456 1678 3557 1750 qui

1906 1771 2127 1838 patrem
2156 1766 2352 1823 videre
2376 1782 2493 1823 non
2525 1770 2770 1839 poterat.
2792 1767 2939 1822 Nam
2966 1765 3015 1822 si
3037 1765 3279 1822 vidisset
3307 1770 3555 1838 patrem,

1904 1871 2021 1911 non
2054 1853 2256 1926 utique
2288 1854 2533 1910 risisset.
2563 1854 2761 1927 Neque
2793 1854 2948 1909 enim
2980 1854 3285 1922 ridendus,
3309 1855 3410 1910 sed
3432 1871 3558 1911 ver-

1900 1943 2116 1998 rendus
2146 1947 2236 1999 est
2264 1946 2447 2016 pater.
2474 1943 2656 1998 Multo
2684 1947 2879 1999 autem
2904 1942 3157 2014 amplius
3182 1947 3437 2000 mentem
3461 1944 3556 2015 ju-

1900 2031 1974 2086 sti
2004 2030 2288 2103 insipiens
2319 2031 2513 2086 videre
2539 2047 2654 2086 non
2686 2034 2933 2103 poterat.
2959 2030 3262 2096 Quomodo
3292 2031 3447 2086 enim
3479 2031 3555 2085 vi-

1900 2119 2090 2188 debat,
2112 2119 2212 2192 qui
2243 2119 2299 2174 in
2352 2137 2417 2175 eo
2473 2120 2714 2192 putabat
2762 2118 3061 2175 ebrietatis
3113 2120 3225 2190 (93)
3275 2136 3555 2186 errorem,

1901 2207 1998 2262 ubi
2020 2213 2141 2263 erat
2165 2207 2452 2280 perfectus
2476 2207 2776 2280 sapientiae
2796 2212 3251 2278 casterarumque
3271 2207 3553 2263 virtutum

1899 2296 2119 2367 vapor?
2149 2296 2310 2351 Sicut
2362 2296 2646 2367 scriptum
2679 2299 2806 2351 est:
2839 2297 3009 2366 νίψον
3036 2300 3113 2350 est
3158 2297 3307 2350 enim
3336 2296 3556 2351 virtutis

1899 2384 1995 2438 Dei
2027 2384 2173 2455 (Sap.
2203 2401 2299 2450 vn,
2332 2384 2443 2454 25).
2479 2384 2721 2447 Quando
2753 2384 2910 2439 enim
2942 2400 3109 2438 mens
3136 2382 3326 2456 magis
3358 2383 3559 2440 sobria

1902 2476 2008 2541 est,
2044 2488 2221 2543 quam
2270 2471 2678 2543 tunczquando
2727 2476 3000 2528 naturam
3046 2472 3313 2527 omnium
3360 2488 3557 2529 rerum

1898 2563 2348 2631 temporumque
2370 2559 2748 2631 praesentium
2780 2563 2837 2613 et
2862 2559 3193 2615 futurorum
3227 2560 3307 2615 ita
3336 2564 3559 2631 spectat

1901 2648 2154 2719 negotia,
2185 2652 2250 2703 ut
2279 2646 2441 2703 nulla
2470 2648 2529 2702 in
2566 2664 2631 2703 eo
2662 2646 3007 2719 temporalis
3037 2647 3352 2711 titubantia
3381 2648 3560 2704 ebrie-

1899 2737 2037 2792 tatis
2068 2736 2391 2809 appareat?

1973 2826 2092 2880 119.
2118 2825 2320 2888 Quaero
2354 2824 2529 2879 etiam
2560 2840 2677 2896 qua
2705 2824 2929 2880 ratione
2960 2841 3094 2880 cum
3127 2828 3261 2880 ante
3293 2824 3554 2881 medium

1900 2913 2110 2969 dixerit
2129 2912 2281 2968 inter
2306 2912 2455 2968 ﬁlios
2484 2913 2685 2981 Cham,
2714 2929 2870 2968 nunc
2893 2913 3191 2984 juniorem
3214 2912 3554 2970 constituat.

1899 3002 1994 3058 Sic
2040 3002 2196 3058 enim
2246 3002 2531 3073 scriptum
2562 3006 2695 3057 est:
2733 3001 2988 3074 Cognovit
3032 3003 3141 3057 Noe
3190 3004 3377 3058 omnia
3426 3017 3551 3074 qua:

1898 3093 2026 3162 fecit
2079 3093 2131 3145 ei
2187 3090 2336 3161 ﬁlius
2384 3090 2581 3161 junior
2610 3088 2764 3159 (Gen.
2798 3108 2875 3157 1x,
2908 3090 3021 3160 24).
3056 3090 3357 3162 Numquid
3416 3095 3553 3147 ante

1901 3179 2201 3252 Scriptura
2230 3178 2289 3233 in
2321 3178 2523 3233 ordine
2562 3178 2956 3249 generationis
3000 3178 3253 3234 erravit?
3284 3179 3410 3233 Non
3443 3179 3555 3234 uti-

1822 3258 1864 3324 C
1902 3284 2034 3340 que.
2061 3267 2209 3333 Quid
2242 3267 2423 3340 ergo?
2454 3266 2753 3321 Contraria
2781 3282 2937 3321 nunc
2979 3265 3195 3337 scripta
3225 3266 3400 3321 sunt?
3430 3266 3557 3323 Non

1900 3356 2168 3411 arbitror.
2204 3353 2505 3418 Quomodo
2556 3353 2740 3425 igitur
2791 3353 3054 3419 solvitur,
3108 3353 3223 3408 nisi
3263 3352 3559 3424 juniorem

1901 3460 2013 3499 non
2046 3445 2231 3509 aetate,
2256 3458 2371 3496 non
2404 3444 2663 3511 tempore
2704 3440 2991 3511 accipias:
3016 3440 3117 3495 sed
3145 3440 3348 3496 rudem
3381 3456 3559 3497 sensu

1898 3536 1955 3587 et
1984 3532 2043 3586 in
2072 3530 2325 3603 quadam
2358 3529 2690 3584 intellectus
2731 3529 2980 3584 infantia
3009 3528 3420 3598 constitutum,
3451 3530 3551 3602 qui

1899 3619 2277 3693 provectioris
2327 3618 2652 3674 doctrinam
2702 3618 2889 3673 aetatis
2947 3634 3064 3674 non
3122 3618 3407 3685 hauserit,
3449 3634 3553 3674 nec

1902 3707 2221 3782 perceperit
2241 3707 2422 3763 senile
2442 3706 2789 3763 consilium?
2805 3707 2943 3763 Cani
2969 3707 3126 3763 enim
3149 3707 3391 3779 quidam
3417 3712 3555 3763 sunt

1901 3814 2111 3854 sensus
2157 3796 2481 3853 hominum.
2515 3796 2584 3851 Et
2628 3795 2757 3852 ideo
2806 3796 3001 3868 inquit
3033 3813 3045 3851 :
3082 3795 3218 3851 Cum
3245 3798 3457 3852 veneris
3485 3796 3556 3851 ad

1898 3889 2177 3943 seniorum
2228 3887 2542 3951 concilium,
2604 3884 2797 3940 claude
2852 3900 2908 3940 os
2963 3892 3118 3940 tuum
3157 3885 3343 3956 (Eccli.
3376 3901 3554 3953 xxxii,

1901 3976 1923 4031 -Ι
1938 3976 2012 4047 3).
2048 3975 2113 4031 Et
2144 3974 2281 4029 alibi
2312 3974 2489 4029 habet
2538 3973 2828 4029 sententia
2857 3991 2870 4028 :
2903 3972 3231 4028 Discendum
3276 3974 3426 4028 enim
3453 3972 3558 4027 tibi

1898 4066 2055 4135 prius
2109 4071 2206 4127 est,
2257 4078 2421 4132 quam
2478 4061 2807 4132 loquendum
2837 4061 2993 4132 (Ibid.
3040 4061 3150 4131 18).
3181 4062 3365 4116 Aures
3418 4076 3555 4133 ergo

1904 4155 2138 4224 paratas
2186 4150 2355 4216 habe,
2391 4153 2456 4204 ut
2504 4148 2727 4221 aliquid
2775 4150 2846 4204 de
2895 4147 3248 4220 sapientium
3297 4146 3555 4204 consiliis

1904 4238 2304 4311 consequaris.
2338 4236 2560 4310 Lingua
2603 4236 2975 4308 reprimenda
3021 4240 3130 4307 est,
3163 4235 3382 4292 auditio
3411 4251 3554 4307 pra:-

1905 4329 2185 4402 paranda.

2489 4412 2723 4468 CAPUT
2764 4412 2977 4467 XXXII.

2985 4501 3129 4556 'uerit
3157 4516 3176 4555 ,ο
3208 4498 3555 4556 Benedictus

1908 4507 2018 4563 Cur
2048 4507 2107 4559 in
2138 4502 2505 4559 benedictione
2554 4503 2674 4556 Sem
2715 4500 2919 4572 dictum
2957 4502 2990 4572 f1

1978 4575 2263 4632 Dominus
2310 4574 2464 4629 Deus
2514 4572 2647 4628 Sem
2695 4571 2847 4644 (Gen.
2891 4571 2970 4638 Ix,
2999 4571 3113 4640 26),
3146 4575 3195 4644 et
3246 4587 3348 4644 cur
3394 4571 3557 4644 hujus

139 4634 389 4676 suorum
421 4615 642 4715 patitur
666 4632 815 4715 Iesse
852 4620 1170 4715 gestorum.
1204 4616 1402 4715 Oper-it
1434 4633 1576 4715 lquze
1630 4616 1800 4715 aliter
1827 4621 1874 4685 D
2281 4615 2647 4700 ηςῖυσῆῖῑςῖ
2669 4615 3195 4715 ίξςᾶῖ

138 4711 306 4781 gesta
335 4707 477 4762 sunt
506 4704 725 4760 amictu
773 4704 1029 4776 quodam
1060 4709 1117 4759 et
1144 4704 1332 4776 gratia
1359 4706 1446 4760 vel
1496 4705 1801 4776 przcsentis

141 4795 356 4869 operis,
386 4793 478 4848 vel
538 4791 739 4863 futuri,
770 4795 833 4847 ut
876 4791 1020 4846 nihil
1078 4791 1415 4848 indecorum
1472 4797 1798 4865 praetereat,

143 4884 283 4940 nihil
320 4883 661 4939 inornatum
694 4880 1005 4952 relinquat.
1031 4880 1193 4936 Unde
1215 4886 1271 4936 et
1290 4881 1600 4953 Apostolus
1631 4899 1697 4937 su
1709 4899 1801 4955 pc-

145 4971 294 5029 riora
327 4969 802 5038 obliviscebatur,
837 4969 1032 5035 priora
1066 4971 1376 5041 appetebat
1411 4987 1423 5023 :
1460 4971 1559 5025 sed
1595 4970 1798 5026 oblivi-

146 5059 439 5125 sccbatur,
464 5060 530 5111 ut
559 5055 943 5112 absconderet
988 5055 1412 5128 persecutionis
1454 5072 1700 5125 errores,
1736 5063 1803 5114 ut

145 5152 362 5221 tegeret
390 5143 700 5219 superiora
719 5143 950 5212 delicta,
976 5144 1262 5217 bonisque
1292 5144 1567 5216 operibus
1601 5147 1803 5201 obum-

148 5236 338 5293 braret
367 5236 505 5308 (92).
538 5235 696 5289 Beati
724 5232 882 5288 enim
945 5237 1001 5288 et
1050 5231 1133 5287 illi
1194 5248 1425 5303 quorum
1482 5236 1621 5289 tecta
1676 5239 1804 5290 sunt

142 5329 365 5397 peccata
422 5322 593 5394 (Psal.
657 5321 930 5390 xxxx,1);
965 5320 1021 5376 id
1055 5325 1164 5387 est,
1198 5320 1248 5376 si
1307 5325 1580 5393 tegantur
1635 5322 1804 5378 bonis

214 5483 327 5555 (91)
358 5481 519 5539 Edit.
554 5481 748 5549 Rom.,
796 5484 845 5537 et
898 5482 1068 5553 facies
1122 5496 1313 5537 eorum
1365 5497 1478 5537 non
1530 5482 1802 5552 viderunt,

146 5558 323 5697 e“($012)
356 5625 631 5697 Sicqmss.
664 5638 868 5697 omnes
915 5620 1202 5697 Gallicani
1232 5627 1291 5678 et
1319 5622 1487 5679 Rom.
1514 5623 1656 5697 edit.
1678 5624 1803 5697 Yet.

147 5694 339 5755 autem
379 5695 526 5755 edit.
552 5710 688 5751 cum
734 5694 855 5755 Vat.
880 5695 1032 5763 cod.,
1066 5694 1324 5767 bonisque
1349 5694 1604 5767 operibus
1635 5695 1808 5752 abun-

1978 4718 2285 4844 adldicatur.
2317 4716 2401 4772 Ad
2437 4713 2743 4771 extremum
2774 4713 3070 4771 benedictio
3118 4713 3347 4785 Japheth
3388 4729 3557 4784 expo-

1978 4806 2035 4844 m
2064 4806 2149 4844 ur.

1977 4806 2149 4845 ηῑιυν.

1982 4880 2102 4934 120.
2136 4877 2462 4933 Benedieens
2494 4876 2674 4945 ﬁlium
2710 4890 2871 4929 suum
2900 4874 3024 4929 Sem
3071 4875 3151 4928 ait
3193 4874 3302 4928 Noe
3332 4889 3350 4926 :
3384 4875 3554 4926 Bene-

1915 4967 2094 5023 dictus
2144 4968 2407 5021 Dominus
2456 4966 2595 5021 Deus
2634 4966 2789 5025 Sem;
2820 4966 2870 5017 et
2916 4963 3024 5017 erit
3072 4960 3333 5015 Chanaan
3380 4974 3563 5015 servus

1909 5057 2028 5128 ejus
2059 5056 2211 5126 (Gen.
2248 5072 2324 5119 Ix,
2352 5053 2467 5122 26).
2499 5053 2569 5107 Et
2614 5051 2929 5107 Dominum
2972 5053 3029 5103 et
3074 5048 3259 5104 Deum
3308 5045 3471 5114 dixit,
3502 5053 3561 5102 et

1912 5144 2247 5217 specialiter
2292 5142 2477 5197 Deum
2516 5139 2621 5194 ﬁlii
2652 5139 2744 5196 sui
2775 5140 2868 5194 cui
2900 5154 3109 5194 nomen
3158 5139 3290 5191 Sem
3337 5138 3459 5202 est;
3492 5150 3558 5191 eo

1914 5232 2068 5303 quod
2101 5230 2254 5285 Deus
2289 5229 2587 5298 justorum
2617 5233 2729 5294 est,
2762 5227 2871 5283 hoc
2901 5230 2990 5282 est
3037 5226 3190 5282 Deus
3242 5222 3555 5292 montium,

1915 5337 2031 5376 non
2061 5314 2429 5386 vallium,qui
2457 5314 2708 5385 gratiam
2750 5315 3003 5371 habeant
3029 5313 3263 5371 virtutis
3292 5309 3551 5369 excelsae.

1913 5478 2097 5621 “(5%)
2120 5546 2329 5621 Vocem
2358 5541 3024 5621 ebrietatisrestituimus
3051 5542 3393 5621 auctoritate
3415 5558 3557 5621 mss.

1916 5611 2091 5678 Co‘rbﬁ
2116 5634 2183 5674 ac
2231 5616 2436 5688 Long.,
2470 5631 2604 5671 cum
2637 5614 2695 5673 in
2727 5612 2859 5672 aliis
2888 5629 2955 5669 ac
3007 5613 3144 5669 edit.
3175 5613 3449 5670 omnibus
3478 5611 3561 5669 le-

1919 5695 2152 5766 geretur
2178 5689 2486 5746 dubietatis.
