3878 6208
415 425 531 489 435
1864 426 1927 486 S.

2265 421 2348 486 SII
3690 426 3796 488 436

414 557 632 619 Deinde
663 575 781 635 qua
811 561 1031 620 ratione
1063 580 1192 620 cum
1229 561 1379 619 ﬁlius
1416 564 1540 634 ejus
1573 560 1749 618 Cham
1783 576 2050 634 peccave-
2082 559 2136 627 Α
2238 558 2358 615 124.
2393 556 2471 615 De
2519 559 2890 633 generatione
2935 556 3209 632 Japhetb,
3242 557 3453 632 inquit,
3495 559 3710 617 Rhodus
3753 569 3798 617 et

417 651 514 717 rit,
538 669 653 708 nou
685 652 876 724 ipsum
923 653 1020 708 sed
1074 651 1258 708 ﬁlium
1309 654 1434 723 ejus
1483 651 1743 708 servituti
1791 649 2057 706 addixit?
2163 649 2296 705 alia:
2339 651 2536 703 insula:
2583 654 2710 704 sunt
2757 651 3042 704 nationum
3067 649 3218 719 (Gen.
3253 667 3306 716 χ,
3336 650 3412 718 5).
3449 650 3568 704 Non
3601 650 3795 705 imme-

420 740 487 795 Et
515 742 761 797 fortasse
793 742 921 796 ideo
975 743 1130 805 quod
1173 747 1334 814 pater
1364 741 1495 813 plus
1526 741 1780 796 allicitur
1825 737 2058 809 injuriis
2165 737 2274 792 rito
2303 737 2547 792 latitudo
2578 739 2810 803 dicitur,
2843 738 3077 808 quando
3105 738 3278 793 etiam
3312 737 3370 792 in
3403 738 3642 794 alteram
3675 755 3793 810 par-

419 827 2054 902 ﬁliisui,maxiinequaruiuipscrcusctauctorexsistat,
2167 831 2282 881 tem
2336 827 2713 893 natur:e,boc
2769 833 2859 881 est
2917 826 3295 890 maritimam,
3328 829 3622 899 generatio
3678 830 3794 898 ejus

419 923 475 974 et
505 918 906 974 vehementius
938 918 1319 974 contristatur
1357 919 1446 973 sui
1490 917 1702 987 peccati
1734 915 2055 971 damnatio-
2167 915 2469 985 processit.
2502 915 2643 970 Vere
2674 914 2825 970 enim
2861 921 3140 986 tanquam
3182 914 3428 970 latitudo
3460 932 3572 970 nou
3606 915 3710 970 fuit
3737 933 3794 970 eo

419 1023 550 1062 nem
584 1023 617 1061 a
645 1006 761 1061 ﬁlio
813 1007 1189 1079 persolutam,
1224 1007 1322 1077 qui
1363 1023 1476 1061 non
1539 1012 1656 1060 tam
1717 1022 1822 1060 suo
1882 1020 2057 1074 quam
2166 1009 2457 1069 contenta,
2483 1004 2716 1074 quodin
2743 1019 2914 1058 usum
2947 1003 3283 1058 hominibus
3316 1008 3524 1059 natura
3555 1005 3796 1076 praescri-

419 1096 604 1168 patris
633 1095 840 1150 merito
873 1097 1198 1167 puniretur.
1232 1096 1384 1152 276
1415 1095 1631 1149 Deinde
1662 1093 1798 1166 quia
1829 1092 1927 1163 qui
1959 1093 2058 1147 do-
2170 1096 2381 1162 pserat,
2417 1091 2524 1146 hoc
2572 1098 2658 1146 est
2710 1097 2872 1148 terra:
2921 1093 3288 1163 possessione
3330 1109 3342 1146 :
3385 1109 3587 1148 verum
3635 1092 3794 1148 etiam

421 1185 620 1240 ctrina:
648 1188 904 1256 paterna:
935 1183 1262 1256 discipulus
1291 1189 1445 1238 esset
1484 1183 1658 1249 ﬁlius,
1693 1187 1749 1236 et
1780 1181 2059 1253 pessima-
2171 1180 2529 1252 iutrogressa
2549 1188 2637 1235 est
2665 1185 2916 1248 mare,et
2937 1181 3009 1235 ad
3038 1180 3264 1236 insulas
3293 1198 3477 1253 usque
3509 1183 3793 1253 processit.

424 1290 553 1328 rum
604 1274 849 1328 aemulus
898 1273 1478 1345 cogitationum,uno
1530 1288 1768 1342 corpore
1822 1275 2062 1340 uterque
2171 1267 2286 1322 Hoc
2318 1269 2642 1322 secundum
2675 1267 2948 1324 litteram.

424 1365 686 1416 uteretur
714 1366 768 1415 et
797 1366 1010 1426 mente,
1041 1362 1360 1431 eademque
1391 1358 1634 1414 malitia.
1667 1358 2066 1413 lndiﬂ'erenter
2247 1358 2366 1412 1‘25.
2427 1357 2763 1410 Secundum
2828 1355 3095 1411 altiorem
3165 1361 3358 1412 autem
3417 1375 3684 1423 sensum,
3739 1376 3797 1414 ea

424 1449 605 1521 igitur
636 1449 724 1504 vel
758 1454 1028 1519 paternae,
1053 1449 1136 1504 vel
1169 1467 1286 1504 sua:
1346 1448 1580 1504 malitias
1613 1447 1769 1502 ﬁlius
1814 1445 2063 1518 pretium
2173 1462 2299 1516 qua:
2339 1449 2498 1499 extra
2551 1451 2706 1511 sunt,
2740 1461 2866 1515 qua:
2913 1445 3190 1500 dicuntur
3219 1447 3390 1510 bona,
3445 1447 3674 1515 divitiae,
3707 1466 3794 1520 po-

422 1537 562 1603 luit;
605 1538 881 1608 quoniam
928 1537 1313 1610 improbitatis
1347 1554 1656 1592 commune
1705 1535 2064 1590 consortium
2099 1600 2102 1603 _
2173 1539 2436 1599 testates,
2469 1534 2613 1588 211
2656 1534 2923 1597 honores,
2958 1536 3125 1604 quasi
3167 1535 3578 1591 dilfunduntur
3601 1536 3793 1602 latius;

423 1632 528 1682 est.
554 1625 714 1690 Quod
747 1627 927 1698 igitur
958 1643 1058 1698 pro
1089 1627 1270 1698 patris
1313 1626 1480 1681 solvit
1514 1625 1905 1696 improbitate,
1941 1623 2066 1678 sine
2173 1638 2278 1676 uec
2337 1626 2564 1676 tantum
2624 1621 2713 1675 his
2775 1622 3025 1676 contenti
3088 1628 3227 1678 sunt
3279 1623 3513 1691 divites,
3573 1642 3693 1696 quae
3746 1626 3794 1678 in

423 1715 600 1770 dubio
632 1720 686 1771 et
718 1732 820 1787 pro
865 1732 973 1770 sua
1016 1715 1184 1770 solvit
1215 1715 1393 1786 culpa:
1427 1716 1555 1783 ejus
1587 1731 1720 1769 reus
1755 1731 1766 1767 :
1801 1711 1884 1767 vel
1916 1717 2066 1767 certe
2175 1710 2450 1764 manibus
2493 1715 2548 1763 et
2595 1710 2651 1764 iu
2701 1717 3011 1781 conspectu
3058 1718 3197 1766 sunt
3247 1730 3259 1767 :
3311 1714 3411 1768 sed
3461 1713 3624 1786 longe
3667 1713 3794 1768 late-

425 1803 649 1858 diutius
672 1821 840 1874 pcnna
863 1802 1551 1874 producitur,cumetiam
1576 1803 1647 1856 ad
1671 1800 1857 1855 ﬁlium
1881 1816 2067 1871 usque
2174 1816 2288 1870 que
2335 1798 2672 1852 dilfundunt
2721 1815 2859 1853 suas
2908 1799 3275 1871 cupiditates,
3308 1801 3449 1856 dum
3499 1807 3594 1856 aut
3639 1817 3796 1872 pecu-

425 1892 734 1964 perteudit,
761 1896 817 1946 ct
846 1893 1199 1947 successoris
1228 1891 1464 1947 afﬂictio
1496 1892 1552 1946 iu
1585 1896 1849 1962 tempora
1880 1887 2070 1944 multa
2099 1925 2146 1989 Β
2177 1885 2406 1942 uiarum
2449 1887 2858 1958 compendium
2891 1887 2962 1942 de
2995 1887 3365 1944 ulterioribus
3397 1889 3687 1961 quaeritur,
3708 1895 3797 1944 aut

425 1980 734 2052 profertur.
769 1981 885 2034 Hoc
917 1980 1240 2036 secundum
1272 1979 1543 2035 litteram.
2101 1975 2145 1989 υ
2179 1975 2366 2030 honor
2393 1992 2428 2030 a
2452 1975 2722 2047 pluribus
2759 1980 2861 2031 aut
2907 1981 3165 2048 potestas
3213 1977 3502 2045 diffusior,
3533 1983 3630 2034 aut
3657 1977 3793 2050 cupi-

496 2070 617 2123 121.
641 2069 920 2124 Caeterum
954 2085 1069 2124 non
1102 2074 1220 2124 tam
1248 2069 1339 2123 hic
1369 2068 1637 2125 homines
1667 2085 1844 2138 quam
1879 2084 2070 2123 mores
2183 2063 2354 2118 ditas.

423 2156 1017 2228 comprehenduntur,
1047 2173 1295 2228 quorum
1332 2157 1387 2211 in
1422 2162 1667 2228 utroque
1694 2174 1812 2212 una
1841 2162 2068 2212 natura.

423 2223 577 2300 Nam
606 2245 787 2301 Cbam
825 2223 1280 2314 calor,Clianaan
1313 2223 1596 2301 commotio
1627 2251 1683 2300 et
1712 2244 2024 2316 inquietudo
2052 2262 2070 2298 :
2746 2223 2978 2280 CAPUT
3017 2225 3252 2281 XXXIV-

423 2332 523 2404 qui
555 2338 749 2388 autem
782 2333 1008 2388 calidus
1032 2338 1139 2398 est,
1166 2333 1369 2404 utique
1391 2334 1688 2405 inquietus
1716 2339 1892 2405 atque
1924 2350 2074 2388 com-
2183 2329 2581 2405 Qualis___Cha_m
2623 2331 2777 2405 illius
2821 2332 3073 2405 improbi
3105 2332 3255 2400 ﬁlius
3301 2333 3488 2388 senior
3533 2335 3688 2403 fuerit
3717 2352 3731 2387 :
3758 2336 3800 2386 et

427 2400 637 2476 metior
683 2426 791 2476 est.
825 2422 887 2476 In
935 2421 1166 2476 duobus
1216 2400 1394 2494 igitur
1440 2400 1563 2478 erat
1609 2440 1727 2478 una
1778 2400 1958 2492 passit

2268 2401 2316 2455 le
2346 2402 2461 2470 ﬁlio
2495 2400 2634 2455 Chus
2682 2400 2968 2494 it’ernbrloth
3014 2403 3234 2472 gigante
3273 2413 3324 2458 et
3373 2400 3638 2494 venatore,
3659 2405 3799 2486 cujus

2257 2489 2455 2548 nomen
2499 2474 2809 2548 exponitur,
2837 2476 2888 2526 et
2917 2490 2950 2526 a
2979 2489 3086 2544 quo
3132 2490 3359 2543 regnum
3401 2476 3689 2548 Babylonis
3716 2489 3802 2529 ca-

425 2527 581 2566 uuus
610 2511 869 2565 allectus.
897 2511 1096 2582 Itaque
1127 2528 1258 2566 cum
1283 2511 1428 2566 alter
1453 2512 1746 2566 addicitur
1765 2512 1902 2583 (94?,
1928 2516 2076 2565 υἱεῖ·

422 2615 537 2670 que
570 2599 902 2654 damnatur.

496 2689 618 2741 122.
651 2687 794 2744 Cum
826 2693 1069 2743 Sanctus
1110 2688 1290 2760 igitur
1339 2688 1458 2743 Noe
1508 2689 1858 2744 benedicens
1892 2687 2076 2742 ﬁlium
2261 2686 2380 2740 126.
2416 2689 2578 2740 Nunc
2609 2702 2804 2756 quaero
2857 2703 2971 2757 qua
3023 2688 3247 2742 ratione
3289 2686 3469 2744 Cham
3519 2687 3672 2743 illius
3716 2687 3803 2742 im-

423 2793 598 2832 suum
630 2775 842 2847 Japbet
891 2775 971 2830 ait
1005 2794 1017 2830 :
1054 2778 1263 2831 Dilatct
1295 2777 1555 2830 Dominus
1592 2777 1838 2848 Japhelh,
1871 2772 2081 2831 habitet
2188 2774 2350 2845 probi
2384 2773 2568 2828 ﬁlium
2601 2774 2888 2828 seniorem
2910 2774 3207 2846 Scriptura
3240 2777 3417 2831 fuisse
3447 2775 3807 2843 memoravit?

423 2865 483 2918 in
515 2863 764 2918 domibus
809 2863 951 2928 Sem,
986 2877 1037 2918 et
1079 2864 1176 2932 ﬁat
1227 2863 1491 2918 Chanaan
1520 2881 1704 2920 servus
1753 2867 1869 2935 ejus
1917 2865 2074 2934 (Ibid.
2187 2863 2311 2917 Duo
2341 2878 2554 2934 genera
2588 2868 2767 2928 terrae,
2801 2880 2985 2918 unum
3015 2863 3168 2918 velut
3205 2881 3517 2920 arenosum
3550 2870 3604 2921 et
3630 2863 3809 2937 pulve—

423 2951 551 3020 27);
588 2949 845 3005 diximus
877 2967 1054 3022 supra
1096 2950 1346 3022 Japheth
1391 2951 1559 3022 quasi
1610 2953 1947 3008 indifferens
1979 2953 2079 3007 bo-
2188 2949 2509 3015 rulentum,
2535 2950 2675 3015 imo,
2697 2957 2762 3005 ut
2791 2951 3124 3022 expressius
3154 2951 3366 3016 dicam,
3401 2953 3591 3023 pulvis
3622 2969 3635 3006 :
3669 2952 3808 3008 aliud

431 3055 574 3094 num
609 3037 925 3111 signiﬁcari
973 3039 1155 3110 (supr.
1190 3056 1314 3111 cap.
1348 3040 1424 3110 2).
1461 3039 1855 3096 lndiil'erentia
1883 3046 2075 3095 autem
2187 3055 2374 3110 genus
2406 3042 2568 3093 terrae
2600 3039 2962 3094 fructiferum
2995 3044 3170 3111 atque
3213 3041 3551 3108 fecundum,
3585 3041 3688 3096 hoc
3717 3044 3810 3104 est,

432 3125 803 3182 latitudinem
839 3126 1030 3196 habet,
1065 3143 1192 3198 quae
1241 3132 1329 3182 est
1377 3128 1435 3183 in
1485 3128 1692 3194 salute,
1726 3128 1941 3200 vigore,
1975 3130 2077 3184 de-
2187 3132 2340 3182 terra
2377 3125 2617 3182 solidior
2658 3133 2715 3182 et
2765 3128 3070 3199 profunda.
3100 3129 3246 3194 Quid
3299 3129 3481 3201 igitur
3530 3129 3812 3202 improbus

430 3232 583 3283 core,
617 3215 974 3281 fortitudine,
1011 3215 1249 3284 divitiis,
1281 3215 1485 3288 gratia,
1520 3217 2074 3287 nobilitate.amicis,
2121 3286 2145 3289 ι
2187 3213 2298 3270 nisi
2350 3214 2643 3286 pulverem
2675 3220 2931 3287 generat,
2963 3233 3029 3271 ex
3071 3233 3183 3288 quo
3214 3218 3510 3289 generatio
3556 3233 3686 3274 esse
3716 3231 3802 3272 non

426 3305 836 3379 potestatibus,
870 3308 926 3360 et
955 3305 1196 3361 caeteris.
1231 3286 1340 3360 sed
1374 3305 1493 3360 haec
1524 3306 1657 3361 licet
1689 3286 2078 3363 iuditl‘erentia
2106 3286 2148 3354 C
2190 3303 2420 3376 possit?
2455 3286 2700 3374 Ideoque
2731 3304 3015 3376 Propheta
3046 3286 3340 3376 pulverem
3372 3305 3572 3378 impiis
3599 3316 3802 3377 compar
3837 3286 3865 3309 ”

429 3395 582 3451 bona
617 3394 754 3461 sint,
788 3398 981 3449 tamen
1018 3391 1311 3465 plerisque
1358 3399 1700 3460 nocuerunt,
1735 3395 1837 3466 qui
1868 3412 1936 3450 ea
1966 3413 2080 3451 non
2190 3393 2336 3447 ravit
2365 3391 2565 3447 dicens
2599 3411 2611 3447 :
2648 3393 2762 3447 Non
2808 3395 2888 3446 sic
2939 3395 3116 3464 impii,
3147 3411 3256 3448 non
3297 3396 3406 3460 sic;
3435 3396 3529 3450 sed
3574 3404 3802 3465 tanquam

433 3499 567 3538 cum
603 3481 889 3554 sapientia
911 3487 969 3536 et
991 3481 1221 3551 justitia
1248 3483 1651 3553 possederunt.
1681 3482 1894 3539 Multos
1924 3484 2081 3540 enim
2185 3481 2370 3552 pulvis
2399 3497 2557 3552 quem
2585 3482 2802 3552 projicit
2830 3485 3022 3535 ventus
3050 3499 3082 3536 a
3111 3484 3256 3551 facie
3281 3485 3448 3539 terra?
3478 3485 3648 3554 (Psal.
3680 3501 3714 3546 ι,
3743 3483 3799 3540 ὅ).

431 3571 624 3626 ebrios
647 3571 829 3625 fecere
859 3569 1094 3636 divitia),
1122 3570 1396 3626 nobilitas
1418 3576 1473 3626 et
1500 3575 1756 3642 potestas
1777 3575 2080 3643 superbos,
2193 3570 2269 3624 Eo
2301 3569 2454 3640 quod
2505 3571 2678 3624 etiam
2713 3570 3034 3624 secundum
3083 3570 3348 3626 altiorem
3397 3587 3637 3628 sensum
3681 3569 3801 3624 infe-

434 3657 812 3730 pulchritudo
880 3657 1237 3723 luxoriosos,
1303 3659 1474 3729 cujus
1540 3659 1817 3732 sutl’ragio
1881 3660 2082 3717 alienae
2192 3657 2386 3713 cuuda
2415 3657 2492 3712 sit
2519 3657 2831 3729 impiorum
2865 3658 3082 3725 anima,
3117 3676 3244 3730 quae
3276 3662 3504 3716 fructus
3537 3658 3699 3716 utiles
3725 3671 3800 3730 ge-

432 3746 648 3802 mentis
679 3745 1044 3817 corruperint
1073 3747 1403 3801 castitatem
1439 3749 1571 3817 (95).
1607 3749 1749 3820 Ergo
1779 3766 1884 3820 pro
1915 3755 2085 3805 uten-
2194 3762 2397 3802 uerare
2430 3762 2542 3800 non
2578 3747 2781 3817 possit.

431 3835 508 3892 tis
537 3834 746 3890 affectu
779 3833 987 3890 borum
1021 3850 1146 3904 qua:
1179 3834 1458 3901 diximus,
1491 3834 1892 3892 indifferentia
1925 3845 2087 3920 sunt,
2268 3835 2388 3888 127.
2420 3834 2543 3898 Qua
2566 3835 2785 3889 ratione
2808 3835 2984 3888 etiam
3007 3834 3162 3890 Chus
3190 3835 3508 3892 Nembroth
3540 3837 3801 3909 gigantem

431 3939 682 3997 quorum
714 3940 859 3979 usus
892 3927 994 3978 aut
1022 3921 1337 3978 virtutibus
1369 3925 1612 3995 regitur,
1645 3930 1746 3980 aut
1775 3931 1928 3981 certe
1961 3927 2087 3982 sine
2194 3921 2478 3994 genuerit,
2512 3921 2612 3992 qui
2641 3926 2766 3976 erat
2796 3927 3032 3977 venator
3069 3928 3202 3978 ante
3235 3924 3466 3979 Deum?
3496 3925 3644 3982 278
3673 3921 3802 3978 Unde

430 4011 854 4086 gubernatione
903 4013 1182 4066 virtutum
1230 4012 1420 4067 fraudi
1456 4030 1582 4069 esse
1616 4013 1922 4085 incipiunt,
1958 4032 2086 4086 qua:
2194 4009 2415 4065 dictum
2468 4015 2557 4065 est
2606 4026 2618 4064 :
2671 4010 2820 4065 Sicut
2877 4011 3169 4067 Nembroth
3225 4014 3381 4083 gigas
3439 4018 3658 4069 venator
3704 4017 3803 4065 ante

431 4105 680 4175 possunt
703 4117 832 4158 esse
866 4099 1122 4156 utilitati.
2193 4100 2365 4154 Deum
2393 4099 2504 4170 (96)
2535 4100 2686 4169 (Gen.
2718 4117 2772 4166 x,
2807 4099 2882 4168 9).
2915 4099 3060 4162 Quid
3110 4100 3288 4172 igitur
3335 4100 3493 4157 aliud
3545 4101 3722 4174 pulvis
3763 4101 3803 4150 et

998 4205 1232 4262 CAPUT
1267 4205 1512 4261 xxxm,
2193 4203 2371 4242 arena
2399 4192 2720 4258 generaret,
2752 4187 2862 4242 nisi
2895 4193 3189 4244 terrenum
3223 4188 3557 4245 hominem:
3583 4205 3646 4245 eo
3675 4181 3800 4258 quod

438 4297 508 4351 De
536 4311 672 4350 ϐασι.
698 4297 860 4349 annis
890 4312 1020 4365 quos
1061 4295 1172 4348 Noe
1197 4300 1318 4364 post
1359 4295 1629 4350 diluvium
1668 4297 1870 4350 vicisse
1911 4297 2085 4350 tradi-
2193 4275 2411 4365 ἱωρίξιε
2432 4275 2766 4365 ογωίθδιίὺυε
2788 4282 3014 4365 ίθΐτεηδ
3041 4282 3353 4348 Ρτίθροηαίο
3379 4277 3653 4350 Gigantes
3673 4273 3800 4330 enim

506 4375 630 4427 tur;
663 4373 778 4420 tum
805 4366 870 4421 de
893 4362 1209 4437 posteritate
1233 4366 1466 4437 Japheth
1497 4366 1565 4421 ad
1610 4368 1849 4421 litteram
1879 4383 1944 4421 ac
1971 4383 2084 4422 mo-
2195 4362 2399 4418 fabula:
2458 4364 2743 4419 inducunt
2797 4364 3104 4420 adversum
3155 4382 3368 4437 supera
3417 4365 3667 4422 voluisse
3717 4375 3800 4432 ρυο

506 4437 722 4490 raliter.
2193 4467 2393 4523 guare,
2425 4457 2480 4506 et
2513 4457 2737 4506 terreno
2768 4468 3013 4508 ascensu
3050 4455 3447 4509 scandeudum
3481 4455 3552 4510 ad
3583 4446 3802 4508 caelestia

509 4541 630 4595 123.
658 4539 823 4594 Nunc
863 4541 1140 4612 quoniam
1196 4546 1327 4611 post
1383 4539 1666 4595 diluvium
1701 4542 1818 4597 Noe
1872 4541 2086 4597 dicitur
2192 4544 2562 4610 putaverunt.

437 4628 590 4699 (Gen.
616 4644 693 4697 ιχ,
713 4629 805 4697 28)
835 4628 1048 4684 vixisse
1092 4628 1368 4683 trecentis
1419 4633 1476 4683 et
1523 4629 1955 4702 quinquaginta
1982 4647 2084 4686 an-
2118 4647 2162 4712 ι)
2265 4627 2386 4681 128.
2409 4625 2623 4682 Altiore
2654 4632 2847 4682 autem
2874 4644 3046 4684 sensu
3082 4628 3226 4684 illud
3259 4628 3641 4702 signiﬁcatur,
3671 4621 3798 4697 quod

436 4715 550 4783 uis,
583 4732 950 4787 nequaquam
1001 4717 1466 4787 praztereundum
1517 4722 1810 4789 putamus.
1846 4719 1992 4774 Nam
2023 4719 2082 4773 in
2192 4715 2291 4786 qui
2322 4721 2579 4770 terrenas
2610 4715 2804 4788 diligit
2834 4715 3180 4788 voluptates,
3201 4734 3298 4773 eas
3334 4718 3614 4790 sequitur,
3637 4723 3687 4770 et
3714 4727 3798 4784 pu-

434 4804 708 4860 trecentis
738 4820 968 4859 crucem
1001 4803 1214 4859 Christi
1248 4804 1564 4876 signiﬁcari
1596 4813 1818 4860 certum
1850 4811 1957 4872 est,
1984 4823 2081 4860 cu-
2190 4807 2276 4858 tat
2313 4802 2406 4859 his
2437 4819 2497 4858 se
2528 4821 2699 4875 posse
2728 4805 2800 4860 ad
2849 4805 2949 4860 Dei
2997 4806 3244 4878 gratiam
3292 4807 3608 4876 pervenire,
3638 4808 3690 4858 et
3729 4813 3796 4852 re-

425 4893 529 4965 jus
560 4897 694 4965 typo
717 4891 914 4964 justus
945 4909 978 4946 a
1005 4891 1223 4947 diluvio
1255 4891 1537 4948 liberatus
1563 4899 1670 4949 est.
1703 4895 1764 4949 ln
1797 4894 2084 4966 quinqua-
2191 4905 2373 4962 gnum
2405 4891 2635 4947 cmleste
2664 4891 3000 4963 bujusmodi
3035 4895 3328 4950 erroribus
3361 4893 3738 4953 deferendum,
3760 4887 3797 4938 is

433 4979 897 5055 giutajubilaaus
927 4985 1017 5036 est
1046 4997 1326 5036 numerus
1356 4981 1720 5037 remissionis
1752 4999 1868 5054 quo
1897 4982 2081 5054 Spiri-
2191 4979 2498 5034 adversum
2553 4979 2812 5036 coelestia
2864 4983 3194 5038 contumaci
3255 4983 3548 5055 przeliatur
3599 4979 3794 5036 affectu.

435 5073 530 5125 tus
584 5073 823 5125 sanctus
882 5069 1100 5125 missus
1131 5087 1163 5123 a
1195 5068 1334 5124 cmlo
1364 5074 1471 5133 est,
1504 5071 1753 5140 gratiam
1805 5070 2082 5126 humanis
2191 5067 2500 5138 Propterea
2526 5074 2582 5123 et
2611 5067 2668 5122 in
2697 5069 2996 5140 proverbio
3027 5075 3114 5126 est
3148 5071 3219 5126 de
3249 5087 3314 5126 eo
3347 5070 3444 5142 qui
3477 5063 3794 5140 deliquerit:

434 5158 766 5231 pectoribus
817 5158 1152 5214 infundens.
1187 5157 1441 5212 Perfecto
1472 5157 1654 5228 igitur
1703 5174 1945 5213 numero
1993 5174 2079 5213 re-
2188 5158 2341 5212 Sicut
2371 5157 2659 5212 Nembroth
2690 5160 2844 5228 gigas
2874 5163 3099 5214 venator
3126 5165 3254 5215 ante
3295 5161 3481 5215 Deum.
3516 5148 3795 5213 Ncmbrolb

435 5245 735 5302 missionis
765 5251 822 5302 et
865 5245 1062 5318 gratias
1085 5246 1286 5316 justus
1317 5244 1675 5302 curriculum
1725 5245 1852 5300 vitae
1902 5246 2082 5317 hujus
2190 5250 2383 5299 autem
2418 5262 2519 5316 per
2556 5246 3090 5316 interpretationem
3113 5247 3328 5303 dicitur
3356 5246 3628 5317 Ethiops.
3658 5237 3797 5295 Color

435 5334 718 5407 implevit.
2190 5333 2476 5404 Ethiopis
2506 5334 2778 5389 tenebras
2808 5334 3016 5390 animos
3038 5335 3488 5407 squaloremque
3515 5327 3792 5405 signiﬁcat.

651 5509 802 5588 Edit._
825 5513 954 5588 an}:
988 5525 1122 5565 cum
1171 5509 1448 5564 Parisinis
1468 5510 1711 5588 aliquot
1730 5512 2082 5588 jbi__habent
2188 5512 2430 5588 corrupit
2458 5513 2781 5588 castitatem.
2818 5511 2957 5567 Mss.
2977 5518 3217 5588 _vero_ut
3246 5530 3351 5568 uos
3382 5513 3438 5566 in
3470 5512 3640 5588 textu.

437 5569 1024 5660 adjici'turzlubialiie,
1056 5595 1189 5660 cum
1222 5597 1388 5647 mss.,
1411 5569 1704 5636 addicitur.
1730 5582 1960 5645 Melius,
1986 5582 2079 5637 hic
2208 5569 2370 5660 “(96.)
2403 5585 2646 5660 Deerant
2693 5581 3025 5660 in__cuncti_s
3072 5585 3208 5660 edit.
3264 5582 3571 5660 sequentia
3611 5569 3789 5660 :nUndt

439 5648 816 5726 enim‘agitur
845 5649 917 5702 de
943 5649 1244 5726 servitute.
1367 5721 1398 5726 μ
1568 5724 1574 5726 _
1698 5725 1732 5726 Π
2050 5725 2053 5726 ν
2187 5648 2391 5707 dictum
2421 5660 2500 5707 est
2518 5671 2536 5705 :
2569 5655 2712 5726 sicut
2741 5653 3026 5726 Negmbroth
3053 5657 3205 5726 gigas
3235 5648 3455 5710 venator
3479 5654 3600 5706 ante
3618 5648 3787 5702 Deum:

508 5719 618 5788 (95)
648 5718 864 5774 Omnes
891 5718 1054 5778 edit..
1103 5722 1258 5788 cujus
1287 5721 1606 5790 suffragatio
1652 5725 1856 5780 alienae
1883 5725 2080 5778 mentis
2190 5740 2316 5794 quae
2349 5727 2544 5778 tamen
2575 5723 2634 5780 in
2667 5723 2942 5781 omnibus
2973 5718 3132 5782 mss."
3150 5727 3529 5798 reperiuntur.
