3878 6208
164 283 286 347 437
1186 287 1289 352 ne
1333 286 1718 352 ABRAHAM
1762 289 1912 379 LIB.
1958 288 2006 354 I.
2040 323 2118 337 —
2146 288 2609 357 ADMONITIO.
3304 376 3309 383 ε
3387 378 3393 384 ἢ
3475 288 3600 355 sas

181 444 281 518 qui
308 444 606 506 adversus
636 445 844 505 lumini
875 444 987 523 (97)
1014 451 1120 518 est,
1156 447 1438 506 claritatis
1476 465 1699 515 exsors,
1746 455 1836 506 te-
1866 453 1923 519 Α
1950 468 2078 508 rare
2124 451 2443 520 consuevit,
2496 456 2671 525 atque
2715 450 2810 509 his
2859 451 3031 526 potiri
3078 455 3255 527 atque
3298 450 3598 513 delectari.

189 534 389 592 nebris
420 536 751 603 involutus,
783 537 937 593 nocti
969 537 1219 594 similior
1260 556 1435 609 quam
1478 539 1612 593 diei.
1661 540 1848 594 Vena-
1960 541 2222 612 Denique
2244 541 2755 614 Nembrothhujus
2768 542 3121 615 principium
3143 541 3598 616 regniBabylon,

196 625 338 681 toris
367 642 612 697 quoque
643 643 787 683 usus
815 626 875 682 in
907 626 1090 690 silvis,
1124 627 1275 683 inter
1312 628 1464 683 feras
1517 645 1581 683 ac
1633 630 1851 685 bestias
1958 630 2069 686 hoc
2100 634 2188 686 est
2214 632 2492 701 confusio;
2523 648 2589 686 eo
2620 632 2775 702 quod
2806 632 3029 687 malitia
3073 635 3130 687 et
3178 635 3437 704 potestas
3483 647 3599 684 non

200 715 565 771 converstiao
598 716 747 786 ejus.
781 713 1199 771 Irrationabilis
1229 731 1365 787 ergo
1398 716 1678 773 miscetur
1707 718 1851 773 irra-
1960 720 2017 773 in
2052 718 2427 791 simplicitate
2456 723 2514 775 et
2542 720 2814 791 puritate,
2848 737 2962 776 non
2996 720 3053 774 in
3085 720 3460 777 distinctione
3488 718 3602 773 vir-

194 803 577 860 tionabilibus
609 803 981 875 passionibus
1018 821 1030 859 :
1064 807 1122 859 et
1156 820 1224 858 ea
1253 820 1378 876 quas
1430 810 1570 860 sunt
1616 806 1851 862 malitiae
1959 807 2122 874 tutis,
2166 808 2265 862 sed
2295 806 2354 861 in
2385 807 2725 863 confusione
2752 808 3022 864 vitiorum
3055 813 3162 864 est.

202 892 453 966 agrestis
484 897 660 964 atque
691 893 967 965 praedura;
996 897 1236 948 venator
1272 892 1613 965 hujusmodi
1658 895 1853 967 explo-

261 1035 376 1106 (97)
409 1035 556 1090 Edit.
589 1052 814 1103 omnes,
841 1038 899 1090 et
927 1035 1055 1090 cod.
1089 1035 1216 1091 Vat.
1250 1052 1331 1091 ac
1356 1037 1555 1103 Torn.,
1590 1036 1851 1093 adversus
1885 1038 2091 1105 lumen,
2147 1036 2354 1093 Melius
2403 1055 2547 1094 mss.
2601 1038 2796 1106 Corb.,
2848 1039 3030 1107 Colb.,
3082 1041 3263 1115 Long.
3316 1049 3373 1100 et
3423 1044 3598 1112 Maz.,

192 1124 450 1179 adversus
480 1124 703 1189 lumini,
752 1123 809 1179 id
842 1127 931 1180 est
960 1123 1309 1179 contrarius.

1173 1404 1725 1467 FHAGMENTUM
1769 1406 1979 1467 LIBRI
2009 1406 2113 1466 DE
2158 1406 2370 1466 ΑΒΕΔ
2415 1405 2594 1465 ΝΟΕ.

188 1556 363 1627 (Citat
391 1554 489 1611 hoc
517 1556 886 1625 fragmentum
915 1556 1250 1622 Augustinus
1288 1553 1492 1627 duobus
1545 1556 1697 1620 locis,
1756 1557 2023 1611 nimirum
2055 1556 2091 1610 l.
2146 1558 2439 1627 ilrcontra
2493 1556 2627 1623 Jul.,
2682 1572 2727 1611 c.
2785 1561 2841 1627 2,
2899 1561 2949 1612 et
3006 1559 3044 1613 t.
3101 1576 3156 1613 IV
3214 1564 3404 1616 contra
3459 1563 3597 1619 duas

256 1628 416 1709 epist.
452 1627 811 1769 Peiqgutcpp,
843 1626 930 1681 il.
966 1626 1086 1680 Hcec
1115 1633 1295 1681 autem
1322 1626 1483 1681 verba
1504 1629 1783 1698 pertinere
1810 1636 2062 1700 putamus
2092 1626 2162 1681 ad
2191 1626 2357 1696 ﬁnem
2383 1627 2578 1697 capitis
2625 1630 2777 1683 tertii
2796 1626 2832 1682 :7
2863 1633 2922 1683 ut
2967 1631 3254 1703 utriusque
3303 1633 3598 1690 collatione

258 1714 440 1769 quivis
468 1713 529 1753 co
576 1714 668 1765 iga
697 1741 707 1750 .

258 1714 440 1771 quivis
468 1713 707 1765 comgat.

264 1823 443 1879 Veluti
463 1829 542 1877 est
571 1821 711 1876 illud
754 1822 814 1876 in
862 1821 1002 1876 libro
1054 1838 1213 1892 quem
1257 1820 1324 1876 de
1371 1821 1511 1876 Arcu
1552 1823 1660 1878 Noe
1710 1839 1837 1877 con-
1868 1826 1915 1890 B
1948 1822 2282 1895 putabatur.
2313 1824 2494 1888 Quem
2524 1821 2703 1894 igitur
2724 1823 2846 1894 jam
2875 1824 3109 1897 justum
3160 1826 3431 1895 dixerim,
3479 1828 3594 1885 nisi

181 1913 409 1983 scripsit
441 1911 624 1965 beatus
654 1911 1010 1965 Ambrosius:
1059 1915 1168 1965 Per
1217 1926 1423 1977 unum,
1476 1912 1673 1981 inquit,
1724 1912 1837 1967 Do-
1948 1910 2158 1967 horum
2186 1909 2437 1966 liberum
2465 1910 2858 1981 vinculorum,
2896 1930 3067 1984 quem
3098 1919 3316 1971 naturae
3338 1933 3598 1973 commu-

186 2000 421 2055 minum
451 1998 651 2054 Jesum
675 1997 836 2054 salus
858 2001 1101 2053 ventura
1123 1998 1459 2053 nationibus
1485 1998 1833 2065 declaratur,
1946 1998 2040 2055 nis
2070 1998 2303 2054 vincula
2333 2016 2449 2053 non
2502 2003 2754 2055 teneant.
2808 2000 3024 2057 Omnes
3075 2002 3187 2058 sub
3243 2010 3478 2076 peccato
3523 2008 3595 2062 ab

184 2089 290 2161 qui
325 2087 488 2143 solus
519 2087 928 2158 potuitjustus
960 2103 1107 2152 esse,
1142 2104 1276 2142 cum
1316 2088 1612 2159 generatio
1642 2088 1835 2144 omnis
1948 2089 2154 2155 Adam,
2181 2086 2241 2141 in
2274 2104 2478 2143 oznnes
2510 2088 2789 2160 regnabat
2819 2107 2995 2145 mors.
3038 2090 3247 2147 Veniat
3295 2092 3457 2149 solus
3492 2095 3592 2166 ju-

178 2184 430 2243 erraret,
464 2175 576 2231 nisi
608 2180 782 2231 natus
811 2194 879 2231 ex
898 2175 1139 2248 Virgine
1158 2175 1549 2248 generationis
1572 2177 1833 2233 obnoxiae
1946 2184 2073 2231 stus
2106 2176 2163 2231 in
2195 2181 2513 2247 conspectu
2547 2177 2669 2244 Dei,
2702 2178 2771 2233 de
2799 2195 2913 2249 quo
2936 2180 3062 2250 jam
3096 2198 3208 2236 non
3241 2198 3373 2237 cum
3424 2199 3591 2238 θχοε-

179 2264 492 2337 privilegio
523 2263 765 2319 minime
794 2268 1109 2320 teneretur.
1148 2264 1295 2329 Ecce,
1351 2263 1560 2336 inquit,
1613 2266 1673 2319 in
1724 2268 1832 2320 ini-
1945 2266 2137 2336 ptione
2163 2265 2426 2319 dicatur:
2453 2265 2576 2319 Non
2603 2265 2857 2336 peccavit
2885 2267 2940 2320 in
2969 2266 3141 2323 labiis
3159 2268 3303 2336 suis,
3334 2270 3433 2337 sed
3458 2287 3589 2343 pec-

179 2355 493 2425 quitatibus
522 2361 804 2425 conceptus
833 2369 973 2419 sum,
1023 2355 1073 2407 et
1119 2354 1176 2407 in
1230 2352 1446 2408 delictis
1489 2355 1701 2425 peperit
1752 2370 1835 2409 me
1944 2360 2134 2408 catum
2168 2370 2282 2407 non
2317 2353 2465 2408 fecit.
2501 2356 2636 2409 Huic
2664 2355 2753 2410 dic
2781 2356 2833 2409 si
2862 2356 3047 2425 audes,
3082 2361 3192 2413 etc.

177 2447 363 2498 mater
388 2458 511 2497 mea
540 2442 709 2511 (Psal.
737 2459 786 2507 L,
808 2442 884 2509 7),
907 2440 1047 2495 dicit
1068 2440 1117 2495 is
1141 2440 1452 2512 quijustus
1474 2457 1590 2513 prae
1612 2441 1833 2497 creteris

182 2620 3589 2654 Μ

734 2783 886 2838 πη
942 2793 1056 2879 IN
1118 2790 1522 2879 LIBROS
1579 2792 1723 2876 DE
1783 2793 2306 2882 ABRAHAM
2365 2793 3039 2883 ADMONITIO.

244 3098 464 3152 Totum
496 3094 685 3166 operis
716 3094 891 3165 hujus
924 3096 1333 3166 argumentum
1368 3093 1598 3148 tametsi
1630 3092 1820 3164 prima
1850 3093 1979 3165 ipsa
2006 3094 2267 3163 ejusdem
2300 3095 2476 3149 verba
2504 3095 2647 3149 satis
2677 3101 2873 3167 aperte
2904 3096 3210 3167 complecti
3251 3100 3580 3170 videantur,

145 3193 379 3261 tamen
413 3199 548 3237 cum
582 3200 695 3237 non
727 3182 966 3237 omnino
998 3182 1122 3237 suis
1152 3186 1387 3236 careant
1415 3181 1887 3247 difficultatibus,
1918 3182 2113 3238 lectori
2153 3183 2393 3238 minime
2423 3184 2713 3255 ingratum
2754 3200 2861 3239 nos
2909 3184 3266 3241 credidimus
3315 3204 3444 3242 esse
3502 3189 3583 3243 fa-

173 3281 400 3338 cturos,
436 3271 484 3325 si
515 3287 615 3326 eas
646 3271 714 3324 ad
752 3271 1030 3341 majorem
1062 3269 1327 3325 lectionis
1357 3269 1692 3325 facilitatem
1725 3270 1820 3326 hic
1850 3272 2101 3326 enodare
2135 3289 2201 3326 ac
2233 3272 2492 3327 evolvere
2520 3274 2880 3327 conaremur.

241 3363 329 3418 De
364 3358 538 3416 titulo
567 3358 801 3431 quidem
828 3358 908 3413 ita
936 3357 1080 3430 legis
1112 3358 1233 3429 (lib.
1272 3376 1308 3426 ι,
1339 3375 1465 3430 cap.
1501 3360 1574 3429 1),
1616 3360 1891 3414 Abraham
1938 3360 2069 3413 libri
2111 3360 2273 3430 hujus
2319 3361 2514 3415 titulus
2558 3364 2652 3415 est.
2705 3360 2929 3424 Quibus
2975 3377 3006 3415 e
3053 3360 3292 3416 vocibus
3339 3364 3576 3434 gemina

168 3455 368 3522 potest
396 3447 560 3503 nasci
590 3446 896 3502 dubitatio.
930 3445 1189 3502 Primum
1223 3447 1378 3502 enim
1411 3463 1515 3503 cur
1543 3448 1910 3515 Ambrosius,
1967 3449 2097 3501 libri
2138 3449 2322 3519 hujus,
2374 3448 2538 3515 dixit,
2584 3464 2688 3501 non
2739 3448 3046 3503 librorum?
3089 3448 3379 3505 Dividitur
3420 3458 3570 3507 certe

167 3534 591 3595 commentatio
624 3534 745 3589 haec
773 3535 829 3589 in
861 3535 1009 3590 duos
1038 3534 1256 3601 libros;
1288 3539 1345 3589 et
1375 3534 1719 3590 divisionem
1752 3535 2009 3607 aliquam
2039 3536 2427 3591 necessariam
2456 3552 2585 3591 esse
2616 3542 2742 3591 tum
2769 3553 3051 3608 magnum
3085 3536 3229 3593 illud
3263 3539 3573 3612 utriusque

166 3627 493 3683 discrimen
525 3622 676 3679 clare
704 3623 981 3694 loquitur,
1016 3626 1139 3677 tum
1172 3626 1411 3678 sanctus
1441 3623 1565 3695 ipse
1595 3628 1813 3689 auctor,
1848 3622 1947 3695 qui
1982 3623 2187 3694 primis
2232 3625 2568 3679 eorumdem
2622 3623 2902 3679 librorum
2954 3624 3245 3697 capitibus
3294 3627 3573 3684 lucubra-

165 3717 395 3771 tionem
428 3728 600 3767 suam
632 3726 695 3766 se
727 3711 1104 3782 partiturum,
1136 3711 1311 3781 atque
1340 3711 1482 3767 adeo
1527 3710 1583 3766 id
1617 3711 1728 3766 sibi
1751 3712 1877 3780 jam
1909 3713 1982 3766 ab
2029 3711 2197 3766 initio
2241 3711 2414 3782 primi
2463 3711 2642 3766 fuisse
2691 3712 3054 3784 propositum
3104 3715 3249 3770 satis
3296 3715 3571 3772 declarat.

165 3803 546 3875 Quapropter
573 3798 743 3854 nobis
776 3799 1224 3871 persuaderetur
1250 3798 1404 3853 haud
1438 3798 1635 3854 invitis
1668 3798 1811 3854 illud
1842 3800 2035 3871 operis
2065 3800 2213 3854 libro
2250 3800 2417 3855 unico
2444 3800 2516 3854 ab
2537 3800 2847 3855 Ambrosio
2864 3790 3383 3873 comprehensum,
3403 3805 3580 3875 parti-

167 3892 281 3946 bus
311 3906 453 3944 vero
480 3887 748 3943 duabus:
780 3891 839 3941 at
867 3886 997 3941 illas
1028 3886 1244 3943 secutis
1269 3887 1632 3959 temporibus
1661 3886 1944 3942 librorum
1981 3887 2254 3943 vocabulo
2285 3890 2355 3943 ab
2383 3888 2456 3941 iis
2486 3887 2588 3958 qui
2620 3905 2992 3960 summopere
3036 3891 3272 3945 easdem
3321 3892 3473 3946 inter
3516 3909 3578 3946 se

166 3979 511 4049 discrepare
542 3975 1097 4039 animadverterunt,
1130 3975 1311 4041 fuisse
1343 3976 1672 4047 inscriptas.
1707 3975 1933 4031 Etenim
1966 3975 2112 4030 liber
2141 3976 2367 4045 primus
2396 3993 2431 4028 ει
2457 3977 2609 4030 Jona
2627 3976 3135 4031 Aurelianensium
3159 3977 3448 4049 episcopo,
3475 3979 3576 4050 qui

166 4066 281 4122 sub
311 4064 525 4120 Carolo
554 4063 725 4118 Calvo
756 4063 1102 4135 imperatore
1132 4063 1347 4128 ﬂoruit,
1380 4064 1436 4117 in
1472 4062 1571 4117 lib.
1608 4080 1646 4118 ιι
1670 4064 1746 4118 De
1769 4064 1981 4119 [nstitui
2016 4063 2206 4116 luicati
2235 4061 2388 4116 haud
2421 4061 2600 4116 semel
2635 4064 2972 4118 nominatur
3005 4064 3151 4134 (cap.
3192 4067 3247 4130 2,
3281 4065 3337 4130 4,
3364 4066 3417 4119 5.
3462 4066 3575 4136 21)).

168 4159 227 4207 et
258 4151 424 4223 apud
456 4152 760 4223 Hugonem
787 4151 856 4205 de
886 4151 1096 4206 Sancto
1127 4150 1354 4205 Victore
1385 4150 1600 4206 citatus
1632 4150 1917 4222 reperitur
1947 4150 2094 4204 liber
2137 4149 2433 4203 secundus
2481 4150 2606 4215 (lib.
2646 4164 2685 4204 ιι
2738 4150 2810 4203 De
2856 4150 3048 4205 clausi.
3097 4152 3271 4205 anim.
3323 4168 3450 4224 cap.
3499 4153 3578 4221 8).

169 4240 434 4295 Alteram
466 4244 662 4294 autem
693 4240 846 4293 circa
874 4238 1111 4294 titulum
1143 4238 1547 4294 difficultatem
1581 4246 1770 4294 movet
1800 4239 1952 4311 quod
1984 4238 2293 4292 Gratianus
2325 4238 2434 4308 (23,
2470 4254 2525 4308 q.
2557 4240 2610 4304 5,
2645 4256 2694 4292 c.
2727 4239 2902 4302 Dicat,
2935 4244 2992 4292 et
3011 4239 3100 4305 32,
3126 4254 3184 4309 q.
3212 4241 3247 4291 2
3268 4243 3325 4293 et
3345 4241 3398 4307 4,
3423 4243 3579 4313 etc.),

173 4346 240 4384 ac
272 4329 340 4384 Β.
375 4328 637 4383 Thomas
666 4330 808 4398 (2—2,
840 4344 895 4398 q.
929 4328 1018 4393 66,
1053 4344 1104 4381 a.
1137 4330 1191 4394 8,
1218 4345 1270 4382 a.
1306 4328 1326 4382 Ι
1361 4345 1374 4393 ;
1408 4327 1573 4393 ibid.,
1606 4346 1659 4399 q.
1698 4330 1816 4395 154,
1851 4344 1903 4384 a.
1936 4328 2048 4382 6st
2076 4325 2235 4392 alibi)
2267 4326 2481 4398 aliique
2513 4325 2777 4379 nonnulli
2810 4343 2937 4396 quae
2976 4325 3311 4384 testimonia
3358 4345 3427 4384 ex
3476 4329 3585 4385 hoc

177 4420 431 4471 tractatu
465 4416 836 4486 depromunt,
867 4433 934 4469 ea
964 4417 1024 4470 in
1053 4415 1191 4471 libro
1220 4416 1296 4470 De
1320 4415 1651 4487 patriarchis
1680 4422 1905 4471 exstare
1936 4414 2157 4469 dicunt.
2192 4414 2299 4470 Sed
2324 4431 2357 4468 a
2381 4414 2490 4469 ﬁde
2514 4414 2852 4485 neutiquam
2876 4414 3149 4469 abhorret
3170 4419 3436 4473 auctores
3455 4417 3585 4475 illos

180 4505 237 4560 in
269 4502 566 4574 excerptis
592 4519 657 4558 ac
688 4502 853 4558 libris
884 4503 1006 4559 suis
1022 4504 1136 4579 ss.
1172 4504 1407 4558 Patrum
1439 4521 1613 4575 opera
1640 4521 1706 4560 eo
1736 4502 1905 4559 titulo
1936 4502 2034 4575 qui
2065 4508 2202 4558 tunc
2233 4503 2512 4575 temporis
2565 4502 2831 4556 usitatior
2881 4507 3024 4569 erat,
3076 4502 3315 4560 laudare
3358 4504 3582 4562 solitos.

180 4593 576 4656 Quamobrem
607 4591 708 4645 diu
740 4596 909 4647 antea
940 4592 1092 4647 hanc
1120 4596 1440 4648 memorato
1470 4593 1624 4664 operi
1660 4593 1870 4647 factam
1899 4591 2334 4663 inscriptionem
2367 4593 2497 4661 jure
2528 4590 2764 4646 dixeris.
2798 4591 2867 4646 Et
2905 4592 3051 4647 forte
3082 4610 3195 4648 non
3248 4592 3399 4650 alius
3450 4594 3587 4651 huic

183 4682 259 4736 rei
294 4680 493 4737 locum
527 4678 774 4747 dederit,
807 4696 982 4752 quam
1014 4680 1413 4736 Cassiodorus.
1449 4681 1591 4736 Cum
1632 4680 1788 4736 enim
1834 4682 1915 4736 ita
1961 4680 2256 4751 loquitur:
2315 4682 2446 4734 Item
2491 4688 2710 4735 sanctus
2770 4682 3083 4737 Ambrosius
3130 4683 3203 4737 De
3252 4684 3588 4754 patriarchis

182 4778 385 4839 septem
417 4769 591 4823 libros
620 4767 810 4834 edidit,
844 4770 941 4839 qui
966 4769 1143 4824 multa
1188 4770 1302 4823 loca
1366 4771 1560 4825 Veteris
1623 4771 1942 4824 Testumenti
1995 4770 2158 4839 factis
2216 4769 2604 4839 quaestionibus
2660 4770 2902 4823 suaviter
2952 4769 3207 4824 enodavit
3258 4770 3354 4841 (De
3408 4773 3585 4826 Instit.

184 4856 290 4911 ilio.
324 4858 447 4912 lect.
475 4872 602 4926 cap.
640 4856 712 4925 1),
745 4855 991 4911 dubium
1024 4874 1138 4911 nou
1172 4863 1262 4913 est
1292 4857 1432 4928 quin
1466 4857 1617 4912 inter
1646 4856 1791 4912 alios
1826 4856 2005 4912 libros
2040 4859 2110 4911 De
2147 4859 2477 4928 patriarchis
2526 4862 2837 4912 tractatum
2891 4874 3125 4927 quoque
3174 4857 3244 4912 de
3293 4859 3588 4937 Abraham

194 4944 534 5017 complexus
561 4944 752 4999 fuerit.
786 4945 900 5000 Nec
929 4944 1071 5001 illud
1103 4947 1373 5017 cuiquam
1407 4947 1727 5001 absurdum
1761 4946 1938 5000 videri
1973 4947 2163 5013 debet,
2198 4947 2433 5017 quando
2465 4963 2661 5000 revera
2693 4952 2930 5000 sanctus
2962 4945 3163 5000 doctor
3192 4945 3261 4999 de
3282 4946 3589 5018 praecipuis

190 5032 538 5104 patriarcbis
569 5032 1090 5088 commentationes
1118 5032 1560 5100 elucubraverit,
1595 5051 1741 5105 quas
1772 5034 2019 5105 ipsemet
2051 5034 2215 5087 initio
2244 5032 2377 5086 libri
2425 5035 2495 5087 De
2538 5033 2728 5104 Ioseph
2778 5037 3059 5097 recenset,
3109 5037 3283 5103 atque
3328 5032 3481 5089 inter
3529 5052 3591 5092 se

190 5124 509 5192 comparat.
547 5118 617 5174 Ut
650 5123 712 5172 ut
741 5119 837 5185 sit,
870 5120 1137 5176 dubitare
1167 5125 1356 5192 potest
1387 5138 1555 5176 nemo
1587 5121 1719 5177 huic
1754 5122 1861 5193 ipsi
1896 5122 1965 5177 de
1996 5138 2111 5192 quo
2140 5119 2459 5191 loquimur,
2498 5121 2655 5191 eperi
2707 5120 2947 5175 titulum
2992 5123 3066 5177 De
3117 5120 3391 5176 Abraham
3436 5121 3590 5178 indi-

194 5215 312 5263 tum
346 5210 418 5264 ab
449 5207 759 5263 Ambrosio
792 5208 991 5271 fuisse,
1024 5210 1194 5279 cujus
1225 5211 1401 5264 etiam
1435 5211 1512 5264 rei
1549 5210 1693 5265 ratio
1726 5210 1844 5265 haec
1876 5210 1946 5265 ab
1981 5211 2105 5281 ipso
2136 5208 2432 5262 redditur:
2472 5210 2760 5274 Quoniam,
2796 5208 3006 5278 inquit,
3052 5226 3153 5280 per
3193 5210 3441 5265 ordinem
3488 5212 3591 5266 hu-

184 5299 271 5368 jus
301 5313 512 5369 quoque
536 5296 869 5366 patriarchz
898 5301 1050 5365 gesta
1076 5297 1423 5352 considerare
1452 5300 1703 5352 animum
1728 5299 1919 5353 subiit.
1963 5296 2187 5361 Quibus
2235 5312 2376 5350 sane
2423 5295 2615 5349 verbis
2665 5293 2856 5365 cperis
2906 5312 3141 5351 summa
3190 5297 3358 5367 quasi
3407 5299 3593 5355 oculis

195 5386 521 5455 subjicitur.
558 5384 838 5449 Quocirca
867 5383 1009 5440 illud
1046 5402 1161 5440 non
1193 5385 1328 5452 alio,
1359 5403 1533 5457 quam
1568 5387 1637 5441 de
1666 5386 1954 5441 Abraham
1990 5385 2048 5439 in
2083 5400 2222 5438 mss.
2256 5381 2606 5452 inscriptum
2638 5379 2807 5435 titulo
2834 5380 3086 5449 reperire
3115 5387 3223 5438 est.

260 5474 574 5529 Proﬁtetur
602 5488 836 5543 quoque
866 5479 1106 5529 sanctus
1137 5475 1384 5530 antistes
1413 5491 1538 5530 sese
1564 5483 1626 5529 ut
1656 5475 1748 5529 isti
1807 5471 2283 5529 commentationi
2336 5468 2549 5542 stylum
2604 5468 2952 5532 admoveret,
3004 5468 3202 5523 divina
3249 5474 3594 5532 auctoritate

200 5562 363 5619 fuisse
394 5562 716 5618 inductum
748 5560 809 5631 (Ι.
841 5579 880 5633 ι,
909 5580 957 5631 c,
992 5564 1045 5635 σί)
1080 5564 1213 5618 Cum
1247 5565 1518 5619 Dominus
1548 5566 1685 5619 Deus
1714 5567 1917 5631 noster,
1952 5563 2160 5634 inquit,
2194 5563 2337 5615 hunc
2368 5560 2620 5629 locupleti
2666 5556 3046 5612 benedictionis
3092 5572 3212 5614 suae
3255 5561 3375 5616 dote
3421 5564 3593 5619 dona-
