3878 6208
293 304 410 366 439
1746 311 1809 369 s.
1857 308 2228 380 AMBROSII
2596 387 2603 392 ,
3573 319 3692 383 uo

281 443 442 514 verit,
471 442 531 499 ut
560 441 676 517 ejus
704 445 885 513 gratia
909 446 1223 516 prouocaret
1250 451 1490 506 caeteros,
1529 442 1800 498 institutio
1829 442 2163 513 corrigeret:
2195 443 2396 517 Moyses
2443 459 2651 518 quoque
2695 444 3030 502 imitandum
3085 447 3335 505 eumdem
3387 447 3548 508 nobis
3602 451 3690 509 de-

278 533 574 606 scripserit,
604 535 701 588 etc.
740 534 938 605 Itaque
970 534 1101 606 pius
1131 533 1328 588 docior
1358 538 1630 588 sanctum
1665 531 2056 604 patriarcham
2089 533 2457 590 auditoribus
2488 534 2612 590 suis
2643 538 2746 589 aut
2774 532 3091 592 lectoribus
3119 553 3187 594 eo
3216 537 3460 596 consilio
3509 555 3683 613 pone-

278 622 378 676 bat
406 623 478 678 ob
509 621 729 687 oculos,
763 627 827 676 ut
855 623 926 678 ad
960 624 1086 694 ejus
1116 621 1434 693 exemplar,
1469 625 1753 693 tanquam
1787 621 1858 675 ad
1891 621 2219 693 speculum,
2254 622 2528 677 vitiorum
2560 639 2789 678 ccenum
2822 624 3208 698 detergerent,
3261 631 3434 700 atque
3483 630 3554 685 ad
3585 629 3684 686 ab-

283 709 707 766 solutissimam
736 710 866 766 vita:
897 727 962 766 ac
993 710 1290 782 sapientia:
1326 708 1669 765 Christianas
1700 709 2116 765 contenderent
2147 711 2578 782 perfectionem.
2612 715 2685 765 At
2715 727 2848 767 vero
2883 727 3010 784 quae
3037 712 3131 769 his
3161 715 3486 788 subjungit,
3542 719 3682 775 satis

281 799 546 856 indicant
575 817 708 856 eum
741 815 854 855 non
887 800 1058 856 modo
1077 801 1148 855 ad
1171 799 1480 854 fovendam
1504 798 2077 871 promovendamque
2098 799 2563 856 Christianorum
2589 800 2862 872 pietatem
2880 801 3257 873 allaborasse,
3281 821 3482 860 verum
3511 808 3682 862 etiam

284 889 354 943 ad
409 888 826 961 explodendam
889 887 1372 960 phi1090phorum
1431 887 1772 955 vanitatem,
1829 889 1928 958 qui
1987 887 2270 960 sapientis
2319 891 2489 960 cujus
2544 889 2642 945 ille
2697 890 2885 945 vivam
2945 908 3014 947 ac
3067 893 3314 948 solidam
3379 894 3441 950 in
3501 896 3680 952 Abra-

280 977 454 1032 hamo
510 977 825 1050 imaginem
883 977 1103 1033 luxisse
1160 979 1545 1046 demonstrat,
1605 977 2067 1033 commentitiam
2122 976 2314 1033 solum
2369 979 2876 1035 adumâ€˜brationem
2937 980 3057 1036 sive
3113 981 3172 1037 in
3228 981 3525 1039 Platonica
3590 1002 3680 1041 re-

279 1066 532 1139 publica,
564 1067 681 1123 sive
713 1067 772 1122 in
804 1066 1244 1139 Xen0phontico
1277 1065 1538 1136 sapiente
1571 1066 1956 1122 ostentabant.
1993 1065 2133 1120 Eam
2166 1066 2238 1120 ob
2271 1081 2393 1121 rem
2427 1067 2674 1123 subinde
2706 1067 3104 1140 singularibus
3135 1071 3400 1142 ejusdem
3434 1074 3677 1146 patriar-

279 1155 397 1212 chae
430 1155 598 1212 factis
627 1155 841 1211 astruit
869 1154 1154 1226 quidquid
1188 1153 1286 1209 isti
1318 1153 1461 1209 adeo
1493 1154 1801 1225 magnifice
1831 1152 2232 1225 praedicarent,
2269 1153 2339 1208 ab
2373 1153 2481 1209 hoc
2514 1156 2841 1225 praestitum
2870 1174 3018 1225 esse,
3052 1175 3117 1214 ac
3148 1158 3318 1230 longe
3348 1163 3482 1217 ante
3528 1162 3678 1234 ipso-

276 1261 410 1300 rum
441 1247 667 1299 aatatem
699 1243 951 1315 aMoyse
983 1243 1042 1296 in
1074 1243 1256 1298 sacris
1307 1241 1605 1296 codicibus
1661 1240 2089 1312 consignatum.
2141 1242 2337 1313 Neque
2383 1258 2516 1297 vero
2567 1245 2798 1300 mireris
2857 1250 3125 1302 sanctum
3175 1248 3485 1320 praesulem
3534 1250 3679 1308 hanc

276 1332 569 1389 scribendi
599 1333 882 1387 rationem
913 1331 1077 1403 sequi
1107 1331 1399 1386 voluisse:
1443 1329 1917 1401 quandoquidem
1969 1330 2250 1386 adversus
2300 1331 2642 1401 hujusmodi
2701 1333 2971 1390 homines
3019 1336 3361 1408 disputabat
3407 1341 3677 1414 (August.

276 1421 446 1494 epist.
479 1421 590 1492 31),
623 1420 721 1492 qui
755 1435 988 1475 summa
1021 1419 1276 1474 caecitate
1310 1435 1374 1473 ac
1406 1417 1734 1473 temeritate
1766 1416 2063 1473 Christum
2096 1420 2407 1474 Dominum
2435 1419 2662 1477 divinas
2694 1420 2827 1478 illas
2860 1421 3038 1496 leges,
3071 1441 3218 1497 quas
3244 1425 3355 1498 ipsi
3405 1445 3522 1484 non
3569 1430 3674 1487 ha-

274 1511 410 1566 bere
437 1509 495 1564 in
528 1508 912 1564 admiratione
945 1524 1058 1562 non
1091 1511 1380 1580 poterant,
1413 1506 1470 1560 in
1505 1505 1762 1562 Platonis
1793 1506 2026 1578 scriptis
2057 1506 2334 1563 didicisse
2365 1509 2799 1566 asseverabant.

343 1599 490 1654 Ante
518 1597 896 1654 Ambrosium
928 1596 1092 1652 Philo
1120 1597 1362 1652 Judaeus
1393 1595 1611 1650 librum
1641 1593 1979 1666 vulgaverat
2008 1595 2117 1651 sub
2150 1594 2260 1650 hoc
2289 1596 2457 1651 titulo
2485 1615 2497 1652 :
2540 1599 2654 1652 Vita
2683 1601 2950 1670 sapientis
2974 1615 3076 1673 per
3101 1600 3410 1658 doctrinam
3427 1609 3676 1678 perfecti,

274 1688 387 1743 sive
414 1687 479 1743 de
509 1688 714 1759 legibus
741 1703 851 1742 non
879 1688 1116 1758 scriptis,
1147 1688 1263 1741 sive
1290 1685 1356 1742 de
1388 1685 1726 1751 Abrahamo;
1777 1684 1868 1738 cui
1921 1683 2068 1740 libro
2119 1685 2404 1756 quosdam
2458 1685 2602 1742 alios
2649 1687 2721 1743 de
2765 1686 3107 1744 clarioribus
3157 1690 3456 1750 nonnullis
3502 1694 3676 1767 hujus

273 1776 617 1848 patriarchae
648 1775 976 1832 actionibus
1006 1775 1409 1847 subjunxerat.
1442 1773 1861 1829 Verumtamen
1893 1772 1941 1827 si
1973 1773 2317 1844 scriptorem
2349 1773 2518 1829 illum
2562 1775 2624 1831 in
2672 1776 2864 1848 operis
2913 1782 3258 1850 argumento
3307 1785 3540 1838 secutus
3586 1788 3674 1840 est

276 1865 644 1932 Ambrosius,
678 1865 906 1920 videtur
935 1868 1130 1920 tamen
1162 1864 1234 1919 ab
1260 1864 1526 1935 ejusdem
1555 1861 1748 1918 verbis
1776 1865 1832 1916 et
1862 1861 2191 1929 sententiis,
2226 1878 2352 1935 quae
2385 1863 2581 1935 ipsum
2605 1863 2665 1919 in
2688 1865 3091 1937 superioribus
3112 1867 3411 1926 nonnullis
3431 1873 3682 1928 tractati-

277 1954 388 2009 bus
417 1952 673 2009 liberiori
706 1970 883 2008 manu
913 1951 1270 2024 decerpsisse
1301 1949 1843 2018 animadvertimus,
1879 1950 1936 2005 in
1974 1950 2081 2005 hoc
2113 1950 2294 2006 ferme
2321 1950 2698 2009 abstinuisse.

347 2043 502 2100 280
527 2041 865 2098 Methodum
897 2059 1067 2114 porro
1099 2040 1192 2097 hic
1215 2040 1517 2112 amplexus
1547 2043 1637 2095 est
1665 2039 1737 2095 ab
1758 2055 1827 2095 ea
1847 2055 1975 2110 quae
1999 2037 2131 2094 aliis
2155 2037 2278 2093 suis
2297 2039 2355 2093 in
2379 2037 2884 2096 lucubrationibus
2904 2042 3376 2114 deprehenditur,
3402 2045 3577 2122 longe
3595 2049 3675 2104 di-

273 2146 523 2186 versam.
554 2131 779 2185 Etenim
814 2131 870 2184 in
905 2130 1081 2200 priori
1115 2129 1263 2184 libro
1295 2127 1578 2198 quidquid
1612 2126 1913 2197 Scriptura
1943 2127 2012 2181 de
2043 2125 2160 2181 vita
2182 2126 2500 2184 Abrahami
2522 2127 2593 2182 ab
2620 2133 2853 2201 accepto
2876 2129 3333 2204 divinitusjusso
3350 2139 3674 2195 exeundiex

276 2219 492 2276 Charra
511 2219 582 2274 ad
603 2234 788 2290 usque
805 2218 991 2290 ipsius
1009 2216 1233 2272 obitum
1254 2215 1451 2283 tradit,
1472 2215 1541 2270 ad
1562 2213 1841 2269 moralem
1865 2213 2311 2287 intelligentiam
2333 2215 2754 2284 accommodat,
2780 2219 3365 2291 propositaqueillius
3380 2224 3675 2293 devotione,

278 2307 388 2364 hoc
418 2310 507 2363 est
535 2307 593 2361 in
625 2305 1010 2378 exsequendis
1042 2305 1140 2361 Dei
1175 2304 1468 2360 mandatis
1498 2303 1847 2368 obedientia,
1895 2302 2151 2374 reliquas
2194 2304 2459 2375 ejusdem
2512 2303 2756 2360 virtutes
2806 2307 3216 2378 prosequitur:
3267 2308 3325 2365 in
3375 2315 3677 2384 posteriori

280 2413 414 2453 vero
445 2396 666 2469 primas
699 2394 1004 2451 memorati
1037 2393 1375 2468 patriarchze
1407 2393 1662 2449 actiones
1695 2391 1943 2464 spiritali
1975 2394 2116 2460 sive,
2151 2397 2214 2447 ut
2245 2392 2369 2465 ipse
2399 2396 2585 2461 vocat,
2619 2392 2812 2449 altiori
2843 2411 3016 2451 sensu
3051 2396 3458 2470 interpretans,
3493 2405 3680 2461 varios

284 2485 494 2542 animae
526 2485 584 2540 in
641 2485 851 2540 virtute
899 2485 1117 2556 gradus
1158 2499 1223 2539 ac
1275 2498 1622 2554 progressus
1669 2481 1877 2553 aperit,
1919 2481 2307 2552 eamdemque
2355 2481 2615 2536 animam
2664 2498 2797 2537 cum
2847 2481 2905 2538 in
2953 2484 3177 2540 Adamo
3234 2487 3572 2561 decidisset,
3627 2495 3680 2548 in

283 2574 621 2630 Abrahamo
652 2589 954 2646 resurgere
986 2577 1154 2643 atque
1185 2572 1254 2626 ad
1290 2570 1700 2643 perfectionem
1735 2569 1875 2625 eniti
1907 2569 2092 2624 docet.
2127 2569 2395 2624 Diximus
2426 2573 2620 2625 autem
2655 2570 2876 2642 primas
2906 2571 3184 2640 actiones,
3217 2590 3332 2631 non
3378 2593 3516 2634 vero
3545 2598 3680 2637 'om-

291 2681 428 2729 nes;
462 2681 528 2720 eo
561 2664 715 2736 quod
745 2661 911 2718 illum
943 2665 1256 2718 tractatum
1291 2665 1419 2731 post
1443 2659 1944 2714 circumcisionem
1975 2657 2337 2730 patriarchae,
2372 2662 2431 2714 et
2459 2659 2809 2731 promissam
2836 2659 3014 2715 Isaaci
3041 2661 3400 2720 nativitatem
3424 2671 3683 2726 actutum

293 2753 545 2818 claudat,
577 2753 704 2823 ejus
736 2750 1194 2822 hospitalitatem
1227 2749 1429 2820 paucis
1460 2748 1773 2819 attingens.
1805 2752 1994 2818 Atque
2024 2747 2166 2802 adeo
2198 2748 2492 2803 secundus
2524 2746 2670 2803 liber
2699 2765 2765 2803 ea
2796 2749 2913 2804 fere
2943 2748 3068 2805 sola
3097 2751 3523 2823 complectitur,
3564 2775 3686 2830 qua:

290 2842 352 2898 in
383 2840 676 2914 prioribus
707 2844 958 2910 quatuor
985 2838 1159 2911 primi
1190 2836 1481 2920 capitibus
1513 2837 1742 2891 fuerant
1771 2833 2096 2906 explanata.
2129 2836 2404 2899 Quamvis
2436 2836 2492 2890 in
2542 2836 2640 2892 illo
2688 2853 2922 2909 quoque
2969 2837 3251 2895 nonnulla
3299 2857 3424 2912 quae
3478 2845 3536 2900 in
3582 2847 3688 2903 hoc

292 2930 664 2996 omittuntur,
696 2931 943 2982 tractata
974 2926 1248 2998 reperias.
1281 2924 1456 2996 Atqui
1487 2941 1603 2980 non
1634 2923 1807 2978 aliam
1840 2940 2081 2979 causam
2112 2940 2218 2978 cur
2247 2924 2570 2980 secundum
2602 2924 2818 2980 librum
2851 2926 3096 2983 ulterius
3122 2931 3398 3002 prosequi
3439 2933 3691 2992 noluerit

289 3033 418 3073 esse
449 3019 847 3082 autumamus,
882 3015 994 3070 nisi
1028 3015 1182 3086 quod
1207 3014 1332 3085 jam
1366 3014 1423 3068 in
1457 3013 1719 3069 animum
1750 3012 2080 3068 induxisset
2107 3013 2282 3068 etiam
2309 3013 2369 3068 in
2401 3014 2562 3070 Isaac
2592 3031 2804 3070 novum
2835 3019 3144 3072 tractatum
3169 3018 3239 3073 de
3265 3018 3478 3077 animae
3501 3025 3692 3096 perfe-

289 3105 499 3174 ctione,
531 3103 642 3171 vel,
672 3109 738 3159 ut
762 3104 887 3176 ipse
917 3103 1020 3171 ait,
1053 3102 1230 3158 variis
1259 3103 1383 3173 ejus
1415 3101 1786 3175 processibus
1819 3101 2188 3158 elucubrare.

359 3195 504 3251 Cum
535 3198 728 3250 autem
761 3193 832 3248 ad
864 3192 1335 3248 informationem
1368 3208 1598 3246 morum
1645 3189 1954 3246 utilitatem
2004 3188 2188 3245 multo
2235 3190 2564 3246 uberiorem
2614 3207 2645 3245 e
2695 3190 2882 3262 primo
2930 3190 3077 3248 libro
3128 3209 3303 3265 quam
3351 3211 3382 3251 e
3430 3201 3690 3256 secundo

284 3282 597 3342 Christiani
622 3281 857 3339 haurire
888 3281 1134 3354 possint,
1168 3298 1283 3336 non
1316 3281 1441 3336 sine
1472 3279 1667 3335 divina
1698 3278 2059 3351 providentia
2087 3279 2307 3334 factum
2335 3279 2586 3346 videtur,
2620 3283 2686 3334 ut
2726 3278 2821 3334 ille
2856 3279 3013 3335 haud
3062 3281 3232 3352 paulo
3291 3282 3720 3360 incorruptior-

285 3378 460 3446 atque
489 3371 795 3445 perfectior
823 3372 893 3426 ad
928 3387 1034 3426 nos
1066 3370 1455 3425 transmissus
1487 3368 1680 3436 fuerit,
1733 3385 1911 3440 quam
1959 3367 2068 3423 iste
2117 3368 2174 3422 in
2226 3384 2340 3440 quo
2390 3367 2500 3422 loci
2553 3367 2884 3440 complures
2929 3374 3242 3426 occurrunt
3291 3355 3581 3432 miserum
3629 3379 3682 3434 in
3825 3355 3827 3428 i

285 3463 526 3518 modum
556 3460 815 3516 hiatibus
847 3459 1095 3531 aliisque
1123 3458 1279 3516 vitiis
1312 3457 1622 3531 deturpati.
1658 3457 1780 3514 Non
1815 3473 2030 3530 paucos
2063 3457 2300 3530 quidem
2335 3472 2522 3529 neque
2563 3458 3018 3514 contemnendos
3061 3459 3317 3532 pristina:
3365 3462 3689 3538 integritati

285 3550 690 3617 restituimus;
723 3549 976 3621 ingenue
1008 3553 1203 3604 tamen
1235 3549 1537 3604 fatendum
1564 3551 1652 3603 est
1684 3547 1742 3602 in
1774 3547 1886 3602 ï¬de
1917 3547 2180 3618 ejusdem
2236 3546 2369 3602 libri
2421 3546 2612 3602 adhuc
2657 3547 2886 3603 confusi
2941 3547 3165 3620 aliquid
3219 3567 3550 3624 superesse,
3600 3557 3688 3612 cui

285 3638 610 3695 remedium
642 3638 844 3693 alferre
875 3654 1052 3692 manu
1084 3637 1299 3693 exarati
1333 3637 1558 3692 codices
1587 3636 1971 3708 nequiverint.
2007 3634 2289 3691 Credibile
2321 3638 2409 3691 est
2436 3634 2513 3690 ibi
2547 3635 2812 3707 quaedam
2841 3635 2930 3692 vel
2959 3638 3337 3710 transposita,
3357 3640 3443 3696 vel
3471 3643 3688 3710 avulsa,

283 3727 372 3783 vel
404 3727 580 3782 etiam
611 3727 756 3782 forte
788 3727 859 3781 ab
891 3725 1162 3781 haeretico
1193 3726 1410 3798 aliquo,
1445 3730 1508 3780 ut
1534 3725 1922 3797 patrocinium
1958 3723 2254 3780 erroribus
2283 3725 2408 3780 suis
2438 3727 2689 3797 pararet,
2725 3725 2906 3781 fuisse
2937 3725 3257 3798 interjecta.

357 3816 618 3873 Primum
649 3815 865 3871 librum
897 3820 1125 3870 constat
1153 3832 1182 3871 e
1213 3815 1583 3870 sermonibus
1615 3815 2004 3886 compositum
2036 3829 2184 3878 esse,
2219 3830 2366 3885 quos
2414 3818 2652 3870 sanctus
2701 3813 2913 3886 praesul
2968 3816 3038 3870 ad
3088 3815 3545 3877 catechumenos
3591 3819 3685 3892 qui

276 3906 402 3976 jam
435 3921 648 3961 nomen
681 3904 960 3959 dederant
989 3904 1060 3958 ad
1095 3903 1453 3976 baptismum
1486 3909 1542 3958 et
1572 3906 1964 3974 competentes
1994 3906 2177 3969 erant,
2209 3901 2498 3958 habuerat
2527 3901 2652 3973 (lib.
2683 3920 2720 3970 Î¹,
2755 3919 2803 3957 c.
2827 3904 2886 3968 Î”,
2915 3905 2951 3956 7
2981 3906 3038 3959 et
3082 3903 3233 3975 ult.).
3284 3904 3399 3962 Hos
3457 3909 3685 3980 potissi-

284 4011 446 4049 mum
478 3994 602 4065 ipse
634 4009 735 4064 per
765 4009 823 4046 se
857 3992 1060 4047 docere
1092 3996 1505 4058 consueverat;
1537 3995 1594 4046 et
1623 3990 1776 4062 quod
1809 4007 1906 4046 ore
1937 3988 2298 4059 tradidisset,
2331 3990 2707 4061 postmodum
2738 3989 2798 4044 in
2829 3989 3011 4046 libros
3044 3991 3328 4064 redigere.
3377 3993 3442 4049 Id
3495 4000 3682 4053 autem

281 4099 346 4138 eo
377 4083 564 4138 facere
595 4082 947 4149 instituerat,
980 4080 1098 4138 sive
1129 4099 1244 4152 quo
1276 4079 1506 4136 illorum
1543 4080 1851 4152 postulatis
1885 4096 2104 4134 morem
2133 4083 2376 4151 gereret,
2412 4079 2533 4134 sive
2565 4079 2719 4150 quod
2753 4079 2878 4150 ipse
2909 4084 3115 4150 sponte
3145 4096 3254 4135 sua
3283 4082 3509 4139 eisdem
3554 4101 3684 4158 pro-

280 4172 545 4244 spiceret,
579 4188 650 4227 ne
681 4187 807 4243 quae
840 4169 1113 4242 pretiosis
1145 4170 1259 4225 illis
1289 4169 1566 4242 baptismi
1599 4170 1689 4226 sui
1722 4168 2085 4241 temporibus
2117 4168 2422 4224 audierant
2453 4167 2981 4239 promiserantque,
3006 4168 3114 4224 sibi
3142 4186 3405 4240 unquam
3425 4173 3684 4229 excidere

280 4277 348 4315 ex
379 4261 660 4315 memoria
687 4262 1047 4330 paterentur,
1077 4275 1142 4314 ac
1172 4258 1348 4314 simul
1381 4262 1445 4312 ut
1473 4259 1532 4313 in
1560 4257 1829 4312 utilitatis
1862 4256 2218 4312 consortium
2251 4257 2348 4312 alii
2391 4273 2626 4328 quoque
2677 4257 3125 4312 admitterentur
3175 4257 3515 4317 Christiani.
3565 4262 3681 4317 Non

278 4349 359 4404 ita
389 4350 629 4421 quidem
660 4348 1035 4404 manifestum
1068 4352 1156 4403 est
1181 4347 1393 4402 librum
1427 4347 1749 4402 secundum
1783 4362 1851 4400 ex
1885 4344 2180 4401 similibus
2219 4350 2488 4401 constare
2535 4345 2952 4402 concionibus:
2997 4363 3199 4402 verum
3243 4364 3376 4404 cum
3423 4349 3560 4406 huic
3608 4348 3682 4405 rei

280 4436 424 4492 nihil
457 4437 533 4492 sit
563 4437 716 4508 quod
749 4435 1050 4490 videamus
1081 4452 1424 4508 repugnare,
1459 4436 1528 4490 de
1560 4434 1668 4490 hoc
1699 4433 1874 4490 etiam
1907 4433 2054 4489 libro
2085 4433 2240 4490 idem
2272 4434 2556 4490 indicium
2581 4438 2754 4505 atque
2770 4435 2842 4490 de
2872 4435 3063 4506 primo
3083 4436 3230 4493 ferre
3252 4453 3369 4493 non
3389 4437 3681 4496 immerito

280 4541 621 4598 possumus.

353 4615 415 4668 In
448 4613 756 4686 retegenda
785 4614 1121 4669 corumdem
1154 4611 1434 4667 librorum
1468 4616 1632 4667 aetate
1662 4611 1998 4683 plusculum
2029 4612 2396 4668 difï¬cultatis
2426 4615 2533 4668 est.
2563 4612 2956 4669 Nihilominus
2977 4616 3172 4670 tamen
3195 4630 3327 4670 cum
3345 4631 3414 4671 ex
3439 4617 3677 4688 conjun-

280 4703 471 4759 ctione
503 4706 676 4774 atque
709 4702 909 4757 ordine
943 4719 1057 4774 quo
1086 4701 1171 4756 illi
1203 4699 1584 4772 sequentibus
1614 4701 2209 4758 commentationibus
2241 4703 2311 4758 de
2342 4700 2690 4774 patriarchis
2719 4706 3162 4771 connectuntur,
3188 4706 3314 4759 tum
3335 4720 3404 4760 ex
3435 4704 3683 4777 ipsemet

279 4791 586 4848 Ambrosio
619 4790 718 4862 qui
751 4791 859 4846 sub
890 4791 1124 4845 initium
1159 4788 1442 4844 librorum
1484 4794 1561 4843 De
1587 4791 1797 4861 Ioseph,
1832 4795 1889 4846 et
1917 4792 1990 4847 Dc
2019 4791 2311 4862 Mysteriis,
2345 4789 2488 4846 satis
2520 4794 2716 4862 aperte
2747 4789 2968 4846 indicat
3006 4789 3136 4847 illos
3188 4808 3393 4850 omnes
3444 4791 3680 4848 minime

279 4880 522 4937 diversis
545 4880 907 4952 temporibus
937 4879 1009 4934 ab
1042 4895 1105 4934 se
1136 4878 1316 4932 fuisse
1349 4877 1724 4951 compositos,
1775 4880 1917 4936 satis
1965 4880 2262 4936 evidenter
2309 4878 2607 4951 colligitur
2653 4879 2889 4936 eosdem
2938 4896 3091 4936 anno
3139 4881 3369 4937 circiter
3419 4881 3527 4938 387
3571 4895 3677 4951 quo

275 4969 490 5027 librum
522 4970 593 5025 de
622 4967 874 5040 Josepho
905 4967 964 5022 in
993 4967 1184 5024 lucem
1217 4966 1501 5039 prodiisse
1534 4985 1640 5047 suo
1670 4968 1794 5025 loco
1828 4969 2230 5042 probabimus,
2267 4968 2446 5024 tribui
2473 4972 2756 5041 oportere.
2977 4968 2979 4971 â€™
