3878 6208
1504 302 1606 365 DE
1648 300 1995 364 ABRAHA-l

2077 299 2229 363 LIB.
2272 298 2325 363 Ι.
3493 303 3611 365 442

600 490 2116 509 ΜΞ

2209 490 2422 501 ῌ-μᾲν
2270 490 2279 494 ‘
2368 490 2478 501 "’V—J.

867 680 1690 843 SANCTI
1881 677 2969 838 AMBROSH

1242 1139 1484 1267 DE
1607 1134 2590 1267 ΑΒΒΑΗΑΜ

1662 1378 1917 1455 LIBRI
1958 1378 2030 1442 (ί)
2085 1377 2277 1452 DUO

1414 1664 1814 1753 LIBER
1897 1662 2424 1752 PRIMUS.

667 2008 815 2068 281
859 2007 1089 2066 CAPUT
1126 2007 1437 2065 PRIMUM.
1893 2014 1950 2082 Α
1978 2005 2162 2064 voluit
2185 2005 2501 2063 informare
2532 2006 2816 2077 sapientis
2844 2007 2904 2062 in
2943 2023 3008 2064 eo
3050 2005 3199 2064 libro
3257 2024 3431 2081 quem
3464 2010 3623 2075 Κύρου

226 2116 370 2175 Libri
424 2115 625 2172 titulus
679 2112 1042 2172 detractandi
1062 2116 1553 2187 ratioexponitur:
1589 2119 1702 2170 tum
1744 2130 1865 2187 qua?
1975 2095 2193 2187 ἶπαιδῗίαν
2223 2094 2493 2187 inscribit
2525 2100 2635 2187 {Ut
2665 2094 2996 2187 ἑκμίηῆίιῖιο
3047 2096 3426 2170 PbilOS’OPbi‘ia
3486 2099 3623 2156 είῐια

294 2188 507 2259 utilitas
529 2202 600 2243 ea:
619 2188 919 2259 Abrahami
946 2187 1215 2258 exemplis
1242 2183 1469 2259 petenda
1497 2188 1571 2259 sit
1628 2183 1866 2242 auctbri-
1969 2183 2118 2256 justi
2148 2185 2303 2257 regis
2351 2187 2408 2240 et
2436 2183 2717 2255 sapientis
2733 2184 3043 2257 disciplina
3063 2188 3420 2258 procederet:
3448 2204 3625 2259 quam

291 2262 401 2347 tate
423 2258 636 2328 divina,
668 2262 719 2315 et
743 2256 1194 2331 philosophorum
1229 2256 1516 2314 collatione
1535 2256 1867 2314 demonstra-
1980 2290 1995 2329 ι

2056 2273 2167 2345 igis
2207 2256 2312 2328 nos
2343 2289 2458 2327 non
2490 2256 3155 2347 compositamifiguram
3187 2274 3467 2347 sapientis
3495 2275 3623 2345 viri,

292 2333 404 2385 tur.

297 2454 348 2509 1.
370 2452 668 2509 Abraham
698 2449 832 2507 libri
864 2451 1043 2524 hujus
1073 2451 1282 2508 titulus
1314 2454 1420 2518 est,
1454 2452 1732 2524 quoniam
1771 2464 1874 2522 per

226 2541 489 2599 ordinem
521 2540 701 2612 hujus
728 2556 959 2613 quoque
988 2540 1329 2613 patriarcha
1352 2545 1517 2613 gesta
1535 2540 1873 2596 considera-

225 2630 569 2688 reanimum
590 2628 790 2685 subiit.
826 2633 902 2685 De
924 2646 1039 2702 quo
1070 2628 1239 2686 nobis
1270 2627 1509 2686 moralis
1540 2628 1727 2701 primo
1766 2627 1876 2684 erit

224 2720 511 2775 tractatus
540 2722 600 2774 et
627 2715 894 2789 simplex.
926 2718 1073 2774 Nam
1100 2716 1209 2774 etsi
1247 2717 1438 2774 altiori
1482 2716 1874 2789 disputatione

230 2820 541 2879 processus
562 2805 800 2879 quidam
816 2808 873 2862 et
894 2806 1080 2862 forma
1097 2805 1353 2874 virtutis,
1374 2810 1431 2862 et
1452 2805 1679 2879 species
1720 2821 1875 2878 quaa-

232 2897 367 2953 dam
393 2895 758 2968 exprimatur
790 2911 802 2950 :
834 2898 1047 2967 tamen
1089 2896 1343 2951 forensia
1373 2911 1606 2967 quoque
1637 2898 1875 2950 actuum

227 2986 360 3056 ejus
388 2983 725 3057 veStigia(2)
747 2988 1026 3054 spectare,
1056 2983 1289 3039 virtutis
1332 2984 1626 3056 proiectus
1649 2986 1755 3039 est.
1786 2984 1879 3038 Et-

1981 2361 2083 2417 sed
2114 2376 2452 2432 expressam
2481 2361 2778 2429 virtutem,
2820 2367 2877 2418 et
2906 2362 3099 2419 divino
3133 2363 3462 2420 institutam
3511 2382 3629 2421 ma-

1981 2447 2219 2522 gisterio
2250 2465 2549 2505 recensere
2577 2449 2879 2519 intentius,
2903 2456 2960 2507 et
2989 2451 3111 2508 vias
3155 2453 3284 2524 ejus
3345 2453 3628 2509 debemus

1981 2537 2273 2610 persequi,
2337 2554 2511 2610 quem
2541 2539 2767 2612 Moyses
2798 2539 2878 2595 ita
2945 2540 3277 2614 descripsit,
3345 2546 3410 2597 ut
3472 2545 3629 2599 retro

1984 2626 2351 2699 quodamodo
2382 2643 2443 2683 se
2473 2627 2599 2700 ipse
2629 2627 2992 2699 respiceret?

2621 2734 2857 2790 CAPUT
2896 2736 2970 2789 Il.

1983 2821 2197 2899 Deyotz’o
2224 2821 2751 2899 A‘brolnzuquomodo
2772 2822 2961 2899 ‘divz’nz’
2991 2827 3254 2899 praecepti
3282 2825 3462 2882 verbis
3504 2842 3629 2899 pro-

2057 2892 2207 2969 bata:
2248 2892 2515 2969 Quid‘sit‘
2541 2895 2715 2969 exire
2750 2892 2816 2969 de
2867 2892 3202 2969 cognatione,
3258 2912 3424 2967 quove
3477 2892 3632 2969 p'acto

2055 2961 2295 3038 ejusdem
2310 2965 2639 3038 patriarcha
2661 2961 3022 3038 obedientiam
3051 2967 3150 3022 Dei
3173 2961 3460 3038 promissio
3477 2961 3633 3025 secu-

2056 3037 2113 3112 ta}
2138 3035 2234 3112 sit.
2267 3035 2436 3112 _I_dem,
2469 3036 2718 3112 invocato
2742 3036 3124 3112 Domino,_sibi
3150 3035 3214 3093 ob
3262 3042 3457 3094 uxoris
3500 3041 3632 3112 pul-

264 3074 273 3077 _
457 3072 469 3085 ,
525 3082 530 3087 ,
624 3082 629 3087 ,
1162 3072 1175 3083 .
1618 3072 1629 3083 .
1833 3071 1844 3081 -
2056 3071 2113 3088 νιν
2138 3071 2234 3090 σιν.
2269 3071 2417 3089 ιιιωη
2471 3071 2716 3092 ωουυυιηυ
2742 3071 2970 3093 υυηιιιιυ
3014 3071 3119 3092 acut
3150 3071 3214 3093 υυ
3266 3071 3455 3094 ιιψυιω
3545 3071 3632 3095 ιιι·

217 3072 387 3181 ῗῗίῗ
404 3088 727 3181 ῗῖἒῖἓὲῗῗ
757 3073 1103 3181 ίῖῗῗλνῗξίῗ,
1121 3076 1341 3181 Ϊ¹⁰ῗ¹ἶ¹ἷ¹
1363 3076 1661 3181 ξῗῖῗῗῗδΥῗέ
1680 3071 1876 3181 Εῗῖῗξζ
2054 3076 2436 3181 ςέινίιιιάίηεηί
2458 3107 2632 3181 timet,
2654 3114 2928 3178 σαυειςιαε-
2960 3079 3025 3164 λε
3052 3071 3538 3181 Ριιςιναορνοριεῖ
3556 3112 3633 3166 il-

214 3176 374 3217 num
403 3174 523 3216 non
551 3160 750 3227 unius.
773 3160 873 3216 sed
916 3160 1159 3233 geminae
1217 3164 1319 3217 aut
1368 3161 1543 3216 etiam
1593 3160 1879 3215 uberioris
2059 3160 2422 3248 mmmam
2452 3160 3075 3246 εαειεράιιλςςζτάξιθιίξιηῖ
3098 3160 3187 3233 sit"
3211 3160 3629 3237 Edissere};

214 3249 438 3304 izratiae
475 3251 631 3304 sunt.
660 3251 879 3304 auanto
898 3249 1085 3304 magis
1115 3249 1411 3304 eaouibus
1427 3249 1739 3304 enulantur
1758 3248 1879 3304 ani-
2055 3263 2183 3301 men
2211 3246 2414 3303 indicio
2442 3251 2519 3303 est
2549 3265 2566 3301 :
2588 3247 2731 3303 unde
2758 3195 2996 3304 Agre/ta:
3021 3250 3266 3304 exemnlo
3294 3249 3366 3304 ad
3392 3250 3629 3304 studium

192 3249 438 3331 gratiae
475 3251 631 3315 sunt,
660 3251 879 3321 quanto
898 3249 1085 3322 magis
1115 3249 1411 3321 eaquibus
1427 3249 1739 3321 epulantur
1758 3248 1879 3304 ani-
2055 3246 2414 3331 ηιθηένὶἀξσὶο
2442 3251 2519 3303 est
2549 3265 2566 3301 :
2588 3247 2731 3303 unde
2758 3252 2799 3304 Α

221 3317 338 3409 ini,
372 3353 489 3394 non
520 3317 774 3410 angusti,
823 3337 925 3393 sed
956 3317 1403 3393 abundantioris
1439 3355 1606 3407 usus,
1637 3340 1693 3394 et
1726 3336 1877 3392 mul-
1906 3378 1953 3442 Β

2058 3317 2356 3373 devotionis
2378 3334 2752 3390 provocamur.

212 3426 450 3502 tiplicis
479 3425 593 3482 cibi
625 3442 753 3481 esse
789 3424 1065 3481 aestimari
1105 3426 1390 3482 convenit.
1908 3423 1953 3442 υ
2051 3423 2104 3478 3.
2129 3423 2378 3497 Magnus
2406 3424 2578 3497 plane
2595 3425 2703 3494 vir,
2736 3426 2794 3481 et
2831 3423 3151 3482 multarum
3179 3426 3465 3485 virtutum
3515 3428 3635 3485 cla-

290 3520 353 3573 2.
384 3514 513 3571 Non
554 3514 840 3571 mediocre
872 3518 1067 3571 autem
1098 3519 1198 3570 aut
1227 3515 1482 3572 otiosum
1548 3515 1869 3588 negotium.
1984 3528 2086 3567 rus
2116 3512 2470 3585 insignibus,
2507 3530 2684 3586 quem
2722 3515 2870 3571 votis
2909 3514 3036 3571 suis
3076 3513 3448 3589 philosophia
3511 3534 3626 3574 non

212 3604 459 3663 Etenim
499 3616 634 3658 cum
660 3602 942 3660 Dominus
966 3603 1121 3659 Deus
1162 3608 1360 3660 noster
1386 3604 1545 3659 hunc
1600 3603 1875 3675 locupleti
1983 3600 2237 3673 potuerit
2256 3618 2504 3673 aequare.
2538 3601 2799 3675 Denique
2830 3602 3027 3659 minus
3052 3606 3142 3660 est
3171 3604 3327 3676 quod
3374 3603 3477 3661 illa
3524 3606 3631 3662 fin-

211 3692 654 3752 benedictionis
683 3708 802 3749 suae
833 3692 967 3749 dote
1004 3693 1303 3749 donaverit
1337 3711 1352 3761 ;
1412 3695 1478 3749 ut
1506 3694 1633 3764 ejus
1690 3692 1879 3764 gratia
1983 3691 2088 3757 xit,
2121 3707 2299 3763 quam
2323 3691 2476 3764 quod
2506 3690 2615 3747 iste
2643 3692 2843 3764 gessit,
2879 3694 3101 3765 majore
3153 3694 3466 3752 ambitioso
3513 3694 3635 3751 elo-

207 3785 570 3857 provocaret
599 3785 855 3851 caeteros,
896 3781 1187 3838 institutio
1245 3781 1561 3854 corrigeret
1594 3798 1606 3835 :
1650 3781 1878 3853 Moyses
1985 3777 2238 3850 quentiae
2266 3780 2568 3836 mendacio
2600 3779 2848 3853 simplex
2884 3781 3145 3838 veritatis
3200 3782 3364 3839 fides.
3425 3783 3627 3856 Itaque

206 3886 467 3945 quoque
488 3870 843 3926 imitandum
902 3870 1072 3925 nobis
1130 3870 1549 3942 descripserit;
1583 3872 1651 3925 ut
1706 3869 1880 3925 corda

206 3960 542 4018 hominum
574 3959 634 4014 in
656 3959 864 4013 vitium
890 3957 1169 4027 labentia,
1192 3958 1373 4030 hujus
1426 3958 1532 4013 viri
1592 3958 1877 4025 contuitu,

202 4047 386 4105 velut
415 4064 449 4104 θ
487 4047 745 4120 quodam
792 4049 1019 4102 terreno
1077 4046 1253 4103 busto
1309 4046 1703 4115 resuscitaret,
1763 4062 1878 4102 non

202 4134 696 4210 perfunctorium
728 4135 899 4191 debet
917 4134 1119 4204 videri,
1153 4135 1202 4191 si
1243 4152 1349 4192 nos
1381 4151 1610 4208 quoque
1641 4151 1881 4208 scrupu-

200 4224 408 4283 losius
429 4224 699 4296 ejusdem
720 4222 826 4278 viri
855 4240 1153 4280 versemus
1183 4224 1444 4298 vestigia.
1502 4225 1651 4280 Nam
1682 4225 1731 4280 si
1787 4241 1879 4281 sa-

200 4314 456 4387 pientes
486 4313 668 4385 hujus
700 4312 926 4381 mundi,
960 4317 1025 4369 ut
1054 4312 1215 4369 Plato
1244 4313 1370 4386 ipse
1417 4313 1691 4387 princeps
1743 4311 1880 4386 phi-

201 4400 637 4475 losophorum,
678 4417 793 4457 non
815 4417 1008 4457 veram
1033 4401 1315 4475 aliquam,
1340 4401 1441 4458 sed
1480 4401 1677 4457 fictam
1696 4405 1754 4458 et
1778 4402 1880 4457 ad-

203 4491 568 4547 umbratam
634 4489 746 4546 sibi
811 4506 940 4546 eam
1001 4508 1178 4563 quam
1236 4491 1488 4565 legimus
1518 4490 1766 4539 πολιτείαν
1806 4491 1880 4563 (3)

204 4579 541 4652 proposuit
577 4578 1262 4653 persequendam(Plato,
1326 4579 1364 4634 l.
1408 4580 1546 4636 ivde
1607 4580 1878 4653 Republ);
1992 4595 2064 4633 ne
2120 4578 2264 4634 forte
2295 4582 2397 4635 aut
2424 4578 2857 4652 imprudentem
2890 4580 3115 4655 cepisse
3180 4582 3256 4654 (5)
3321 4583 3639 4649 videretur,

204 4672 284 4724 ut
317 4669 564 4724 doceret
591 4666 823 4739 qualem
868 4667 1288 4741 rempublicam
1354 4685 1482 4726 esse
1541 4673 1832 4743 oporteret
1864 4686 1876 4724 :
1928 4736 1959 4743 _
1990 4670 2093 4723 aut
2123 4668 2282 4723 fraus
2298 4666 2554 4740 aliquam
2572 4669 2803 4727 andatis
2834 4674 3145 4742 pararetur
3167 4670 3640 4728 cmlestibus.Sed

205 4762 407 4829 atque
436 4756 521 4811 ita
548 4736 727 4828 quam
758 4773 862 4813 nec
894 4736 1177 4825 audierat,
1213 4774 1318 4814 nec
1374 4736 1600 4815 viderat
1635 4756 1789 4815 282
1822 4758 1881 4813 in
1917 4736 1960 4806 (ἶ
1990 4757 2144 4813 sicut
2174 4736 2567 4814 coacervanda
2610 4736 2853 4815 fuerunt
2883 4764 3190 4832 praecepta,
3222 4777 3294 4816 ne
3325 4760 3464 4831 quid
3495 4759 3636 4815 late-

205 4846 433 4918 aliqua
452 4844 600 4901 urbe
629 4845 1072 4902 describendam
1105 4848 1345 4919 putavit,
1380 4851 1445 4903 ut
1475 4847 1515 4902 ii
1545 4848 1760 4920 quibus
1776 4847 1886 4903 hoc
1996 4848 2076 4900 ret
2113 4862 2126 4900 :
2158 4844 2240 4901 ita
2269 4844 2445 4902 etiam
2476 4848 2851 4919 proponenda
2881 4848 3140 4920 praemia,
3164 4863 3236 4902 ne
3265 4848 3411 4903 forte
3440 4847 3643 4918 despe-

204 4949 454 4991 manus
491 4938 605 5002 est,
627 4934 1123 5006 quemadmodum
1159 4935 1582 5008 rempublicam
1621 4938 1888 5008 regerent
1996 4938 2150 4990 raret
2182 4952 2194 4988 :
2231 4934 2514 4991 Tentatur
2544 4939 2608 4990 ut
2637 4935 2825 5003 fortis,
2861 4935 3139 4992 incitatur
3170 4938 3235 4990 ut
3264 4934 3471 5003 ﬁdelis,
3506 4951 3640 5008 pro-

204 5022 300 5096 (4)
325 5020 561 5080 institui
587 5026 827 5095 possent
851 5040 863 5078 :
888 5026 946 5079 et
965 5023 1015 5079 si
1034 5023 1475 5097 condiscipulus
1495 5023 1756 5081 Platonis
1778 5025 1883 5080 Xe-
1993 5028 2232 5080 vocatur
2261 5027 2326 5079 ut
2347 5023 2549 5095 justus
2569 5023 2666 5096 (6),
2700 5025 3023 5097 meritoque
3053 5022 3225 5081 exivit
3259 5024 3638 5095 quemadmo-

204 5110 470 5186 nophon
500 5109 601 5167 ille
618 5110 947 5170 Socraticus
968 5112 1119 5169 ﬁctis
1140 5117 1197 5169 et
1218 5112 1342 5186 ipse
1357 5114 1532 5171 rebus
1575 5130 1884 5187 personam
1995 5111 2137 5168 dum
2166 5112 2399 5168 locutus
2427 5114 2517 5168 est
2547 5110 2631 5166 illi
2659 5112 2965 5169 Dominus.

324 5253 382 5327 1)
412 5253 595 5327 sripti
626 5254 763 5311 circ.
796 5271 889 5311 an.
923 5255 1048 5312 387.
2066 5255 2139 5327 (4)
2160 5255 2299 5327 Mss.
2335 5252 2452 5307 fere
2483 5252 2556 5306 ad
2580 5269 2788 5325 unum,
2820 5256 3215 5327 rempublicam
3232 5256 3497 5327 gererent.

294 5254 382 5399 $1}
412 5254 595 5383 Sripti
626 5254 763 5311 circ.
796 5271 889 5311 an.
923 5255 1048 5312 387.
2065 5255 2139 5398 éli)
2160 5255 2299 5333 Mss.
2335 5254 2452 5307 fere
2483 5254 2556 5306 ad
2580 5269 2788 5325 unum,
2820 5256 3215 5337 rempublicam
3232 5256 3497 5325 gererent.
3582 5328 3591 5338 _

152 5380 159 5385 .
209 5396 292 5411 ﬂ.
317 5328 357 5382 2
411 5326 516 5411 de
549 5368 563 5382 .
594 5328 725 5411 ᾼω.
759 5343 893 5411 cum
915 5343 1058 5411 mss.
1092 5331 1365 5400 quatuor,
1390 5330 1634 5411 forensia
1661 5343 1886 5411 quaeque
2085 5325 2319 5411 5j‘le1t.
2353 5339 2575 5411 omnes,
2600 5339 2667 5405 ac
2696 5341 2867 5396 pancl
2895 5342 3039 5411 mss.
3060 5325 3640 5411 ιθηρνζξάφιιενρωριδι

353 5394 556 5478 autem
587 5399 838 5478 forensia
865 5394 1129 5469 vestigia,"
1146 5415 1251 5472 pro
1279 5394 1510 5457 morum
1546 5394 1730 5474 signis
1787 5394 1881 5455 ἐκ·
1991 5394 2080 5478 se;
2103 5394 2219 5478 Alii
2247 5410 2380 5478 vero
2419 5394 2887 5478 majorinum‘cro
2916 5401 2975 5478 et
3003 5394 3367 5465 auctoritate,
3430 5394 3643 5470 impru-

205 5470 548 5529 terioribus
581 5464 922 5527 sumuntur.
1003 5464 1022 5469 ⁷
1095 5464 1103 5466 ’
1146 5464 1167 5472 “
1599 5464 1633 5474 ”
1992 5469 2206 5527 dentem
2234 5467 2453 5539 cepisse,
2486 5464 2595 5520 hoc
2633 5465 3082 5539 est,d_ecepisse,

290 5542 372 5626 (β)
402 5540 495 5626 Ita
537 5557 688 5599 mss.
717 5540 1108 5626 quinque-aevi
1161 5541 1440 5626 melioris.
1484 5543 1592 5602 Alii
1650 5558 1782 5600 vero
1829 5546 1885 5598 et
2004 5614 2013 5624 ι
2066 5541 2141 5626 (β)
2164 5536 2305 5598 Era;
2324 5537 2385 5594 in
2416 5539 2595 5604 textu,
2627 5540 2683 5594 et
2712 5536 2844 5593 Gill.
2881 5536 2938 5593 in
2969 5538 3252 5610 margine,
3282 5540 3549 5611 probatur
3586 5551 3645 5598 ut

205 5613 360 5687 edit,
392 5623 544 5675 πόλιν
571 5613 853 5687 provomit
882 5613 1284 5684 adiﬁcandam.
1986 5614 2186 5683 justus.

2839 3249 2996 3307 ralia:
3021 3250 3266 3321 exemplo
3294 3249 3366 3306 ad
3392 3250 3635 3307 studium

1987 3867 2319 3938 cujusmodi
2351 3867 2524 3923 fuerit
2554 3868 2613 3924 in
2646 3884 2713 3924 eo
2742 3868 2864 3925 viro
2896 3869 3144 3937 devotio,
3178 3871 3636 3928 consideremus.

1988 3956 2066 4010 Ea
2094 3956 2250 4011 enim
2271 3957 2457 4012 virtus
2489 3955 2691 4014 ordine
2722 3957 2914 4030 prima
2960 3963 3068 4027 est,
3103 3975 3230 4030 quae
3287 3963 3377 4015 est
3427 3959 3639 4016 funda-

1989 4048 2256 4100 mentum
2288 4048 2662 4101 cseterarum:
2698 4046 3023 4118 meritoque
3081 4046 3231 4102 hanc
3288 4047 3359 4103 ab
3387 4063 3453 4103 eo
3512 4047 3640 4121 pri-

1989 4149 2147 4195 mam
2180 4132 2368 4206 exegit
2397 4133 2570 4201 Deus,
2604 4133 2803 4189 dicens
2836 4150 2849 4188 :
2886 4136 2992 4189 Exi
3018 4134 3082 4190 de
3110 4137 3265 4190 terra
3310 4144 3425 4201 tua,
3480 4136 3531 4191 el
3576 4136 3641 4193 de

1987 4222 2311 4291 cognatione
2337 4224 2456 4288 tuo,
2486 4224 2537 4278 et
2557 4221 2622 4277 de
2649 4222 2804 4279 domo
2827 4224 3004 4293 patrie
3070 4225 3155 4278 tui
3217 4224 3371 4294 (Gen.
3399 4241 3497 4293 xu,
3556 4226 3630 4297 1).

1990 4310 2144 4367 Satis
2176 4310 2362 4366 fuerat
2391 4309 2606 4367 dixisse
2633 4311 2698 4368 de
2728 4315 2876 4368 terra
2905 4316 3021 4368 tua.
3055 4312 3142 4368 Ibi
3173 4313 3330 4369 enim
3363 4317 3490 4370 erat
3520 4314 3638 4372 exi-

1990 4417 2051 4456 re
2080 4400 2152 4456 de
2181 4399 2542 4473 cognatione,
2574 4399 2728 4458 exire
2758 4401 2829 4457 de
2857 4406 3103 4473 paterna
3127 4402 3299 4459 domo
3332 4420 3343 4457 :
3375 4403 3478 4460 sed
3510 4404 3640 4460 ideo

1991 4488 2218 4545 addidit
2243 4488 2493 4562 singula,
2540 4493 2604 4545 ut
2650 4491 2778 4563 ejus
2836 4491 3109 4548 allectum
3167 4493 3319 4550 283
3371 4494 3644 4566 probaret
