3878 6208
280 391 397 455 443

1732 386 1800 454 S.
1843 389 2219 457 AMBROSII

3536 394 3643 458 444

354 534 417 589 Et
453 532 624 590 exivit
675 545 800 588 cum
822 544 881 587 eo
948 524 1097 586 Loth.
1166 525 1321 601 (Ibid,
1388 526 1461 601 4).
1534 527 1649 584 Hoc
1716 532 1912 584 autem
1941 529 1997 594 Α
2026 532 2082 583 et
2109 527 2255 584 dixit
2285 545 2298 585 :
2331 527 2541 586 Semini
2570 530 2659 588 tuo
2687 526 2823 589 dabo
2850 531 3063 589 terram
3085 529 3223 588 hanc
3250 528 3401 604 (Gen.
3437 545 3531 599 xu,
3556 531 3628 602 7).

283 624 437 695 quod
467 639 567 694 pro
601 637 812 692 magno
864 619 1016 675 inter
1075 623 1315 691 septem.
1366 618 1698 690 sapientum
1766 618 1922 673 dicta

283 712 628 780 celebratur,
658 716 808 759 ’Ἐπου
838 711 957 771 Θεῷ,
992 710 1047 764 id
1078 714 1184 775 est,
1220 710 1469 780 Sequere
1532 710 1732 772 Deum,
1794 725 1919 778 per-

286 802 419 857 fecit
448 801 761 865 Ahraham,
799 800 1062 870 factoque
1112 797 1438 869 sapientum
1473 798 1550 869 (7)
1583 797 1734 851 dicta
1785 814 1922 867 prae-

281 891 457 956 venit,
489 894 546 945 et
574 894 808 944 secutus
840 888 1021 942 Deum
1053 888 1226 943 exivit
1282 888 1352 941 de
1411 892 1565 941 terra
1620 903 1747 941 sua.
1808 886 1919 941 Sed

282 980 420 1051 quia
449 984 581 1034 ante
607 982 762 1032 terra
789 977 839 1030 ei
873 977 1061 1030 fuerat
1091 974 1223 1042 alia,
1256 975 1364 1030 hoc
1395 979 1484 1030 est
1540 975 1697 1046 regio
1751 972 1919 1029 Chal-

279 1070 558 1128 daeorum.
600 1067 671 1120 de
711 1082 826 1133 qua
855 1065 1029 1118 exivit
1065 1063 1253 1119 Thare
1284 1068 1446 1135 pater
1474 1062 1740 1129 Abrahae,
1774 1069 1829 1118 et
1859 1062 1918 1117 in

279 1157 558 1211 Charram
583 1154 927 1225 demigravit
951 1171 963 1207 :
987 1157 1042 1207 et
1073 1152 1211 1223 quia
1247 1168 1445 1207 secum
1500 1152 1698 1207 eduxit
1744 1167 1917 1222 nepo-

279 1249 397 1300 tem
430 1260 632 1307 sunm,
680 1243 772 1296 cui
804 1241 1028 1296 dictum
1062 1241 1250 1295 fuerat
1282 1259 1294 1295 :
1355 1243 1462 1295 Emi
1488 1240 1552 1295 de
1602 1242 1920 1310 cognatione

281 1338 377 1388 tua
397 1331 860 1388 :consideremus
882 1346 952 1384 ne
976 1330 1117 1384 forte
1140 1329 1248 1384 hoc
1270 1330 1345 1384 sit
1365 1328 1515 1384 exire
1537 1330 1607 1384 de
1630 1334 1784 1384 terra
1812 1346 1919 1384 sua

281 1423 351 1476 de
382 1421 561 1491 hujus
582 1425 768 1485 terris,
789 1418 899 1473 hoc
924 1422 1029 1483 est,
1054 1418 1123 1473 de
1144 1416 1401 1489 corporis
1447 1417 1629 1472 nostri
1660 1418 1914 1488 quadam

277 1509 731 1566 commoratione
759 1506 974 1579 egredi,
1008 1507 1076 1560 de
1107 1523 1223 1577 qua
1249 1506 1423 1561 exivit
1453 1506 1687 1569 Paulus,
1716 1505 1814 1577 qui
1838 1505 1919 1560 di-

274 1600 360 1653 xit
393 1614 405 1653 :
436 1599 629 1652 Nostra
657 1600 841 1650 autem
869 1597 1201 1650 conversatio
1260 1598 1319 1649 in
1374 1596 1523 1649 malis
1552 1599 1629 1650 est
1678 1596 1912 1666 (Philip.

275 1703 358 1750 III,
379 1686 469 1753 20)
495 1702 507 1747 ;
540 1689 596 1739 et
625 1684 695 1738 de
720 1683 1005 1737 illecebris
1035 1686 1092 1737 et
1121 1683 1601 1738 delectationibus
1645 1700 1914 1754 corpora-

274 1773 430 1829 libus
461 1789 609 1844 quas
639 1772 793 1826 velut
822 1762 1316 1842 cOgnatasanimze
1338 1771 1912 1842 nostraedixit,quam

2032 618 2172 673 Vide
2202 620 2493 689 quomodo
2524 619 2811 693 promisso
2841 621 3127 694 frequenti
3147 623 3421 694 tanquam
3478 620 3634 675 inva-

2031 706 2216 762 lidum
2247 707 2438 763 adhuc
2465 709 2738 764 informet
2768 713 2943 781 atque
2971 709 3258 776 instituat,
3296 714 3351 764 et
3380 709 3497 780 ipse
3526 724 3639 763 me-

2031 812 2159 850 mor
2188 796 2278 851 sui
2309 796 2384 867 (9)
2408 800 2595 852 totum
2621 797 2737 852 Deo
2768 798 3026 869 deputet,
3063 798 3205 853 nihil
3237 797 3344 853 sibi
3387 796 3636 861 vindicet,

2029 884 2161 939 Ideo
2183 888 2239 939 et
2267 902 2424 940 aram
2450 886 2738 941 (adificavit
2761 888 2885 954 Deo,
2918 888 3014 958 qui
3040 889 3297 958 apparuit
3322 887 3375 941 ei
3402 902 3421 947 ;
3460 890 3511 940 et
3555 900 3636 939 re-

2027 975 2183 1028 cessit
2214 973 2338 1029 inde
2367 977 2424 1029 in
2460 978 2691 1031 montem
2721 980 2911 1031 contra
2941 978 3212 1032 Orientem
3241 975 3419 1031 Bethel
3449 974 3635 1046 (ibid),

2028 1067 2362 1134 surgentem
2394 1063 2586 1119 adhuc
2618 1064 2729 1119 sibi
2761 1063 2943 1120 solem
2974 1065 3218 1136 cupiens
3241 1062 3475 1134 justitiae
3503 1061 3638 1116 vide-

2027 1166 2108 1205 re.
2140 1150 2390 1224 Ideoque
2420 1168 2535 1207 non
2568 1152 2626 1206 in
2658 1152 3043 1222 vallibus,sed
3077 1154 3136 1208 in
3169 1157 3362 1209 monte
3391 1152 3636 1207 taberna-

2031 1238 2230 1294 culum
2267 1239 2380 1295 sibi
2413 1239 2640 1307 locavit,
2673 1241 2813 1313 quia
2842 1242 2995 1297 Deus
3015 1241 3303 1296 montium
3332 1247 3436 1307 est,
3466 1244 3636 1294 etnon

2025 1325 2286 1381 vallium.

2094 1418 2148 1471 6.
2181 1418 2245 1471 Et
2292 1419 2562 1473 invocavit
2616 1434 2813 1473 nomen
2868 1418 3090 1473 Domini
3118 1415 3278 1487 (Ibid.
3312 1416 3385 1486 8).
3411 1413 3510 1470 Ubi
3539 1414 3635 1469 Be-

2026 1503 2165 1571 thel,
2198 1505 2383 1573 idest,
2411 1506 2623 1561 domus
2653 1506 2775 1573 Dei,
2808 1504 2887 1560 ibi
2918 1511 2975 1561 et
3004 1522 3105 1561 ara.
3137 1521 3149 1557 :
3184 1505 3279 1559 ubi
3313 1521 3431 1571 ara,
3462 1502 3535 1557 ibi
3590 1505 3640 1556 et

2024 1592 2311 1649 invocatio
2351 1593 2451 1649 Dei
2478 1594 2683 1649 nostri.
2724 1595 2851 1650 Non
2884 1593 3297 1664 immeritoque
3354 1606 3638 1663 processus

2025 1686 2218 1737 tantos
2248 1681 2473 1748 habuit,
2497 1684 2636 1753 quia
2656 1683 2839 1737 Deum
2863 1682 3137 1752 sperabat
3158 1680 3268 1737 sibi
3288 1679 3492 1735 auxilio
3513 1679 3637 1733 fore.

2022 1773 2330 1825 Exercetur
2357 1768 2575 1826 athleta
2616 1770 2742 1838 Dei,
2772 1773 2829 1825 et
2858 1769 3137 1842 probatur
3194 1768 3448 1824 adversis
3500 1765 3635 1838 (10):

273 1862 526 1933 compati
558 1876 791 1915 necesse
810 1864 897 1914 est
938 1860 1189 1931 corpori.
1222 1861 1404 1915 donec
1460 1861 1588 1930 ejus
1645 1860 1915 1931 colligata
1945 1894 1993 1959 Β
2024 1859 2083 1913 in
2114 1859 2409 1915 desertum
2434 1858 2595 1930 abiit,
2636 1859 2820 1914 fames
2849 1858 3074 1923 incidit,
3108 1857 3173 1912 in
3226 1860 3522 1929 Egyptum
3551 1854 3636 1909 de-

271 1946 503 2004 vinculo
534 1948 806 2002 adhaeret.
840 1948 989 2017 Ergo
1021 1948 1175 2002 exire
1207 1948 1278 2003 de
1334 1948 1771 2004 conversatione
1801 1954 1915 2003 ter-

272 2054 430 2097 rena.
463 2043 519 2091 et
549 2034 926 2091 saecularibus
976 2034 1418 2091 oblectamentis
1475 2040 1532 2091 et
1584 2036 1905 2109 superioris

268 2127 396 2181 vitm
429 2126 691 2180 moribus
708 2128 883 2195 atque
906 2123 1134 2178 actibus
1152 2124 1435 2179 debemus
1460 2143 1473 2191 ;
1502 2130 1564 2178 ut
1585 2142 1700 2179 non
1724 2125 1914 2180 solum

268 2213 415 2277 loca,
447 2211 547 2267 sed
580 2212 755 2266 etiam
789 2210 1182 2282 nosmetipsos
1213 2217 1527 2266 mutemus.
1554 2213 1611 2267 Si
1646 2214 1917 2284 cupimus

2026 1948 2271 2003 scendit.
2297 1947 2671 2019 Compererat
2699 1946 2759 2001 in
2798 1947 3041 2018 Egypto
3073 1944 3352 2001 lascivam
3383 1958 3504 2000 esse
3549 1942 3640 2012 ju-

2023 2053 2236 2090 venum
2270 2035 2581 2100 luxuriam,
2604 2034 2963 2106 petulantem
2994 2034 3399 2106 cupiditatem,
3462 2029 3641 2101 volup.

2022 2130 2210 2179 tatum
2240 2123 2770 2195 intemperantiam.
2802 2122 3153 2178 Advertebat
3176 2123 3330 2178 inter
3357 2121 3640 2192 hujusmo-

2023 2214 2082 2267 di
2113 2214 2266 2269 viros
2289 2211 2537 2267 intutam
2562 2210 2758 2267 uxoris
2778 2210 3120 2282 pudicitiam
3144 2210 3517 2280 fore,sibique
3529 2223 3642 2262 con-

268 2301 559 2356 adhzerere
608 2299 861 2365 Christo,
912 2298 1251 2354 deseramus
1300 2300 1720 2371 corruptibilis.
1767 2301 1917 2355 Sunt
2013 2301 2179 2373 jugis
2210 2299 2704 2372 pulchritudinem
2746 2298 3003 2370 periculo
3065 2299 3380 2353 futurum:
3440 2295 3646 2351 monuit

269 2393 464 2444 autem
495 2387 897 2458 corruptibilia
927 2387 985 2441 in
1015 2386 1181 2442 nobis
1229 2404 1383 2451 caro,
1426 2387 1750 2453 delectatio,
1808 2400 1914 2444 vox

268 2475 519 2532 obnoxia
544 2475 917 2547 passionibus
963 2474 1365 2546 corporalibus
1396 2477 1496 2547 (8).
1557 2476 1662 2531 Per
1713 2493 1909 2532 vocem

267 2569 460 2620 autem
495 2563 794 2636 passiones
825 2562 1391 2634 intelligimus.Unde
1416 2565 1693 2634 quoniam
1717 2565 1913 2620 anima

267 2658 467 2709 nostra
491 2651 688 2716 διμρής
718 2657 827 2715 est,
869 2652 978 2706 hoc
1010 2656 1098 2706 est
1145 2652 1441 2723 bipertita,
1475 2657 1531 2706 et
1570 2652 1910 2710 rationabile

265 2742 488 2797 habens
518 2747 574 2796 et
600 2739 1019 2806 irrationabilc,
1054 2739 1207 2810 quod
1237 2740 1516 2794 dividitur
1546 2757 1647 2810 per
1675 2758 1909 2796 carnem

267 2836 325 2886 et
354 2828 755 2885 delectationis
799 2827 1116 2897 corporalis
1171 2826 1495 2893 illecebras,
1558 2832 1909 2900 caeterasque

264 2918 569 2990 passiones
600 2915 858 2987 corporis
883 2932 895 2968 :
929 2915 1029 2986 qui
1050 2916 1251 2983 justus
1280 2919 1371 2970 est
1400 2915 1505 2982 vir,
1565 2917 1909 2973 rationabile

265 3005 472 3061 animae
506 3022 623 3061 sua:
647 3004 720 3058 ab
747 3002 1134 3058 irrationabili
1167 3002 1501 3076 disjungere
1519 3004 1694 3060 debet
1730 3022 1797 3061 ac
1827 3023 1909 3062 se-

264 3109 522 3165 gregare.
548 3092 664 3147 Hoc
695 3095 784 3147 est
812 3090 968 3146 enim
1016 3090 1171 3146 exire
1200 3092 1270 3145 de
1329 3091 1566 3158 Charra,
1625 3098 1907 3165 tanquam

265 3183 336 3237 de
367 3180 628 3236 cavernis
658 3180 1038 3250 quibusdam,
1070 3184 1127 3234 et
1157 3180 1465 3245 cuniculis,
1526 3181 1908 3254 latibulisque

2022 2406 2282 2457 uxorem,
2316 2394 2379 2445 ut
2416 2404 2674 2445 sororem
2732 2404 2793 2443 se
2823 2388 3057 2442 diceret.
3092 2388 3217 2450 Quo
3251 2386 3491 2441 docetur
3543 2399 3643 2438 non

2021 2494 2371 2551 magnopere
2401 2477 2669 2532 decorem
2690 2476 2956 2548 conjugis
2977 2474 3389 2546 quaerendum,
3413 2473 3513 2545 qui
3537 2472 3645 2527 viro

2021 2554 2219 2622 necem
2252 2565 2597 2638 plerumque
2642 2563 2880 2636 gignere
2910 2562 3075 2619 solet.
3134 2563 3262 2619 Non
3321 2562 3477 2618 enim
3535 2565 3645 2614 tam

2021 2654 2393 2727 pulchritudo
2426 2651 2709 2718 mulieris,
2743 2668 2920 2723 quam
2951 2651 3139 2707 virtus
3171 2652 3302 2723 ejus
3332 2656 3390 2705 et
3409 2650 3645 2722 gravitas

2018 2742 2264 2798 delectat
2292 2742 2501 2796 virum.
2561 2741 2670 2805 Qui
2710 2740 3058 2796 suavitatem
3100 2738 3314 2811 quaerit
3379 2736 3645 2808 conjugii,

2018 2848 2134 2886 non
2164 2829 2524 2902 superiorem
2555 2844 2734 2884 censu
2756 2828 2998 2893 ambiat,
3040 2845 3222 2900 quam
3283 2827 3649 2883 necessitates

2017 2936 2134 2975 non
2166 2922 2401 2975 teneant
2429 2915 2730 2972 maritales
2760 2916 2872 2987 (11)
2909 2933 2922 2971 :
2957 2916 3005 2972 si
3064 2933 3184 2972 non
3217 2913 3536 2982 monilibus
3564 2929 3650 2969 or-

2016 3013 2236 3077 natam,
2268 3006 2370 3062 sed
2414 3004 2699 3061 moribus.
2745 3003 2997 3059 Otfendit
3042 3003 3394 3075 plerumque
3448 3001 3652 3065 virum,

2015 3096 2066 3153 si
2097 3112 2159 3151 se
2180 3111 2325 3151 uxor
2354 3092 2695 3149 nobiliorem
2718 3092 2962 3148 noverit.
2989 3093 3123 3147 Haec
3148 3092 3419 3164 proxima
3456 3106 3656 3162 super-

2016 3185 2123 3240 biae
2146 3189 2303 3240 sunt.
2327 3183 2469 3237 Sara
2494 3198 2608 3237 non
2632 3179 3009 3237 facultatibus
3030 3179 3230 3247 ditior,
3282 3198 3396 3235 non
3449 3194 3658 3250 genere

264 3270 477 3342 egredi.
517 3272 713 3324 Latere
740 3268 897 3324 enim
928 3266 1252 3322 criminosm
1285 3267 1651 3324 conscientiae
1683 3275 1788 3325 est.
1840 3271 1910 3326 Et
1939 3250 1981 3317 (ἶ
2019 3271 2381 3346 splendidior
2408 3275 2532 3327 erat
2564 3287 2577 3335 ;
2609 3269 2736 3325 ideo
2758 3270 2943 3324 virum
2977 3269 3267 3340 imparem
3330 3286 3446 3324 non
3497 3270 3663 3339 puta-

265 3376 371 3414 nos
400 3357 579 3429 igitur
599 3361 909 3428 sequentes
929 3355 1222 3411 Abraham
1245 3372 1517 3412 exeamus
1539 3357 1904 3414 delatihulis.

263 3446 323 3503 Si
342 3446 497 3501 enim
526 3445 630 3499 ﬁlii
658 3445 897 3500 Abrahae
929 3461 1157 3509 sumus,
1216 3461 1391 3516 opera
1432 3445 1673 3501 Abrahae
1733 3446 1906 3502 facia-

265 3552 398 3590 mus
424 3553 438 3601 ;
472 3539 535 3588 ut
563 3533 796 3588 luceant
823 3550 999 3603 opera
1028 3537 1227 3588 nostra
1256 3549 1452 3588 coram
1485 3534 1687 3601 Deo,et
1710 3552 1907 3591 coram

264 3622 624 3678 hominibus.
648 3621 856 3675 Justus
888 3620 1028 3674 dicit
1057 3637 1232 3689 opera
1279 3638 1386 3675 sua
1416 3621 1537 3693 regi
1572 3639 1584 3676 :
1641 3628 1909 3695 peccator

263 3711 524 3781 seipsum
554 3708 824 3775 occultat,
850 3708 1003 3762 sicut
1040 3709 1220 3762 Adam
1257 3725 1318 3763 se
1360 3708 1653 3766 occultare
1708 3712 1906 3783 cupie-

2016 3361 2270 3427 bat,ideo
2284 3359 2449 3431 quasi
2475 3375 2673 3431 parem
2695 3357 2885 3430 gratia
2905 3356 3368 3429 dilligebat,ideo
3394 3374 3506 3413 non
3529 3373 3656 3411 cen-
3682 3372 3689 3379 '

2016 3468 2086 3506 su
2109 3455 2197 3506 est
2219 3453 2466 3513 retenta,
2498 3464 2613 3502 non
2639 3446 3125 3519 parentibus,non
3154 3445 3531 3519 propinquis,
3564 3444 3657 3501 sed

2015 3540 2204 3594 virum
2238 3536 2538 3609 proprium
2562 3550 2911 3606 quocunque
2941 3538 3230 3606 pergeret,
3257 3535 3613 3606 sequebatur
3644 3549 3654 3586 :

2015 3632 2253 3683 externa
2275 3624 2436 3689 adiit,
2482 3639 2741 3679 sororem
2790 3639 2851 3678 se
2890 3624 3019 3693 ejus
3076 3623 3362 3691 asseruit,
3397 3626 3660 3678 contenta

2015 3715 2065 3770 si
2099 3716 2179 3769 ita
2209 3717 2363 3768 esset
2416 3727 2672 3778 necesse,
2706 3727 2767 3766 se
2814 3708 3128 3782 periclitari
3179 3712 3428 3782 pudore,
3490 3725 3656 3782 quam

262 3800 382 3865 hat,
414 3798 515 3853 sed
547 3796 726 3852 latere
755 3813 869 3851 non
894 3800 1134 3868 poterat.
1163 3796 1361 3851 Paruit
1388 3797 1586 3869 itaque
1611 3800 1905 3856 Abraham
2011 3804 2201 3859 virum
2231 3801 2438 3857 salute.
2474 3800 2547 3856 Ut
2600 3803 2861 3855 tueretur
2916 3799 3201 3854 maritum
3265 3799 3520 3855 mentita
3570 3801 3653 3853 est

264 3887 558 3951 mandato,
592 3901 697 3940 nec
726 3884 846 3939 ulla
870 3883 1080 3957 legitur
1108 3901 1272 3940 mora
1295 3884 1691 3942 intervenisse.

330 3976 385 4031 5.
413 3975 670 4045 Egressus
695 3974 1097 4043 perambulavit
1125 3981 1329 4028 terram
1356 3990 1522 4045 usque
1566 3976 1636 4030 ad
1694 3976 1907 4033 Sichem

262 4065 415 4132 (Gen.
447 4080 549 4128 x11,
592 4063 669 4131 6),
713 4063 867 4133 quod
920 4061 1394 4132 interpretatione
1444 4063 1648 4119 Latina
1695 4066 1908 4121 dicitur

262 4152 547 4207 humerus
575 4150 660 4205 vel
693 4151 902 4220 cervix,
934 4167 1036 4221 per
1056 4167 1182 4222 quin
1204 4151 1630 4206 exsecutionem
1652 4156 1908 4225 praescri-

264 4239 346 4311 pti
375 4239 566 4311 cperis
596 4237 1001 4309 intelligimus.
1061 4239 1359 4310 Siquidem
1413 4244 1471 4294 et
1522 4240 1674 4296 infra
1728 4242 1906 4299 hahe-

266 4342 399 4382 mus
425 4326 706 4397 scriptum
743 4345 756 4381 :
790 4328 1082 4398 Supposuit
1111 4328 1401 4381 humerum
1453 4344 1616 4383 suum
1640 4329 1711 4384 ad
1767 4332 1911 4386 labo-

264 4415 502 4469 randum
531 4413 685 4480 (Gen.
710 4431 856 4480 xux,
891 4415 999 4484 45).
1035 4415 1193 4470 Unde
1221 4431 1323 4486 per
1351 4404 1597 4487 ﬁguram
1647 4416 1909 4475 locorum

265 4503 324 4557 id
356 4519 694 4573 expressum
728 4503 1107 4558 advertimus.
1147 4504 1300 4575 quod
1333 4503 1698 4560 devotionem
1741 4524 1909 4563 suam

2014 3891 2461 3966 germanitatem
2496 3906 2509 3957 ;
2544 3904 2615 3944 ne
2646 3887 3017 3944 insidiatores
3074 3889 3327 3959 pudoris
3379 3892 3511 3960 ejus
3540 3892 3655 3943 tan-

2015 3997 2194 4053 quam
2225 3978 2524 4047 eemulum,
2567 3982 2624 4032 et
2652 3976 2941 4031 vindicem
2962 3976 3159 4031 uxoris
3194 3981 3497 4032 necarent.
3556 3975 3655 4030 De-

2014 4069 2194 4139 nique
2215 4066 2391 4122 simul
2424 4070 2489 4121 ut
2532 4065 2804 4120 viderunt
2850 4063 3012 4118 illam
3062 4064 3346 4136 Egyptii,
3390 4061 3655 4120 admirati

2014 4157 2170 4229 quod
2204 4154 2469 4226 speciosa
2484 4157 2640 4208 esset
2658 4151 2845 4218 valde,
2873 4151 3237 4207 induxerunt
3268 4151 3439 4207 illam
3464 4153 3536 4208 ad
3576 4165 3661 4205 re-

2016 4261 2145 4318 gem
2170 4246 2431 4311 suum,et
2452 4257 2586 4297 cum
2607 4239 2900 4295 Abraham
2922 4240 3068 4295 bene
3088 4246 3364 4312 egerunt,
3389 4246 3660 4312 tanquam

2018 4336 2256 4391 fratrem
2288 4333 2416 4401 ejus
2438 4347 2563 4401 quae
2588 4327 2906 4401 placuisset
2935 4329 3079 4400 regi,
3105 4328 3499 4385 honorantes.

2086 4423 2141 4474 7.
2174 4419 2389 4489 Afﬂixit
2418 4421 2602 4473 autem
2630 4417 2892 4471 Dominus
2921 4416 3137 4471 Pharao
3198 4416 3667 4487 a/‘ﬂictationibus

2019 4510 2238 4577 magnis
2256 4514 2306 4562 et
2332 4506 2666 4572 saevissimis,
2695 4511 2744 4559 et
2772 4503 2993 4558 domum
3031 4521 3150 4574 ejus
3198 4515 3439 4578 propter
3488 4505 3671 4558 Suram

268 4594 508 4645 sanctus
543 4590 833 4645 Abraham
867 4608 979 4646 non
1014 4591 1205 4646 solum
1240 4591 1559 4660 studio,sed
1592 4593 1764 4650 etiam
1792 4596 1910 4651 elfi-
1940 4612 1985 4675 D
2015 4612 2241 4652 uxorem
2270 4595 2429 4651 Abrae
2458 4593 2610 4666 (Gen.
2641 4609 2742 4658 xu,
2773 4591 2879 4663 17).
2916 4591 3196 4664 Magnum
3260 4591 3672 4673 testimonium

268 4678 429 4733 cacia
460 4678 783 4750 probaverit
808 4680 1123 4748 fructuosa,
1156 4697 1273 4751 qua
1298 4681 1366 4734 ad
1403 4696 1678 4752 quercum
1729 4701 1914 4756 usque

268 4767 613 4839 pervenerit.
649 4768 802 4823 284
843 4769 965 4831 Quo
996 4766 1120 4822 loco
1164 4768 1435 4839 apparuit
1465 4768 1547 4823 illi
1610 4773 1915 4844 Dominus,

339 4909 416 4979 (7)
447 4908 542 4963 Sic
565 4908 984 4984 edit._Rom.ex_
1004 4908 1129 4963 Vat.
1164 4910 1288 4984 cod.
1307 4910 1583 4984 aquibus
1605 4929 1782 4984 quani
1806 4917 1917 4970 mi-

270 4979 494 5034 nimum
525 4981 691 5034 abest
721 4979 936 5051 Regius
968 4980 1025 5033 in
1060 4997 1175 5050 quo
1206 4979 1437 5106 legitur,
1460 4979 1689 5054 perfecit
1721 5003 1739 5038 :
1757 4990 1917 5056 [actis

270 5052 415 5106 enim
445 5050 716 5105 Abraham
747 5053 1080 5106 sapientum.
1114 5054 1219 5106 ctc.
1312 5052 1489 5106 eliuui
1534 5061 1727 5106 autem
1771 5074 1915 5106 mss-

267 5050 716 5123 enimAbraham
747 5050 1083 5123 sapientum,
1114 5054 1219 5106 ctc.
1264 5050 1489 5123 Reliqui
1534 5050 1728 5111 autem
1757 5050 1915 5114 'mss.

267 5121 516 5198 c_t‘ed‘it.,
549 5120 1034 5198 omissoperfccit,
1070 5120 1293 5195 legunt,
1349 5120 1599 5195 [acieque
1646 5132 1920 5198 praevenit

269 5194 543 5248 Abraham
572 5195 901 5264 sapientum,
936 5200 1045 5248 etc.

274 5335 301 5387 ὁ
340 5264 413 5334 (8)
446 5265 612 5319 ltum.
648 5264 766 5318 edit
798 5306 810 5328 ,
848 5264 1083 5319 obnoxia
1139 5266 1484 5336 passionibus
1537 5271 1918 5341 corruptibili-

310 5350 391 5387 us.

310 5350 391 5388 ηδ.

344 5405 418 5473 (9)
450 5403 764 5480 M‘ss_._\’at.,
802 5404 1228 5480 licg.ac_Rom.
1262 5408 1399 5461 edit.
1434 5413 1502 5480 Et
1557 5411 1673 5480 ipse
1726 5413 1918 5466 imme-

276 5490 397 5554 mor
420 5476 529 5527 sui.
564 5474 684 5528 Non
722 5474 1132 5554 malefMelius
1175 5482 1375 5554 tamen
1411 5479 1507 5535 alii
1543 5474 1685 5554 mss.
1748 5487 1922 5553 atque

274 5544 410 5598 edit.
444 5560 652 5624 memor
690 5548 797 5611 sui,
834 5547 888 5600 id
921 5555 1028 5614 est,
1062 5549 1412 5605 cenditionis
1455 5556 1511 5605 et
1561 5544 1923 5608 inﬁrmitatis

276 5631 541 5684 propriae.

348 5685 459 5755 (10)
492 5685 575 5739 Ita
607 5700 707 5739 sex
740 5700 880 5739 mss.
916 5686 1171 5741 melioris
1204 5694 1370 5743 notae.
1402 5690 1510 5745 Alii
1531 5695 1725 5747 autem
1749 5698 1923 5764 atque

2023 4687 2558 4755 documentumque
2597 4680 2885 4737 castitatis
2917 4680 3144 4736 tuenda;
3178 4682 3322 4755 (12).
3374 4668 3576 4738 Ἰλοοιιε
3603 4679 3673 4733 ita

2023 4773 2402 4838 hortatorius,
2436 4772 2495 4828 ui
2556 4768 2961 4842 unusquisque
2993 4786 3054 4825 se
3104 4774 3347 4827 castum
3407 4770 3673 4844 przehcat,

2025 4918 2166 4975 edit.
2200 4924 2254 4971 et
2278 4914 2515 4970 duratur
2543 4912 2801 4967 adversis.
2834 4912 3034 4981 famem
3064 4912 3287 4967 incidit.

2097 4988 2141 5058 (l
2164 4988 2209 5059 Ι)
2241 4985 2390 5041 Edit.
2423 4999 2789 5059 omnes,rnon
2817 4985 2930 5059 tam
2956 4984 3305 5053 superiorem
3350 5000 3531 5059 censu
3576 4996 3679 5034 am-

2028 5055 2158 5127 biat,
2187 5055 2352 5130 quam
2379 5056 2721 5130 necessitates
2751 5070 2857 5109 non
2902 5057 3141 5130 terreant
3200 5055 3531 5130 maritales:
3581 5064 3679 5130 non

2023 5124 2342 5195 monilibus,
2375 5132 2482 5182 etc.
2504 5125 2728 5180 Vocula
2757 5132 2872 5179 tam
2891 5124 3053 5180 deest
3080 5126 3284 5195 Am.ct
3315 5142 3466 5181 mss.
3499 5124 3678 5180 omni-

2026 5203 2155 5256 bus.
2190 5200 2299 5255 Sed
2332 5194 2394 5253 hi
2428 5199 2547 5253 fere
2575 5196 2647 5252 ad
2674 5212 2858 5250 unum
2890 5201 3099 5251 nostra:
3130 5194 3382 5252 lectioni
3425 5194 3679 5265 adstipu—

2028 5272 2244 5327 luntur.
2288 5271 2463 5325 Porro
2497 5267 2651 5340 quod
2682 5266 2909 5340 legunt,
2943 5283 3111 5338 quam
3168 5270 3526 5340 necessitates
3577 5278 3681 5340 non

2028 5350 2247 5398 teneant
2275 5337 2580 5406 maritales,
2614 5338 2698 5394 ita
2716 5337 3104 5409 interpretare
3133 5353 3205 5392 ac
3251 5338 3321 5409 _si
3374 5338 3678 5409 diceretur,

2072 5431 2155 5468 ua:
2188 5414 2260 5468 ob
2292 5412 2529 5467 divitias
2576 5406 2937 5481 insolescens
2983 5407 3327 5481 conjugalis
3362 5406 3678 5464 necessitu-

2072 5432 2155 5468 um
2188 5432 2260 5468 OD
2292 5432 2529 5467 annuas
2578 5432 2937 5466 ιηεοιθδῡωιε
2983 5432 3327 5481 ουυμιδωιδ
3362 5432 3556 5464 ΠΒΟυδξ

2029 5432 2187 5540 ginis
2209 5501 2312 5539 seu
2342 5480 2731 5552 conjuctionis
2760 5479 2918 5552 leges
2951 5485 3180 5552 recuset
3212 5480 3556 5552 observare.

2103 5556 2226 5636 (1?)
2248 5555 2333 5610 Ita
2362 5549 2794 5636 quinquc'mss.
2822 5549 3182 5636 probatioris
3202 5557 3381 5606 notae.
3412 5549 3531 5634 alii
3562 5558 3681 5636 vero

2031 5629 2088 5681 et
2109 5617 2279 5697 'edit.,
2309 5617 2596 5681 castitatis.
2626 5617 2922 5679 Intuendus
2953 5623 3116 5678 locus.
3152 5639 3398 5677 iurarem
3453 5617 3677 5676 incestat.
