3878 6208
210 448 322 510 445

1497 440 1601 504 DE
1646 434 2034 500 ABRAHAM
2081 436 2226 499 LIB.
2276 437 2325 501 Ι.

3494 443 3613 506 446

211 580 467 640 alienum
500 597 620 638 non
647 580 878 638 aﬂ'ectet
918 576 1177 646 thorum,
1208 592 1311 634 nec
1349 574 1569 633 latendi
1599 590 1721 646 spe,
1755 575 1857 628 aut
1883 570 1941 638 Α
1968 573 2309 644 devotionis,
2342 591 2414 633 ne
2458 574 2781 650 praetulisse
2811 575 3137 634 custodiam
3181 575 3327 633 thori
3371 578 3614 634 manda-

210 670 458 728 faciendi
491 669 844 742 impunitate
881 668 1134 725 alienam
1166 684 1403 722 uxorem
1440 667 1693 720 incessat
1721 664 1854 735 (13),

210 777 323 816 non
349 758 583 814 incuria
612 763 715 814 aut
743 757 996 813 stultitia
1036 760 1378 829 provocetur
1408 754 1730 819 mariti,aut
1758 752 1858 807 ab-

210 849 399 905 sentia
426 848 708 920 longiore.
738 847 919 902 Adest
959 844 1171 917 praesul
1213 844 1468 916 conjugii
1501 843 1655 898 Deus
1684 858 1856 914 quem

210 935 353 991 nihil
403 934 604 1002 lateat,
639 934 840 990 nullus
887 934 1113 1000 evadat,
1147 948 1316 988 nemo
1364 931 1602 986 irrideat
1634 946 1646 983 :
1674 930 1859 985 vicem

211 1023 471 1081 absentis
512 1022 707 1079 mariti
750 1026 968 1091 tuetur,
1000 1027 1193 1078 servat
1240 1020 1535 1085 excubias,
1567 1019 1685 1074 imo
1734 1019 1861 1073 sine

210 1112 473 1169 excubiis
511 1111 897 1184 deprehendit
944 1127 1107 1166 reum
1155 1113 1472 1181 antequam
1505 1108 1656 1164 285
1690 1106 1864 1162 faciat

213 1202 367 1274 quod
400 1201 720 1273 paraverit;
747 1200 807 1256 in
830 1199 1046 1255 animis
1068 1197 1462 1271 singulorum,
1485 1198 1543 1251 in
1567 1195 1863 1251 mentibus

213 1290 623 1346 universorum
654 1288 875 1344 crimen
910 1288 1193 1361 agnoscit.
1220 1288 1287 1341 Et
1316 1286 1364 1341 si
1395 1285 1670 1341 maritum
1702 1282 1865 1338 adul-

210 1382 300 1435 ter
330 1377 630 1445 fefelleris,
658 1393 773 1433 non
820 1376 974 1432 fallis
1022 1381 1206 1431 Deum
1236 1392 1248 1430 :
1276 1380 1333 1430 et
1359 1374 1406 1431 si
1435 1375 1713 1430 maritum
1741 1389 1867 1427 eva-

243 1466 382 1533 eris,
405 1471 465 1521 et
495 1466 545 1521 si
568 1466 828 1537 judicem
852 1464 963 1519 fori
984 1463 1218 1531 luseris,
1243 1480 1357 1519 non
1382 1462 1579 1519 evadis
1600 1462 1863 1533 judicem

211 1556 392 1612 totius
423 1554 650 1610 mundi.
675 1553 775 1609 Ille
804 1554 1040 1626 gravius
1079 1552 1384 1608 ulciscitur
1426 1552 1707 1622 injuriam
1738 1552 1863 1606 ino—

216 1644 329 1717 pis,
363 1642 780 1699 contumeliam
840 1641 1229 1714 imprudentis
1286 1639 1499 1696 mariti.
1546 1641 1729 1712 Major
1777 1644 1867 1695 est

215 1733 374 1790 enim
426 1731 645 1802 injuria
691 1735 1009 1795 auctorem,
1043 1747 1222 1802 quam
1271 1730 1572 1786 custodem
1622 1728 1863 1785 thalami

214 1826 486 1895 spretum
517 1825 576 1876 et
607 1838 721 1875 non
752 1819 1205 1875 consideratum.

285 1912 340 1967 8.
388 1911 804 2000 Ipseiquoque‘
845 1907 1090 2000 Pharao,
1143 1907 1280 1963 licet
1326 1923 1424 2000 rex
1471 1907 1865 2000 Egyptiorum
1896 1937 1943 2000 B

218 2015 397 2072 quem
439 2003 499 2054 et
535 1996 849 2053 insolentia
888 1996 1102 2070 regalis
1144 1995 1412 2068 potentia:
1462 1995 1782 2067 supinaret,
1814 2000 1871 2050 et

217 2087 448 2161 (Egypti
490 2086 728 2142 lascivia
772 2091 946 2157 atque
994 2085 1252 2141 luxuries
1286 2084 1539 2141 astudio
1586 2085 1871 2140 castitatis

220 2176 556 2242 abduceret,
578 2174 802 2230 vocavit
829 2174 1147 2242 Abraham,
1168 2178 1226 2229 et
1249 2174 1442 2245 arguit
1463 2191 1598 2229 eum
1621 2174 1819 2228 dicens
1854 2190 1866 2226 :

222 2264 363 2332 Quid
390 2266 491 2319 hoc
534 2265 713 2332 fecisti
738 2264 921 2317 mihi?
952 2264 1131 2330 Quare
1172 2278 1283 2317 non
1331 2263 1523 2318 dixisti
1567 2265 1708 2317 mihi
1744 2264 1872 2333 quia

223 2370 365 2410 W
390 2355 490 2406 tua
520 2356 598 2407 est
630 2371 648 2405 :
673 2352 765 2407 sed
794 2351 989 2406 dixisti
1018 2351 1161 2405 mihi
1202 2354 1334 2422 quia
1363 2367 1515 2405 soror
1544 2361 1639 2406 tua
1668 2359 1745 2406 est
1773 2371 1792 2404 :
1823 2357 1871 2405 et

220 2457 565 2514 sumpseram
594 2457 715 2495 eam
762 2440 903 2494 mihi
948 2443 1210 2495 uxorem?
1236 2442 1300 2494 Et
1327 2457 1474 2496 nunc
1517 2456 1627 2496 esse
1672 2441 1875 2495 mulier

221 2535 316 2588 tua
345 2534 480 2586 ante
509 2538 562 2584 te
585 2528 743 2595 (Ibid.
779 2529 866 2592 18,
902 2528 1012 2597 19).
1039 2529 1157 2584 Etsi
1202 2533 1412 2584 natura
1458 2529 1615 2585 ferus
1644 2545 1710 2584 ac
1740 2530 1874 2583 bar-

226 2621 635 2684 barus,tamen
660 2616 953 2688 significat
965 2616 1139 2671 etiam
1153 2618 1364 2673 exteris
1388 2634 1454 2673 ac
1475 2618 1740 2672 barbaris
1759 2634 1877 2672 mo-

222 2708 390 2763 ribus
422 2707 537 2777 (14)
568 2721 697 2760 esse
744 2722 942 2760 curam
992 2706 1253 2776 pudoris,
1276 2711 1334 2760 et
1384 2706 1653 2761 adulterii
1699 2706 1874 2761 etiam

221 2796 333 2852 sibi
368 2810 594 2851 crimen
625 2793 966 2848 cavendum.
990 2794 1098 2856 Qui
1130 2795 1438 2866 praetendit
1464 2794 1874 2867 ignorantiam,

222 2886 581 2942 condemnat
602 2882 1131 2953 intemperantiam.
1152 2883 1268 2938 Nec
1290 2883 1504 2939 mirum
1523 2883 1572 2938 si
1593 2884 1879 2939 barbarus

216 2975 319 3044 jus
348 2972 515 3027 novit
543 2975 763 3025 natura:
788 2986 802 3024 :
827 2974 989 3025 muta
1011 2971 1288 3026 animalia
1311 2987 1439 3042 qua
1471 2971 1649 3028 nullis
1674 2976 1877 3028 tenen-

222 3067 322 3118 tur
347 3060 604 3133 legibus,
639 3062 779 3114 sunt
807 3063 1001 3114 tamen
1024 3058 1136 3128 (15)
1158 3059 1355 3131 aliqua
1384 3077 1508 3132 qua:
1540 3076 1655 3115 non
1686 3060 1877 3115 solum

224 3148 472 3221 paribus
515 3147 639 3202 suis
685 3145 903 3217 copulae
950 3151 1179 3201 servent
1225 3148 1421 3213 ﬁdem,
1453 3164 1653 3204 verum
1703 3149 1879 3204 etiam

228 3236 419 3293 coitus
468 3233 646 3289 unius
673 3235 1000 3290 castitatem
1035 3234 1387 3290 custodiant.
1422 3237 1507 3291 Ita
1554 3238 1742 3308 major
1786 3236 1879 3292 lex

1967 665 2043 720 tis
2093 666 2386 721 videretur
2430 666 2784 723 coelestibus.
2810 668 3010 739 Itaque
3056 668 3332 739 quoniam
3381 672 3616 740 propter

1969 759 2147 810 Deum
2182 756 2533 826 contempsit
2554 756 2771 823 omnia,
2796 755 3011 828 recepit
3029 773 3062 810 a
3083 756 3197 811 Deo
3229 754 3618 827 multiplicata

1969 843 2167 898 omnia
2199 860 2212 898 :
2246 844 2345 898 sed
2376 845 2625 915 primam
2660 844 2814 900 Deus
2846 844 3138 917 pudicitiae
3169 844 3376 899 tribuit
3421 860 3616 899 remu-

1970 930 2354 998 nerationem,
2396 948 2571 1003 quam
2616 938 2841 1004 gratam
2893 933 3114 989 sciebat
3170 932 3424 1006 conjugi.
3469 934 3617 988 Nam

1970 1020 2110 1091 quia
2140 1020 2336 1075 studio
2377 1022 2630 1077 obeundi
2668 1022 2920 1078 celestis
2966 1021 3185 1078 oraculi
3226 1024 3338 1093 (16)
3379 1038 3618 1077 uxorem

1972 1126 2204 1180 quoque
2236 1110 2291 1163 in
2326 1109 2649 1181 periculum
2681 1110 2921 1166 deduxit
2950 1112 3212 1183 pudoris,
3239 1110 3413 1167 etiam
3445 1110 3617 1167 casti-

1973 1198 2230 1252 moniam
2263 1198 2520 1269 conjugii
2553 1199 2835 1254 defendit.

2522 1306 2675 1361 286
2705 1306 2937 1362 CAPUT
2977 1307 3072 1363 III.

1975 1392 2314 1468 Decheteris
2345 1393 2927 1468 Abrahae‘virtutibus,
2959 1397 3227 1452 nimirum
3273 1396 3339 1453 de
3380 1398 3619 1468 pruden-

2044 1463 2125 1537 tia
2151 1464 2351 1537 ejusin
2383 1465 2754 1537 rescindendis
2794 1469 3048 1521 rixarum
3079 1470 3277 1531 causis,
3304 1463 3533 1537 justitia
3564 1470 3621 1523 in

2044 1533 2348 1607 dividendo,
2378 1536 2476 1589 ubi
2502 1540 2553 1590 et
2580 1536 2647 1590 de
2678 1537 3046 1607 imprudentia
3082 1540 3209 1591 Loth
3251 1533 3480 1594 arumnis
3506 1543 3594 1595 uti
3604 1568 3619 1579 ο

2046 1605 2126 1658 lia
2153 1608 2537 1679 postponentis,
2570 1605 2794 1677 ejusque
2827 1625 2985 1679 paena
3020 1626 3032 1662 :
3065 1620 3179 1663 tum
3228 1609 3293 1663 de
3342 1613 3533 1679 patrui
3562 1613 3622 1665 in

2047 1679 2227 1747 ipsum
2263 1676 2550 1743 Charitate,
2596 1676 2912 1747 ’pietate'in
2956 1681 3145 1738 Deum.
3176 1676 3513 1736 continentia
3563 1684 3621 1735 in

2048 1749 2297 1822 victoria,
2327 1757 2378 1822 et
2404 1749 2664 1803 mercedis
2691 1767 2727 1805 a
2755 1751 2860 1805 Deo
2898 1753 3194 1822 proposita
3236 1752 3523 1813 electione;
3554 1768 3627 1806 ac

2049 1820 2277 1901 tandem
2312 1819 2377 1901 de
2428 1828 2639 1901 accepto
2683 1819 2913 1891 futura,”
2934 1819 3267 1892 posteritatis
3314 1830 3366 1878 et
3414 1823 3627 1880 Christi

2041 1892 2322 1959 noscitari
2348 1892 2630 1961 promisso.

2050 1996 2137 2050 10.
2170 1995 2396 2051 Primae
2428 1996 2608 2067 igitur
2636 2001 2831 2069 partes
2869 1997 2982 2053 sibi
3015 1999 3179 2069 justo
3210 1998 3411 2055 ordine
3437 2000 3626 2055 vindi-

1977 2084 2128 2144 cavit
2182 2085 2427 2139 devotio.
2460 2085 2777 2140 Videamus
2834 2090 2890 2140 et
2944 2092 3276 2144 caaterarum
3338 2088 3625 2143 virtutum

1979 2172 2250 2244 gratiam.
2312 2172 2672 2228 Mulcebatur
2728 2180 2968 2229 sanctus
3038 2175 3330 2230 Abraham
3398 2176 3626 2247 nepotis

1981 2260 2290 2333 praesentia
2330 2262 2423 2315 cui
2468 2261 2720 2332 patrium
2754 2261 3025 2317 allectum
3057 2263 3384 2319 exhibebat.
3424 2264 3631 2319 incidit

1982 2350 2107 2404 rixa
2138 2350 2291 2405 inter
2325 2349 2587 2405 servulos
2619 2351 2844 2422 nepotis
2874 2356 2929 2405 et
2959 2353 3171 2421 patrui.
3202 2353 3461 2408 Advertit
3490 2370 3626 2424 pru-

1984 2439 2213 2493 dentior
2290 2438 2655 2493 servulorum
2722 2440 3186 2495 dissensionibus
3254 2441 3628 2497 dominorum

1982 2526 2353 2581 concordiam
2386 2526 2530 2581 solvi
2571 2527 2774 2594 solere,
2808 2529 3131 2599 amputavit
3167 2529 3375 2584 ﬁbram
3409 2530 3626 2603 discor-

1984 2614 2091 2669 diae
2122 2615 2255 2686 (17),
2284 2631 2356 2670 ne
2383 2616 2714 2687 contagium
2763 2623 3037 2688 serperet.
3062 2615 3444 2673 Tolerabilius
3474 2618 3628 2673 enim

1986 2705 2209 2775 putavit
2237 2709 2303 2758 ut
2332 2703 2541 2775 capula
2579 2708 3063 2775 sequestraretur,
3098 2721 3274 2777 quam
3322 2705 3511 2777 gratia
3541 2706 3627 2761 di-

1986 2792 2311 2847 rimeretur.
2345 2792 2503 2856 Quod
2542 2796 2599 2848 te
2641 2792 2828 2848 facere
2875 2796 3120 2865 oportet,
3152 2794 3202 2849 si
3250 2794 3395 2850 forte
3423 2794 3632 2866 hujus-

1986 2882 2143 2937 modi
2174 2880 2396 2952 aliquid
2428 2880 2723 2947 incideris,
2749 2887 2815 2937 ut
2838 2881 3218 2938 seminarium
3248 2882 3633 2939 dissensionis

1986 2972 2235 3025 auferas.
2277 2970 2474 3041 Neque
2523 2969 2679 3024 enim
2728 2973 2793 3024 tu
2843 2970 3048 3025 fortior
3094 2988 3270 3043 quam
3316 2971 3630 3027 Abraham.

1986 3056 2086 3113 Ille
2136 3057 2486 3112 declinanda
2543 3058 2790 3125 censuit,
2843 3075 2956 3113 non
3006 3059 3379 3132 despicienda
3433 3076 3633 3116 servu-

1985 3145 2174 3202 lorum
2200 3145 2418 3217 jurgia.
2452 3146 2521 3200 Et
2568 3146 2615 3201 si
2658 3150 2719 3200 tu
2755 3146 2975 3214 fortior,
3010 3163 3145 3203 cave
3175 3164 3247 3203 ne
3278 3148 3425 3203 alter
3469 3148 3632 3203 infir-

1990 3234 2137 3289 mior
2196 3233 2292 3305 qui
2352 3250 2553 3289 aurem
2616 3233 2870 3306 przebeat
2927 3234 3289 3291 servulorum
3349 3237 3628 3292 susurris.

136 3352 155 3359 ε
227 3330 475 3389 naturae,
509 3339 685 3394 quam
729 3322 924 3395 legum
973 3323 1332 3395 praescriptio
1362 3329 1470 3379 est.
1505 3325 1629 3379 Non
1661 3326 1875 3381 mirum
1907 3297 1949 3363 C
1990 3324 2342 3393 Frequenter
2372 3321 2621 3376 indivisa
2663 3322 2897 3376 servitia
2926 3323 3078 3377 inter
3116 3327 3385 3395 parentes
3415 3324 3634 3379 discor-

228 3429 365 3486 ergo
397 3412 448 3467 si
488 3418 545 3466 et
573 3411 681 3466 iste
710 3410 1011 3483 Egyptius
1042 3427 1139 3466 rex
1179 3411 1362 3466 Deum
1392 3412 1610 3478 timuit,
1642 3414 1742 3486 qui
1774 3414 1877 3469 ho-

230 3503 429 3557 minen
463 3516 577 3555 non
610 3500 874 3567 timebat,
906 3504 964 3554 et
993 3515 1223 3571 pcenam
1257 3498 1429 3555 solvit
1458 3500 1749 3567 adulterii,
1777 3503 1877 3574 qui

226 3588 410 3645 nullis
441 3603 578 3643 reus
607 3588 912 3643 tenebatur
951 3586 1178 3659 legibus
1212 3603 1225 3642 :
1259 3588 1577 3661 statimque
1605 3590 1705 3645 ubi
1736 3590 1877 3646 alie-

227 3695 365 3733 nam
395 3692 528 3733 esse
558 3677 827 3747 cognovit
856 3692 1116 3741 uxorem,
1147 3692 1264 3730 non
1296 3676 1487 3731 solum
1516 3679 1728 3732 marito
1758 3679 1878 3734 red-

229 3767 401 3829 didit,
434 3781 640 3820 verum
671 3765 847 3818 etiam
880 3768 1283 3836 prosecutores
1314 3765 1474 3819 dedit
1502 3765 1602 3836 qui
1631 3767 1878 3822 deduce-

229 3859 359 3910 rent
405 3870 578 3919 eum;
611 3868 684 3907 ne
714 3853 847 3924 quis
895 3852 965 3907 de
1021 3851 1237 3924 populo
1296 3853 1544 3908 barbaro
1602 3855 1882 3926 irrogaret

229 3942 569 3999 violentiam
598 3940 685 3996 vel
714 3939 940 4012 peculio
972 3939 1097 4010 viri,
1126 3941 1210 3996 vel
1246 3941 1441 3997 uxoris
1470 3942 1699 4013 pudori.

299 4033 353 4086 9.
378 4027 819 4086 Pulcherrimus
838 4034 927 4084 est
943 4028 1039 4083 hic
1071 4027 1234 4084 locus
1264 4030 1332 4084 ad
1367 4029 1728 4085 incitandum
1756 4035 1879 4087 stu-

234 4119 399 4174 dium
439 4116 785 4179 devotionis,
810 4117 965 4187 quod
998 4117 1048 4172 is
1079 4117 1180 4188 qui
1211 4117 1394 4173 Deum
1426 4121 1692 4190 sequitur
1717 4124 1880 4176 tutus

231 4223 468 4279 semper
495 4210 603 4261 est.
626 4205 695 4259 Et
724 4204 852 4260 ideo
874 4205 1057 4260 Deum
1090 4205 1356 4277 praeferre
1386 4208 1668 4263 debemus
1698 4208 1884 4263 omni-

230 4294 362 4364 bus,
398 4309 506 4349 nec
538 4293 737 4364 patriae
767 4294 1084 4358 contuitus,
1118 4310 1221 4349 nec
1254 4301 1563 4366 parentum
1594 4295 1877 4351 ﬁliorum-

233 4398 342 4455 que
362 4381 578 4455 gratia,
597 4396 703 4435 nec
724 4381 918 4436 uxoris
936 4382 1353 4453 contemplatio
1376 4400 1482 4439 nos
1503 4400 1767 4441 revocare
1787 4385 1881 4440 de-

233 4470 327 4526 bet
364 4470 439 4525 ab
470 4468 841 4524 exsecutione
890 4476 1308 4541 praeceptorum
1358 4458 1708 4538 caelestium;
1740 4473 1879 4544 quia

232 4563 382 4614 Deus
409 4557 581 4613 nobis
629 4556 827 4612 omnia
856 4555 958 4611 illa
986 4556 1253 4628 largitur,
1286 4563 1343 4613 et
1366 4564 1573 4630 potens
1619 4567 1709 4617 est
1754 4577 1874 4616 ser-

1987 3411 2141 3465 diam
2192 3415 2411 3464 serunt.
2448 3410 2646 3465 Divide
2692 3410 2909 3481 potius,
2959 3416 3023 3465 ut
3074 3416 3306 3467 maneat
3352 3412 3631 3467 amicitia.

1987 3499 2240 3554 Indivisa
2271 3499 2483 3553 domus
2509 3499 2657 3554 duos
2700 3515 2815 3553 non
2861 3499 3130 3554 sustinet.
3164 3500 3368 3556 Nonne
3420 3499 3633 3557 melius

1987 3594 2077 3643 est
2117 3589 2401 3658 emigrare
2450 3604 2584 3643 cum
2642 3589 2849 3659 gratia,
2883 3603 3058 3659 quam
3108 3588 3440 3644 cohabitare
3498 3606 3630 3644 cum

1988 3676 2280 3731 discordia
2297 3675 2325 3729 ‘l

2061 3765 2143 3819 11.
2185 3766 2315 3835 Ipsa
2347 3781 2579 3836 quoque
2621 3764 2945 3834 cujusmodi
2978 3782 3106 3821 esse
3151 3767 3359 3821 debeat
3405 3765 3631 3831 divisio,

1989 3853 2316 3926 patriarcha
2366 3853 2586 3908 edocet.
2621 3854 2869 3909 Firmior
2915 3854 3153 3917 dividat,
3201 3854 3489 3909 infirmior
3530 3853 3632 3908 eli—

1990 3945 2107 4013 gat,
2142 3958 2212 3996 ne
2244 3941 2453 3996 habeat
2473 3940 2628 4011 quod
2669 3946 2964 4011 queratur.
2991 3941 3298 3996 Electionis
3330 3942 3484 3996 enim
3517 3958 3632 3997 suae

1990 4034 2211 4101 partem
2247 4045 2360 4083 non
2416 4029 2625 4099 poterit
2667 4029 3033 4084 calumniari.
3067 4030 3189 4083 Non
3226 4030 3440 4085 residet
3466 4046 3630 4085 occa-

1989 4118 2075 4172 sio
2114 4116 2413 4172 resiliendi
2444 4117 2536 4171 cui
2570 4117 2744 4171 datur
2771 4118 2927 4187 optio
2970 4117 3240 4186 eligendi,
3264 4134 3371 4173 nec
3417 4118 3634 4174 divisor

1987 4210 2278 4276 gravatur.
2313 4206 2459 4261 Nam
2490 4221 2605 4275 quo
2654 4205 3016 4275 prudentior,
3049 4222 3115 4260 eo
3145 4206 3397 4271 cautior;
3435 4211 3497 4261 ut
3528 4223 3632 4262 nec

1988 4296 2046 4349 in
2080 4293 2360 4350 divisione
2386 4293 2919 4357 circumscribatur,
2944 4310 3047 4347 nec
3080 4295 3137 4347 in
3169 4294 3447 4350 electione
3480 4297 3633 4351 frau-

1987 4384 2174 4437 detur.

2059 4474 2143 4526 12.
2175 4471 2376 4527 Divisit
2424 4470 2740 4536 Abraham,
2771 4473 2901 4541 quia
2945 4487 3057 4527 non
3104 4473 3365 4544 rapivlmt,
3415 4474 3628 4545 inquit,

1986 4562 2112 4616 illos
2167 4565 2315 4616 terra
2375 4560 2621 4615 habitare
2675 4561 2843 4615 simul
2902 4559 3053 4626 (Gen.
3084 4579 3206 4617 xm.
3239 4564 3317 4632 6).
3350 4562 3490 4634 quia
3543 4563 3627 4617 ni-

229 4662 361 4702 vare
384 4662 514 4717 qum
560 4644 990 4717 donat.ltaque
1029 4662 1311 4718 magnum
1352 4648 1682 4720 exemplum
1715 4650 1879 4705 devo-
1906 4658 1953 4722 Β
1986 4651 2173 4705 mium
2218 4649 2425 4705 divites
2480 4654 2663 4704 erant.
2699 4648 2983 4704 Saeculare
3040 4650 3244 4705 vilium
3304 4656 3370 4706 ut
3425 4652 3632 4708 divites

223 4735 406 4791 tionis
436 4734 700 4800 Abrahae,
721 4734 875 4805 quod
908 4751 1040 4789 cum
1072 4751 1249 4792 uxore
1280 4738 1542 4808 speciosa
1580 4738 1878 4794 descendit

220 4826 283 4880 in
316 4824 646 4896 Egyptum.
670 4823 805 4877 Erat
832 4823 1068 4893 quidem
1091 4826 1254 4894 justo
1279 4825 1400 4880 viro
1430 4842 1569 4881 cura
1597 4829 1874 4899 conjuga-

221 4911 298 4968 lis
330 4909 624 4981 pudicitia:
652 4927 666 4965 :
712 4911 812 4965 sed
846 4911 1041 4980 majus
1067 4917 1192 4967 erat
1219 4913 1484 4969 studium
1516 4919 1657 4970 mati
1683 4916 1874 4971 randae

294 5079 410 5149 (13)
438 5078 616 5145 Edit.,
649 5079 894 5133 alienam
924 5095 1149 5134 ueterem
1177 5081 1416 5137 incestet.
1450 5083 1694 5148 Quidam
1729 5102 1871 5143 mss.

221 5154 486 5217 incesset;
520 5150 772 5221 potiores
801 5153 867 5204 ut
895 5166 1002 5205 nos
1034 5150 1093 5205 in
1125 5157 1304 5206 textu.
1526 5194 1535 5206 .

322 5222 409 5289 14)
439 5219 581 5276 Mss.
618 5219 862 5291 aliquot,
894 5224 1135 5277 externis
1163 5239 1227 5276 ac
1257 5224 1507 5279 barbaris
1535 5228 1833 5283 erroribus.

320 5292 407 5362 15)
433 5291 586 5370 Εᾶὶι..
620 5307 857 5370 omnes,
888 5293 1025 5370 licet
1058 5293 1230 5370 nullis
1259 5296 1706 5370 constringuntur
1735 5299 1874 5370 legi-

221 5365 340 5428 bus,
377 5372 510 5419 sunt
556 5366 760 5435 tamen,
812 5367 918 5435 etc.
971 5363 1110 5419 Mss.
1146 5364 1282 5432 duo,
1310 5382 1413 5435 quo
1462 5363 1672 5424 nullius
1721 5363 1871 5429 sunt.

220 5450 403 5501 amen,
430 5438 543 5489 etc.
578 5432 687 5487 Alii
719 5438 783 5488 ut
812 5432 869 5488 in
898 5437 1187 5489 contextu.

293 5505 402 5577 (16)
437 5505 579 5578 Reg.
626 5521 734 5559 ms.
785 5505 1035 5578 obeundi
1061 5505 1411 5578 solvendique
1438 5509 1620 5564 volam
1648 5512 1875 5567 scelestis

221 5576 451 5633 oraculi.
485 5576 555 5631 Et
588 5579 722 5646 post
751 5592 956 5646 pauca,
981 5576 1082 5631 ubi
1118 5576 1448 5646 complures
1473 5596 1615 5637 mss.
1648 5586 1705 5636 et
1733 5583 1871 5639 edit.

222 5663 429 5736 ginnas
456 5647 666 5736 legunt
693 5649 1108 5736 castimoniam;
1133 5648 1218 5736 ibi
1246 5647 1412 5704 Corb.
1440 5655 1495 5736 et
1526 5651 1622 5706 alii
1656 5652 1878 5736 aliquot

222 5715 439 5779 habent
499 5715 907 5774 castimoniam.
956 5718 1072 5775 Nec
1130 5719 1323 5776 forsan
1379 5720 1529 5777 male
1591 5741 1603 5778 :
1663 5715 1877 5797 legitur

1983 4743 2138 4795 terra
2167 4756 2280 4794 non
2312 4738 2517 4809 capiat.
2553 4736 2707 4791 Nihil
2741 4738 2898 4793 enim
2930 4739 3073 4793 satis
3117 4743 3206 4795 est
3249 4741 3493 4796 divitum
3526 4758 3630 4795 cu—

1985 4826 2231 4899 piditati.
2282 4826 2520 4891 Quando
2568 4825 2744 4880 ditior
2788 4827 2921 4897 quis
2973 4827 3165 4891 fuerit,
3198 4832 3360 4882 tanto
3410 4827 3631 4884 avidior

1984 4918 2055 4971 ad
2123 4914 2543 4987 possidendum
2606 4920 2713 4968 est.
2774 4915 3090 4969 Extendere
3154 4913 3279 4984 agri
3343 4916 3629 4973 terminos

1984 5084 2139 5139 enim
2200 5081 2351 5152 apud
2410 5078 2798 5152 Augustinum
2850 5080 2907 5152 in
2956 5079 3291 5152 psal.xx1x,
3338 5098 3503 5137 num.
3540 5084 3627 5151 l3,

1981 5150 2403 5222 sarwtimoniuni
2425 5150 2527 5222 pro
2550 5151 2958 5222 sanctimonia,
2983 5150 3066 5222 vel
3091 5152 3628 5210 sanctimonialium

1982 5220 2552 5297 professione._Porro
2572 5237 2683 5297 non
2708 5220 2939 5297 defuere
2961 5221 3058 5292 qui
3078 5222 3476 5279 Abrahamum
3502 5241 3630 5296 pro-

1982 5290 2085 5351 diti
2121 5294 2317 5348 uxoris
2355 5290 2778 5365 Sarze‘pudoris
2819 5290 3188 5365 accusarent;
3223 5310 3397 5365 quem
3430 5290 3627 5352 tamen

1984 5371 2133 5422 recte
2155 5365 2255 5421 SS.
2281 5365 2477 5419 Patres
2501 5362 2848 5425 defendunt;
2879 5362 3099 5420 scilicet
3118 5362 3316 5420 Ambr.
3341 5364 3450 5421 hoc
3472 5368 3532 5422 in
3566 5367 3630 5422 li-

1982 5441 2115 5503 bro;
2144 5437 2468 5507 Augscont.
2503 5433 2800 5507 Faustum.
2840 5432 2941 5507 lib.
2971 5453 3106 5507 xxii,
3134 5453 3180 5489 ρ.
3207 5438 3294 5503 33,
3328 5441 3383 5492 et
3415 5438 3626 5502 Quaest.

1981 5511 2052 5564 26
2082 5502 2269 5579 super'
2286 5506 2423 5579 Qen.
2451 5508 2506 5559 et
2537 5502 2705 5579 alibi;
2738 5504 2889 5579 Ilicr.
2915 5506 2983 5560 de
3014 5502 3351 5579 Tradrlleb.
3378 5508 3434 5563 in
3458 5510 3626 5579 Gen.;

1984 5574 2267 5650 Theodor.
2300 5576 2510 5640 Quast.
2544 5576 2616 5630 0'2
2644 5574 2705 5650 in
2737 5574 2902 5642 Gen.,
2936 5581 2992 5632 et
3021 5577 3367 5650 aliiiplures.

2055 5650 2168 5725 (17)
2201 5649 2339 5705 Mss.
2385 5664 2497 5703 non
2544 5646 2730 5721 pauci,
2765 5651 3067 5719 amputavit
3110 5646 3383 5717 ﬁmbriam
3419 5651 3625 5707 discor-

1983 5725 2112 5781 dia}.
