3878 6208
332 363 449 425 44⁸7

1785 362 1850 426 S.
1899 362 2279 428 AMBROSII

3591 375 3697 440 418

332 494 516 569 cupit,
546 500 603 553 et
629 494 887 553 vicinum
928 494 1249 554 excludere.
1288 494 1584 569 Numquid
1632 494 1973 569 hujusmodi
2002 501 2058 567 Α
2085 500 2205 553 tem
2263 494 2857 572 ﬂagitiosissimorum
2914 496 3192 576 elegerat;
3251 500 3496 561 Sodoma
3555 507 3695 565 enim

331 585 667 642 Abraham?
712 586 969 650 Minime,
1002 586 1267 658 quamvis
1308 586 1366 641 in
1416 584 1699 659 principio
1748 590 1805 641 et
1852 586 1977 658 ipse

328 674 738 749 imperfectior.
760 674 921 730 Unde
967 674 1122 729 enim
1172 674 1445 747 perfectio
1477 678 1610 730 ante
1658 674 1974 730 adventum

331 764 597 819 Christi?
628 764 896 818 Nondum
926 767 1161 819 venerat
1199 763 1299 836 qui
1330 764 1546 819 diceret
1579 781 1592 818 :
1628 764 1687 818 Si
1730 766 1808 818 vis
1846 778 1974 835 per-

326 856 499 923 fectus
544 869 675 919 esse,
699 852 853 919 vade,
879 852 1047 907 vende
1075 854 1263 908 omnia
1290 855 1408 918 tua,
1430 856 1479 908 et
1526 853 1593 907 da
1622 852 1971 924 pauperibus,

327 945 378 996 et
409 944 552 1007 veni.
584 957 800 1013 sequere
841 958 928 996 me
954 941 1162 1011 (Matth.
1195 959 1309 1009 xux,
1340 942 1449 1013 2|).
1485 942 1703 996 Tamen
1752 945 1819 995 ut
1865 940 1972 995 mi-

326 1030 485 1086 nime
529 1047 739 1086 avarus
787 1029 1127 1086 electionem
1178 1031 1362 1097 oll‘ert,
1398 1034 1461 1085 ut
1499 1032 1699 1101 justus
1747 1029 1974 1085 dissen-

324 1119 551 1175 sionem
583 1123 869 1191 amputat.
904 1121 1016 1174 Non
1066 1121 1156 1187 sit,
1186 1119 1396 1191 inquit,
1430 1122 1559 1174 ritca
1605 1121 1747 1173 inter
1792 1135 1877 1173 me
1924 1126 1974 1173 et

324 1211 395 1274 te,
427 1217 476 1264 et
508 1210 654 1264 inter
702 1216 947 1279 pastores
990 1223 1133 1263 meos
1163 1212 1211 1263 et
1241 1216 1477 1278 pastores
1527 1216 1663 1275 tuos,
1696 1209 1827 1278 quia
1873 1207 1972 1262 ho-

324 1299 501 1353 mines
530 1314 627 1353 nos
653 1300 854 1369 fratres
876 1313 1085 1353 sumus.
1118 1297 1308 1352 Nonne
1351 1313 1469 1351 ecce
1519 1304 1625 1351 tota
1672 1300 1817 1351 terra
1847 1299 1973 1351 ante

326 1393 378 1440 te
408 1390 524 1441 est?
565 1386 781 1441 Discede
816 1402 852 1440 a
895 1402 981 1439 me
1033 1402 1052 1439 :
1100 1386 1151 1439 si
1193 1387 1255 1439 tu
1306 1386 1363 1438 in
1411 1386 1716 1453 sinistram,
1760 1400 1855 1452 ego
1912 1386 1968 1438 in

323 1474 600 1530 dexteram
634 1493 651 1528 :
684 1475 766 1529 vel
796 1476 845 1528 si
892 1482 950 1529 tu
999 1476 1058 1529 in
1101 1474 1404 1541 dexteram,
1439 1489 1532 1544 ego
1580 1476 1638 1529 in
1684 1475 1971 1529 sinistram

321 1561 474 1634 (Gen.
509 1580 630 1633 xui,
661 1565 715 1629 8,
747 1564 822 1633 9).

398 1653 484 1708 13.
515 1654 582 1709 Et
628 1653 829 1707 levavit
876 1653 1056 1707 oculos
1106 1652 1197 1707 Lot
1227 1652 1358 1723 (18),
1398 1656 1451 1708 et
1492 1653 1653 1723 elegit
1697 1653 1972 1720 irriguum

319 1745 612 1814 regionem,
659 1742 803 1797 287
869 1741 1079 1813 inquit,
1130 1740 1420 1807 Iordanis,
1472 1743 1603 1814 quia
1651 1745 1762 1797 tota
1808 1742 1968 1813 riga-

323 1831 503 1899 batur,
534 1840 584 1886 et
615 1834 729 1930 erat
758 1831 895 1885 sicut
925 1829 1216 1937 paradisus
1245 1830 1342 1937 Dei
1371 1832 1527 1899 (Ibid.
1565 1830 1672 1903 10).
1709 1829 1967 1937 Plerum-
1997 1871 2046 1937 B

320 1936 435 1993 que
464 1918 862 1992 possessiones
912 1918 1231 1973 obveniunt
1269 1918 1663 1985 hiereditarize,
1698 1917 1821 1973 alia:
1852 1917 1968 1973 uti-

320 2008 515 2075 liores,
549 2007 672 2063 alia:
731 2006 1097 2063 amoeniores.
1149 2007 1272 2062 Non
1330 2007 1533 2079 utique
1592 2007 1648 2062 in
1704 2007 1967 2080 portione

318 2097 584 2154 secundm
616 2100 757 2152 sunt
784 2097 918 2169 (19).
951 2097 1097 2151 Nam
1130 2096 1335 2169 incipit
1379 2096 1566 2150 minui
1599 2094 1965 2167 singularum

318 2185 615 2243 meritum.
648 2185 760 2242 Sed
793 2184 843 2241 si
875 2201 989 2240 non
1039 2188 1259 2256 queunt
1308 2189 1501 2257 partes
1533 2185 1604 2238 de
1635 2183 1966 2239 utilioribus

317 2274 642 2343 convenire,
674 2273 1047 2330 conferantur
1076 2289 1316 2327 amoenae
1348 2272 1699 2328 utilioribus.
1729 2271 1967 2328 Diversa

316 2360 625 2419 hominum
656 2362 892 2435 ingenia
937 2365 1073 2417 sunt
1106 2380 1119 2417 ε
1154 2361 1298 2417 alios
1342 2360 1528 2428 utilia,
1562 2361 1708 2417 alios
1739 2377 1967 2416 amoena

317 2450 624 2508 delectant.
659 2450 950 2505 Infirmior
979 2451 1297 2505 ammniora
1325 2449 1505 2522 eligit,
1536 2449 1771 2505 utiliora
1801 2449 1962 2505 fasti-

316 2539 419 2595 dit.
453 2537 698 2595 Villicus
737 2555 1157 2611 nonnunquam
1200 2538 1363 2594 utilis
1393 2543 1503 2605 est,
1533 2537 1618 2593 vel
1651 2542 1812 2593 actor
1840 2537 1962 2611 agri

314 2628 427 2701 (20)
457 2628 753 2684 confertur
800 2628 1043 2683 urbano.
1081 2627 1140 2683 Si
1190 2627 1475 2698 insipiens
1507 2626 1584 2682 sit
1625 2625 1837 2682 elector
1863 2632 1965 2682 aut

315 2732 517 2772 cocum
565 2716 752 2789 eligit,
794 2721 896 2772 aut
939 2715 1194 2771 vocalem
1228 2716 1340 2786 (21)
1391 2731 1565 2787 quem
1612 2715 1963 2771 venustioris

313 2804 511 2877 gratiae
561 2809 746 2877 putat,
780 2804 995 2859 refutat
1041 2803 1357 2858 utiliorem.
1390 2802 1737 2874 Plerumque
1785 2803 1960 2859 etiam

313 2894 415 2949 ubi
463 2893 689 2948 fructus
746 2909 861 2946 non
922 2885 1179 2963 impares
1237 2895 1376 2947 sunt
1433 2892 1565 2962 (22),
1622 2892 1963 2963 prudentior

314 2982 634 3039 amceniora
677 2979 951 3036 declinat.
985 2980 1109 3035 Cito
1157 2978 1436 3035 invidiam
1478 2985 1727 3046 movent,
1757 2980 1869 3036 cito
1900 2980 1958 3035 in

315 3088 377 3128 se
408 3070 658 3127 excitant
706 3074 959 3125 mentem
1010 3069 1187 3124 avari.
1222 3067 1325 3124 Hic
1371 3072 1566 3125 tamen
1620 3068 1762 3124 nihil
1816 3069 1963 3129 dixit

313 3159 617 3232 Scriptura
645 3159 716 3214 de
747 3174 813 3213 eo
844 3158 999 3230 quod
1040 3156 1152 3213 alia
1182 3174 1317 3230 pars
1364 3157 1581 3225 utilior,
1615 3156 1730 3213 alia
1780 3174 1960 3213 amoe-

2085 584 2315 643 luxuria
2338 592 2513 661 atque
2534 587 2772 647 lascivia
2794 590 3159 663 est.Ideoque
3186 591 3489 651 declinatio
3509 594 3696 654 Latina

2084 675 2560 749 interpretatione
2588 678 2805 735 dicitur
2843 680 2971 747 Lot,
2998 680 3152 752 quod
3185 681 3237 736 is
3264 681 3403 737 vitia
3429 682 3582 757 eligit
3608 686 3693 757 qui

2085 779 2119 818 a
2146 763 2358 819 virtute
2391 763 2664 831 declinat,
2697 770 2755 822 et
2784 766 2856 822 ab
2882 767 3152 839 aequitate
3181 768 3448 825 deflectit.

2156 852 2241 907 15.
2274 853 2384 921 Quo
2426 862 2690 926 comperto
2732 856 2935 911 Abram
2960 859 3271 912 numeravit
3316 860 3544 915 servulos
3585 877 3694 917 suos

2084 942 2398 997 vernaculos
2440 941 2591 1013 (Gen.
2624 959 2736 1011 xrv,
2772 945 2888 1013 14);
2925 949 2983 1000 et
3027 961 3160 1001 cum
3209 947 3475 1004 trecentis
3516 948 3689 1006 decem

2082 1033 2139 1084 et
2163 1033 2290 1085 octo
2319 1029 2460 1086 viris
2498 1031 2743 1103 adeptus
2771 1032 3095 1102 victoriam,
3126 1033 3388 1091 liberavit
3428 1040 3687 1108 nepotem.

2083 1116 2366 1173 Probatur
2416 1118 2718 1176 divisionis
2766 1120 3030 1187 affectus,
3060 1123 3295 1193 quando
3350 1123 3431 1179 sic
3483 1126 3690 1181 amabat

2080 1209 2373 1277 nepotem,
2398 1211 2463 1262 ut
2491 1224 2593 1280 pro
2623 1224 2689 1265 eo
2719 1225 2824 1265 nec
2864 1209 2996 1265 belli
3025 1209 3343 1267 declinaret
3371 1211 3685 1285 periculum.

2080 1292 2226 1358 Quid
2275 1299 2384 1361 est,
2423 1300 2779 1352 numeravit?
2824 1297 2941 1354 Hoc
2987 1302 3095 1365 est,
3146 1298 3335 1372 elegit.
3368 1300 3522 1357 Unde
3561 1300 3685 1357 illud

2081 1398 2196 1437 non
2227 1383 2416 1439 solum
2449 1386 2520 1440 ad
2553 1384 2857 1442 scientiam
2889 1386 2990 1442 Dei
3022 1387 3288 1458 refertur,
3313 1388 3410 1444 sed
3440 1388 3597 1446 etiam
3625 1392 3685 1446 ad

2078 1471 2326 1543 gratiam
2349 1474 2841 1547 justorum,quod
2864 1475 2920 1530 in
2944 1474 3254 1547 Evangelia
3278 1477 3420 1533 dixit
3438 1476 3686 1535 Dominus

2076 1559 2252 1616 Jesus
2282 1580 2295 1616 :
2328 1564 2401 1617 Et
2427 1564 2620 1634 capilli
2661 1566 2830 1620 vestri
2868 1579 3050 1621 omnes
3079 1567 3357 1621 numerati
3398 1570 3517 1622 sunt
3555 1568 3684 1638 (Luc.

2078 1666 2179 1717 xu,
2208 1652 2285 1720 7).
2319 1649 2597 1723 Cognovit
2633 1656 2827 1708 autem
2862 1652 3143 1709 Dominus
3174 1653 3280 1725 qui
3324 1658 3457 1711 sunt
3482 1654 3685 1727 ipsius:

2078 1754 2177 1795 eos
2208 1743 2402 1795 autem
2434 1738 2534 1812 qui
2582 1757 2698 1797 non
2748 1745 2887 1796 sunt
2916 1741 3124 1814 ipsius,
3159 1758 3280 1798 non
3328 1742 3580 1815 dignatur
3603 1760 3685 1801 co-

2078 1842 2375 1899 gnoscere.
2434 1829 2770 1885 Numeravit
2820 1833 3015 1886 autem
3072 1833 3369 1887 trecentos
3415 1832 3588 1887 decem
3636 1836 3687 1888 et

2077 1918 2222 1983 octo,
2258 1920 2323 1971 ut
2352 1916 2503 1973 scias
2546 1933 2661 1973 non
2711 1918 3098 1990 quantitatem
3128 1920 3384 1991 numeri,
3415 1920 3509 1976 sed
3537 1921 3687 1976 meri-

2073 2007 2201 2059 tum
2234 2002 2534 2061 electionis
2563 2021 2925 2077 expressum.
2963 2005 3072 2063 Eos
3101 2005 3264 2062 enim
3296 2008 3543 2076 adscivit,
3563 2024 3687 2080 quos

2074 2091 2283 2164 dignos
2328 2109 2570 2149 numero
2606 2093 2894 2164 judicavit
2919 2093 3208 2163 fidelium,
3243 2096 3342 2167 qui
3385 2096 3439 2151 in
3486 2096 3686 2151 Domini

2075 2180 2259 2237 nostri
2285 2182 2426 2237 Jesu
2452 2181 2667 2239 Christi
2700 2182 3036 2255 passionem
3067 2184 3388 2240 crederent.
3414 2185 3684 2240 Trecemos

2073 2270 2230 2325 enim
2259 2283 2300 2326 τ’
2328 2271 2526 2327 Graeca
2556 2269 2749 2326 littera
2791 2270 3103 2344 significat,
3131 2272 3334 2328 decem
3365 2276 3420 2329 et
3458 2276 3574 2329 octo
3601 2288 3688 2327 au-

2072 2362 2192 2414 tem
2245 2375 2541 2415 summam
2575 2373 2635 2427 ιη’
2663 2359 2938 2432 exprimit
2967 2360 3098 2431 (25).
3143 2360 3307 2416 Fidei
3347 2375 3478 2433 ergo
3508 2358 3686 2415 merito

2071 2447 2365 2503 Abraham
2395 2447 2553 2516 vicit,
2574 2464 2691 2505 non
2711 2447 2995 2520 populoso
3025 2449 3302 2504 exercitu.
3335 2448 3580 2521 Denique
3604 2465 3686 2504 eos

2070 2536 2285 2606 quibus
2316 2536 2577 2608 quinque
2608 2552 2810 2609 regum
2842 2553 3005 2592 arma
3047 2542 3371 2606 cesserunt,
3395 2553 3523 2593 cum
3569 2552 3687 2608 pau-

2070 2623 2155 2679 cis
2185 2640 2458 2697 egressus
2485 2623 2810 2681 vernaculis
2839 2624 3245 2698 triumphavit.

2142 2711 2228 2767 16.
2258 2713 2369 2769 Sed
2401 2712 2500 2785 qui
2529 2713 2709 2769 vincit
2738 2729 2852 2769 non
2881 2712 3053 2769 debet
3083 2713 3194 2769 sibi
3242 2730 3504 2788 arrogare
3531 2713 3687 2769 victo-

2069 2800 2239 2869 riam,
2286 2802 2389 2858 sed
2432 2802 2655 2859 deferre
2699 2801 2835 2857 Deo.
2890 2801 3007 2857 Hoc
3050 2802 3350 2859 Abraham
3396 2804 3570 2872 docet,
3600 2800 3705 2873 qui,

2068 2888 2367 2962 triumpho
2398 2890 2586 2946 factus
2614 2888 2895 2947 humilior
2923 2893 3030 2959 est,
3054 2906 3170 2945 non
3204 2892 3520 2963 superbior.
3553 2889 3685 2947 288

2066 2976 2428 3035 Sacriﬁcium
2470 2978 2723 3051 denique
2763 2977 2996 3044 obtulit,
3028 2978 3288 3036 decimas
3336 2980 3517 3045 dedit;
3548 2978 3687 3033 ideo-

2066 3082 2181 3139 que
2209 3066 2257 3122 ei
2291 3065 2712 3123 Melchisedech
2743 3066 2844 3138 qui
2874 3066 3350 3138 interpretatione
3396 3067 3584 3124 Latina
3609 3066 3690 3120 di-

2066 3156 2218 3211 citur
2246 3171 2347 3211 rex
2383 3157 2640 3228 justitiaz,
2673 3170 2773 3211 rex
2821 3154 3003 3227 pacis,
3038 3155 3333 3213 benedixit
3364 3175 3377 3213 :
3408 3158 3532 3212 Erat
3556 3155 3693 3211 enim

313 3249 443 3305 nior
471 3248 670 3315 fuerit;
704 3263 777 3301 ne
807 3246 1003 3301 studio
1032 3246 1146 3317 (23)
1177 3245 1470 3301 Abraham
1503 3246 1727 3319 cepisse
1759 3245 1960 3302 oculos
1990 3234 2032 3301 C
2069 3244 2315 3300 sacerdos
2359 3246 2566 3299 summi
2609 3244 2710 3299 Dei
2737 3242 2891 3315 (Gen.
2922 3260 3037 3313 xrv,
3073 3246 3160 3313 18,
3193 3247 3301 3318 19).
3333 3245 3468 3310 Quis
3495 3248 3579 3300 est
3604 3258 3698 3298 rex

313 3336 702 3393 adolescentis
754 3335 1066 3391 videretur.
1126 3337 1428 3390 Ammnam
1494 3339 1719 3407 partem
1778 3351 1954 3391 unam
2059 3332 2304 3405 justitize
2335 3334 2605 3389 sacerdos
2637 3332 2757 3399 Dei,
2787 3331 2901 3390 nisi
2932 3332 3025 3388 cui
3056 3333 3269 3391 dicitur
3299 3353 3312 3391 :
3345 3336 3415 3390 Tu
3444 3350 3495 3390 es
3515 3348 3687 3389 sacer-

312 3425 640 3497 descripsit,
673 3441 787 3480 non
819 3423 1044 3479 addidit
1080 3423 1322 3479 alteram
1367 3422 1680 3479 utiliorem.
1712 3424 1958 3480 Necesse

311 3518 436 3570 erat
464 3519 531 3568 ut
562 3513 631 3569 de
656 3517 778 3568 tota
804 3513 1038 3584 regione
1066 3512 1214 3568 duas
1247 3517 1440 3583 partes
1469 3512 1681 3568 faceret
1708 3529 1720 3567 :
1751 3513 1959 3568 deinde

310 3601 639 3674 praesentia,
675 3617 791 3655 non
841 3601 1106 3656 absentia
1152 3600 1465 3656 dividebat.
1501 3600 1624 3656 Una
1667 3601 1825 3671 regio
1864 3617 1957 3656 ca-

309 3706 446 3762 pere
475 3695 792 3761 utrumque
841 3705 956 3743 non
990 3692 1232 3760 poterat.
1266 3689 1427 3752 Quod
1476 3689 1667 3761 potuit
1714 3705 1958 3745 summa:

309 3794 439 3835 esse
465 3777 727 3849 justitiaa,
762 3775 1107 3832 electionem
1138 3776 1369 3833 obtulit.
1524 3779 1528 3784 ’

384 3866 607 3923 14.Lot
662 3882 952 3922 amoenam
1008 3864 1202 3937 elegit,
1265 3882 1391 3938 quae
1450 3866 1562 3922 cito
1620 3867 1959 3939 praedonum

309 3955 511 4013 oculos
540 3954 789 4011 incurrit
832 3953 995 4010 .Hinc
1043 3954 1261 4009 bellum
1293 3955 1446 4011 inter
1474 3971 1658 4028 reges,
1693 3958 1959 4011 adversa-

307 4047 530 4102 riorum
560 4044 820 4115 victoria,
854 4042 1179 4099 incolarum
1211 4043 1536 4116 captivitas.
1563 4045 1761 4116 Itaque
1785 4044 1961 4101 etiam

308 4135 417 4190 Lot
445 4132 788 4189 inﬁrmioris
818 4132 1049 4188 consilii
1083 4133 1331 4205 pretium
1364 4132 1494 4198 luit,
1528 4149 1641 4189 non
1672 4138 1962 4189 terrarum

306 4222 751 4289 infecunditate,
784 4222 883 4277 sed
924 4220 1282 4277 ammnitatis
1323 4221 1541 4277 invidia
1571 4223 1865 4295 deceptus,
1898 4226 1966 4278 ut

308 4312 485 4368 etiam
539 4311 665 4384 ipse
708 4311 978 4382 captivus
1028 4309 1442 4379 abduceretur;
1495 4312 1776 4382 quoniam
1824 4310 1965 4367 vitio

307 4399 535 4456 servilis
584 4399 859 4470 nequitiae
892 4415 925 4453 a
960 4398 1183 4471 potiore
1235 4399 1549 4455 deﬂexerat
1576 4400 1709 4472 (24),
1744 4404 1802 4455 et
1831 4416 1966 4472 par-

378 4541 493 4613 (18)
524 4540 628 4596 Hic
676 4544 906 4596 tantum
967 4540 1246 4597 differunt
1301 4540 1453 4597 inter
1482 4558 1544 4613 se
1575 4558 1716 4599 mss.
1751 4546 1808 4598 et
1859 4511 1965 4597 vet.

2066 3422 2159 3478 dos
2188 3424 2249 3477 in
2266 3430 2537 3480 aeternum
2555 3420 2853 3478 secundum
2871 3420 3122 3477 ordinem
3141 3422 3516 3479 Melchisedech
3535 3421 3684 3493 (Psat.

2067 3527 2179 3578 cxx,
2212 3511 2289 3583 4),
2318 3510 2431 3566 hoc
2478 3512 2587 3577 est,
2629 3509 2729 3566 Dei
2779 3508 2981 3572 Filius.
3027 3511 3299 3567 sacerdos
3346 3511 3548 3581 Patris,
3600 3508 3684 3581 qui

2068 3599 2160 3657 sui
2190 3598 2450 3672 corporis
2480 3597 2762 3655 sacrificio
2792 3602 3021 3654 Patrem
3066 3600 3282 3657 nostris
3314 3598 3686 3674 repropitiavit

2068 3688 2315 3745 delictis.
2824 3740 2827 3745 ,

2144 3779 2227 3833 17.
2260 3777 2554 3841 Quantum
2604 3778 2799 3832 autem
2831 3774 2975 3832 illud
3008 3778 3161 3848 quod
3196 3778 3266 3833 de
3314 3776 3506 3850 praeda
3532 3776 3683 3832 victo-

2069 3866 2165 3922 rias
2199 3865 2346 3923 nihil
2376 3864 2563 3922 voluit
2607 3865 2961 3937 contingere,
2997 3882 3102 3921 nec
3134 3865 3394 3922 oblatum
3442 3860 3685 3921 sumere?

2069 3954 2281 4011 Minuit
2309 3955 2467 4010 enim
2497 3956 2754 4010 fructum
2778 3953 3062 4026 triumphi
3086 3956 3371 4011 mercedis
3400 3950 3682 4025 susceptio,

2070 4048 2127 4101 et
2155 4042 2418 4100 beneﬁcii
2450 4042 2670 4099 arrodit
2695 4042 2967 4115 gratiam.
3000 4042 3327 4100 Plurimum
3359 4044 3508 4099 enim
3537 4040 3685 4097 refert

2072 4137 2271 4189 utrum
2303 4131 2582 4205 pecuniae,
2607 4147 2679 4187 an
2723 4130 2921 4204 gloriae
2951 4131 3322 4188 dimicaveris
3353 4150 3365 4187 :
3398 4130 3538 4187 alter
3560 4144 3685 4185 mer-

2075 4221 2291 4278 cenarii
2321 4220 2449 4278 loco
2492 4219 2725 4277 ducitur
2755 4236 2768 4275 :
2798 4218 2944 4276 alter
2972 4218 3187 4293 dignus
3217 4220 3463 4277 habetur
3489 4233 3687 4276 conser-

2072 4309 2289 4368 vatoris
2318 4308 2523 4382 gloria.
2544 4309 2685 4365 Jure
2713 4310 2952 4365 sanctus
2977 4308 3048 4365 de
3079 4310 3273 4382 praeda
3304 4323 3572 4383 usurpare
3598 4303 3683 4361 ali-

2076 4399 2216 4471 quid
2272 4395 2361 4454 vel
2417 4396 2678 4454 oblatum
2735 4400 2984 4463 recusat,
3013 4413 3083 4453 ne
3140 4398 3295 4453 dicat
3349 4398 3447 4471 qui
3503 4394 3680 4452 dedit:

2076 4540 2401 4608 utiliorum,
2434 4539 2591 4611 quod
2621 4538 2743 4611 sint
2784 4536 2984 4611 minus
3027 4555 3285 4609 amoenas,
3336 4544 3393 4595 et
3437 4532 3680 4595 amoanio-

309 4600 454 4670 edit.
476 4600 549 4667 lin
581 4628 718 4667 voce
764 4613 1057 4682 irriguum,
1109 4628 1214 4683 pro
1263 4628 1381 4683 qua
1425 4612 1582 4668 solus
1628 4614 1797 4670 Corb.
1831 4630 1967 4669 cum
1998 4600 2043 4667 D
2075 4629 2204 4669 rum
2261 4600 2415 4685 quod
2447 4600 2793 4667 sint‘minus
2823 4608 3018 4666 utiles.

309 4690 419 4739 vet.
449 4683 587 4739 edit.
633 4682 827 4739 habet.
877 4685 1104 4739 irrigua.
1142 4682 1309 4738 Rom.
1342 4687 1537 4738 autem
1585 4685 1722 4739 edit.
1756 4684 1839 4739 ita
1869 4702 1955 4739 re-
2141 4655 2254 4739 (20)
2284 4683 2441 4739 Actor
2468 4684 2595 4739 auri
2618 4680 2773 4738 idem
2805 4685 2894 4738 est
2923 4697 2989 4738 ac
3017 4700 3018 4704 ‘

305 4690 419 4741 vet.
449 4683 587 4739 edit.
633 4682 827 4747 habet,
877 4682 1309 4752 irrigua.’Rom.
1342 4687 1537 4738 autem
1585 4685 1722 4739 edit.
1756 4684 1839 4740 ita
1869 4702 1955 4742 re-

306 4758 604 4830 posuerat,
638 4755 701 4810 Et
752 4755 978 4830 elevavit
1003 4754 1207 4830 (oculos
1236 4770 1363 4830 suos
1394 4755 1506 4830 Lat,
1539 4757 1588 4809 et
1635 4757 1795 4830 elegit
1826 4758 1959 4811 irri-

304 4824 416 4899 gua
454 4828 754 4899 (regionem
801 4826 1013 4880 scilicet
1053 4824 1359 4895 Iordanis),
1395 4827 1526 4950 q)uia
1575 4824 1729 4891 tota,'
1758 4829 1955 4897 inquit,

304 4900 671 4950 irrianbatur.
731 4900 1025 4950 anteanam
1080 4900 1337 4950 everteret
1441 4912 1538 4950 eus
1595 4897 1876 4950 Sodomam
1907 4904 1955 4950 et

304 4897 671 4971 irrigabatur,
731 4900 1025 4969 antequam
1077 4900 1349 4971 everteret
1395 4897 1538 4971 Deus
1595 4897 1876 4971 Sodomam
1907 4904 1961 4955 et

306 4968 681 5031 Gomorrham.
729 4971 871 5023 sicut
916 4968 1213 5039 paradisus
1251 4968 1371 5039 Dei.
1401 4968 1525 5039 Sed
1564 4968 1637 5022 ab
1684 4969 1958 5026 omnibus

304 5040 572 5098 nonnihil
604 5038 942 5111 discrepant
972 5039 1126 5094 LXX.
1160 5038 1253 5093 Sic
1285 5038 1440 5094 enim
1472 5038 1554 5093 illi
1591 5056 1603 5094 :
1638 5049 1728 5095 Καὶ
1779 5046 1958 5112 ἐπάρας

301 5122 410 5172 Λὼτ
465 5124 575 5180 τοὺς
599 5118 876 5183 ὀφθαλμοὺς
932 5118 1101 5179 αὐτοῦ,
1152 5117 1309 5166 ἐπεῖδε
1356 5122 1521 5170 πᾶσαν
1562 5120 1654 5177 τὴν
1685 5118 1957 5184 περίχωρον

302 5195 389 5242 τοῦ
434 5191 677 5256 Ἰορδάνου
721 5189 794 5237 δτι
835 5193 974 5240 πᾶσα
1002 5186 1065 5248 ἦν
1115 5189 1411 5251 ποτιζομένη
1457 5192 1552 5253 πρὸ
1606 5190 1692 5238 τοὺ
1750 5206 1958 5239 καταστ-

306 5264 448 5328 ρέψαι
472 5264 557 5328 rev
605 5262 726 5328 eeo}:
756 5261 951 5328 ξόδομςι
992 5260 1073 5308 καί
1103 5260 1431 5328 “patipati;
1478 5259 1504 5308 ὁ
1552 5259 1840 5328 παράδεισος
1869 5265 1955 5328 ’ςοῦ

306 5277 448 5328 ρεψαι
472 5277 557 5311 τον
605 5277 726 5310 υεον
756 5277 949 5324 Lacona
992 5277 1073 5308 και
1109 5277 1266 5324 ιομορ
1302 5277 1333 5307 α
1372 5278 1431 5316 ως
1478 5277 1504 5308 ο
1552 5277 1840 5326 παραοεισος
1869 5278 1953 5311 του

302 5336 441 5383 Θεοῦ.
473 5326 617 5381 Cum
666 5324 876 5396 iisdem
938 5323 1046 5379 hoc
1102 5323 1225 5380 loco
1256 5277 1427 5396 ῧυιε.
1463 5324 1605 5379 satis
1665 5324 1953 5394 convenit,

305 5412 483 5468 quam
515 5394 773 5468 eoasule-

400 5466 489 5535 l9)
520 5464 895 5536 Subobscura
940 5462 1175 5530 locutio,
1211 5480 1394 5536 quam,
1432 5469 1627 5521 tamen
1675 5464 1830 5522 idem
1861 5465 1954 5522 hic

304 5534 494 5591 valere
535 5534 965 5606 existimamus,
999 5552 1063 5589 ac
1111 5534 1295 5606 felices
1352 5535 1471 5592 sive
1527 5537 1859 5603 commodae.-
1891 5543 1955 5594 ut

306 5609 386 5665 sit
412 5621 623 5662 sensus
659 5622 669 5658 :
704 5604 827 5660 Non
876 5609 966 5660 sat
1010 5604 1324 5661 commoda:
1374 5610 1512 5661 sunt
1559 5608 1615 5663 in
1666 5608 1952 5664 divisione

306 5674 648 5749 hujusmodi
692 5675 1121 5748 possessiones;
1155 5677 1294 5749 quia
1343 5676 1630 5733 minuitur
1675 5679 1951 5736 meritum

2284 4680 2441 4739 'Actor
2468 4684 2595 4739 auri
2618 4680 2773 4738 idem
2805 4685 2894 4738 est
2923 4697 2989 4738 ac
3017 4682 3273 4737 rusticus
3303 4691 3635 4738 mconomus.

2163 4683 2234 4739 20
2280 4683 2441 4739 Άεεον
2468 4699 2501 4738 a
2542 4684 2595 4738 ri
2618 4683 2773 4738 idem
2805 4685 2894 4738 est
2923 4697 2989 4738 ac
3017 4683 3273 4737 rusticus
3303 4691 3635 4738 mconomus.

2138 4683 2254 4833 (Pili
2287 4754 2487 4833 Vacalis
2503 4699 2622 4833 ‘hiq
2656 4752 2872 4809 dicitur
2915 4751 3003 4833 vel
3052 4751 3187 4833 qui.
3217 4753 3360 4809 scite
3414 4749 3579 4832 canit,
3594 4740 3678 4833 χο]

2066 4821 2435 4882 moderanda:
2500 4823 2657 4896 vocis
2729 4821 3341 4896 pronuntiationisque
3414 4821 3678 4892 magister.

2067 4912 2242 4969 quem
2274 4895 2448 4969 etiam
2482 4894 2856 4969 phonascum
2876 4894 3229 4951 vocitabant.

2160 4969 2250 5041 22)
2282 4968 2377 5023 Sic
2407 4955 2600 5041 locum
2632 4965 2998 5041 restituimus
3042 4982 3111 5021 ex
3152 4981 3295 5041 mss.
3327 4965 3510 5041 Co_r_b.,
3540 4955 3673 5035 Coll}.

2068 5044 2125 5095 et
2146 5034 2323 5106 Maz.,
2357 5053 2491 5095 cum
2523 5038 2582 5094 in
2614 5036 2766 5105 aliis,
2799 5052 2916 5092 non
2964 5052 3134 5093 secus
3163 5053 3229 5093 ac
3258 5038 3317 5091 in
3347 5034 3481 5091 edit.
3513 5034 3674 5087 omni-

2066 5110 2185 5189 bus
2196 5109 2524 5189 legere_eit,
2548 5108 2649 5189 ubi
2676 5110 2891 5189 fruetus
2911 5108 3149 5189 impares
3171 5116 3321 5189 sunt.
3525 5172 3539 5189 ς
3558 5187 3567 5189 _
3584 5166 3623 5189 ﬂ

2136 5169 2802 5254 (23)‘Studio,'hoc'est
2858 5179 2931 5235 de
2986 5169 3296 5247 industria,
3355 5192 3455 5233 seu
3509 5169 3675 5229 dedita

2066 5270 2260 5310 ODBI‘R.

2102 5271 2417 5397 ΡὲῧΜεβι
2469 5321 2629 5397 ἀυοη
2658 5337 2698 5397 (ξ
2744 5320 3096 5397 prudentiam
3150 5320 3468 5390 deﬂeverat;
3523 5322 3670 5371 unus,

2063 5392 2567 5468 haud'prudentior
2582 5392 2912 5468 jeﬂmraf-
3080 5466 3087 5468 λ
3118 5464 3125 5468 _
3181 5466 3187 5468 _
3364 5464 3371 5468 ,
3413 5458 3465 5468 -.

2134 5453 2362 5539 (25)'lta
2407 5464 2555 5539 edit,
2581 5453 2712 5539 Era.
2747 5480 2813 5539 ac
2859 5463 3026 5539 130m.
3059 5464 3135 5518 At
3160 5466 3291 5517 Am.
3324 5464 3381 5517 et
3406 5453 3530 5515 Gill.
3559 5461 3668 5539 aug}

2062 5518 2711 5605 ωὲἐίθῖὀῖιιιίξθΐὴοοᾶ.
2754 5518 2819 5592 ὀὶ
2862 5518 3021 5605 Reg.
3050 5550 3320 5590 summam
3345 5546 3403 5605 ut
3440 5518 3671 5605 εαξΡζΨίί

2062 5554 2206 5594 mes.
2258 5550 2458 5605 '1‘orn.,
2492 5550 2711 5592 '1‘neoa.
2760 5550 2819 5592 et
2868 5550 2948 5591 ne
2994 5578 3007 5590 .
3050 5550 3320 5590 summam
3345 5550 3403 5601 ιη’
3440 5550 3666 5599 expnvm-

2060 5624 2257 5666 nomen
2304 5608 2450 5679 ﬁdei.
2502 5607 2638 5667 Cod.
2672 5623 2806 5664 vero
2855 5550 3025 5664 C031.
3060 5606 3238 5679 Long.
3273 5602 3426 5663 Colb.
3458 5603 3510 5657 et
3549 5593 3666 5652 Maz-

2059 5695 2278 5737 summa
2305 5681 2431 5738 Iesu
2458 5680 2723 5753 exprimit
2751 5694 2969 5737 nomen.
