3878 6208
184 328 280 386 449

1417 322 1517 383 DE
1561 321 1945 383 ABRAHAM
1988 321 2134 382 LlB.
2183 322 2230 382 Ι.

3406 330 3526 389 450

187 460 296 530 quia
319 472 413 530 ego
442 456 674 514 divitem
720 456 827 512 feci
871 471 1038 525 eum;
1086 455 1195 512 hoc
1245 453 1436 511 solum
1489 454 1598 511 sibi
1632 453 1773 511 satis
1800 455 1855 522 Α
1884 454 2151 510 homines
2182 472 2331 527 quos
2364 472 2522 512 mors
2553 455 2774 512 solebat
2812 459 2982 515 terris
3031 458 3402 532 abscondere,
3437 478 3524 517 re-

183 564 283 604 esse
324 550 573 614 testatur,
624 545 778 617 quod
821 544 1018 618 pastui
1063 542 1455 617 praeliantium
1486 544 1773 615 juvenum
1882 543 1982 616 gni
2013 543 2262 599 caelestis
2293 544 2428 601 fecit
2458 561 2585 601 esse
2614 545 2947 619 participes.

180 634 491 707 profecisset.
514 634 675 689 Dicet
690 633 903 706 aliquis
935 634 1044 705 (23,
1079 650 1135 706 q.
1156 634 1211 700 5,
1244 650 1292 688 c.
1321 633 1475 688 Dicat
1501 630 1723 704 aliquis)
1757 649 1770 688 :

180 712 296 781 Cum
338 724 453 796 ipse
494 722 712 789 vicerit,
758 724 1052 795 quomodo
1080 722 1222 778 dicit
1252 722 1323 778 ad
1354 738 1549 795 regem
1593 720 1774 777 Sodo-

181 829 393 880 morum,
421 810 571 867 Nihil
604 828 837 868 sumam
882 812 987 868 abs
1038 814 1120 881 te;
1155 827 1290 867 cum
1338 810 1534 882 praeda
1573 808 1776 881 utique

177 901 222 956 in
248 904 502 973 potestate
532 900 767 957 victoris
796 899 1012 956 fuerit?
1047 900 1222 957 Docet
1252 898 1569 955 militarem
1600 897 1774 955 disci-

178 989 384 1061 plinam,
407 993 467 1045 ut
495 990 615 1062 regi
647 992 954 1045 serventur
978 989 1196 1045 omnia.
1230 989 1382 1045 Sane
1427 987 1501 1044 iis
1551 986 1651 1060 qui
1685 1003 1775 1043 se-

176 1094 283 1133 cum
314 1077 526 1134 fussent
553 1077 611 1134 in
644 1079 1051 1150 adjumentum
1090 1078 1340 1135 fortasse
1387 1075 1613 1143 sociati,
1644 1092 1776 1148 par-

176 1172 269 1221 tem
319 1165 685 1223 emolumenti
740 1166 1159 1224 tribuenduam
1226 1164 1437 1224 asserit
1494 1169 1776 1237 tanquam

177 1256 460 1313 mercedem
493 1256 730 1312 laboris.

227 1372 301 1427 l8.
330 1372 576 1445 Ideoque
606 1371 884 1445 quoniam
915 1371 1027 1429 sibi
1060 1370 1386 1428 mercedem
1427 1370 1499 1426 ab
1543 1370 1780 1426 homine

174 1477 265 1517 non
291 1460 571 1533 quaesivit,
603 1478 637 1516 a
683 1461 800 1516 Deo
851 1460 1093 1532 accepit,
1138 1461 1293 1517 sicut
1337 1458 1590 1533 legimus
1636 1458 1778 1515 scri-

174 1553 337 1620 ptum;
395 1549 535 1621 quia
568 1550 824 1620 posthaec
850 1548 1010 1605 verba
1039 1550 1246 1620 factum
1284 1550 1361 1603 est
1386 1547 1611 1603 verbum
1675 1547 1780 1602 Do-

172 1637 288 1693 mini
310 1637 376 1693 ad
402 1637 605 1694 Abram
633 1639 695 1692 in
727 1639 847 1692 visu
875 1636 1060 1693 dicens
1090 1654 1103 1692 :
1146 1637 1269 1693 Noli
1309 1637 1502 1692 timere
1546 1636 1777 1704 Abram,

173 1741 247 1794 ego
266 1731 539 1798 protegam
565 1734 633 1795 te,
666 1741 867 1782 merces
905 1729 1003 1781 tua
1048 1725 1222 1781 multa
1270 1726 1377 1781 erit
1422 1723 1577 1779 valde
1628 1723 1778 1795 (Gen.

172 1832 242 1883 xv,
270 1816 337 1886 1).
366 1815 488 1872 Non
519 1819 613 1871 est
641 1831 808 1871 serus
841 1815 909 1870 ad
942 1814 1441 1870 remunerandum
1472 1811 1779 1880 Dominus,
1812 1822 1859 1887 Β

172 1908 216 1957 et
255 1903 356 1959 cito
402 1904 718 1976 promittit,
749 1907 805 1959 et
852 1902 1039 1959 multa
1084 1901 1364 1975 largitur;
1397 1918 1469 1958 ne
1514 1901 1784 1957 infirmos

173 1992 365 2047 animos
392 2009 495 2064 per
525 1991 867 2048 dilationem
899 1990 1157 2063 aliquam
1188 1990 1397 2047 subeat
1441 1988 1783 2061 paenitentia

171 2081 565 2153 contempsisse
595 2080 906 2154 praesentia
937 2096 950 2135 :
983 2084 1040 2136 et
1064 2078 1221 2135 velut
1241 2078 1495 2152 quadam
1518 2077 1786 2134 usuraria

172 2167 403 2240 largitate
431 2172 797 2241 compensat,
846 2172 912 2223 ut
956 2168 1227 2224 uberiora
1272 2167 1543 2224 restituat
1588 2167 1640 2223 ei
1685 2165 1784 2239 qui

171 2261 344 2330 captus
371 2275 486 2316 non
521 2258 698 2315 fuerit
725 2256 1013 2314 oblatione
1043 2256 1441 2330 praesentium.

226 2374 299 2428 19.
347 2376 429 2430 Ab
478 2376 614 2448 ipso
660 2389 892 2446 quoque
940 2372 1185 2429 Domino
1232 2368 1558 2429 mercedem
1609 2387 1786 2443 quam

173 2464 412 2534 postulet,
475 2462 938 2520 consideremus.
996 2462 1123 2518 Non
1179 2460 1411 2517 divitias
1458 2465 1524 2516 ut
1578 2476 1787 2517 avarus

170 2553 414 2623 exposcit,
446 2569 570 2608 non
597 2551 1023 2625 longzevitatem
1062 2550 1193 2607 vitae
1224 2550 1417 2616 istius,
1450 2554 1513 2605 ut
1543 2548 1786 2605 meticu-

169 2638 299 2697 losus
327 2643 557 2709 mortis,
591 2657 707 2697 non
759 2640 1106 2713 potentiam;
1140 2640 1239 2695 sed
1291 2639 1536 2710 dignum
1583 2637 1790 2711 quaerit

172 2729 239 2784 sui
282 2730 573 2787 heredem
616 2720 894 2785 laboris]:
948 2728 1089 2798 Quid
1135 2728 1299 2796 mihi,
1343 2727 1555 2799 inquit,
1587 2726 1788 2782 dabis?

171 2820 266 2891 Ego
304 2828 487 2876 autem
535 2819 790 2874 dimittor
828 2819 948 2873 sine
992 2816 1127 2888 ﬁliis
1156 2815 1313 2888 (Ibid.
1345 2817 1421 2887 2).
1457 2817 1525 2871 Et
1567 2815 1721 2871 infra
1770 2833 1783 2870 :

174 2911 272 2978 quia
297 2909 438 2965 mihi
459 2925 644 2964 semen
696 2923 802 2964 non
849 2907 1061 2975 dedisti,
1095 2906 1422 2963 vernaculus
1465 2921 1617 2961 meus
1646 2905 1791 2960 mihi

168 2995 314 3054 heres
336 2999 442 3054 erit
469 2996 630 3069 (Ibid.
661 2996 738 3067 3).
769 2994 1008 3052 Discant
1030 3010 1167 3066 ergo
1220 2994 1487 3050 homines
1518 2993 1791 3066 conjugis

164 3101 260 3142 non
288 3102 585 3159 spernere,
618 3101 722 3141 nec
753 3085 865 3141 sibi
897 3084 1118 3141 sociare
1145 3083 1403 3156 impares
1433 3099 1447 3138 :
1481 3098 1553 3138 ne
1580 3082 1787 3153 hujus-

163 3175 301 3273 modi
332 3175 662 3279 suscipiant
686 3173 1103 3279 liberos,‘quqs
1132 3172 1390 3279 baredes
1417 3172 1631 3279 habere
1653 3187 1787 3279 lnou
1819 3188 1861 3255 ρ
2056 3172 2375 3279 έῌεοέρθπη
2409 3206 2441 3259 η

159 3265 395 3333 possint;
428 3268 493 3320 ut
520 3262 613 3319 vel
643 3263 1115 3319 transfundendre
1147 3261 1507 3319 haereditatis
1538 3265 1790 3318 contem-

164 3351 413 3422 platione,
438 3354 485 3410 si
521 3351 687 3408 nullo
717 3351 981 3408 contuitu
1007 3351 1247 3425 pudoris
1278 3350 1790 3424 moventur,digno

162 3442 413 3499 studeant
445 3440 844 3498 matrimonio.

216 3567 299 3622 2U.
357 3567 470 3624 Sed
516 3567 570 3623 si
616 3564 860 3622 Abrahae
904 3564 1193 3621 sententia
1249 3566 1322 3620 ad
1381 3565 1789 3637 corrigendum

163 3654 335 3712 minus
365 3655 825 3728 proficit,accipe
856 3652 1157 3709 oraculum
1178 3653 1278 3710 Dei
1301 3653 1640 3726 hujusmodi
1662 3671 1793 3710 con~

162 3742 470 3802 damnantis
528 3742 924 3799 hazreditatem
974 3744 1137 3799 :Non
1183 3744 1307 3811 erit,
1359 3742 1571 3814 inquit,
1617 3742 1791 3798 haeres

161 3840 267 3889 tuus
293 3836 379 3890 hic
404 3852 423 3889 :
457 3832 560 3890 sed
589 3834 730 3888 alter
756 3837 852 3905 qui
879 3834 1077 3888 exierit
1120 3832 1185 3887 de
1232 3835 1304 3903 te,
1337 3832 1432 3887 ille
1458 3832 1628 3888 heres
1664 3835 1791 3887 tuus

162 3924 249 3977 erit
290 3924 442 3995 (Ibid.
478 3925 564 3992 4).
616 3923 797 3988 Quem
830 3920 984 3976 dicit
1028 3919 1318 3977 alterum?
1365 3920 1589 3993 Peperit
1633 3921 1789 3977 enim

161 4015 208 4065 et
246 4014 390 4085 Agar
437 4011 637 4068 tilium
676 4008 906 4078 lsmael,
939 4010 1041 4066 sed
1084 4027 1199 4066 non
1248 4010 1444 4082 ipsum
1492 4008 1652 4078 dicit,
1686 4011 1788 4067 sed

161 4098 282 4155 dicit
308 4105 589 4158 sanctum
620 4100 800 4155 Isaac.
829 4099 897 4154 Et
914 4096 1044 4154 ideo
1063 4097 1290 4154 addidit
1315 4114 1328 4153 :
1358 4099 1466 4167 Qui
1500 4101 1698 4156 ercierit
1726 4099 1790 4156 de

159 4197 216 4243 te.
245 4189 337 4246 llle
365 4190 533 4247 enim
567 4203 696 4244 vere
726 4188 899 4243 exivit
936 4203 1005 4243 ex
1048 4187 1363 4256 Abraham,
1397 4188 1498 4260 qui
1527 4186 1788 4261 legitimo

161 4277 405 4350 coniugio
436 4281 786 4351 procreatus
815 4278 923 4331 est.
962 4275 1072 4331 Sed
1120 4291 1222 4347 per
1269 4275 1432 4332 Isaac
1460 4274 1789 4349 legitimum

158 4362 344 4435 filium,
378 4366 558 4423 illum
606 4381 808 4421 verum
856 4361 1184 4437 legitimum
1216 4380 1533 4437 possumus
1576 4365 1790 4422 intelli-

158 4467 272 4523 gere
314 4456 469 4512 289
529 4453 843 4510 Dominum
885 4451 1088 4508 Jesum
1135 4452 1454 4519 Christum,
1506 4470 1680 4526 quem
1728 4454 1789 4509 in

1952 631 2042 687 2|.
2103 634 2402 698 Quomodo
2461 637 2653 689 autem
2703 634 2945 691 Abrahae
3004 652 3258 710 propago
3315 637 3530 693 diffusa

1883 725 1995 787 est,
2042 720 2155 776 nisi
2208 739 2308 793 per
2356 721 2752 779 hereditatem
2808 724 2962 790 fidei,
3012 741 3114 797 per
3159 742 3338 798 quam
3389 726 3528 783 cmlo

1885 825 2313 881 comparamur,
2339 810 2695 866 conferimur
2726 811 3282 884 angelis,zequamur
3303 814 3530 871 stellis?

1888 898 2019 953 Ideo
2052 897 2131 953 ait
2163 916 2174 953 :
2204 900 2302 955 Sic
2334 901 2442 955 erit
2487 916 2671 956 semen
2700 908 2854 955 tuum
2881 901 3031 971 (Gen.
3065 918 3154 970 xv,
3189 903 3265 975 5).
3298 904 3368 958 Et
3414 920 3528 960 cre-

1884 985 2045 1053 didit,
2072 985 2282 1058 inquit,
2314 987 2589 1044 Abraham
2620 990 2725 1043 Deo
2756 989 2916 1060 (Ibid.
2957 992 3031 1061 6).
3062 990 3206 1056 Quid
3242 992 3531 1047 credidit?

1887 1074 2183 1130 Christum
2216 1075 2327 1130 sibi
2358 1092 2460 1147 per
2489 1076 2917 1147 susceptionem
2947 1079 3203 1149 corporis
3241 1079 3529 1136 haeredem

1890 1164 2171 1219 futurum.
2206 1163 2279 1219 Ut
2309 1165 2461 1220 scias
2493 1166 2629 1235 quia
2662 1165 2768 1219 hoc
2800 1166 3063 1234 credidit,
3098 1167 3381 1225 Dominus
3410 1169 3526 1224 ait:

1887 1252 2160 1308 Abraham
2217 1252 2365 1307 diem
2411 1270 2593 1308 meum
2648 1253 2803 1320 vidit,
2866 1257 2917 1309 et
2963 1257 3183 1325 gavisus
3229 1265 3307 1313 est
3354 1258 3529 1329 (Joan.

1888 1357 2010 1405 vm,
2058 1340 2167 1411 56).
2203 1340 2335 1396 Ideo
2386 1345 2692 1412 reputatum
2740 1346 2817 1397 est
2863 1344 2954 1399 illi
2993 1344 3063 1399 ad
3104 1347 3360 1417 justiam,
3394 1348 3535 1418 quia

1890 1428 2174 1486 rationem
2207 1446 2321 1485 non
2352 1430 2636 1501 quaesivit,
2654 1432 2751 1486 sed
2798 1433 3238 1504 promptissima
3266 1435 3378 1490 fide
3410 1452 3531 1491 cre-

1890 1518 2059 1574 didit.
2095 1519 2318 1573 Bonum
2348 1522 2437 1574 est
2467 1523 2531 1573 ut
2563 1520 2844 1575 rationem
2876 1523 3190 1593 praeveniat
3231 1522 3410 1593 ﬁdes;
3462 1540 3534 1580 ne

1891 1611 2172 1678 tanquam
2229 1608 2302 1662 ab
2362 1607 2619 1674 homine,
2668 1607 2746 1664 ita
2794 1626 2828 1664 a
2875 1610 3120 1667 Domino
3169 1611 3284 1669 Deo
3334 1616 3533 1670 nostro

1891 1696 2173 1751 rationem
2232 1694 2531 1751 videamur
2587 1698 2832 1768 exigere.
2885 1699 3115 1755 Etenim
3167 1717 3344 1773 quam
3389 1702 3537 1759 indi-

1890 1802 2071 1857 gnum
2117 1788 2181 1840 ut
2232 1783 2508 1841 humanis
2565 1787 2917 1842 testimoniis
2950 1789 3021 1844 de
3060 1788 3173 1845 alio
3204 1792 3532 1862 credamus,

1890 1874 1992 1930 Dei
2021 1872 2273 1929 oraculis
2321 1874 2392 1929 de
2439 1890 2500 1929 se
2550 1892 2664 1930 non
2717 1877 3054 1933 credamus!
3091 1879 3363 1936 Imitetur
3398 1898 3535 1955 ergo

1893 1962 2203 2031 Abraham,
2237 1967 2303 2018 ut
2350 1962 2609 2018 hseredes
2654 1964 2840 2020 simus
2874 1969 3037 2022 terra:
3088 1983 3193 2039 per
3238 1969 3536 2039 justitiam

1894 2052 2049 2120 ﬁdei,
2073 2068 2176 2125 per
2206 2068 2383 2123 quam
2416 2050 2512 2108 ille
2544 2053 2748 2107 mundi
2781 2053 2963 2109 haeres
2994 2055 3183 2111 factus
3214 2062 3321 2113 est.

2540 2142 2766 2197 CAPUT
2806 2142 2896 2197 IV.

1894 2230 2166 2286 Abraham
2196 2230 2264 2284 ab
2290 2229 2558 2285 adulterii
2586 2232 2818 2287 crimine
2864 2233 2927 2287 ob
2973 2242 3279 2293 susceptum
3325 2251 3395 2292 ex
3434 2254 3537 2293 an-

1963 2299 2311 2377 cilla__ﬁ_lium
2338 2301 2647 2377 defenditur
2694 2319 2706 2357 :
2757 2320 2951 2374 nempe
2995 2299 3136 2377 quod
3180 2307 3247 2361 ab
3293 2307 3539 2365 humana

1964 2372 2265 2442 fragilitate
2292 2388 2401 2428 non
2431 2377 2565 2428 esset
2593 2372 2953 2441 immania—et
2992 2372 3120 2430 tunc
3163 2376 3539 2436 Chaldaeorum

1966 2444 2371 2520 superstitiones
2402 2446 2497 2520 vise
2526 2444 2837 2520 reliquisset
2882 2463 2900 2499 :
2949 2445 3142 2502 deinde
3190 2450 3330 2520 quod
3368 2452 3427 2505 in
3458 2452 3534 2507 le-

1964 2514 2573 2592 gem_utpote__nec_dum
2601 2514 2772 2592 latam
2801 2532 2905 2571 non
2934 2514 3240 2592 peccaverit
3292 2538 3305 2575 :
3350 2526 3539 2592 postea

1968 2586 2105 2664 quod
2135 2601 2242 2664 non
2274 2586 2524 2664 libidine,
2554 2587 2650 2664 sed
2696 2586 3097 2664 amoreprolis
3144 2586 3398 2664 inductus
3441 2594 3535 2664 sit,

1968 2657 2064 2711 ubi
2090 2657 2265 2733 multa
2289 2657 2841 2733 contra‘adulterium
2861 2657 3213 2729 disputantur
3244 2678 3256 2716 :
3291 2657 3536 2733 defendi-'-

1970 2736 2061 2805 tur
2089 2728 2450 2805 ultimoquod
2477 2728 2618 2805 illud
2649 2732 2827 2800 ipsum
2857 2728 3197 2805 τηῃζςιρνῐωη2
3223 2749 3335 2788 ηοη
3353 2728 3539 2805 pecca-

1965 2803 2102 2865 tum,
2130 2799 2405 2869 fuerit.Ad
2433 2799 2732 2855 extrmnztm
2765 2799 3036 2872 qua’ritur
3064 2820 3137 2858 an
3165 2799 3406 2860 decuerit
3424 2809 3539 2861 cir-

1967 2872 2353 2926 cumcisionem
2404 2872 2621 2926 institui
2663 2876 2844 2943 postea
2874 2874 3252 2943 revocandam,
3282 2884 3334 2931 et
3364 2879 3540 2933 mini-

1967 2958 2119 2996 mum
2150 2942 2210 2995 in
2238 2958 2295 2997 se
2317 2944 2665 3012 perfectionis
2694 2946 3075 2999 continentem.

1966 3033 2056 3085 22.
2089 3032 2192 3085 Sed
2244 3030 2489 3085 fortasse
2531 3031 2685 3086 dicat
2732 3030 2986 3104 aliquis:
3020 3034 3319 3099 Quomodo
3365 3037 3542 3093 Abra-

1896 3119 2033 3175 ham
2067 3118 2236 3174 nobis
2263 3116 2612 3173 imitandum
2668 3121 2962 3192 pr0ponis,
2996 3122 3149 3177 290
3170 3140 3303 3178 cum
3335 3126 3406 3180 do
3437 3142 3540 3182 an-

2449 3205 2631 3263 lium?
2658 3209 2771 3262 Aut
2800 3208 2939 3280 quid
2972 3209 3081 3265 sibi
3113 3210 3239 3265 vult
3258 3211 3367 3267 hoc
3387 3230 3537 3281 esse,

1903 3301 1969 3351 ut
2016 3300 2212 3351 tantus
2257 3294 2346 3349 vir
2393 3294 2528 3350 huic
2575 3296 2757 3351 errori
2803 3296 2978 3352 fuerit
3023 3298 3330 3367 obnoxius,
3370 3301 3541 3373 cujus

1900 3388 2064 3440 tanta
2112 3399 2288 3455 cpera
2336 3383 2661 3438 miramur?
2689 3384 2759 3439 Et
2789 3384 2917 3441 ideo
2964 3403 3035 3441 ne
3084 3388 3341 3458 quodam
3380 3406 3541 3446 more

1900 3473 2300 3545 navigantium
2330 3472 2522 3527 locum
2557 3472 2709 3528 hunc
2739 3491 2909 3546 quem
2952 3474 3214 3548 plerique
3257 3478 3540 3537 vadosum

1901 3566 2127 3634 putant,
2164 3561 2488 3618 declinasse
2518 3561 2840 3630 videamur,
2873 3564 3156 3620 rationem
3188 3567 3316 3637 ejus
3345 3568 3539 3640 expla-

1899 3666 2039 3706 nare
2069 3650 2227 3707 cordi
2259 3655 2365 3706 est.
2403 3655 2524 3706 Non
2558 3651 2752 3707 abnuo
2783 3654 2937 3724 quod
2971 3654 3262 3709 Abraham
3312 3657 3382 3712 de
3430 3674 3538 3714 an-

1899 3740 2033 3795 cilla
2063 3739 2383 3812 susceperit
2412 3740 2627 3809 filium;
2663 3744 2727 3796 ut
2757 3758 3072 3814 cognoscas
3103 3745 3380 3815 quoniam
3420 3762 3537 3802 non

1899 3830 2220 3902 superioris
2270 3829 2579 3900 cujusdam
2641 3836 2860 3885 naturae
2917 3848 2982 3887 ac
3039 3832 3379 3888 substantia:
3427 3834 3539 3890 fuit

1899 3918 2212 3984 Abraham,
2244 3917 2345 3973 sed
2377 3935 2530 3973 unus
2578 3934 2608 3973 e
2657 3935 2900 3974 numero
2947 3923 3004 3975 et
3053 3919 3363 3992 fragilitate
3408 3922 3537 3977 uni-

1900 4022 2196 4061 versorum
2229 4005 2554 4060 hominum.
2588 4006 2843 4078 Denique
2873 4012 2930 4062 et
2982 4008 3053 4062 de
3084 4008 3317 4080 regione
3367 4009 3539 4067 Chal-

1898 4096 2152 4149 dmorum
2185 4098 2423 4149 vocatus
2454 4097 2715 4166 est,quos
2746 4095 3145 4166 superstitioni
3174 4113 3331 4152 vana:
3356 4097 3541 4155 inten-

1898 4188 1986 4239 tos
2027 4199 2154 4239 esse
2198 4182 2385 4255 magis
2432 4199 2610 4254 quam
2663 4191 2898 4239 cateros
2945 4185 3296 4257 accepimus,
3328 4187 3540 4244 etideo

1899 4273 2181 4344 majorem
2211 4271 2431 4327 invenit
2475 4271 2723 4344 gratiam
2772 4273 2926 4343 apud
2959 4273 3164 4341 Deum,
3199 4275 3338 4347 quia
3367 4293 3541 4349 supe-

1899 4361 2151 4418 rioribus
2181 4361 2291 4433 (26)
2324 4360 2694 4427 renuntiavit,
2727 4361 2798 4416 ad
2828 4362 3021 4433 priora
3069 4379 3132 4418 se
3171 4365 3445 4436 extendit,
3477 4370 3545 4422 ut

1900 4454 2242 4523 sequeretur
2272 4450 2473 4506 Deum.
2503 4450 2841 4522 Propositus
2871 4456 2959 4507 est
2985 4452 3141 4507 enim
3188 4454 3259 4509 ad
3306 4454 3540 4511 imitan-

156 4540 420 4617 principio
450 4540 753 4615 Evangelii
783 4541 1109 4598 secundum
1157 4541 1499 4599 Matthaeum
1543 4542 1789 4598 Abrahae
1820 4544 1866 4610 D
1896 4540 2039 4595 dum
2064 4539 2186 4607 tibi,
2222 4543 2285 4594 ut
2307 4544 2364 4595 et
2391 4544 2456 4594 tu
2487 4540 2752 4596 advertas
2778 4541 2932 4613 quod
2965 4541 3011 4597 si
3045 4542 3297 4613 peccatis
3328 4560 3543 4601 renun-

104 4622 109 4627 ’
158 4628 321 4689 ﬁlium
349 4632 613 4707 legimus
661 4631 870 4701 (Matth.
905 4645 945 4699 ι,
979 4631 1053 4701 1),
1089 4630 1189 4702 qui
1224 4647 1426 4687 verum
1456 4647 1519 4687 se
1546 4631 1788 4688 Abrahae

155 4721 317 4789 gessit
345 4721 934 4789 haredem,auctoris
962 4718 1306 4776 illuminans
1335 4720 1790 4793 successionem,

156 4822 245 4877 per
269 4826 443 4883 quem
480 4809 781 4865 Abraham
824 4809 1077 4880 respexit
1121 4808 1181 4863 in
1231 4806 1463 4877 coelum,
1496 4813 1552 4864 et
1589 4808 1790 4881 splen-

156 4894 336 4955 dorem
354 4897 719 4973 posteritatis
738 4914 859 4954 δαῖε
881 4896 1114 4970 agnovit
1134 4913 1246 4953 non
1266 4895 1788 4966 minusillustrem,

155 4999 314 5054 quam
355 4988 665 5047 stellarum
712 4984 1039 5043 caelestium
1089 4986 1274 5059 fulget
1321 4984 1575 5043 claritas.
1633 4988 1791 5042 Sicut

153 5074 294 5131 enim
337 5077 501 5134 stella
527 5074 720 5148 differt
763 5092 799 5130 a
843 5074 1002 5133 stella
1041 5075 1106 5129 in
1141 5075 1390 5130 claritate
1420 5076 1499 5130 ita
1527 5082 1578 5130 et
1608 5089 1787 5130 resur-

152 5165 302 5219 rectio
328 5167 673 5221 mortuorum
724 5163 771 5236 (Ι
819 5162 938 5219 Cor.
970 5179 1064 5234 xv,
1096 5162 1187 5229 41,
1219 5161 1329 5234 42).
1362 5161 1673 5234 Apostolus
1702 5162 1788 5218 di-

154 5248 238 5304 cit.
267 5251 347 5309 Eo
375 5252 534 5325 quod
567 5251 1014 5308 resurrectionis
1045 5268 1165 5307 suae
1205 5251 1430 5307 donans
1475 5250 1786 5319 consortia,

211 5412 319 5483 (26)
350 5411 504 5468 Edit.
540 5407 779 5469 omnino
809 5428 1034 5480 omnes,
1066 5413 1200 5484 quia
1223 5412 1789 5484 posterioribus.Con-

150 5482 236 5557 ira
256 5481 398 5557 mss.
434 5499 662 5557 omnes,
694 5485 825 5557 quia
865 5481 1258 5557 superioribus.
1289 5481 1588 5554 Melius,ut
1606 5498 1709 5556 per
1729 5498 1793 5539 se

151 5553 409 5628 quisquis
440 5555 587 5614 satis
619 5553 925 5628 intelliget.

212 5625 319 5705 (27)
349 5626 449 5690 Sic
482 5641 625 5688 mss.
654 5625 882 5687 omnes.
910 5625 1065 5690 Edit.
1117 5629 1339 5703 autem,
1386 5632 1444 5687 ut
1477 5625 1661 5704 ﬁlium
1701 5627 1789 5708 fa-

1898 4629 2030 4699 ties,
2061 4629 2253 4700 possis
2283 4628 2525 4685 emereri
2548 4629 2778 4685 Domini
2813 4630 3293 4688 misericordiam.

1968 4718 2058 4773 23.
2094 4717 2317 4773 Movere
2348 4722 2542 4774 tamen
2572 4717 2802 4790 aliquos
2830 4724 3043 4791 potest,
3078 4721 3231 4792 quod
3262 4722 3382 4792 jam
3408 4737 3543 4777 cum

1900 4806 2013 4862 Deo
2071 4805 2435 4879 loquebatur,
2496 4810 2553 4861 et
2608 4808 2679 4862 ad
2733 4807 3004 4864 ancillam
3054 4808 3330 4876 introivit,
3392 4809 3546 4865 sicut

1899 4895 2183 4967 scriptum
2220 4899 2308 4951 est
2359 4913 2371 4951 :
2423 4895 2568 4959 Quia
2613 4896 2758 4951 dixit
2807 4897 2945 4952 Sara
2991 4897 3060 4952 ad
3109 4897 3308 4952 Abram
3349 4914 3368 4951 :
3414 4898 3545 4955 Ecce

1897 4984 2161 5040 conclusit
2205 5000 2291 5038 me
2338 4984 2597 5038 Dominus
2643 4992 2703 5039 ut
2749 5001 2860 5039 non
2904 4986 3123 5055 pariam
3172 5003 3188 5038 :
3242 4985 3391 5041 intra
3416 5000 3544 5055 ergo

1897 5072 1971 5127 ad
1993 5073 2261 5127 ancillam
2288 5087 2486 5137 meam,
2518 5080 2579 5126 ut
2604 5072 2747 5141 ﬁlios
2790 5073 2963 5142 facias
3003 5088 3073 5128 ea:
3101 5072 3201 5127 illa
3240 5072 3352 5143 (27)
3383 5073 3539 5144 (Gen.
3620 5068 3625 5075 ’

1898 5177 2012 5228 xvr,
2045 5163 2098 5229 2,
2130 5161 2220 5228 32,
2256 5177 2313 5230 q.
2347 5160 2400 5225 4,
2434 5176 2483 5215 c.
2516 5161 2669 5216 Dixit
2713 5161 2853 5215 Sara
2894 5161 3035 5234 (28).
3068 5161 3138 5217 Et
3187 5161 3271 5217 ita
3320 5161 3542 5218 factum

1898 5252 2006 5306 est.
2061 5249 2167 5304 8ed
2227 5246 2684 5315 consideremus,
2734 5248 2991 5321 primum
3051 5249 3189 5322 quia
3245 5249 3542 5308 Abraham

1896 5410 2017 5491 eius,
2068 5423 2160 5491 ΘΞ.
2207 5407 2371 5491 illa.“
2399 5406 2534 5490 LXX
2602 5408 2839 5491 Interp.,
2904 5416 2985 5491 ῖνᾳ
3026 5419 3450 5491 τεκηοπριήσῳμαι
3494 5419 3544 5480 ἐξ

1897 5477 2195 5555 ᾳὺτῆς.η8ἱο
2224 5477 2455 5555 _legit_ur
2500 5478 2563 5555 in
2612 5477 2831 5535 multis
2862 5481 2989 5536 cod.
3032 5477 3309 5555 scriptis;
3343 5477 3540 5555 tamen

1897 5552 1958 5630 in
1989 5549 2343 5630 quibusdam
2372 5549 2632 5611 invenire
2662 5555 2752 5611 est
2777 5549 3316 5630 τεκνοποιησηςξνὶᾶθ
3343 5551 3537 5614 Nobil.

1895 5622 1957 5683 in
1987 5621 2190 5683 eadem
2220 5621 2412 5683 verba.
